4044 6382
531 671 1392 788 FRANCISCUS
1479 667 2198 782 ANTONIUS
2263 665 3149 807 LORENZANA,

909 935 1493 996 ARCIIIEPISCOPUS
1531 933 1963 1000 TOI.ETANUS,
2006 930 2472 987 IIISPANIARUM
2516 929 2791 995 PRIMAS,

1354 1152 1782 1229 LECTORI
1845 1150 2346 1227 SALUTEM.

272 1330 354 1385 Ab
385 1326 540 1398 hujus
579 1319 748 1383 nostri
777 1325 1059 1396 pastoralis
1107 1326 1346 1381 muneris
1390 1326 1612 1382 exordio
1662 1325 1794 1380 nihil
1827 1331 1875 1388 Α
1904 1341 1991 1381 mo
2018 1326 2086 1381 de
2132 1325 2461 1396 Etymologia
2493 1324 2646 1394 hujus
2673 1328 2840 1382 sancti
2871 1327 3048 1395 ofﬁcii,
3084 1337 3260 1397 postea
3291 1328 3358 1382 de
3399 1343 3480 1382 re.

201 1421 356 1474 altius
389 1417 686 1474 fuitanimo
710 1418 948 1484 insitum,
983 1434 1138 1486 quam
1172 1418 1432 1487 majorum
1456 1417 1603 1486 sequi
1629 1418 1790 1470 vesti-

201 1511 302 1578 gia,
333 1512 600 1580 praecipue
627 1509 910 1563 clarissimi
943 1509 1225 1562 cardiualis
1254 1509 1521 1563 Francisci
1553 1508 1787 1562 Ximenii

201 1601 266 1655 de
294 1601 568 1668 Cisneros,
623 1601 711 1670 qui
763 1616 896 1668 pene
945 1601 1306 1656 oblitteratum
1360 1600 1663 1668 Gothicum,
1695 1617 1787 1657 seu

199 1689 588 1745 Mozarabicum
620 1690 780 1744 ritum
816 1693 954 1762 typis
986 1692 1275 1758 mandavit,
1317 1701 1374 1746 ut
1402 1695 1627 1763 posteris
1678 1692 1783 1747 Go-

197 1783 407 1836 thorum
453 1783 668 1837 Patrum
701 1784 957 1837 memoria
989 1784 1206 1850 rediret,
1231 1795 1284 1838 et
1312 1786 1463 1852 quasi
1487 1787 1786 1840 revivisce-

197 1882 280 1927 ret
307 1877 476 1929 honos
500 1874 716 1929 debitus
745 1873 894 1941 Osio,
923 1875 1195 1942 Lcandro,
1232 1876 1530 1944 Fulgentio,
1564 1877 1784 1943 Isidoro,

195 1964 491 2030 Braulioni,
517 1967 774 2036 Eugenio,
808 1967 1068 2030 IIelladio,
1098 1967 1332 2033 Iuliano,
1365 1967 1703 2036 lldephouso,
1732 1978 1788 2022 et

190 2057 313 2111 aliis
343 2057 590 2111 Pati-ibus
617 2059 684 2109 de
707 2065 887 2110 nostra
910 2057 1159 2123 Ilesperia
1184 2059 1383 2124 Optime
1409 2057 1635 2120 meritis,
1656 2066 1792 2109 stre-

189 2151 317 2201 nuis
350 2149 474 2202 fidei
521 2148 760 2214 athletis,
809 2147 1166 2200 Eeclesiarum
1199 2147 1460 2214 Hispania:
1508 2146 1792 2212 columnis,

187 2237 442 2291 Gothica:
470 2238 642 2305 gentis
673 2237 888 2301 decori,
923 2246 977 2289 et
1009 2237 1319 2303 praesidibus
1349 2235 1716 2289 conciliorum.

263 2327 402 2383 Huic
432 2327 580 2394 Operi
613 2328 812 2380 obnixe
844 2327 1228 2390 incumbentes,
1267 2343 1371 2393 prtr:
1397 2327 1567 2379 oculis
1605 2326 1790 2379 habui-

192 2438 314 2476 mus
361 2423 698 2489 propriisque
747 2419 994 2472 manibus
1043 2419 1404 2488 pervolvimus
1457 2429 1788 2487 pervetustos

197 2511 457 2567 Gothicos
487 2510 709 2566 Codices
739 2519 970 2564 veterem
1026 2511 1290 2580 liturgiam
1327 2511 1650 2576 redolentes,
1696 2527 1786 2564 oc-

196 2605 446 2673 tingentis
479 2603 673 2657 abhinc
705 2603 868 2656 ferme
920 2603 1074 2656 annis
1115 2618 1274 2656 manu
1306 2614 1572 2669 exaratos,
1632 2606 1785 2674 quin-

1895 1419 1992 1473 bus
2019 1419 2082 1471 ad
2116 1419 2230 1487 ejus
2259 1418 2624 1487 antiquitatem
2655 1419 3018 1487 spectantibus
3049 1436 3282 1488 agemus.

1960 1509 2189 1578 Etytnon
2234 1508 2391 1577 igitur
2422 1508 2734 1563 Mozarabici
2765 1509 2924 1563 officii
2979 1521 3266 1579 usurpatur
3292 1524 3482 1563 secun-

1891 1602 2018 1655 dum
2050 1602 2508 1656 denominationes
2561 1602 2832 1654 nationum
2888 1602 3026 1656 inter
3080 1617 3211 1670 quas
3261 1602 3479 1669 Ilispani

1893 1693 2223 1748 victitabant.
2244 1693 2444 1747 Revera
2468 1707 2696 1759 namque
2719 1694 2904 1746 ordine
2922 1693 3297 1761 chronologico
3320 1693 3476 1759 ritus,

1891 1785 2014 1838 licet
2041 1786 2109 1836 sit
2138 1784 2432 1838 secundum
2484 1795 2781 1851 temporum
2832 1783 3226 1837 vicissitudines
3257 1792 3311 1837 et
3341 1798 3482 1851 prte-

1893 1857 2114 1927 Iatorum
2169 1874 2528 1928 ordinationes
2583 1874 2857 1939 variatus,
2924 1875 3094 1943 primo
3149 1874 3482 1928 denominari

1892 1968 2047 2020 debet
2080 1966 2343 2021 Romanus
2373 1977 2425 2021 et
2449 1967 2783 2036 Iliapanicus,
2821 1967 3105 2021 traditione
3149 1966 3481 2021 descendens

1895 2073 1922 2110 a
1948 2068 2250 2111 sanctorum
2282 2059 2421 2112 Petri
2452 2070 2505 2112 et
2536 2059 2678 2112 l’auli
2706 2059 2980 2127 discipulis
3009 2058 3192 2127 primis
3227 2057 3484 2112 Ecclesia:

1895 2147 2162 2217 llispaniac
2191 2148 2560 2203 fundatoribus
2591 2161 2643 2203 et
2689 2151 3037 2218 prtBsuIibus,
3093 2149 3301 2204 scilicet
3347 2151 3483 2202 'I‘or-

1894 2251 2079 2309 quato,
2110 2239 2486 2309 Ctesiphonte,
2521 2241 2796 2303 Iudaletio,
2827 2241 3107 2310 Ilesychio,
3160 2241 3478 2308 Euphrasio,

1892 2330 2156 2391 Secundo,
2190 2338 2244 2382 et
2275 2329 2508 2392 Caecilio,
2539 2330 2625 2396 qui
2669 2329 2735 2381 ad
2795 2329 3067 2394 Ilesperize
3115 2337 3312 2382 nostra:
3360 2343 3483 2382 oras

1892 2420 2292 2487 pervenientes,
2326 2403 2441 2474 eam
2477 2420 2595 2474 ﬁdei
2644 2420 2843 2473 lumine
2883 2420 3254 2484 illustrarunt;
3291 2419 3483 2474 deinde

1890 2508 2158 2576 Gaz/zicus,
2184 2520 2301 2579 post
2333 2512 2618 2565 Ileccaredl
2647 2510 2944 2566 Gothorum
2971 2511 3110 2576 regis
3154 2510 3220 2563 ad
3251 2509 3479 2564 catholi-

1891 2614 2007 2653 cam
2042 2601 2196 2654 Iidem
2236 2599 2660 2663 conversionem,
2705 2601 3080 2667 publicamque
3111 2600 3164 2654 in
3195 2599 3390 2654 concil.
3421 2614 3482 2653 t.t

197 2695 460 2763 gentis-ad
498 2696 670 2750 minus
701 2709 822 2748 ante
875 2695 1024 2749 triste
1061 2697 1233 2750 natale
1264 2695 1504 2761 Lutheri,
1558 2696 1785 2766 Calvini,
1819 2675 1865 2736 Β
1891 2689 2065 2746 Tolet.
2095 2692 2306 2745 Arianae
2339 2692 2606 2745 ha-reseos
2636 2691 3047 2758 abjuratiouetn.

200 2789 580 2856 sectariorutn,
633 2797 688 2843 et
740 2797 1054 2842 novaturum
1107 2789 1363 2843 adversus
1416 2798 1785 2854 sacramenta,

199 2879 342 2947 queis
392 2889 573 2934 sai.cta
606 2879 774 2934 Mater
805 2879 1040 2934 Ecclesia
1093 2879 1409 2933 mirabiliter
1456 2880 1691 2945 fovetur,
1734 2889 1788 2936 et

202 2971 443 3033 nutritur,
479 2979 534 3022 ut
566 2969 684 3022 ﬁdei
719 2969 894 3023 hostes
923 2969 986 3022 ad
1020 2969 1294 3022 meliorem
1323 2969 1524 3040 frugem
1559 2985 1784 3024 conver-

205 3065 392 3122 tantur,
421 3059 501 3111 vel
533 3059 722 3114 saltem
753 3074 903 3112 sacra
946 3061 1193 3129 mysteria
1228 3060 1276 3112 in
1323 3069 1425 3114 tam
1458 3061 1788 3131 perantiquis

213 3150 540 3219 autograpbis
574 3150 931 3220 perlegeutes,
963 3151 1354 3204 obmutescant.

272 3238 503 3294 Ecclesia
529 3241 788 3308 Romana,
813 3240 1050 3294 omnium
1077 3251 1248 3295 mater
1275 3251 1328 3296 et
1351 3243 1624 3313 magistra,
1641 3256 1788 3294 sum-

211 3342 418 3398 mopere
447 3332 714 3385 iusudavit
744 3340 801 3385 ut
827 3346 974 3385 sacra
996 3331 1202 3399 liturgia
1235 3348 1330 3401 per
1361 3335 1666 3387 universum
1699 3348 1786 3386 or-

210 3420 327 3475 bem
357 3423 538 3476 eodem
569 3424 670 3478 ritu
701 3423 1082 3485 celebraretur,
1113 3433 1166 3476 et
1214 3425 1288 3476 sic
1337 3439 1441 3478 uua
1487 3432 1628 3478 esset
1673 3438 1790 3476 om-

215 3517 356 3569 nium
385 3517 604 3572 ﬁdelium
651 3521 853 3583 oratio;
887 3525 1250 3572 verumtamen
1280 3517 1505 3571 Missalia
1562 3527 1615 3570 et
1657 3516 1786 3569 Bre-

215 3608 370 3664 viaria
398 3612 606 3680 antiqua
629 3627 732 3665 non
755 3611 1015 3675 abolevit;
1043 3611 1149 3663 imo
1173 3619 1423 3680 tanquam
1446 3611 1499 3663 in
1532 3608 1783 3664 Sacrario

209 3698 510 3757 Psalterium
558 3705 847 3759 secundum
887 3712 1121 3758 veterem
1173 3704 1469 3757 versionem
1504 3701 1686 3756 Italam
1717 3703 1785 3758 ab

209 3792 492 3861 Augustino
521 3804 575 3849 ct
617 3797 735 3850 aliis
766 3796 1011 3850 Patribus
1044 3795 1420 3864 praelaudatam
1470 3796 1696 3860 retinet;
1733 3797 1786 3852 in

210 3880 451 3940 Vaticana
481 3887 680 3955 capella
714 3888 982 3956 praecinit,
1011 3887 1233 3954 ejusque
1260 3887 1483 3940 Codices
1513 3887 1562 3941 in
1595 3886 1788 3944 biblio-

208 3973 348 4030 theca
380 3985 624 4047 tanquam
657 3978 708 4032 in
738 3978 934 4032 scrinio
959 3980 1190 4044 pectoris
1219 3978 1479 4031 I'CCOIHIII.

276 4066 562 4136 Ipsutnmet
587 4084 792 4122 sacrum
815 4068 1004 4123 concil.
1031 4068 1202 4133 Trid.,
1230 4068 1511 4121 maximam
1536 4068 1656 4122 inde
1687 4069 1787 4123 titi-

209 4155 402 4213 litatem
434 4161 718 4228 provenire
749 4172 1043 4228 agnoscens
1063 4200 1078 4223 ,
1111 4158 1292 4212 statuit
1321 4175 1334 4211 :
1381 4159 1656 4227 religiosos
1695 4173 1786 4212 or-

203 4249 349 4307 dines
378 4251 624 4307 ducentis
653 4261 777 4306 ante
807 4253 974 4322 ipsum
1003 4252 1157 4306 annis
1186 4251 1439 4320 peculiari
1473 4251 1595 4305 Ilitu
1625 4260 1783 4306 uten-

203 4350 310 4409 tes,
361 4358 484 4397 eum
540 4344 771 4398 retinere
823 4358 976 4409 posse
1029 4354 1135 4398 tam
1190 4345 1241 4398 in
1298 4344 1560 4399 sacriﬁcio
1610 4344 1788 4398 missa:

202 4449 351 4500 quam
377 4436 430 4490 in
460 4434 639 4490 divino
681 4435 857 4490 ofﬁcio
887 4437 1258 4504 persolvendo.
1290 4437 1371 4491 Ob
1399 4438 1448 4492 id
1478 4438 1784 4507 longissima

201 4528 450 4596 temporis
480 4527 916 4596 praescriptione,
959 4537 1011 4584 et
1038 4527 1445 4584 immemorabili
1497 4538 1786 4585 consuetu-

200 4615 317 4670 dine
345 4616 550 4671 suII'ulti
583 4619 982 4682 Cistercieuses,
1014 4619 1372 4685 Carthusiani,
1402 4619 1638 4674 eremitae
1665 4618 1785 4672 Cal—

199 4709 326 4762 eeati
357 4709 558 4768 montis
603 4708 859 4773 Carmeli,
889 4719 937 4763 et
971 4708 1356 4777 prtedicatores
1385 4707 1587 4768 ordinis
1616 4707 1789 4764 sancti

201 4796 484 4865 Dominici,
520 4801 760 4870 proprios
791 4800 921 4854 ritus
976 4809 1029 4854 et
1083 4800 1432 4854 cmremonias
1479 4800 1784 4866 observant,

200 4899 251 4942 ut
279 4891 496 4946 insimul
528 4891 628 4947 hoe
658 4893 816 4946 modo
859 4895 908 4945 iu
941 4893 1175 4947 Ecclesia
1208 4893 1298 4946 Dei
1340 4895 1513 4948 unitas
1543 4892 1788 4948 sacrificii

198 4985 568 5054 reSplendeat;
595 4994 649 5040 et
678 4987 840 5040 veteri
875 4986 974 5039 ritu
1009 4986 1250 5040 Romano
1276 5001 1393 5039 cum
1429 4986 1790 5054 politioricol-

198 5073 323 5142 lato,
358 5076 570 5145 Sponsa
593 5075 792 5130 Christi
823 5077 1049 5130 mirabili
1082 5079 1440 5132 circumdetur
1469 5080 1748 5135 varietate.

263 5183 393 5239 Zelo
433 5184 554 5239 ﬁdei
585 5199 839 5240 accensus
866 5185 1090 5240 eximius
1123 5185 1209 5239 ille
1261 5187 1548 5241 cardiualis
1602 5187 1789 5242 Xime-

198 5275 342 5341 nius,
371 5274 714 5330 Christianus
737 5286 791 5330 et
824 5275 1066 5344 politieus
1099 5276 1278 5342 heros,
1311 5292 1530 5345 sparsos
1555 5279 1790 5348 undique

1961 2783 2093 2837 Cum
2124 2784 2367 2838 Leander
2393 2793 2446 2839 et
2467 2786 2582 2853 ejus
2606 2784 2769 2839 frater
2795 2785 3031 2838 Isidorus
3059 2785 3223 2839 multa
3255 2785 3306 2839 in
3329 2799 3480 2839 sacra

1892 2874 2096 2943 Iiturgia
2127 2885 2176 2927 et
2211 2875 2391 2928 officio
2422 2875 2729 2943 depravata,
2773 2885 3048 2942 Corrupta,
3078 2885 3132 2928 et
3162 2874 3478 2929 Arianorum

1892 2968 2109 3033 perfidia
2158 2967 2388 3028 inversa,
2440 2969 2834 3034 comperissent
2865 2969 2879 3032 (
2909 2967 3219 3020 incredibile
3248 2981 3477 3036 namque

1891 3070 1996 3127 est,
2029 3075 2058 3113 a
2082 3069 2322 3129 tempore
2350 3059 2581 3114 Athaulli
2606 3073 2771 3127 usque
2802 3058 2866 3111 ad
2899 3058 3281 3123 Ileccaredum,
3310 3059 3484 3126 vigen-

1893 3152 2035 3206 tibus
2081 3152 2297 3206 Arianis
2329 3151 2641 3217 erroribus,
2695 3148 2966 3204 exsulibus
2995 3149 3258 3217 episcopis
3302 3149 3484 3203 catho-

1891 3244 2025 3307 licis,
2049 3242 2274 3309 plurima
2295 3241 2348 3294 in
2365 3255 2513 3294 sacra
2534 3240 2863 3308 autographa
2885 3255 2988 3292 non
3014 3241 3290 3306 irrepsisse
3308 3239 3480 3304 vitia),

1891 3350 1952 3389 ea
1980 3349 2009 3388 a
2039 3333 2246 3388 mendis
2273 3348 2590 3402 expurgare,
2617 3335 2828 3401 puriora
2862 3332 3106 3394 reddere,
3135 3333 3261 3385 etin
3295 3332 3485 3384 melio-

1893 3440 2005 3481 rem
2037 3425 2284 3480 ordinem
2317 3425 2560 3494 redigere
2591 3425 2919 3492 cogitarunt;
2949 3418 3102 3492 cujus
3129 3439 3288 3478 causa
3313 3425 3485 3479 Lean-

1891 3519 1990 3573 der
2012 3529 2064 3573 et
2095 3518 2326 3572 Isidorus
2353 3518 2418 3572 de
2435 3517 2629 3572 divinis
2651 3517 2842 3570 officiis
2873 3518 3224 3584 scripserunt,
3258 3527 3314 3571 et
3336 3526 3479 3571 totus

1889 3609 2004 3665 fere
2025 3625 2218 3679 scopus
2249 3609 2442 3664 concil.
2478 3624 2529 3664 tv
2560 3608 2756 3673 Tolet.,
2787 3610 3012 3678 praeside
3041 3619 3228 3664 sancto
3254 3609 3478 3675 Isidoro,

1891 3701 2007 3770 fuit,
2041 3701 2283 3756 ordinem
2314 3701 2364 3754 iu
2394 3699 2657 3776 sacriﬁcio
2689 3701 2865 3754 missa:
2895 3710 2948 3755 et
2978 3700 3029 3754 in
3062 3699 3253 3755 divinis
3281 3701 3481 3756 ofﬁciis

1887 3793 2147 3858 stabilire,
2194 3808 2286 3862 per
2334 3790 2632 3846 universam
2666 3791 2981 3861 Hispaniam
3021 3800 3074 3846 et
3129 3789 3353 3846 Galliam
3381 3806 3478 3846 ex-

1891 3885 2114 3940 tendere
2133 3928 2148 3953 ,
2179 3887 2622 3955 deturpatamque
2654 3882 2844 3938 facient
2874 3883 2939 3938 ad
2968 3883 3249 3954 pristinum
3281 3894 3480 3939 statim

1893 3980 2195 4032 restituere.

1964 4073 2046 4128 Ob
2066 4080 2242 4126 tantos
2267 4073 2568 4127 exantlatos
2588 4070 2798 4125 labores
2823 4077 2877 4124 et
2902 4068 3178 4124 diuturnas
3203 4068 3483 4124 elucubra-

1892 4165 2066 4219 tiones
2096 4163 2266 4218 sancti
2304 4161 2489 4215 Isidori
2544 4159 2711 4230 coepit
2755 4160 2946 4214 merito
3001 4161 3134 4213 ritus
3189 4159 3482 4226 nuncupari

1892 4256 2242 4320 Isidoriautts,
2273 4255 2592 4308 Breviarium
2622 4264 2670 4308 et
2699 4253 2918 4323 ofﬁcium
2939 4253 3219 4306 secundum
3247 4254 3478 4324 regulam

1892 4347 2163 4402 beatissimi
2188 4345 2384 4400 Isidori
2404 4386 2419 4412 ,
2447 4345 2548 4400 hoc
2579 4354 2682 4410 est,
2703 4345 2994 4399 secundum
3022 4357 3257 4398 canones
3281 4343 3478 4396 concil.

1892 4459 1945 4496 iv
1970 4444 2144 4499 Tolet.
2165 4443 2232 4498 ab
2254 4443 2369 4511 ipso
2393 4441 2662 4511 prmcipue
2685 4439 3011 4504 elaboratas,
3035 4446 3093 4492 ut
3109 4447 3233 4507 pote
3251 4436 3479 4507 praeside

1890 4535 2121 4600 concilii,
2159 4544 2214 4590 et
2242 4532 2384 4589 sedis
2428 4532 2738 4602 apostolica
2767 4533 3001 4598 vicario,
3035 4529 3168 4583 ritus
3215 4537 3270 4584 et
3313 4529 3484 4584 disci-

1890 4631 2047 4701 plinae
2071 4629 2449 4684 ecclesiastica:
2480 4626 2868 4690 moderatione,
2897 4635 2951 4679 et
2997 4623 3158 4678 totius
3189 4623 3334 4678 orbis
3375 4619 3483 4676 ful-

1891 4719 2201 4791 gentissimo
2230 4718 2430 4774 sidere.

1961 4811 2249 4879 Postquam
2292 4811 2487 4864 misere
2517 4822 2547 4862 a
2593 4806 2794 4862 Mauris
2849 4807 3097 4877 HiSpania
3155 4815 3333 4860 nostra
3384 4805 3483 4859 fuit

1891 4911 2166 4971 occupata,
2206 4901 2597 4970 Christianique
2643 4899 2909 4955 Arabibus
2957 4899 3123 4965 victu,
3159 4899 3372 4962 vestitu,
3422 4907 3479 4951 et

1892 4997 2092 5067 pluries
2122 4996 2391 5052 connubio
2421 4995 2586 5062 misti,
2620 4993 2751 5048 inito
2778 4991 2922 5063 pacis
2950 4991 3174 5057 fredere,
3205 5006 3234 5044 a
3266 4993 3476 5045 Mauro-

1891 5105 2005 5144 rum
2038 5087 2249 5158 regibus
2277 5087 2527 5158 quasdam
2560 5086 2906 5140 obtinuerunt
2934 5084 3209 5150 ecclesias,
3240 5084 3349 5136 suis
3377 5096 3472 5134 ca-

1892 5185 2100 5238 tholicis
2128 5183 2316 5238 ritibus
2369 5180 2617 5246 retentis,
2648 5179 2860 5235 Missale
2886 5186 2942 5234 et
2969 5177 3204 5233 ofﬁcium
3231 5175 3472 5230 Mazara-

1891 5279 1998 5331 bica
2027 5276 2171 5332 fuere
2193 5276 2472 5344 appellata.

197 5362 474 5431 Gothicos,
507 5365 850 5431 lsidoriauos,
900 5381 994 5421 seu
1044 5367 1402 5421 Mozarahicos
1453 5369 1678 5423 Codices
1728 5370 1778 5424 in
1815 5389 1864 5448 ι)
1961 5367 2090 5434 Quis
2116 5367 2198 5421 vel
2227 5367 2382 5435 lippis
2411 5365 2580 5420 oculis
2608 5379 2712 5418 non
2741 5362 2884 5417 videt
2913 5376 3008 5431 per
3053 5358 3472 5430 quadringentos

196 5466 357 5509 unum
381 5457 627 5526 collegit;
651 5458 794 5512 viros
817 5457 1154 5510 doctissimos
1179 5458 1533 5526 undequaque
1555 5459 1779 5523 accivit;

198 5548 482 5614 peritiores
539 5549 590 5602 in
638 5549 967 5603 Mozarabico
1025 5546 1126 5602 ritu
1185 5549 1490 5602 sacerdotes
1547 5550 1781 5618 selegit;

199 5633 369 5705 iisque
393 5638 593 5692 divitiis
607 5648 850 5704 Onustus,
871 5641 1196 5696 Breviarium
1228 5643 1518 5697 secundum
1547 5645 1782 5713 regulam

199 5730 365 5781 sancti
399 5728 584 5782 Isidori
619 5729 828 5783 tandem
857 5746 998 5784 anno
1028 5731 1163 5784 I502
1193 5732 1342 5802 prelo
1370 5733 1655 5786 commisit.

272 5820 466 5875 Verum
500 5837 563 5874 ne
591 5831 759 5876 metas
789 5823 916 5876 recti
947 5824 1147 5881 ordinis
1173 5825 1640 5896 transgreditimur,
1669 5828 1780 5897 pri-

449 5917 717 5973 l’ATttOt..
755 5914 1103 5976 LXXXVI.

1891 5460 2059 5515 ferme
2088 5475 2256 5516 annos
2286 5460 2496 5514 Arabici
2523 5457 2743 5512 dominii
2768 5458 2820 5510 in
2850 5455 3104 5510 Toletana
3131 5452 3347 5506 civitate
3377 5465 3472 5506 oc-

1888 5551 2027 5604 culte
2056 5563 2204 5604 sacra
2236 5564 2264 5602 a
2310 5548 2627 5603 Christianis
2676 5546 2946 5601 multoties
2981 5545 3095 5598 sine
3145 5542 3372 5613 praesule
3416 5550 3474 5596 et

1886 5642 2002 5698 sine
2030 5643 2280 5712 episcopo
2305 5641 2458 5696 ﬁeri?
2487 5641 2615 5707 Quis
2645 5655 2750 5695 non
2778 5637 2999 5691 miratur
3019 5635 3157 5692 hunc
3178 5636 3338 5694 ritum
3370 5633 3470 5686 hac.

1887 5743 2203 5802 tempestate
2233 5734 2442 5802 penitus
2483 5746 2588 5786 non
2635 5728 2949 5798 deperiisse,
3001 5725 3131 5796 regii
3178 5721 3468 5781 sacerdotii

1889 5824 2172 5881 deﬁciente
2198 5823 2429 5880 virtute?
2473 5830 2528 5877 et
2555 5821 2601 5876 si
2653 5817 2933 5888 aliquoties
2989 5819 3202 5886 furtim,
3231 5821 3466 5878 secreto,

3113 5908 3144 5964 1
