4044 6382
566 368 629 426 Η
1382 375 1803 433 FRANCISCUS
1843 378 2129 435 ANTONIL

2234 380 2640 439 LUltBNZANA
2682 385 2974 443 LECTORI
3764 402 3835 454 Η

562 490 651 534 aut
682 494 871 547 magno
899 483 1067 550 pretio
1099 485 1379 540 Saracenis
1412 502 1438 537 a
1468 486 1803 544 Christicolis
1850 490 2141 558 persoluto,
2172 494 2218 550 Α
2248 492 2497 559 quimus;
2530 505 2585 551 et
2614 498 2682 552 ob
2716 500 2955 556 levamen
2986 501 3271 571 legentium
3302 548 3315 572 ,
3350 509 3580 565 tnaxime
3611 513 3833 569 recitan-

556 572 840 639 episcopus
867 573 1022 642 hujus
1044 574 1187 631 se‘dis
1211 576 1480 630 Toletanm
1507 578 1801 647 eligebatur
1825 597 1838 643 ;
1874 596 1970 633 nec
1990 581 2150 634 scito-

561 660 627 714 lis
655 662 870 728 clausis,
903 664 1229 730 peritiorem,
1264 680 1361 719 nec
1392 670 1737 733 sanctiorem,
1766 672 1960 724 ant-issu
1990 672 2145 725 liber-

560 761 667 807 tate
690 754 931 809 inveoire
954 755 1166 821 licebat,
1192 757 1475 813 interdicto
1499 761 1823 829 praedicandi
1846 771 1900 817 et
1920 763 2143 818 docendi

556 856 803 908 manere,
826 855 880 898 et
907 846 1150 901 barbarie
1179 858 1405 903 cunctos
1436 851 1802 907 obnubilante.

627 932 838 987 Ail'ufsit
870 935 1080 989 tandem
1126 945 1304 1005 Optata
1350 938 1468 992 dies
1509 956 1611 1008 qua
1653 941 1880 1011 inclytus
1912 940 2144 1009 Alphon-

556 1037 648 1077 sos
687 1033 869 1077 sextus
902 1025 1146 1079 Toletum
1188 1031 1544 1098 expugnavit,
1591 1046 1851 1097 suamque
1894 1031 1947 1085 in
1994 1042 2143 1099 pote-

556 1122 747 1165 statem
789 1114 1023 1182 redegit,
1067 1130 1095 1169 a
1135 1117 1306 1171 sacris
1339 1133 1605 1176 exorsus:
1658 1120 1921 1187 Mezquita
1973 1122 2135 1188 olim,

553 1215 705 1255 sacra
747 1202 965 1257 basilica
1006 1203 1198 1261 eﬂ'ecta
1239 1215 1363 1274 est;
1408 1224 1438 1263 e
1476 1209 1647 1264 Gallia
1698 1212 2040 1265 doctissimos
2086 1220 2142 1265 et

555 1291 993 1360 religiosissimos
1023 1297 1169 1350 viros
1197 1300 1476 1366 evocavit,
1510 1310 1565 1353 ut
1595 1303 1659 1355 ad
1691 1302 2021 1371 episcopales
2050 1316 2139 1356 ca-

564 1384 781 1439 thedras
806 1388 1065 1445 eveheret
1091 1407 1103 1454 ;
1138 1390 1522 1445 Cluniacenses
1546 1394 1857 1459 monachos,
1884 1404 1993 1446 tum
2025 1407 2139 1446 ma-

556 1476 699 1530 xime
730 1476 1006 1543 florentes,
1028 1481 1091 1534 ad
1124 1483 1465 1537 c’anonicatus
1488 1495 1538 1538 et
1561 1484 1848 1553 dignitates
1878 1485 2136 1540 Ecclesia:

555 1568 828 1626 Toletante
855 1574 1069 1627 adduxit
1096 1590 1110 1639 ;
1142 1577 1464 1631 Bernardum
1493 1578 1668 1632 Toleti
1700 1578 1979 1646 przesulem
2006 1594 2136 1634 con-

550 1664 764 1730 stituit;
796 1670 1287 1744 sanctumi’etrnm
1316 1672 1536 1727 Oxomae
1566 1691 1578 1739 ;
1616 1675 1776 1728 alium
1809 1675 2133 1731 Bernardum

550 1752 859 1824 Segontlm;
907 1768 959 1813 et
998 1774 1239 1814 sanetum
1284 1760 1570 1817 Geraldum
1618 1764 1877 1820 Bracarre.
1927 1766 2038 1821 Hoc
2067 1782 2131 1822 ex

2254 584 2415 645 tium.
2447 603 2875 661 unamquamque
2904 592 3197 648 dictionum
3231 611 3329 650 suo
3359 600 3573 668 proprio
3606 614 3830 658 accentu

2254 675 2648 747 insignit-imus.
2683 681 2737 736 lo
2768 681 2964 738 Missali
2998 698 3176 742 autem
3202 700 3255 743 et
3284 690 3555 747 Breviario
3587 695 3831 751 Romano

2248 778 2437 821 cuncta
2478 784 2625 824 recte
2665 775 2796 827 satis
2840 776 3131 843 disposita,
3177 782 3470 848 perpolita,
3514 798 3545 837 a
3589 785 3831 852 pluribus

2250 861 2455 914 mendis
2496 875 2750 931 purgata,
2798 877 2851 920 et
2892 868 3083 937 vigiliis
3120 872 3543 928 clarissimorum
3584 877 3827 931 cardina.

2247 949 2373 1002 lium
2426 951 2671 1017 Baronii,
2735 956 3075 1023 Bellarntini,
3127 972 3179 1015 et
3229 962 3487 1029 aliorum,
3538 966 3591 1019 in
3637 969 3830 1024 melius

2245 1042 2456 1093 redacta
2488 1059 2502 1106 ;
2536 1044 2717 1112 hymni
2748 1049 2945 1101 etenim
2977 1052 3149 1105 sancti
3182 1054 3486 1119 Ambrosii,
3516 1066 3570 1110 et
3599 1072 3825 1113 auorum

2246 1128 2492 1193 Patrum,
2527 1135 2594 1186 ad
2629 1136 2906 1190 meliorem
2939 1150 3255 1195 concentum
3286 1153 3340 1197 et
3371 1161 3675 1201 mensuram
3709 1165 3826 1203 ver-

2241 1232 2331 1271 sos
2365 1221 2577 1274 fuerunt
2610 1226 2847 1291 reducti,
2878 1230 2991 1281 suis
3021 1231 3218 1299 quique
3250 1232 3380 1286 locis
3411 1237 3574 1301 aptati
3604 1255 3617 1300 ;
3651 1236 3721 1290 ita
3766 1248 3825 1291 ut

2240 1318 2293 1363 et
2325 1326 2536 1366 sensum
2570 1316 2895 1381 retinerent,
2928 1330 2981 1373 et
3009 1326 3078 1372 ab
3107 1322 3409 1376 oratoribus
3435 1332 3489 1378 et
3522 1327 3693 1393 poetis
3724 1326 3823 1382 La-

2242 1401 2361 1456 linis
2390 1419 2491 1456 non
2520 1406 2814 1461 deviarent.
2857 1408 3140 1479 llncusque
3181 1411 3250 1465 de
3278 1414 3695 1469 nomenclatut-is
3723 1415 3824 1470 lm-

2233 1494 2323 1561 jns
2354 1497 2519 1549 sancti
2552 1497 2738 1551 officii.

2314 1584 2455 1641 Inter
2484 1603 2571 1642 res
2600 1589 2666 1643 ad
2697 1590 3072 1658 antiquitatem
3106 1591 3331 1662 liturgim
3362 1593 3819 1667 Gothico-llispa-

2239 1676 2374 1729 nica:
2406 1688 2732 1743 spectantes,
2761 1680 2938 1733 versio
2967 1682 3195 1748 primunt
3229 1685 3402 1737 locum
3433 1685 3664 1740 vindicat
3691 1689 3815 1742 sibi.

2238 1764 2389 1818 'l‘anti
2431 1768 2571 1820 enim
2617 1767 2795 1821 habita
2845 1770 2942 1822 fuit
2983 1772 3118 1839 apud
3168 1782 3373 1827 veteres
3421 1784 3473 1827 et
3517 1779 3816 1832 nemericos

552 1851 815 1909 tempore-
836 1845 1233 1904 Mozarabicum
1275 1850 1508 1907 officium
1541 1854 1875 1909 nominatum
1905 1856 2003 1911 fuit
2031 1857 2133 1912 To-
2170 1841 2211 1898 Β
2240 1860 2415 1913 versio
2456 1872 2606 1915 vetns
2647 1861 2773 1915 Itala
2797 1902 2811 1926 ,
2844 1873 2899 1915 ut
2929 1864 2993 1916 de
3023 1879 3082 1917 e.t
3112 1876 3329 1918 sanctus
3359 1868 3687 1936 Augustinus
3730 1885 3820 1924 as-

549 1932 776 1990 le’tanum
802 1982 816 2006 ,
867 1940 989 2009 quia
1030 1941 1208 1997 Toleti
1241 1948 1559 1999 commorari
1587 1947 1833 2002 Castellze
1860 1958 1913 2002 et
1944 1949 2135 2019 Legio~

549 2027 634 2080 nis
666 2045 817 2100 rcges
835 2073 849 2095 ,
883 2033 1334 2103 magnificarcqtte
1358 2039 1541 2093 urbem
1566 2051 1619 2093 et
1645 2041 1925 2094 ecclesiam
1950 2057 2132 2111 cmpe-

548 2125 709 2178 runt,
742 2119 811 2171 ob
843 2119 945 2173 loci
979 2124 1354 2190 securitatem,
1390 2129 1728 2185 munitiorem
1762 2140 1813 2185 et
1844 2131 2131 2189 faciliorem

549 2218 825 2262 accessum
879 2211 945 2263 ad
993 2222 1184 2268 cmtera
1233 2221 1583 2287 expugnanda
1632 2222 1821 2290 oppida
1867 2239 1895 2277 a
1942 2225 2134 2281 Mauris

549 2307 809 2364 occupata
838 2312 853 2361 ;
887 2310 941 2353 et
968 2303 1163 2355 exinde
1207 2304 1333 2359 urbs
1378 2323 1538 2375 parva
1582 2312 1785 2365 ntunita
1831 2313 1948 2369 loco
1989 2316 2131 2387 regia

551 2384 742 2440 civitas
773 2392 1204 2459 nuncupabatur.
1334 2454 1335 2457 η

625 2479 667 2530 Α
725 2487 965 2545 tempore
1010 2483 1269 2551 Alphonsi
1322 2488 1457 2542 sexti
1509 2506 1675 2561 usque
1727 2494 1793 2549 ad
1842 2498 2133 2553 catholicos

549 2583 703 2638 reges
730 2570 1129 2628 Fcrdinandum
1159 2585 1213 2630 et
1242 2578 1602 2636 Elisabetbam
1626 2626 1640 2649 ,
1671 2600 1790 2639 cum
1825 2587 1923 2641 frui
1956 2591 2133 2659 quiete

547 2673 611 2712 ac
642 2676 771 2725 pace
800 2663 1046 2716 Castellte
1067 2680 1218 2733 reges
1252 2683 1354 2721 non
1386 2674 1675 2739 potuerint,
1712 2675 1835 2731 hinc
1868 2679 1989 2733 inde
2023 2682 2133 2734 dis-

544 2753 866 2814 currebant;
912 2752 1053 2807 bello
1084 2757 1321 2821 assueti,
1355 2759 1422 2814 de
1473 2764 1802 2830 expellendis
1845 2767 2039 2823 Mauris
2067 2774 2133 2824 ab

545 2841 789 2896 universa
821 2843 1073 2913 Hispania
1105 2848 1295 2902 sedulo
1324 2852 1649 2921 cogitabant.
1687 2855 1955 2913 Tenebras
1986 2860 2134 2929 igno-

552 2934 742 2987 rantiae
776 2935 852 2989 fas
883 2953 989 2989 non
1013 2949 1127 2992 erat
1151 2940 1360 3008 penitus
1388 2943 1679 3011 discutere,
1704 2963 1978 3017 quousque
2002 2950 2133 3005 Gra-

544 3028 750 3080 natensi
777 3028 994 3083 civitate
1024 3044 1321 3101 expugnata
1345 3073 1359 3096 ,
1385 3035 1641 3090 catholici
1669 3051 1825 3106 reges
1856 3040 1906 3092 in
1940 3040 2131 3096 melius

542 3133 632 3173 res
660 3122 913 3175 ordinare
954 3123 1068 3176 suis
1097 3126 1326 3193 egregiis
1358 3127 1681 3183 consiliariis
1714 3134 1920 3200 magnis
1947 3135 2128 3188 cardi-

540 3210 751 3264 nalibus
785 3212 941 3266 Petro
972 3214 1236 3269 Gonzalez
1266 3217 1333 3271 de
1366 3217 1618 3272 Mendoza
1652 3218 1847 3291 (coque
1876 3226 1980 3277 vita
2010 3224 2129 3278 futt-

538 3296 682 3369 cto),
720 3301 1008 3356 Francisco
1050 3302 1299 3358 Ximcnio
1340 3306 1409 3361 de
1448 3306 1738 3377 Cisneros,
1786 3315 2129 3369 commenda-

538 3404 687 3447 rttnt.
723 3392 825 3449 Ista
857 3397 1153 3451 clarissima
1190 3399 1448 3454 Ecclesia:
1478 3402 1697 3470 lumina,
1729 3408 2125 3475 universitates,

541 3488 795 3555 collegia,
831 3489 1185 3556 xenodochia,
1223 3490 1648 3559 orphanotrolia,
1681 3497 2037 3563 cathedrales,
2073 3509 2129 3553 et

541 3577 857 3646 colh-giatas
906 3578 1164 3633 ecclesias
1212 3581 1346 3651 erigi
1390 3583 1441 3636 ln
1484 3582 1737 3651 Hispania
1777 3594 1831 3639 et
1871 3586 1922 3640 itt
1966 3587 2127 3641 ludiis

543 3680 838 3735 curarunt,
869 3679 924 3723 et
965 3671 1210 3738 qnzcdam
1257 3674 1339 3740 pia
1379 3673 1587 3743 egregia
1636 3686 1977 3731 monumenta
2017 3678 2127 3732 suis

541 3762 846 3830 sumptibus
878 3764 1107 3830 posteris
1138 3764 1395 3819 imitanda
1428 3765 1716 3837 reliquere.

610 3853 915 3908 Cardinalis
966 3855 1285 3923 Ximenius,
1340 3861 1492 3928 quasi
1542 3861 1656 3928 apis
1704 3870 2123 3931 argumentosa,

537 3950 648 4003 cito
690 3951 885 4019 selegit
926 3951 1094 4005 Biblia
1137 3967 1286 4005 sacra
1311 3991 1327 4017 ,
1359 3952 1571 4007 Missale
1599 3962 1651 4006 et
1680 3953 1915 4008 officium
1958 3953 2126 4007 Isido-

536 4039 719 4105 riana,
754 4050 811 4094 ut
850 4042 1168 4110 quantocius
1210 4043 1389 4108 prelo,
1438 4058 1608 4109 nuper
1647 4045 1698 4097 in
1742 4045 1989 4112 Ilispania
2042 4046 2125 4098 in-

537 4130 786 4186 traducto
807 4170 823 4196 ,
854 4131 1326 4187 enntmitterentur
1355 4151 1369 4200 ;
1414 4134 1543 4187 nihil
1586 4136 1727 4189 enim
1759 4136 1969 4202 utilius,
2000 4152 2122 4206 gra-

538 4222 641 4276 tius
672 4230 727 4277 et
773 4222 1016 4291 religioni
1049 4225 1383 4277 commodius
1409 4224 1707 4293 judicavit,
1736 4242 1895 4295 quam
1940 4242 2122 4282 sacros

541 4312 716 4367 libros
744 4314 1044 4382 vegetiOres
1074 4325 1128 4369 et
1158 4317 1401 4381 puriores
1432 4318 1679 4371 omnibus
1707 4316 1965 4371 feuerari.

610 4419 666 4473 In
702 4419 950 4475 Editione
990 4421 1218 4477 Missalis
1256 4432 1310 4476 ct
1349 4423 1601 4476 Breviarii
1633 4423 1917 4477 lsidoriani
1952 4424 2122 4480 nulla-

2235 1968 2416 2007 serere
2447 1969 2553 2006 non
2585 1953 2931 2019 dubitaverit,
2961 1956 3011 2008 in
3037 1955 3568 2024 interpretationibus
3606 1961 3816 2014 caeteris

2239 2042 2625 2114 prmferendam
2657 2086 2673 2108 ,
2714 2061 2833 2098 nam
2874 2055 2945 2099 est
2984 2046 3246 2099 verborum
3286 2049 3515 2100 tenacior
3552 2066 3668 2103 cum
3706 2066 3822 2121 per-

2236 2138 2502 2207 spicuitate
2542 2139 2837 2204 sententiis,
2882 2139 3089 2209 hacque
3133 2141 3400 2209 praecipue
3441 2150 3663 2199 utuntur
3708 2144 3823 2198 Mo-

2236 2229 2463 2283 zarabici
2495 2231 2802 2285 sacerdotes

2306 2320 2401 2375 llic
2428 2323 2559 2375 scitu
2584 2323 2797 2393 dignum
2821 2333 2902 2377 est
2924 2325 3084 2389 quod,
3109 2339 3174 2378 ne
3189 2324 3384 2393 antiqui
3407 2326 3540 2379 ritus
3561 2325 3822 2381 Gothico.

2239 2410 2458 2479 llispani
2518 2412 2790 2482 dcperitet
2852 2416 3146 2478 memoria,
3200 2415 3496 2469 Editionem
3559 2416 3818 2471 Breviarli

2234 2504 2505 2558 commisit
2553 2504 2907 2571 praelaudatus
2955 2505 3232 2557 Ximcnins
3280 2504 3488 2558 doctori
3539 2504 3831 2573 Alpltonsoi

2234 2592 2458 2661 Ortizio,
2490 2594 2750 2647 canonico
2776 2593 3037 2649 Toletano
3059 2637 3073 2661 ,
3107 2597 3193 2665 qui
3228 2596 3279 2649 in
3314 2595 3649 2649 dedicatione
3676 2611 3813 2663 ope-

2236 2686 2311 2740 ris
2341 2688 2535 2738 fatetur
2562 2702 2576 2740 :
2613 2687 2792 2757 Officia
2831 2697 3082 2742 nocturna
3121 2692 3408 2759 pariterque
3436 2690 3624 2742 diurna
3653 2689 3703 2743 itt
3738 2690 3823 2743 ltt-

2239 2795 2356 2834 cem
2402 2781 2542 2834 edita
2593 2782 2841 2851 dignitate
2885 2783 3098 2850 quidem
3147 2783 3395 2853 egregia,
3439 2785 3728 2855 cognitione
3772 2792 3822 2838 et

2237 2872 2571 2942 castigatione
2624 2873 2781 2939 [uisse
2819 2873 3080 2942 difﬁcilia,
3125 2876 3213 2926 diu
3256 2875 3571 2943 multumque
3611 2890 3822 2934 operose

2236 2966 2403 3019 studio
2434 2965 2691 3035 recognita
2717 2981 2733 3017 :
2764 2975 2913 3017 antea
2959 2982 3174 3033 namque
3219 2983 3343 3031 pene
3383 2969 3556 3020 omnia
3586 2968 3637 3019 in
3669 2966 3818 3020 libris

2236 3056 2484 3108 veteribus
2525 3056 2739 3120 confusa
2762 3095 2775 3117 ,
2817 3064 2967 3116 atque
2997 3055 3254 3123 incognita
3284 3072 3437 3121 penes
3469 3056 3696 3109 eruditos
3717 3059 3815 3128 ja-

2238 3148 2437 3211 cuisse;
2481 3147 2722 3215 impensis
2766 3161 2883 3198 vero
2924 3155 2969 3198 et
3013 3146 3293 3198 cardinalis
3338 3163 3497 3212 opera
3540 3149 3645 3199 suis
3690 3150 3822 3203 locis

2233 3254 2445 3310 qumque
2484 3238 2709 3305 reposita
2731 3282 2745 3304 ,
2791 3236 3169 3290 characteribus
3198 3246 3349 3305 atque
3379 3236 3600 3304 periodis
3630 3239 3823 3292 distin-

2231 3342 2344 3394 cta,
2378 3328 2535 3382 verbis
2577 3336 2625 3381 et
2673 3328 2931 3381 sententiis
2976 3327 3262 3379 dilucidam
3289 3343 3306 3391 ;
3337 3343 3397 3378 ac
3427 3327 3513 3379 diu
3554 3328 3697 3380 senio
3727 3345 3818 3398 pe-

2230 3421 2454 3475 riclitata
2501 3422 2662 3491 oﬂiria
2721 3419 3046 3484 lsidoritma,
3088 3421 3372 3474 annositate
3409 3420 3600 3486 deleta,
3635 3422 3823 3492 futuris

2228 3511 2425 3563 statutis
2454 3512 2560 3563 sine
2588 3511 2884 3579 difﬁcultate
2900 3512 3013 3579 jam
3042 3513 3365 3578 perlegenda.

2301 3601 2451 3655 Hanc
2496 3602 2823 3669 provinciam
2873 3602 3065 3654 edendi
3120 3618 3303 3656 sacros
3352 3604 3577 3658 Codices
3626 3610 3810 3669 postea

2230 3694 2466 3763 aggressi
2499 3703 2623 3747 sunt
2660 3692 2954 3749 Flaminius
2982 3694 3242 3760 Nobilius,
3276 3696 3510 3751 Morinos
3531 3740 3544 3762 ,
3576 3697 3809 3753 Joannes

2228 3786 2587 3849 Martianmus,
2621 3784 2855 3838 Thomas
2886 3785 3204 3847 lletarneus,
3246 3787 3416 3841 Faber
3444 3790 3809 3861 Stapulensis,

2226 3875 2492 3943 Josepbus
2525 3875 2687 3931 Maria
2720 3874 2857 3930 Caro
2884 3919 2897 3942 ,
2931 3878 3220 3931 cardinalis
3251 3878 3597 3943 Thomasius,
3630 3890 3678 3934 et
3710 3880 3813 3936 Pe-

2229 3976 2338 4019 trus
2365 3966 2610 4021 Sabatier
2633 3965 2766 4020 alios
2800 3981 3104 4029 recensens,
3133 3979 3185 4022 et
3216 3970 3409 4023 merito
3442 3971 3808 4026 Blaucltioiunt

2226 4057 2489 4111 extollens
2522 4075 2535 4109 :
2570 4072 2631 4110 ex
2665 4055 2745 4108 Itis
2777 4056 2985 4110 duobus
3026 4059 3312 4125 postremis
3359 4060 3672 4114 clarissimis
3712 4076 3809 4115 au-

2226 4148 2468 4203 ctoribus
2518 4147 2772 4218 quidquid
2825 4148 3160 4219 reperuimus
3205 4150 3270 4203 ad
3320 4160 3553 4205 nostram
3600 4152 3811 4205 Brevia.

2224 4242 2289 4297 rii
2328 4238 2539 4295 Gothici
2595 4241 2895 4296 Editionem
2950 4242 3209 4308 perutile,
3254 4242 3651 4308 delibavimus,
3702 4259 3810 4298 non

2229 4333 2381 4387 voltu
2413 4333 2551 4385 ritus
2583 4331 2865 4386 immutan
2887 4373 2900 4396 ,
2935 4331 3026 4383 sed
3062 4339 3263 4384 tantum
3296 4342 3571 4395 correcta,
3601 4334 3810 4387 collatis

2227 4424 2544 4479 lectionibus
2585 4438 2704 4477 cum
2739 4421 3011 4475 Vaticanis
3043 4422 3178 4477 Cod.
3214 4422 3645 4491 Veronensibus,
3675 4425 3811 4478 Cor-

493 4510 501 4523 ‘
538 4522 698 4567 tenus
727 4514 954 4568 intendit
986 4516 1427 4582 prreclarissimus
1458 4515 1545 4569 hic
1582 4517 1660 4570 vir
1697 4516 1900 4585 aliquid
1943 4518 2120 4573 detra-
2148 4541 2200 4599 Ι)
2226 4517 2560 4585 beiensibus,
2594 4518 3002 4587 Parisiensibus,
3033 4518 3201 4572 sancti
3232 4517 3519 4584 Germani,
3551 4530 3602 4573 et
3631 4521 3770 4573 aliis.

536 4607 668 4661 here
705 4607 1010 4661 auctoritati
1051 4608 1248 4662 veteris
1291 4607 1549 4676 Romani,
1582 4608 1709 4675 quin
1738 4611 1917 4678 potius
1948 4613 2125 4667 extol-

540 4700 673 4755 lere.
707 4699 908 4753 Coll-uta
939 4700 1134 4753 etenim
1167 4698 1324 4769 hujus
1366 4702 1700 4754 correctione
1740 4716 1856 4757 eum
1902 4706 2122 4774 antiquo

536 4788 787 4847 Gothico.
817 4788 1092 4842 evidenter
1121 4788 1517 4845 demonstratur
1543 4792 1835 4846 Ecclesiam
1866 4809 2116 4862 sponsam

536 4878 734 4932 Christi
776 4893 987 4945 semper
1027 4890 1078 4932 et
1118 4879 1316 4947 ubique
1363 4896 1522 4933 unam
1571 4881 1768 4947 fuisse,
1822 4885 2118 4956 eodemque

538 4970 738 5038 Spiritu
761 4970 1113 5022 coadunatam
1138 5010 1153 5033 ,
1186 4970 1582 5035 ineonsntilem,
1616 4987 1722 5027 non
1754 4975 1823 5029 ab
1854 4976 2118 5033 haereticis

537 5060 923 5122 dilaceratam,
982 5059 1205 5112 divisam
1262 5060 1314 5113 in
1371 5073 1586 5129 partes,
1640 5070 1926 5130 sortitam,
1986 5078 2039 5121 et
2089 5083 2119 5122 a

539 5166 752 5207 summo
803 5167 971 5221 usque
1019 5151 1268 5206 deorsum
1299 5154 1366 5206 ait
1405 5154 1508 5208 illis
1546 5155 1793 5210 scissam.
1824 5156 1972 5210 Licet
2008 5175 2117 5213 non

535 5244 677 5300 idem
708 5243 931 5306 modus,
966 5243 1099 5299 ordo
1122 5283 1137 5309 ,
1168 5252 1222 5297 et
1251 5244 1423 5299 Latini
1463 5249 1728 5300 sermonis
1774 5247 2016 5303 facundia
2062 5251 2116 5304 itt

535 5333 785 5390 omnibus
812 5334 1357 5406 precibus’appareat,
1383 5338 1434 5392 in
1465 5335 1707 5393 Gothicis
1736 5349 1910 5394 tamen
1939 5357 2121 5396 exem-

536 5427 775 5496 plaribus
819 5428 1082 5496 ingenuus
1110 5444 1288 5484 sermo
1321 5432 1663 5500 resplendet,
1698 5448 1802 5487 non
1831 5444 1948 5488 arte
1978 5434 2112 5503 poli-

536 5531 645 5585 tus,
677 5519 775 5575 sed
802 5530 1125 5575 vetustatem
1156 5522 1424 5589 redolens,
1455 5523 1526 5578 ob
1554 5524 1717 5593 idque
1744 5526 2118 5594 grammatices

535 5615 736 5684 regulis
770 5629 873 5668 non
904 5623 1009 5667 tam
1041 5628 1189 5671 arcte
1214 5616 1497 5684 astrictus,
1528 5628 1587 5672 ut
1619 5618 1669 5671 in
1702 5632 1810 5672 uno
1832 5618 1913 5673 vel
1954 5620 2122 5672 altero

536 5710 656 5766 loco
694 5710 853 5779 hujus
891 5718 1089 5764 nostra:
1126 5709 1378 5765 editionis
1408 5711 1591 5765 videre
1621 5710 1746 5764 licet
1777 5726 1791 5775 ;
1820 5718 2075 5764 caeterum
2102 5750 2118 5775 ,

536 5810 754 5872 propter
797 5800 928 5855 Cod.
982 5802 1347 5858 venerabilem
1388 5803 1637 5859 canitiem
1678 5817 1740 5857 ea
1778 5802 1948 5857 illaesa
1989 5803 2114 5858 reli-

2304 4611 2358 4665 ltt
2400 4620 2605 4666 tantum
2646 4612 2903 4667 deserviit
2943 4610 3121 4664 Editio
3151 4611 3411 4666 versionis
3441 4612 3635 4666 veteris
3668 4610 3811 4665 Italae

2231 4722 2260 4760 a
2305 4706 2462 4761 Petro
2504 4708 2750 4762 Sabatier
2790 4720 2981 4775 magno
3019 4705 3204 4759 labore
3245 4705 3374 4757 facta
3400 4748 3415 4770 ,
3458 4715 3515 4757 ut
3562 4718 3622 4756 ea
3671 4701 3810 4756 duce

2227 4812 2334 4852 non
2366 4800 2739 4852 ca-cutiremns
2763 4839 2779 4863 ,
2812 4814 2909 4852 nec
2938 4797 3335 4861 ca‘spitaremus
3362 4812 3375 4859 ;
3410 4810 3530 4847 nam
3562 4809 3659 4848 nec
3690 4810 3810 4847 ver-

2226 4889 2351 4943 bum
2386 4889 2495 4944 fere
2527 4889 2580 4943 in
2627 4900 2809 4942 nostro
2852 4888 3109 4943 Psalterio
3151 4887 3448 4941 invenimus
3488 4894 3762 4940 exaratum
3790 4927 3810 4952 ,

2227 4978 2369 5045 quod
2414 4978 2467 5030 in
2510 4979 2614 5031 alio
2651 4994 2714 5033 ex
2758 4979 2883 5032 Mss.
2930 4976 3195 5043 praecipue
3243 4978 3294 5029 in
3342 4975 3521 5030 Bibliis
3565 4976 3808 5030 Gothicis

2224 5068 2498 5123 Toletanis
2528 5113 2542 5135 ,
2585 5078 2639 5122 et
2682 5070 2733 5122 in
2772 5070 2894 5122 divo
2932 5067 3229 5137 Augustino
3269 5083 3372 5122 non
3417 5070 3666 5135 legatur:
3708 5069 3812 5124 hoc

2225 5162 2386 5214 modo
2417 5170 2524 5213 tuta
2555 5161 2706 5213 nobis
2739 5160 2904 5227 patuit
2943 5161 3030 5211 via
3070 5159 3135 5213 ad
3180 5162 3345 5215 nostri
3393 5158 3643 5213 Breviarii
3684 5174 3807 5214 cor-

2224 5254 2514 5306 rectionem
2542 5250 2758 5319 quando
2781 5250 2861 5303 vel
2887 5251 3135 5305 mendum
3169 5248 3480 5322 typograplti
3512 5249 3811 5317 apparebat

2223 5353 2503 5413 apertum,
2552 5342 2630 5396 vel
2674 5342 2718 5395 si
2757 5342 2914 5396 etiam
2966 5343 3215 5397 haesitare
3258 5342 3326 5397 de
3371 5333 3533 5397 sensu
3583 5342 3808 5410 alicujus

2227 5435 2374 5487 vocis
2402 5431 2783 5501 contingebat,
2830 5434 2948 5488 aliis
2991 5432 3260 5487 veteribus
3308 5432 3628 5490 lectionibus
3669 5447 3802 5488 con-

2226 5524 2571 5579 cordantibus
2600 5524 2961 5579 firmabamur.

2297 5616 2552 5671 Mirabilis
2579 5616 2922 5671 multiformis
2940 5620 3107 5679 gratta
3132 5611 3223 5665 Dei
3252 5614 3265 5665 ε
3292 5612 3552 5667 Mirabilis
3575 5612 3809 5683 Spiritus

2223 5709 2529 5764 Paracletus
2551 5706 2879 5778 septiformis
2908 5716 3150 5766 munere,
3182 5712 3235 5755 et
3281 5702 3621 5759 multiformis
3659 5705 3803 5758 dono

2222 5802 2543 5871 linguarum,
2574 5802 2666 5872 qui
2698 5801 2946 5871 dignatus
2994 5804 3078 5851 est
3105 5810 3168 5850 ex
3202 5796 3493 5852 visceribus
3518 5797 3652 5851 sacri
3686 5804 3803 5851 tex-
