4044 6382
283 424 351 480 15
1101 426 1529 485 FRANCISCUS
1568 428 1909 486 ANTONIUS
1946 430 2363 488 LORENZANA
2402 434 2717 491 LECTORI.
3470 440 3534 501 Η

281 538 595 608 ιιιιεοιιιιςιιυθ
622 536 953 592 substantiaii
982 540 1261 596 sententiae
1312 543 1604 598 mutatione
1631 555 1706 602 tot
1736 561 1853 601 ver-
1881 553 1927 610 Α
1957 550 2203 603 maculati
2234 549 2289 603 in
2309 551 2412 615 uia,
2442 562 2496 605 et
2526 560 2607 605 tot
2633 551 2965 622 antiquitatis
2989 564 3175 621 notas,
3208 564 3284 612 tot
3312 570 3535 615 annuta-

280 626 464 682 siones
491 628 561 680 ab
594 628 828 681 Ecclesia
860 644 964 684 non
1018 630 1266 699 reiectas,
1329 640 1512 701 totque
1566 638 1859 703 generibus

281 716 580 787 linguarum
613 718 915 787 depositum
941 720 1062 776 [idei
1091 723 1142 776 in
1166 722 1294 777 Mss.
1326 725 1564 780 Gmhicis
1596 726 1856 792 Vaticani,

279 805 547 874 Hispaniae
569 817 622 863 et
652 805 965 875 Galliarum,
998 812 1154 866 nobis
1206 812 1260 866 in
1294 811 1434 868 hunc
1461 814 1603 869 diem
1656 830 1857 873 sartum

279 906 477 953 tectum
510 914 726 954 servare
750 901 764 956 ι

347 987 426 1042 Ne
453 1003 581 1043 vero
607 991 832 1059 vagandi
857 994 1069 1048 ncentia
1101 994 1348 1051 fidelibus
1389 998 1857 1055 indiscriminatim

278 1077 633 1148 tribueretur,
656 1090 709 1135 et
738 1082 897 1135 simul
922 1082 1295 1140 haereticorum
1335 1088 1551 1143 libertas
1581 1104 1861 1146 coercere-

275 1178 385 1234 tur,
414 1186 621 1228 sacrum
642 1176 927 1231 concilium
946 1177 1317 1235 Tridentinum
1341 1184 1560 1250 privatis
1580 1185 1858 1240 arbitrium

268 1262 461 1331 judicii
494 1263 544 1318 in
568 1267 738 1337 sacris
763 1266 1133 1325 discernendis
1162 1273 1400 1338 ademit;
1430 1285 1485 1329 et
1512 1292 1574 1330 ex
1611 1278 1860 1332 omnibus

273 1355 616 1411 versionibus
683 1366 739 1412 et
823 1359 1160 1417 Editionibus
1222 1380 1499 1421 sacrorum
1572 1367 1859 1423 Bibliorum

274 1443 557 1514 Vulgatam
587 1448 1039 1519 selegit,cteteris
1087 1454 1339 1522 prastulit,
1387 1465 1441 1511 et
1491 1457 1857 1514 authenticam

271 1536 573 1591 declaravit
599 1555 615 1604 ;
649 1556 715 1594 ne
746 1542 798 1595 in
824 1558 883 1597 re
907 1552 1013 1597 tam
1040 1545 1191 1613 gravi
1221 1545 1344 1601 laici
1372 1556 1429 1602 et
1477 1548 1690 1604 femina:
1717 1550 1861 1619 judi-

270 1641 366 1681 ces
392 1630 863 1687 constituerentur.
894 1634 1010 1691 Non
1040 1651 1167 1692 vero
1190 1638 1325 1693 alias
1352 1641 1608 1709 quasdam
1653 1644 1859 1699 versio-

270 1726 372 1769 ne‘s
410 1718 768 1790 parvipendit,
819 1722 1052 1780 Italicam
1079 1727 1387 1796 prtecipue;
1422 1730 1529 1784 imo
1587 1743 1642 1785 ut
1701 1732 1860 1803 hujus

268 1804 640 1865 Innbtesceret
667 1814 955 1883 antiquitas
982 1826 1039 1871 et
1069 1817 1285 1885 veritas,
1317 1818 1371 1873 in
1406 1821 1585 1876 ol'licio
1614 1821 1858 1878 Romano

1963 638 2121 692 tionis
2135 654 2391 694 numeros
2424 641 2710 707 hebraicis,
2737 642 2991 700 Romanis
3013 656 3062 701 et
3092 648 3324 717 antiquis
3338 648 3535 721 Hispa-

1961 731 2096 785 nicis
2126 731 2328 787 litteris
2347 734 2647 803 descriptos
2670 737 2929 805 reperies,
2968 746 3025 792 ut
3076 738 3220 793 nulla
3269 754 3539 799 remaneat

1958 822 2243 877 dubitatio.
2270 824 2457 892 Incipit
2485 840 2514 878 a
2544 826 2720 881 littera
2766 827 3012 882 hebraica
3066 830 3250 899 Aleplt,
3296 833 3539 901 sequitur

1962 926 2215 968 numerus
2273 912 2543 969 Romanus
2600 915 2658 980 I,
2707 916 2840 972 alius
2887 918 3203 988 Hispanicus
3264 908 3535 994 adjicitur,

1960 1019 2253 1074 omnesque
2284 1006 2426 1061 idem
2457 1010 2779 1076 signiﬁcant,
2829 1011 3037 1067 scilicet
3086 1029 3364 1070 numerum
3424 1018 3535 1084 pri-

1963 1109 2105 1147 mum
2135 1110 2149 1161 ;
2202 1106 2382 1165 postea
2410 1097 2721 1167 indigitatur
2748 1100 2955 1155 initium
3005 1104 3244 1171 mystica:
3274 1105 3539 1175 signiﬁca-

1964 1181 2145 1249 tionis,
2167 1194 2221 1239 et
2250 1187 2327 1240 sic
2357 1188 2607 1255 deinceps
2647 1198 2785 1243 totus
2813 1192 3048 1258 psalmus
3093 1208 3188 1260 per
3206 1202 3327 1248 octo
3373 1198 3540 1250 versi-

1963 1274 2112 1329 culos
2141 1279 2440 1332 successive
2462 1279 2517 1333 in
2547 1282 2721 1350 capita
2767 1282 3121 1339 distribuitur.
3183 1286 3238 1339 In
3294 1287 3541 1342 versione

1966 1364 2188 1435 Vulgata
2218 1380 2419 1424 tantum
2447 1371 2639 1426 littera:
2671 1373 2942 1429 llebraicte
2988 1388 3349 1445 apponuntur,
3377 1387 3429 1433 et
3450 1376 3539 1433 illa

1962 1455 2063 1510 alia
2116 1459 2169 1512 in
2227 1471 2410 1516 nostro
2467 1462 2725 1519 Psalterio
2769 1465 2946 1519 addita
3000 1468 3369 1538 antiquitatem
3416 1472 3539 1524 red-

1962 1551 2129 1604 olent.
2162 1550 2378 1606 Psalmu
2403 1568 2525 1620 xcv,
2557 1553 2611 1617 8,
2666 1555 2779 1609 lucc
2830 1558 2995 1611 verba
3026 1558 3078 1612 in
3129 1567 3314 1615 nostro
3343 1559 3542 1615 Codice

1964 1638 2215 1708 leguntur
2248 1657 2261 1692 :
2299 1641 2465 1696 Dicite
2506 1646 2559 1696 in
2592 1646 2878 1700 nationibus
2907 1662 2925 1699 .°
2961 1645 3212 1702 Dominus
3253 1651 3480 1720 regnarit
3508 1669 3542 1704 ts

1961 1730 2121 1800 ligno,
2152 1746 2181 1785 a
2225 1731 2458 1798 Justino,
2508 1733 2845 1801 Tertuliano,
2900 1747 3060 1805 atque
3115 1739 3236 1795 aliis
3289 1740 3540 1795 Patribus

1964 1829 2244 1889 tantopere
2266 1825 2659 1890 commendata,
2706 1835 2818 1882 eta
2878 1826 3193 1896 Fortunato,
3246 1831 3300 1884 in
3340 1831 3540 1903 hymno

266 1897 341 1950 ad
387 1905 705 1957 matutinum
751 1908 987 1972 psalmus
1019 1949 1034 1972 ,
1101 1923 1196 1964 seu
1236 1909 1621 1980 invitatoriam,
1658 1913 1856 1981 Venite,
1892 1917 1939 1978 B
1978 1909 2120 1968 Vext'l
2144 1929 2176 1965 a
2208 1914 2363 1984 Regis
2384 1918 2660 1985 prodeunt,
2692 1918 2794 1974 hoc
2834 1921 2995 1975 modo
3040 1923 3244 1978 intesta
3278 1940 3290 1974 :

265 1993 583 2047 exsulteutus
610 1994 857 2062 Domino,
874 1996 1027 2067 juxta
1054 2010 1289 2056 veterem
1321 2003 1621 2058 versionem
1672 2004 1854 2057 Italam

263 2078 443 2137 ferme
505 2086 830 2140 adamussim
883 2090 1170 2156 recitatur,
1222 2102 1427 2145 retenta
1467 2094 1638 2146 solum
1685 2097 1739 2147 in
1768 2094 1858 2149 die

261 2166 588 2237 Epiphaniae
625 2173 834 2228 Domini
894 2175 1158 2245 Vulgata;
1213 2188 1268 2233 et
1305 2177 1594 2248 Gregorius
1639 2183 1857 2251 Magnus

263 2266 504 2329 utraque
536 2265 885 2321 translatione
922 2282 1064 2323 nunc
1102 2284 1259 2335 nova,
1309 2286 1451 2327 nunc
1501 2283 1707 2341 vetere,
1742 2285 1857 2330 ute-

258 2348 449 2404 batur.

342 2438 398 2492 In
430 2440 650 2495 introitu
681 2445 963 2499 missarum
997 2447 1193 2502 videsis
1248 2450 1543 2519 gradualia,
1570 2464 1622 2507 et
1652 2462 1853 2512 tractus

261 2530 556 2600 ipsiusmet
578 2534 806 2591 Missalis
840 2537 1087 2593 Romani.
1126 2540 1330 2595 Passim
1363 2541 1706 2599 inveniuntur
1734 2562 1855 2602 ver-

262 2622 423 2676 siculi
453 2626 746 2680 secundum
774 2639 1008 2683 veterem
1038 2629 1227 2684 Italam
1261 2634 1586 2699 versionem,
1617 2652 1718 2704 qua
1751 2638 1854 2691 uti-

264 2723 358 2769 tur
404 2716 729 2774 Psalterium
774 2721 1620 2799 Gothico-Hispanum:exempli
1667 2744 1849 2797 causa,

268 2809 321 2863 in
356 2811 577 2866 introitu
613 2814 905 2872 Dominica:
952 2818 1374 2891 Septuagesimtc
1422 2826 1716 2880 recitantur
1765 2827 1849 2880 illa

267 2903 433 2957 verba
469 2904 964 2963 :Circumdederunt
994 2928 1073 2965 me
1124 2914 1337 2983 gemitus
1392 2918 1589 2982 mortis,
1645 2928 1699 2972 ct
1745 2934 1853 2974 non

269 2994 501 3061 doloris,
555 2997 706 3066 juxta
762 3000 1078 3071 Vulgatam;
1137 3007 1189 3059 in
1236 3011 1504 3062 communi
1556 3024 1849 3081 martyrum

274 3092 514 3157 tempore
546 3090 808 3157 paschali,
834 3094 1025 3159 psalm.
1056 3111 1251 3151 cxxxrv
1271 3115 1282 3149 :
1303 3095 1371 3150 In
1394 3099 1551 3153 servis
1585 3102 1693 3155 suis
1722 3117 1857 3179 cou-j

274 3175 562 3244 solabitur;
602 3179 756 3248 juxta
790 3180 1097 3252 Vulgatam,
1119 3185 1496 3256 deprecabitur.

2210 2041 2415 2109 Itnpleta
2433 2053 2545 2109 sunt
2574 2084 2589 2106 ,
2613 2059 2723 2109 qua:
2742 2054 2956 2097 concluit

2210 2105 2363 2168 pavit]
2391 2105 2521 2155 ﬁdeli
2545 2105 2781 2168 cariniue,

2212 2163 2391 2212 Diceus
2414 2168 2459 2214 in
2485 2163 2795 2217 nationibus;

2211 2226 2455 2286 Regnavit
2479 2239 2507 2274 a
2528 2228 2662 2291 ligno
2686 2228 2856 2291 Deus;

1963 2358 2018 2404 et
2063 2360 2237 2404 tamen
2294 2351 2346 2404 in
2385 2349 2607 2421 Vulgata
2652 2368 2755 2407 non
2808 2358 3163 2423 reperiuntur,
3195 2366 3252 2410 ut
3294 2358 3346 2411 in
3375 2360 3539 2415 veteri

1959 2439 2087 2493 Itala
2119 2449 2169 2493 et
2196 2439 2456 2495 Psalterio
2490 2452 2695 2497 nostro.

2027 2529 2178 2585 Scire
2212 2531 2296 2585 hic
2348 2533 2528 2602 cupiet
2573 2535 2817 2591 eruditus
2858 2546 3042 2604 .ector,
3098 2554 3130 2593 a
3180 2556 3285 2609 quo
3335 2554 3387 2598 et
3434 2558 3540 2613 quo

1958 2622 2157 2677 saecqu
2184 2621 2285 2676 hoc
2316 2622 2629 2678 Psalterium
2662 2641 2766 2679 ms.
2798 2627 2867 2681 sit
2894 2638 3207 2695 exaratum;
3242 2640 3318 2697 et,
3363 2643 3421 2687 ut
3469 2636 3541 2693 ob

1958 2725 2375 2780 eiucidationem
2421 2726 2498 2780 rei
2529 2728 2806 2797 utriusque
2837 2728 2969 2784 lines
3008 2731 3140 2785 recti
3179 2730 3367 2801 judicii
3424 2748 3532 2791 non

1958 2816 2487 2886 prmtergrediamur,
2517 2820 2808 2874 asserimus
2826 2819 3078 2876 Codicem
3103 2822 3203 2876 tria
3237 2824 3535 2891 continere,

1955 2910 2161 2965 scilicet
2204 2910 2547 2975 Psalterium,
2579 2912 2808 2978 cantica,
2861 2922 2916 2969 et
2959 2915 3226 2986 hymnos;
3284 2927 3538 2972 caeterum

1957 3001 2012 3056 in
2045 3002 2432 3072 praelocutione
2463 3005 2729 3060 acrostica
2764 3008 3082 3077 hymnorum
3115 3011 3362 3079 leguntur
3388 3011 3540 3065 initio

1956 3094 2215 3162 cujusque
2238 3094 2535 3150 hexametri
2574 3095 2790 3159 litterae,
2823 3112 2887 3152 ex
2917 3098 3109 3167 quibus
3136 3100 3397 3167 prodeunt
3424 3100 3538 3154 hinc

1956 3184 2116 3237 verba
2138 3201 2149 3236 :
2168 3182 2435 3238 Mauricus
2459 3186 2661 3239 obtaute
2689 3185 2980 3240 Veroniauo
3000 3187 3178 3256 edidyt
3200 3204 3219 3252 ;
3248 3204 3313 3243 ex
3346 3190 3536 3257 quibus

342 3266 421 3321 Ne
446 3268 723 3324 videamur
778 3272 1025 3329 Psalterii
1082 3274 1364 3333 Isidoriaui
1424 3279 1725 3335 versionem
1772 3283 1926 3356 ni-c
1957 3278 2307 3345 conspicuum
2347 3288 2570 3346 apparet
2592 3279 2979 3347 exscriptorem
3027 3280 3193 3335 fuisse
3247 3282 3533 3348 quemdam

279 3357 439 3413 mium
467 3362 750 3430 extollere,
780 3372 834 3419 et
858 3381 954 3433 pro
983 3377 1166 3422 nostro
1189 3370 1409 3422 arbitrio
1437 3384 1679 3426 asserere
1707 3382 1855 3426 vete-

284 3449 559 3516 riItaIiczn,
587 3469 746 3523 quam
774 3471 1136 3525 summopere,
1173 3466 1232 3512 ut
1258 3459 1456 3514 dictum
1483 3470 1586 3525 est,
1622 3462 1859 3531 AuguSti-

292 3554 389 3594 nus
414 3546 765 3613 commendat,
798 3562 917 3602 eam
944 3563 1065 3603 esse
1101 3549 1450 3616 simillimam,
1476 3552 1717 3620 quaedam
1740 3553 1853 3607 loca

289 3631 631 3698 proferemus.
684 3637 739 3691 In
796 3640 1002 3708 psalmo
1053 3656 1191 3695 vau
1226 3685 1241 3710 ,
1302 3643 1495 3713 legitur
1525 3644 1579 3698 in
1630 3644 1852 3715 Vulgata

284 3721 528 3789 odieutes,
552 3734 605 3780 et
627 3728 679 3781 in
711 3728 973 3785 Psalterio
1014 3731 1307 3788 lsidoriano
1331 3735 1445 3788 ριάὶο
1474 3735 1732 3801 habentes,
1764 3752 1856 3791 eo-

279 3810 397 3866 dem
445 3815 605 3870 modo
677 3833 783 3885 quo
836 3830 1052 3875 sanctus
1117 3824 1443 3893 Augustinus
1494 3827 1639 3896 legit.
1708 3827 1857 3882 Psal-

277 3918 362 3959 mo
390 3920 543 3971 xvttt,
572 3910 628 3975 5,
660 3920 765 3965 tam
798 3912 850 3966 in
888 3912 1108 3983 Vulgata
1163 3933 1319 3985 quam
1349 3918 1468 3973 aliis
1523 3922 1855 3977 versionibus

278 4007 489 4063 eructat,
515 3998 569 4052 in
602 4003 848 4057 versione
870 4018 999 4059 vero
1028 4007 1191 4060 veteri
1221 4005 1351 4063 Itala
1386 4010 1576 4079 legitur
1602 4022 1852 4080 eructant,

277 4098 331 4141 ut
354 4091 517 4145 etiam
544 4092 597 4147 in
643 4095 980 4165 Augustino;
1029 4100 1264 4169 insuper,
1299 4117 1443 4157 vers.
1500 4105 1563 4158 14
1612 4105 1853 4175 ejusdem

277 4182 489 4248 psalmi,
515 4182 740 4254 Vulgata
768 4203 780 4239 :
813 4186 871 4243 Si
902 4191 999 4243 mei
1029 4208 1134 4244 non
1179 4195 1366 4260 fuerint
1400 4197 1653 4251 dominati
1669 4216 1686 4263 ;
1713 4198 1854 4253 Psal.

277 4273 468 4328 torium
524 4270 895 4346 Isidorianum,
945 4280 1248 4351 dominata,
1305 4285 1461 4339 sicuti
1504 4289 1849 4356 Augustinus.

276 4362 491 4420 PsaImo
523 4384 614 4435 xx,
644 4368 698 4437 5,
728 4371 1037 4426 desiderium
1065 4376 1234 4430 cordis
1264 4376 1458 4444 legitur
1513 4379 1564 4432 in
1613 4380 1852 4449 Vulgata,

274 4456 478 4513 ctaliis
517 4460 837 4527 quibusdam
886 4464 1264 4533 versionibus,
1314 4468 1368 4522 in
1418 4468 1678 4525 Psalterio
1726 4488 1855 4528 vero

272 4546 613 4606 Mazarabico
636 4556 843 4618 anime,
880 4565 936 4610 ut
963 4556 1014 4611 in
1040 4559 1335 4627 Augustino
1360 4574 1376 4625 ;
1400 4571 1453 4615 et
1480 4562 1711 4617 Ecclesia
1743 4563 1850 4620 Bo-

1962 3368 2279 3435 Mauricum,
2314 3368 2597 3424 Veraniani
2626 3371 2782 3433 votis,
2827 3377 2921 3424 aut
2962 3371 3152 3440 jussu;
3187 3381 3403 3442 tamque
3447 3373 3536 3442 ju-

1965 3454 2142 3510 bentis
2169 3471 2326 3525 quam
2358 3457 2701 3526 exsequentis
2724 3471 2819 3513 nos
2845 3458 2971 3513 latet
3017 3458 3205 3513 notitia
3234 3477 3247 3527 ;
3276 3476 3376 3516 nec
3404 3476 3535 3517 con.

1955 3543 2176 3614 jecturis
2204 3546 2351 3601 locus
2381 3556 2481 3613 est,
2539 3563 2660 3601 cum
2695 3549 2835 3604 nulla
2885 3549 2938 3603 iu
2970 3550 3216 3607 conciliis
3265 3551 3538 3609 Toletanis

1956 3637 2191 3707 episcopi
2223 3639 2512 3696 Veraniani
2542 3641 2745 3696 mentio
2774 3641 2904 3707 fiat;
2927 3657 3058 3696 nam
3090 3641 3214 3699 licet
3233 3642 3532 3711 Mauritius,

1956 3731 2221 3788 Oretanus
2243 3734 2547 3803 episcopus,
2578 3745 2631 3789 et
2649 3733 2789 3788 Vera
2811 3735 3228 3791 Tarraconen-is
3258 3736 3537 3794 Toletanis

1956 3822 2199 3879 conciliis
2225 3824 2668 3893 subscripserint,
2694 3835 2872 3879 tamen
2895 3828 3097 3882 nullum
3120 3841 3187 3883 ex
3210 3828 3313 3884 hoc
3337 3830 3532 3885 funda-

1957 3928 2197 3971 mentum
2221 3918 2342 3971 elici
2374 3925 2573 3985 potest,
2600 3927 2655 3974 et
2678 3918 3048 3974 tantummodo
3070 3922 3137 3975 ad
3159 3922 3440 3991 scripturas
3461 3924 3535 3978 εἱ-

1957 4021 2062 4077 gna
2085 4021 2360 4063 recurrere
2389 4008 2534 4062 licet.

2028 4115 2084 4171 ln
2107 4116 2328 4171 canticis
2372 4117 2758 4184 superscriptio
2788 4118 3169 4188 prophetarum
3200 4118 3411 4175 inversa
3441 4120 3535 4176 tibi

1956 4210 2241 4275 videbitur;
2263 4225 2383 4265 nam
2407 4212 2669 4267 Jeremias
2700 4230 2795 4280 pro
2818 4212 3096 4278 Nehemia,
3120 4214 3405 4269 Zacharias
3437 4229 3533 4282 pro

1957 4303 2170 4366 Aaaria,
2200 4302 2467 4359 Jeremias
2495 4319 2591 4373 pro
2630 4303 2869 4365 bbcbaaa.
2897 4304 3059 4358 Isaias
3082 4320 3176 4374 pro
3204 4304 3459 4369 Ieremia,
3480 4314 3538 4358 et

1956 4394 2093 4449 Osca
2128 4410 2142 4449 :
2172 4396 2272 4450 hoc
2302 4396 2498 4465 partim
2554 4394 2903 4464 exscriptoris
2931 4397 3111 4466 culpa,
3173 4396 3367 4463 partim
3415 4397 3537 4451 aliis

1956 4486 2025 4541 de
2050 4487 2230 4542 causis
2259 4488 2573 4556 contingere
2612 4488 2824 4554 potuit;
2855 4495 2908 4542 et
2939 4502 3006 4541 ne
3056 4486 3401 4556 supercilium
3450 4503 3537 4544 exe

1937 4577 2137 4639 .tollas,
2169 4576 2312 4631 illico
2334 4576 2429 4631 tibi
2457 4581 2762 4645 exemplum
2790 4577 2966 4633 simile
2988 4578 3039 4632 in
3092 4589 3273 4633 nostra
3312 4578 3532 4651 Vulgata

270 4655 431 4696 uana
478 4644 533 4698 in
571 4648 840 4701 communi
888 4648 1048 4703 unius
1113 4652 1366 4721 martyris
1414 4652 1610 4721 pluries
1659 4654 1851 4725 repetit
1880 4660 1932 4719 D
1955 4665 2227 4732 occurrit;
2258 4682 2380 4722 nam
2405 4682 2523 4737 cap,
2556 4644 2699 4724 xiv"
2730 4668 2944 4734 Matth”
2976 4684 3115 4724 vers,
3146 4670 3201 4733 9‘
3255 4669 3373 4726 huc
3413 4644 3536 4727 per.

338 4828 500 4885 Juxta
525 4831 801 4901 Vulgatam
824 4846 1039 4892 centum
1068 4837 1446 4909 quinquaginta
1504 4842 1693 4913 psalmi
1748 4844 1849 4898 Da-

265 4918 432 4985 vidis,
454 4937 550 4976 seu
578 4924 695 4993 ejus
715 4925 1098 4995 discipulorum
1123 4941 1541 4998 enumerantur;
1594 4943 1769 4990 tamen
1798 4937 1849 4990 in

264 5024 455 5067 nostro
483 5014 748 5071 Psalterio
800 5016 1120 5086 lsidoriano,
1178 5030 1235 5076 et
1283 5023 1337 5076 in
1382 5024 1632 5080 versione
1681 5024 1849 5081 veteri

266 5101 448 5159 Italica
499 5106 879 5175 superadditur
927 5111 1163 5176 psalmus
1216 5127 1322 5175 cu,
1377 5114 1534 5183 cujus
1580 5115 1830 5170 initium:

261 5193 497 5252 Pusillus
522 5213 663 5251 erant
702 5199 831 5255 inter
861 5203 1047 5270 fratres
1076 5220 1231 5269 meos,
1286 5214 1333 5259 et
1380 5207 1754 5264 adolescentior
1793 5211 1847 5264 in

261 5290 415 5344 άοηιο
438 5291 601 5361 patris
628 5294 748 5357 nisi,
784 5303 916 5362 etc.,
944 5310 1066 5351 cum
1093 5297 1191 5352 bac
1212 5300 1505 5371 epigraphe
1531 5318 1543 5353 :
1575 5301 1678 5357 Hic
1703 5304 1841 5373 psal-

258 5396 373 5434 mus
392 5386 602 5453 proprie
621 5386 845 5452 scriptus
873 5386 928 5442 in
969 5386 1136 5443 Dauid
1192 5400 1335 5446 extra
1384 5409 1673 5459 numerum,
1730 5410 1846 5450 cum

259 5484 517 5545 pugnator
539 5486 668 5529 esset
694 5478 936 5533 adversus
963 5476 1172 5534 Goliam
1195 5482 1372 5549 solus;
1412 5494 1467 5539 et
1497 5484 1542 5538 si
1596 5487 1844 5542 conferas

261 5579 368 5619 non
401 5569 773 5638 epigraphem,
802 5573 894 5626 sed
947 5573 1136 5641 psalmi
1190 5576 1373 5641 verba,
1428 5576 1524 5631 abs
1580 5577 1742 5635 dubio
1790 5581 1841 5636 iu

264 5659 511 5715 versione
535 5664 703 5718 veteri
739 5664 915 5719 Italica
950 5668 1235 5736 (nusquam
1268 5668 1319 5721 in
1362 5668 1611 5725 Edtione
1647 5670 1842 5743 Vulga-

270 5766 335 5813 π,
365 5761 421 5807 et
448 5754 593 5825 aliis)
619 5756 806 5813 eadem
830 5760 1089 5827 reperies.

328 5842 595 5903 Praeterea
626 5849 813 5904 sedulo
825 5860 1063 5906 scrutare
1085 5852 1347 5922 psalmum
1367 5868 1555 5921 cxvut,
1586 5854 1730 5911 Beati
1747 5874 1840 5912 sm-

1957 4756 2022 4811 ba
2054 4772 2069 4811 :
2098 4758 2408 4828 Acceperunt
2456 4759 2665 4829 triginta
2706 4769 2971 4831 argenteos
3015 4762 3231 4830 pretium
3275 4764 3537 4832 appretia-

1957 4849 2014 4912 εἰ,
2047 4859 2174 4913 etc.,
2206 4850 2370 4903 relata
2401 4860 2526 4904 sunt
2556 4862 2805 4920 tanquam
2825 4852 2966 4908 dicta
2994 4869 3023 4907 a
3050 4852 3280 4910 Jeremia
3306 4855 3537 4926 prophev

1960 4949 2033 5004 ta,
2057 4940 2158 4997 illis
2190 4941 2366 4995 verbis
2395 4959 2406 4993 :
2443 4940 2583 4995 Tunc
2619 4944 2886 5011 impletum
2915 4954 3011 5010 est,
3060 4947 3199 5016 quod
3226 4947 3425 5000 dictum
3461 4957 3536 5000 est

1958 5047 2045 5099 per
2071 5029 2389 5095 let-entiam;
2418 5037 2631 5102 quando
2660 5042 2809 5090 certo
2838 5044 3049 5091 constat
3080 5052 3186 5092 non
3215 5053 3242 5090 a
3272 5036 3530 5096 Jcremia.

1956 5136 1997 5175 s.
2018 5122 2052 5177 d
2083 5138 2112 5176 a
2139 5121 2399 5178 Zacharia
2446 5139 2567 5179 esse
2622 5126 2853 5195 prolata.
2896 5126 3153 5193 Ulterius,
3185 5144 3305 5198 cap.
3338 5145 3355 5183 ι
3386 5128 3532 5183 Mar-

1956 5218 2029 5283 ci,
2059 5232 2200 5271 vers.
2229 5215 2287 5280 2,
2335 5230 2679 5287 apponuntur
2723 5218 2812 5274 illa
2856 5221 3016 5277 verba
3052 5238 3064 5274 :
3098 5221 3227 5275 Ecce
3250 5236 3344 5291 ego
3386 5222 3532 5274 mitto

1954 5310 2194 5379 angelum
2224 5324 2390 5362 meum
2417 5318 2536 5364 ante
2584 5311 2764 5380 [aciem
2794 5321 2971 5378 tuam;
2992 5316 3151 5383 juxta
3180 5310 3378 5366 Isaiam
3406 5329 3529 5381 pro-

1955 5399 2180 5469 pltelam,
2210 5409 2265 5454 et
2291 5414 2479 5456 revera
2517 5414 2641 5455 sunt
2669 5402 2963 5460 Malacbize.
3009 5404 3089 5458 Ad
3148 5404 3244 5457 has
3290 5414 3347 5458 et
3399 5406 3532 5460 alias

1954 5489 2295 5547 difﬁcultates
2326 5492 2636 5548 enodandas
2667 5494 2718 5548 in
2748 5495 2920 5549 varias
2948 5494 3284 5562 cspositores
3332 5495 3533 5551 abeunt

1955 5583 2287 5649 sententias;
2315 5585 2411 5639 sed
2437 5586 2502 5639 ad
2535 5594 2777 5641 nostrum
2810 5589 3109 5642 institutum
3138 5588 3304 5658 magis
3326 5587 3530 5644 arridet

1950 5684 2167 5732 sanctus
2185 5677 2564 5749 Hieronymus,
2596 5680 2691 5733 lib.
2724 5696 2761 5735 ιι
2818 5684 2870 5735 in
2901 5683 3064 5736 Amos
3110 5696 3228 5750 cap.
3279 5698 3331 5746 ν,
3380 5681 3530 5735 hisce

1949 5768 2128 5826 verbis
2160 5785 2172 5821 :
2205 5767 2271 5823 In
2309 5770 2541 5824 omnibus
2574 5770 2860 5835 Scripturis
2912 5774 3103 5827 sanctis
3160 5773 3528 5827 obseruandum

1954 5870 2026 5913 est
2054 5859 2331 5930 apostolos,
2365 5869 2411 5913 et
2443 5860 2753 5929 apostolicos
2793 5864 2944 5930 viros,
3003 5865 3053 5916 in
3089 5863 3336 5934 ponendis
3388 5873 3525 5916 testi-
