4044 6382
514 384 583 439 l5
1329 385 1747 443 FRANCISCUS
1789 386 2132 443 ANTONIUS
2173 385 2583 447 LOHENZANA
2626 392 2933 451 LECTORI.
3705 405 3769 460 16

513 503 696 559 maniis
724 503 784 563 de
821 503 986 558 Veteri
1038 504 1358 559 Tatfamento
1410 524 1510 560 non
1549 509 1697 561 verba
1747 508 2086 572 considerare,
2120 508 2162 564 Δ
2196 508 2374 565 clesite
2423 512 2605 567 Patres
2650 516 2887 570 strict'us
2932 514 3175 571 amicitiae
3230 519 3495 578 vinculum
3548 540 3769 597 usquam

513 595 603 650 sed
633 611 856 650 sensum.

580 688 663 743 Ex
692 686 782 741 his
813 686 1082 757 colligitur
1122 686 1464 755 Hispanicam
1507 686 1799 742 Ecclesiam
1832 689 1883 742 in
1911 704 2092 743 sacro-

513 792 630 835 rum
664 779 950 838 Bibliurum
982 779 1233 834 versione
1256 780 1306 832 in
1340 780 1581 848 plurimis
1612 780 1891 835 adhaerere
1920 781 2090 835 veteri

512 871 728 936 Italicae,
762 871 912 941 cujus
944 872 1277 926 mentionem
1317 882 1533 925 sanctus
1577 873 1902 942 Augustinus
1931 870 2085 936 facit;

513 972 567 1016 et
605 963 657 1018 in
691 962 887 1017 Missali
916 972 965 1017 et
1000 963 1270 1017 Breviario
1292 962 1542 1018 Romani)
1566 966 1717 1033 juxta
1747 965 2013 1029 eamdem,
2037 976 2092 1018 ct

514 1068 619 1107 non
667 1054 797 1107 alias
831 1062 958 1107 tunc
1000 1054 1255 1122 temporis
1297 1055 1567 1120 vigentes,
1612 1053 1790 1124 plures
1820 1052 2092 1122 appositos

514 1145 676 1199 luisse
720 1145 1013 1199 versiculos
1060 1144 1310 1199 Clemens
1361 1145 1513 1208 Vlll,
1563 1145 1615 1199 in
1662 1145 1802 1199 bulla
1850 1144 2092 1198 Romano

512 1237 714 1291 Misisali
763 1236 974 1304 praeﬁxa
1000 1277 1015 1301 ,
1048 1237 1391 1305 sequentibus
1419 1237 1596 1290 verbis
1621 1276 1636 1301 ,
1681 1245 1905 1289 testatur
1936 1253 1948 1287 :
1986 1236 2092 1301 Qui

508 1325 662 1397 (Pius
688 1325 751 1395 ν)
785 1327 876 1379 etsi
929 1328 1097 1379 multis
1130 1327 1402 1395 proponitis
1433 1328 1589 1393 panis
1614 1326 1923 1379 severissime
1951 1342 2092 1380 caue-

511 1420 599 1486 rit~,
633 1436 694 1471 ne
720 1420 800 1472 illi
832 1420 907 1473 uel
948 1421 1241 1485 adderetur,
1289 1421 1363 1474 vel
1408 1420 1515 1471 ulla
1553 1420 1754 1474 ‘ratiaue
1782 1420 2088 1484 demeretur,

512 1518 680 1564 tamen
722 1526 991 1581 progressu
1034 1514 1271 1581 temporis
1297 1552 1311 1577 ,
1350 1513 1451 1566 sive
1492 1514 1948 1583 typographorum,
1991 1513 2093 1564 sive

510 1601 753 1665 aliarum,
775 1603 1038 1657 temeritas
1064 1613 1109 1657 et
1134 1603 1354 1657 audacia
1374 1603 1542 1668 eﬂ'ecit
1566 1613 1619 1656 ut
1641 1602 1788 1657 multi
1816 1604 1867 1656 in
1891 1618 1949 1655 ea
1977 1616 2093 1671 qua

510 1691 592 1746 Itis
622 1694 868 1747 proximis
896 1696 1045 1747 annis
1075 1710 1263 1747 excusa
1305 1702 1422 1748 sunt
1469 1694 1705 1747 Missalia
1731 1710 1928 1747 errores
1957 1694 2090 1761 irre-

510 1786 735 1853 pserint,
771 1786 951 1855 quibus
988 1787 1327 1840 vetustissima
1364 1786 1456 1839 illa
1495 1802 1759 1839 sacrorum
1804 1784 2088 1840 Bibliorum

2194 600 2484 668 perlectum
2516 615 2596 659 est
2616 605 2639 657 τ

2267 691 2522 757 Isidorus,
2555 695 2650 748 etsi
2684 710 2788 748 non
2817 695 3132 767 discipulus,
3155 685 3567 761 eidemsummo
3592 712 3770 777 ponti-

2193 779 2278 834 ﬁci
2306 782 2859 838 commendatissimus
2891 787 3007 851 fuit,
3052 788 3141 857 qui
3186 805 3290 844 non
3334 794 3505 848 solum
3538 799 3774 854 auctori-

2196 877 2302 924 tate
2330 872 2616 940 apostolica
2648 874 2766 942 ejus
2809 876 3125 931 electionem
3164 879 3528 949 confirmavit,
3579 893 3633 939 et
3661 887 3771 941 ele-

2193 970 2335 1016 ctum
2349 976 2502 1017 sacro
2517 964 2674 1029 pallio
2690 964 2978 1031 decoravit,
3006 968 3099 1021 sed
3123 969 3280 1023 etiam
3303 970 3418 1039 ejus
3441 973 3492 1025 in
3519 976 3769 1032 universa

2196 1054 2440 1122 Hispania
2472 1056 2728 1111 vicarium
2759 1060 3061 1113 constituit.
3102 1061 3216 1115 Non
3248 1064 3507 1120 minorem
3552 1066 3661 1122 Leo
3701 1068 3768 1123 IV

2192 1144 2261 1199 de
2282 1160 2346 1199 eo
2367 1147 2667 1215 opinionem
2691 1153 2955 1219 concepit,
2978 1153 3066 1222 qui
3094 1154 3157 1208 ad
3183 1155 3469 1212 Britannia:
3492 1159 3771 1228 episcopos

2192 1236 2450 1305 scribens,
2501 1240 2692 1295 asserit
2738 1257 2752 1297 :
2802 1240 2993 1295 [sideri
3030 1245 3165 1299 dicta
3209 1247 3338 1299 sicut
3383 1248 3679 1321 Hieronymi
3721 1260 3773 1305 et

2194 1329 2470 1398 Augustini
2497 1334 2759 1388 retinenda
2790 1352 2914 1402 esse,
2940 1338 3025 1390 ubi
3054 1339 3353 1393 inusitatum
3383 1344 3651 1414 contigerit
3682 1363 3769 1401 ne—

2193 1422 2409 1497 gotium,
2437 1425 2575 1493 quod
2603 1443 2691 1495 per
2719 1444 2938 1482 canones
2965 1430 3170 1484 minime
3198 1434 3401 1501 deﬁniri
3434 1437 3609 1503 possit.
3642 1436 3771 1506 Ejus

2194 1511 2337 1567 larua
2362 1529 2428 1570 eo
2452 1518 2661 1572 tandem
2690 1521 2952 1585 excrevit,
2984 1532 3040 1578 ut
3065 1525 3146 1577 vix
3177 1526 3244 1579 ab
3272 1526 3386 1593 ejus
3410 1528 3555 1583 obitu
3585 1531 3771 1586 decem

2193 1613 2246 1659 et
2273 1620 2363 1660 ses
2394 1608 2549 1662 annis
2580 1611 2791 1677 elapsis,
2840 1612 3092 1667 Toletana
3122 1619 3326 1685 synodo
3356 1618 3575 1674 duorum
3609 1637 3769 1691 supra

2193 1695 2575 1767 quinquaginta
2606 1701 2976 1769 episcoporum
3013 1703 3315 1771 plaudente,
3344 1707 3564 1780 ipsoque
3585 1724 3774 1767 sancto

2199 1785 2517 1854 lldcphonso
2558 1790 2909 1861 snll'ragame,
2964 1793 3154 1849 Doctor
3196 1800 3462 1870 egregius,
3508 1803 3774 1858 catholica:

509 1879 704 1942 uersis,
736 1894 851 1949 qua:
877 1879 1031 1932 etiam
1060 1890 1180 1932 ante
1218 1880 1383 1932 sancti
1416 1877 1715 1949 Hieronymi
1752 1888 1982 1947 tempora
2007 1894 2087 1930 ce-
2119 1851 2165 1910 Β
2193 1875 2439 1932 Ecclesia:
2478 1882 2805 1935 novissimum
2837 1886 3008 1950 decus,
3042 1887 3093 1940 in
3122 1851 3426 1943 steculoium
3455 1893 3557 1957 ﬁne
3585 1894 3772 1949 doctis-

510 1971 663 2026 lebris
704 1972 879 2025 habita
914 1981 986 2026 est
1017 1974 1070 2025 in
1108 1970 1338 2026 Ecclesia
1362 2011 1380 2038 ,
1426 1982 1473 2025 et
1521 1988 1583 2026 ea:
1625 1988 1723 2041 qua
1761 1987 1933 2025 omnes
1986 1970 2092 2040 fere

508 2062 780 2115 missarum
809 2063 1064 2126 introitus,
1089 2072 1133 2116 et
1158 2078 1270 2131 qua:
1295 2063 1541 2115 dicuntur
1564 2062 1838 2132 gradualia
1863 2072 1909 2116 et
1935 2062 2093 2130 θίγεν-

510 2152 644 2204 toria
687 2161 895 2222 accepta
933 2161 1073 2214 sunt,
1115 2152 1323 2205 omnino
1351 2151 1553 2205 sublata
1594 2160 1787 2207 est.....
1830 2156 1979 2224 cujus
2018 2154 2091 2206 rei

508 2252 782 2311 pt'tetextus
832 2244 987 2313 fuisse
1030 2245 1225 2298 ridetur
1288 2253 1343 2296 ut
1399 2244 1572 2298 omnia
1616 2245 1683 2297 ad
1736 2245 2090 2312 pra'scriptum

507 2354 771 2391 sacrorum
814 2337 1095 2392 Bibliorum
1131 2338 1368 2410 Vulgum?
1412 2338 1669 2392 Editionis
1712 2350 2087 2393 revocarentur.

581 2429 731 2484 Licet
760 2429 900 2484 enim
945 2430 1299 2499 Hieronymus
1331 2431 1382 2483 in
1414 2430 1582 2483 sacris
1611 2428 1897 2496 Scripturis
1927 2444 2089 2498 expo-

510 2520 702 2576 nendis
740 2519 928 2576 doctor
973 2525 1235 2576 maximus
1282 2522 1491 2575 censeri
1543 2520 1754 2583 debeat,
1806 2526 1981 2575 tamen
2038 2522 2088 2573 in

507 2609 751 2666 Ecclesia
799 2611 980 2665 Latina
1024 2614 1196 2681 magni
1240 2612 1490 2681 ponderis
1532 2625 1745 2679 semper
1788 2612 1962 2664 habita
2008 2619 2092 2666 est

505 2703 796 2757 auctoritas
826 2703 1125 2772 Augustini.
1158 2703 1266 2758 Nec
1302 2703 1541 2757 eruditos
1580 2704 1709 2756 latet
1749 2702 2088 2771 liispanicam

505 2795 802 2851 Ecclesiam
846 2797 962 2864 ejus
1007 2812 1169 2865 opera
1202 2811 1311 2865 pra:
1341 2796 1510 2849 oculis
1541 2794 1815 2861 habuisse,
1862 2809 1980 2848 cum
2020 2796 2089 2849 ob

505 2888 958 2956 propinquitatem
990 2888 1267 2958 regionum
1296 2928 1311 2953 ,
1364 2896 1473 2940 tum
1505 2886 1575 2940 ob
1604 2886 1951 2954 epistularum
1984 2884 2089 2941 fre-

502 2978 807 3045 quentiam,
846 2986 901 3031 et
930 2978 1305 3047 episcoporum
1339 2977 1714 3032 Africanorum
1744 2991 1864 3031 cum
1899 2977 2088 3048 Hispa-

504 3068 640 3122 nicis
660 3066 1221 3122 communicationem.

575 3158 853 3213 Canticum
903 3172 1035 3211 χχιιι
1081 3160 1132 3210 in
1164 3168 1344 3211 nostro
1377 3158 1633 3211 Psalterio
1663 3157 1925 3211 canticum
1958 3155 2091 3210 Τοὺί

505 3250 834 3315 inscribitur,
869 3265 974 3303 non
1001 3248 1208 3313 Tobiae;
1244 3257 1297 3303 et
1324 3250 1511 3303 eodem
1542 3249 1703 3302 modo
1732 3258 1947 3303 sanctus
1980 3255 2081 3300 Au-

505 3344 788 3413 gustinus,
836 3343 927 3413 qui
978 3358 1191 3414 semper
1243 3343 1507 3397 seniorem
1555 3340 1770 3409 Tobim,
1816 3342 2083 3412 juniorem

502 3440 716 3495 Tobiam
751 3439 1005 3509 appellat.
1078 3454 1081 3457 λ

575 3531 806 3585 Sanctus
850 3529 1096 3584 Leander
1126 3530 1364 3599 apprime
1393 3540 1587 3583 cuarus
1618 3528 1737 3594 fuit,
1771 3537 1823 3582 et
1853 3527 2083 3581 amicitia

501 3621 974 3692 coniunctissimus
1032 3630 1218 3673 sancto
1272 3619 1534 3688 Gregorio
1590 3619 1821 3690 Magno,
1879 3633 2123 3674 necnoni

501 3724 716 3771 sanctus
761 3714 1029 3780 Isidorus;
1082 3714 1198 3782 ejus
1230 3713 1306 3768 rei
1338 3714 1559 3767 evidens
1596 3722 1964 3783 argumentum
2005 3721 2088 3766 est

500 3807 641 3875 quod
670 3806 1055 3861 commentaria
1095 3806 1145 3857 in
1191 3804 1291 3859 Job
1327 3818 1457 3874 papa
1505 3804 1796 3873 Gregorius
1840 3803 2087 3857 Leandro

499 3898 716 3965 dicavit,
761 3912 882 3950 eum
924 3896 1202 3965 alloquens
1243 3897 1421 3950 verbis
1462 3909 1647 3949 amore
1689 3906 1740 3949 et
1784 3893 2083 3949 reverentia

501 3990 694 4058 plenis.
730 3989 863 4054 Quis
892 3987 1049 4057 igitur
1078 4002 1219 4041 sanae
1250 3987 1441 4040 mentis
1472 3986 1570 4041 hos
1599 3994 1811 4039 sanctos
1836 3986 2086 4040 doctores

499 4081 744 4152 ejusdem
776 4081 1001 4136 instituti
1034 4090 1219 4135 mutuo
1249 4081 1387 4134 inter
1412 4095 1471 4133 se
1499 4094 1603 4134 non
1636 4081 1926 4136 contulisse
1957 4097 2087 4134 con-

499 4174 642 4240 silia,
673 4174 950 4229 versiones
976 4188 1176 4236 sacras,
1217 4186 1269 4227 et
1301 4172 1490 4239 libros,
1518 4172 1713 4243 quibus
1742 4172 1872 4228 lides
1913 4174 2087 4228 catho-

500 4266 599 4320 lica
649 4265 943 4326 fulciretur,
990 4273 1044 4317 et
1094 4261 1393 4316 Gothorum
1435 4278 1563 4333 gens
1612 4278 1781 4331 nuper
1829 4264 1895 4317 ad
1928 4264 2085 4318 [idem

499 4371 756 4411 conversa
808 4356 860 4409 in
908 4370 970 4409 ea
1020 4354 1383 4417 stabiliretur,
1436 4353 1792 4422 opinabitur?
1842 4353 2087 4408 Adducat

499 4449 639 4503 alius
660 4447 836 4501 simile
861 4446 1213 4502 dedicationis
1235 4448 1540 4517 exeinpluin
1568 4449 1768 4501 summi
1796 4446 2084 4515 pontiﬁcis,

500 4529 785 4611 magnique
816 4541 1070 4596 Ecclesiae
1092 4540 1361 4605 doctoris;
1395 4542 1448 4596 in
1495 4541 1728 4596 medium
1761 4538 1950 4595 afferat
1978 4541 2077 4593 alia
2114 4550 2164 4612 ι)

502 4635 668 4689 verba
699 4642 860 4689 tanta:
904 4632 1290 4688 benevolentia:
1340 4635 1492 4701 plena
1537 4633 1674 4688 sicut
1720 4633 1809 4686 illa
1842 4631 2081 4702 Gregorii

499 4727 568 4781 ad
594 4712 920 4791 Leandrum,
949 4740 1014 4781 es
1043 4724 1248 4792 Regist.
1284 4726 1385 4780 lib.
1417 4740 1496 4793 tv,
1527 4726 1688 4793 epist.
1722 4724 1790 4779 46
1822 4742 1837 4777 :
1866 4727 2082 4791 Quanto

498 4818 689 4873 ardore
709 4817 879 4871 videre
906 4828 954 4871 te
978 4817 1170 4883 sitiam,
1216 4818 1337 4887 quia
1375 4815 1524 4871 valde
1571 4834 1650 4871 me
1689 4817 1885 4888 diligis,
1915 4818 1970 4871 in
2012 4820 2084 4872 tui

499 4909 689 4963 tabulis
736 4909 903 4962 cordis
950 4911 1127 4980 leges;
1176 4911 1264 4962 sed
1300 4909 1420 4978 quia
1451 4910 1603 4979 longe
1637 4917 1891 4962 terrarum
1918 4911 2085 4978 spatio

497 5003 810 5073 disjunctum
840 5012 886 5055 te
920 5003 1090 5056 videre
1119 5017 1333 5073 nequeo,
1364 5018 1521 5055 unum
1548 5043 1560 5066 ,
1610 5003 1751 5073 quod
1792 5003 1916 5056 mihi
1945 5004 2007 5057 de
2038 5018 2086 5057 te

498 5096 706 5149 dictavit
736 5095 958 5149 charitas
989 5136 1002 5158 ,
1045 5094 1172 5165 feci,
1214 5103 1268 5147 ut
1301 5094 1510 5163 Hegqu
1540 5097 1814 5166 pastoralis
1859 5096 2044 5149 librum
2068 5135 2082 5159 ,

496 5202 643 5253 quem
662 5189 716 5241 in
736 5187 1057 5255 episcopatus
1083 5185 1179 5239 mei
1207 5186 1417 5239 exordio
1442 5186 1648 5253 scripsi,
1672 5198 1723 5239 et
1750 5186 1928 5247 libros.
1959 5203 2084 5254 quos

495 5279 552 5332 in
581 5279 942 5348 expositionem
968 5278 1098 5331 beati
1124 5277 1222 5330 Job
1243 5279 1354 5348 jam
1382 5278 1577 5331 dudum
1599 5293 1676 5329 me
1700 5279 1879 5345 fecisse
1899 5294 2085 5348 cogno-

497 5371 638 5430 uisti.
672 5372 930 5425 sanctitati
961 5382 1081 5439 tute,
1112 5371 1366 5423 communi
1398 5371 1507 5435 ﬁlio
1538 5368 1768 5423 Probino
1794 5371 2085 5441 presbytero

495 5462 741 5529 ueniente,
778 5463 1189 5515 transmitterem.
1222 5461 1289 5514 Et
1315 5461 1366 5514 in
1392 5460 1498 5515 ﬁne
1518 5460 1781 5530 epistolt-e,
1807 5460 1875 5515 de
1903 5460 2085 5513 brevi-

498 5562 609 5610 tate
634 5570 756 5610 sese
781 5570 1069 5618 excu~ans,
1119 5555 1235 5606 haec
1265 5555 1424 5607 verba
1454 5569 1587 5607 auro
1629 5553 1903 5621 cedroque
1932 5554 2086 5623 digna

498 5647 746 5701 eumdem
775 5648 1054 5715 alloquens
1085 5644 1357 5711 subjuvgit
1384 5662 1396 5697 :
1426 5643 1551 5711 Ipsa
1577 5645 1817 5698 clraritati
1839 5654 1941 5700 tua:
1970 5646 2089 5715 epi-

500 5740 644 5794 stolw
672 5755 795 5792 mea:
824 5738 1035 5790 brevitas
1064 5736 1350 5802 inualescit,
1382 5737 1589 5805 quando
1616 5738 1663 5791 ei
1692 5755 1871 5807 parum
1907 5739 2087 5809 loquor

497 5846 645 5899 quem
679 5829 838 5899 magis
870 5827 1100 5881 omnibus
1128 5826 1310 5896 diligo.
1348 5828 1488 5883 In‘et'
1515 5845 1647 5899 quos
1671 5874 1687 5901 ,
1735 5845 1948 5903 quieto,
1985 5832 2087 5888 Ec-

2191 1970 2372 2035 simus,
2406 1980 2453 2024 et
2491 1987 2604 2025 cum
2642 1976 2920 2027 reverentia
2959 1978 3324 2045 nominandus,
3365 1983 3621 2052 appellari
3660 2000 3772 2040 me-

2191 2064 2377 2116 ruern.

2264 2154 2502 2210 l‘erfacili
2537 2159 2748 2226 negotio
2776 2173 2841 2213 ex
2872 2160 3148 2232 hucusque
3171 2163 3328 2219 dictis
3351 2176 3625 2222 autumare
3650 2168 3773 2236 quis

2191 2250 2387 2315 poterit
2416 2262 2545 2319 quot
2569 2250 2731 2308 ﬂores
2757 2268 2820 2308 ex
2855 2255 3092 2313 Ecclesia
3124 2259 3384 2325 Romana,
3416 2261 3636 2331 ejdsque
3664 2265 3770 2319 ritu

2192 2339 2244 2395 hi
2276 2343 2410 2395 sacri
2439 2343 2688 2398 doctores
2715 2345 3099 2416 decerpserint,
3144 2366 3265 2405 cum
3285 2351 3380 2415 ,via
3413 2353 3515 2408 illis
3543 2355 3605 2407 ad
3642 2370 3769 2424 pro-

2190 2442 2461 2489 curatores
2493 2436 2781 2490 mittendos
2827 2441 3060 2507 patebat.
3103 2452 3155 2495 et
3197 2444 3382 2498 iisdem
3415 2445 3467 2498 in
3501 2446 3771 2515 prosperis

2192 2523 2325 2579 bene
2356 2526 2575 2595 agendis
2606 2532 2798 2582 summi
2834 2534 3112 2599 pontilitcs
3144 2538 3371 2589 maxime
3399 2535 3665 2593 favebant.

2260 2634 2374 2691 Jarn
2426 2655 2529 2692 non
2583 2640 2823 2696 demiror
2881 2642 3202 2700 Psalterium
3256 2647 3409 2715 juxta
3473 2653 3768 2708 versionem

2189 2739 2421 2785 veterem
2455 2731 2661 2798 Italam,
2704 2750 2803 2802 qua
2835 2735 3209 2804 Hispaniarum
3256 2739 3439 2794 Patres
3466 2743 3769 2809 utebantur,

2188 2818 2242 2873 in
2298 2823 2490 2873 smnmi
2548 2824 2815 2890 pontiﬁcis
2862 2826 3058 2880 sacello
3090 2868 3103 2889 ,
3138 2843 3235 2881 nec
3270 2845 3371 2881 non
3426 2828 3663 2886 Venetiis
3718 2835 3769 2887 in

2188 2910 2374 2981 majori
2431 2915 2657 2969 ecclesia
2708 2916 2878 2970 sancti
2934 2919 3092 2973 Marci
3148 2921 3200 2974 in
3252 2921 3570 2978 hodiernum
3625 2926 3767 2981 diem

2187 3002 2431 3069 recitari;
2477 3005 2664 3059 eodem
2708 2998 2853 3062 enim
2894 3010 3082 3076 Spiritu
3117 3011 3297 3066 Patres
3341 3014 3611 3083 Hispanici
3642 3032 3765 3087 age-

2188 3093 2397 3161 bantur,
2430 3097 2615 3152 eadem
2662 3100 2949 3168 apOstolica
2983 3100 3262 3169 disciplina
3294 3104 3679 3173 dirigebantur,
3712 3118 3767 3164 et

2116 3197 2161 3259 ο
2192 3203 2218 3239 a
2251 3189 2419 3242 sancti
2472 3186 2611 3243 Petti
2664 3192 2791 3246 sede
2837 3192 2975 3260 quod
3008 3192 3111 3246 illis
3140 3194 3321 3247 deerat
3348 3198 3766 3264 mutuabantur;

2188 3277 2479 3348 eademque
2522 3281 2697 3335 versio
2739 3298 2895 3350 quam
2941 3291 3155 3337 sanctus
3196 3283 3482 3354 Gregorius
3534 3295 3768 3342 veterem

2187 3367 2462 3438 Vulgatam
2491 3414 2506 3439 ,
2561 3386 2656 3425 seu
2706 3372 3104 3429 translationem
3136 3415 3149 3439 ,
3196 3375 3466 3444 appellat,
3513 3391 3543 3430 a
3584 3387 3771 3433 sancto

2186 3459 2481 3530 Angusrino
2512 3462 2639 3516 Itala
2672 3473 3026 3531 nuncupatur.

2259 3572 2527 3627 Hactenus
2569 3573 2635 3628 de
2680 3575 2924 3629 versione
2971 3575 3127 3644 hujus
3168 3577 3339 3632 sancti
3386 3577 3570 3635 ollicii.
3616 3577 3769 3633 Nunc

2191 3676 2319 3715 vero
2361 3661 2730 3731 antiquitatem
2772 3661 2999 3732 liturgite
3036 3664 3587 3737 Gothico-Hispanicae
3618 3674 3767 3736 pate-1

2188 3751 2419 3821 faciam,
2468 3754 2639 3823 primo
2679 3769 2745 3808 ex
2783 3763 3048 3809 vetustate
3087 3755 3342 3811 Cadit-um
3368 3796 3383 3822 ,
3431 3756 3667 3812 secundo
3694 3774 3767 3815 ex

2186 3843 2577 3898 institutoribus
2597 3883 2613 3909 ,
2647 3858 2741 3898 seu
2773 3844 3207 3911 compilatoribus
3248 3847 3362 3915 ejus
3384 3886 3400 3911 ,
3446 3846 3769 3917 demumque

2187 3951 2251 3990 es
2304 3936 2444 3989 notis
2494 3945 2680 3989 cantus
2734 3935 2986 4005 appellati
3035 3937 3326 4007 Eugeniaui
3384 3940 3551 3995 textui
3598 3954 3765 4009 appo-

2186 4026 2322 4081 sitis.

2259 4141 2553 4195 Miseranda
2608 4141 2961 4208 dellendaqne
3019 4142 3391 4211 Hispaniarum
3447 4142 3676 4197 vastatio
3733 4156 3766 4198 a

2188 4233 2467 4289 Saracenis
2498 4230 2661 4299 facta,
2693 4234 3045 4306 Hispanorum
3073 4234 3289 4289 Patrum
3322 4233 3630 4289 memoriam
3657 4247 3765 4289 non

2186 4322 2454 4390 abolevit;
2506 4326 2749 4393 quamvis
2799 4326 3022 4394 plurima
3070 4339 3257 4379 eorum
3307 4325 3526 4391 scripta,
3574 4324 3770 4391 partim

2186 4416 2396 4480 abrasa,
2442 4419 2634 4486 partim
2675 4416 2883 4472 mendis
2923 4427 2977 4471 et
3017 4416 3209 4471 fabulis
3251 4417 3527 4481 conferta,
3572 4415 3768 4483 partim

2188 4510 2463 4578 deperdita
2486 4552 2502 4577 ,
2536 4520 2783 4579 spurcata
2814 4511 3007 4581 partim
3027 4551 3041 4574 ,
3071 4520 3126 4563 et
3157 4507 3387 4577 denique
3414 4510 3520 4578 igni
3551 4506 3767 4573 tradita,

2187 4604 2399 4672 penitus
2420 4603 2672 4657 oblivioni
2694 4603 2826 4656 dare
2850 4600 3410 4669 intenderint‘pagani,
3443 4596 3772 4665 postliminio

2189 4701 2387 4757 tamen,
2420 4692 2616 4746 Mauris
2643 4676 2904 4760 expulsis,
2932 4705 3096 4759 opera
3127 4700 3175 4744 et
3206 4689 3385 4745 studio
3410 4686 3766 4741 cardmalium

2186 4781 2422 4837 Ximenii
2446 4822 2463 4847 ,
2514 4782 2721 4836 Loaisas
2759 4791 2814 4837 et
2843 4783 3071 4851 Aguirrii
3100 4824 3113 4845 ,
3163 4781 3216 4834 in
3266 4777 3509 4833 Editione
3552 4779 3684 4833 ritus
3713 4787 3771 4833 et

2187 4877 2379 4932 concil.
2413 4875 2794 4931 Toletanorum
2825 4876 2997 4929 honos
3027 4873 3186 4925 tantis
3229 4870 3472 4926 Patribus
3501 4878 3584 4925 est
3613 4869 3771 4924 resti-

2186 4978 2354 5025 tutus.

2258 5084 2317 5140 Si
2346 5083 2561 5154 aliquod
2608 5085 2661 5138 in
2692 5097 2824 5138 mss.
2854 5080 3079 5137 Codices
3110 5080 3362 5137 mendum
3405 5080 3638 5150 irrepsit,
3669 5094 3767 5133 es-

2188 5176 2538 5244 scriptorum,
2571 5190 2673 5229 non
2718 5183 2995 5230 auctorum
3042 5174 3170 5229 vitia
3214 5181 3296 5229 est
3334 5172 3681 5235 vertendum;
3725 5171 3773 5225 si

2188 5273 2329 5327 enirn
2378 5271 2535 5326 hodie
2570 5287 2694 5327 cum
2722 5286 2811 5327 ars
2842 5272 3223 5345 typograpbica
3257 5271 3435 5339 viget,
3481 5268 3687 5339 passim
3713 5268 3777 5321 in'

2189 5362 2338 5418 libris
2364 5376 2576 5417 errores
2607 5364 2952 5419 inveniuntur
2990 5374 3045 5418 et
3075 5362 3287 5427 menda,
3333 5361 3456 5429 quid
3489 5360 3681 5413 mirum
3724 5359 3772 5414 si

2189 5459 2512 5515 inventionis
2543 5460 2694 5514 initio
2732 5460 2943 5515 Missale
2972 5469 3026 5514 et
3058 5457 3384 5512 Breviarium
3414 5454 3770 5510 lsidorianum

2190 5551 2399 5606 mendis
2426 5560 2657 5605 scateret
2697 5565 2853 5617 quam
2889 5548 3163 5618 plurimis?
3205 5547 3315 5603 Nec
3346 5554 3546 5599 tantum
3592 5542 3659 5596 de
3690 5541 3772 5595 la-

2191 5644 2320 5700 bore
2367 5655 2549 5699 mistro
2590 5642 2942 5706 confidimus,
2992 5650 3050 5694 ut
3099 5640 3264 5694 fatum
3294 5638 3467 5693 simile
3500 5635 3685 5719 aliqua
3718 5632 3771 5686 in

2188 5748 2340 5810 parte
2372 5755 2475 5792 non
2517 5738 2670 5794 nobis
2714 5737 3025 5805 contingat;
3072 5750 3190 5806 pag.
3233 5734 3374 5789 enim
3404 5726 3475 5787 59
3504 5728 3776 5784 invenitur

2189 5836 2359 5889 sam-ti
2390 5833 2609 5889 Thomm
2643 5827 3043 5887 Cantuariensis
3079 5841 3299 5895 nomen,
3333 5831 3493 5896 prout
3518 5829 3693 5877 exstat
3718 5817 3774 5875 in
