4044 6382
288 404 349 456 l7
1098 397 1520 459 FRANCISCUS
1556 396 1899 456 ANTONIUS
1941 397 2351 457 LUltENZANA
2390 400 2702 459 LECTORI.
3477 407 3561 464 18η

288 522 534 579 Editione
563 520 624 575 D.
655 519 842 576 Ortizii
877 536 889 573 :
940 522 1238 591 appositum
1282 522 1390 577 illic
1419 530 1514 576 aut
1542 521 1719 591 potius
1749 520 1857 575 ela-
1886 512 1942 573 Δ
1970 516 2226 574 lsidorum
2255 520 2620 589 Hispaleuscm
2644 521 2917 587 floruisse;
2945 523 3067 579 inde
3089 524 3154 579 ad
3178 524 3567 598 derogandum”

287 631 439 687 psum
469 624 547 671 681
577 624 774 686 praeter
802 624 1035 669 mentem
1068 624 1326 670 nostram.

353 704 567 762 Gothici
596 706 822 760 Codices
848 746 864 772 ,
896 722 1030 775 quos
1059 706 1352 761 cvolvimus
1374 745 1388 770 ,
1423 721 1575 761 senio
1599 705 1826 761 confecti
1845 746 1862 771 ,

285 798 508 865 disrupti
536 838 553 863 ,
586 799 843 865 lacerati,
885 800 1285 855 characteribus
1316 799 1426 855 fere
1456 800 1775 855 oblitteratis
1812 806 1869 853 et

286 898 603 966 absumptis,
637 897 828 951 blattas
859 913 961 952 non
992 906 1231 967 pascunt,
1264 911 1406 966 saepe
1438 898 1580 952 enim
1612 912 1723 966 pra:
1754 911 1868 949 ma-

286 988 445 1042 nibus
477 987 767 1050 habentur;
799 986 892 1040 se‘d
921 986 1055 1039 tinea
1082 995 1137 1041 et
1158 1000 1337 1053 aerugo
1368 1001 1469 1038 non
1499 985 1669 1039 solum
1699 1000 1868 1039 mem-

286 1077 507 1140 branas,
553 1091 771 1147 papyra,
805 1077 968 1147 ligna,
1012 1075 1173 1131 etiam
1208 1089 1484 1129 marmora
1501 1075 1869 1131 corroduntet

284 1167 670 1223 demoliuntur.

356 1259 542 1315 Plures
573 1262 859 1332 regnicoia:
901 1272 953 1317 et
998 1271 1164 1317 exteri
1220 1273 1470 1317 auctores
1518 1262 1723 1331 absque
1764 1260 1868 1315 ulla

284 1356 621 1412 haesitatione
671 1364 932 1412 teatantt'tr
960 1358 1231 1426 Compluti
1284 1356 1611 1426 autographa
1642 1354 1885 1408 Gothica.

284 1452 669 1517 manuscripta,
703 1466 831 1518 quat
848 1452 913 1505 ad
942 1450 1309 1506 excutiendum
1344 1451 1551 1504 Missale
1575 1449 1870 1503 ethrevia-

282 1541 419 1593 rium
452 1540 800 1596 lsidorianum
840 1541 1232 1606 deserviernut,
1250 1542 1531 1596 asservari.
1567 1541 1710 1605 Hinc,
1742 1540 1869 1594 dum

279 1645 525 1684 essemus
579 1632 630 1684 in
683 1631 899 1701 prrefata
954 1632 1187 1694 civitate,
1235 1632 1423 1685 sedqu
1451 1640 1508 1685 et
1556 1631 1869 1685 avidissime

279 1721 624 1787 quaesivimus
644 1739 657 1783 ;
687 1722 779 1776 sed
805 1722 1071 1777 incassum
1094 1723 1521 1791 exspectavimus
1538 1736 1695 1785 :-nec,
1719 1722 1866 1787 juxta

280 1811 599 1876 magistrum
640 1811 964 1878 Florezium,
998 1813 1190 1867 adesse
1220 1821 1509 1881 poterant;
1544 1827 1664 1865 nam
1694 1811 1864 1866 Toleti

277 1916 475 1956 excusa
506 1903 723 1957 fuerunt
750 1903 961 1957 Missale
986 1911 1039 1957 et
1069 1903 1393 1958 Breviarium
1413 1944 1429 1969 ,
1457 1903 1706 1973 .inibique
1751 1918 1869 1971 pro-

283 2001 469 2060 pterea
527 1994 857 2063 autographa
904 1995 1166 2047 asservari
1195 1995 1499 2061 oportebat.
1559 1995 1867 2060 lllterentes,

286 2092 475 2151 utpote
504 2084 889 2138 tali‘desiderio
921 2086 1169 2153 fraudati,
1228 2085 1618 2140 Bibliothecam
1675 2096 1872 2140 nostra:

273 2182 484 2226 sancta:
521 2171 773 2228 Ecclesia:
814 2174 1089 2229 Toletanae
1118 2176 1430 2245 repetiimus
1457 2217 1473 2243 ,
1504 2177 1596 2231 ubi
1621 2184 1740 2232 vota
1772 2193 1873 2232 no-

277 2272 393 2317 stra
422 2264 759 2333 aliquatenus
790 2268 1215 2333 adimplevimus.

352 2353 408 2407 ln
433 2369 492 2408 ea
517 2363 638 2408 octo
666 2357 891 2411 Codices
919 2357 1127 2413 Gothici
1161 2375 1290 2418 mss.
1326 2363 1686 2431 reperiuntur,
1736 2379 1863 2434 quo-

273 2459 397 2500 rum
432 2446 483 2499 in
518 2462 623 2501 uno
648 2460 840 2516 praeter
866 2461 1069 2517 septem
1094 2452 1284 2507 missas
1327 2469 1354 2507 a
1379 2465 1563 2509 sancto
1595 2457 1868 2523 lldephon-

273 2548 355 2600 so,
395 2545 451 2590 ttt
478 2537 737 2605 creditur,
766 2553 885 2593 cum
914 2549 1099 2594 cantus
1131 2542 1270 2595 notis
1298 2544 1647 2611 compositas,
1688 2549 1864 2599 conti-

279 2640 477 2681 nentur
505 2627 678 2683 ofﬁcia
712 2630 1013 2686 Nativitatis
1043 2673 1057 2694 ,
1097 2631 1530 2689 Circumcisinnis
1559 2644 1614 2690 et
1643 2639 1865 2706 Appari-

280 2717 442 2771 tinnis
476 2718 709 2785 Domini,
743 2724 1141 2791 Assumptionis
1197 2726 1368 2781 beata:
1422 2728 1624 2793 Marini,
1659 2740 1713 2784 et
1740 2731 1864 2783 ofﬁ-

279 2812 421 2865 cium
448 2813 670 2869 Joannis
700 2818 926 2884 apostoli
949 2830 997 2872 et
1026 2822 1364 2891 evangelista:
1390 2839 1403 2881 ;
1440 2823 1489 2876 in
1507 2824 1611 2877 alio
1631 2823 1864 2878 ofﬁcéum

281 2902 547 2973 integrum
597 2906 1027 2979 Quadragesima:
1055 2927 1220 2982 usque
1250 2914 1315 2967 ad
1365 2914 1693 2971 Dominicam
1739 2917 1863 2971 Pal-

281 3010 485 3050 marum
519 3000 830 3066 exclusive;
864 3003 914 3056 in
946 3003 1139 3079 altero,
1168 3018 1362 3071 prteter
1414 3010 1700 3063 nonnullas
1734 3010 1864 3063 mis-

282 3098 387 3151 sas,
422 3087 659 3143 officium
718 3091 1067 3170 hebdomadas
1114 3096 1333 3165 majoris
1361 3114 1529 3167 usque
1559 3102 1624 3154 ad
1660 3102 1862 3156 Pascha

284 3176 559 3245 inclusive,
592 3194 644 3237 et
676 3184 849 3253 aliqua
902 3196 1206 3242 sanctorum
1238 3189 1448 3250 ofﬁcia;
1478 3192 1528 3246 in
1552 3193 1655 3246 alio
1684 3194 1858 3248 ofﬁcia

286 3280 588 3327 sanctorum
616 3289 710 3342 per
740 3291 935 3329 annum
965 3294 978 3342 ;
1014 3280 1065 3331 in
1095 3280 1203 3332 alio
1235 3278 1488 3347 Epistolas
1536 3290 1588 3335 et
1622 3282 1862 3351 Evange-

287 3360 353 3416 lia
374 3378 466 3430 per
496 3379 691 3420 annum
721 3383 735 3433 ;
765 3368 815 3421 in
840 3367 945 3421 alio
974 3369 1151 3422 missae
1188 3379 1496 3424 sanctorum
1523 3386 1614 3439 per
1632 3385 1859 3437 annum;

289 3450 344 3505 in
373 3455 475 3506 alio
503 3456 729 3526 denique
779 3458 1043 3530 integrum
1076 3460 1391 3516 Psalterium
1420 3476 1538 3517 cum
1563 3464 1782 3518 canticis
1812 3473 1865 3519 ct

298 3541 524 3610 hymnis.
560 3548 751 3603 Praeter
778 3564 874 3605 nos
904 3551 1131 3606 Codices
1186 3564 1530 3609 asservantur
1560 3556 1609 3608 iu
1642 3555 1861 3624 pra-fata

296 3629 605 3690 bibliotheca
650 3636 875 3692 Gothica
910 3638 1097 3706 Biblia,
1130 3657 1251 3712 qure
1297 3653 1538 3713 tempore
1582 3645 1859 3700 Mahmne-

288 3724 401 3779 ticzc
441 3727 765 3795 captivitatis
793 3730 1009 3786 fuerunt
1047 3734 1261 3804 propria
1304 3734 1592 3799 Servandi,
1622 3737 1859 3806 episcopi

284 3818 604 3889 Ast‘gitani;
638 3833 823 3892 p05tea
867 3823 1111 3891 Joannis,
1151 3826 1390 3894 episcopi
1426 3825 1861 3897 Carthaginensis

281 3919 331 3961 et
362 3910 749 3980 Cordubensis,
780 3915 869 3984 qui
909 3930 969 3970 ea
1000 3916 1220 3971 donavit
1250 3918 1501 3975 Ecclesia:
1535 3919 1857 3990 llispaleusi,

278 4016 379 4054 :cra
414 4004 572 4070 1026,
604 4020 745 4060 anno
772 4006 969 4061 Christi
998 4007 1124 4063 988.

276 4114 279 4115 '
346 4097 549 4154 Tamen
578 4113 684 4153 non
708 4100 830 4155 fuco
850 4101 1138 4171 depingere
1164 4104 1351 4158 faciem
1379 4118 1539 4172 nujus
1563 4106 1856 4175 pervetusti

274 4189 486 4245 Codicis
519 4193 571 4246 in
603 4194 782 4247 animo
820 4204 925 4258 est,
957 4210 1055 4250 nec
1085 4197 1265 4251 velare
1298 4198 1437 4266 quod
1472 4198 1863 4265 perSpicacissi-

277 4280 378 4335 mis
407 4281 745 4338 eruditorum
788 4284 957 4339 oculis
1004 4286 1240 4353 patefiet.
1273 4286 1522 4356 Aliquod,
1563 4289 1686 4342 licet
1714 4288 1854 4353 leve,

277 4368 329 4424 in
358 4372 718 4440 quorumdam
751 4373 1037 4430 verborum
1081 4380 1529 4432 transmutatione
1568 4380 1858 4439 discrimen

272 4456 411 4519 inter
450 4464 776 4521 Breviarinm
816 4468 1165 4523 lsidorianum
1204 4471 1351 4540 prelo
1388 4471 1567 4526 datum
1615 4487 1644 4526 a
1681 4472 1857 4527 cardi-

269 4555 375 4609 nali
403 4553 677 4623 Ximenio,
700 4568 755 4612 et
781 4558 922 4614 inter
944 4573 1269 4615 memoratos
1288 4562 1517 4617 Codices
1541 4563 1667 4618 Mss.
1694 4580 1856 4633 agno-
1887 4580 1941 4641 ο

270 4647 493 4714 scimus;
523 4661 852 4721 quapropter
880 4654 1149 4722 conjicere
1180 4656 1379 4721 licebit,
1410 4659 1491 4712 vel
1527 4657 1859 4727 Alphonsum

266 4738 549 4807 Ortizium,
603 4744 914 4799 canonicum
974 4746 1316 4815 Toletauum,
1372 4750 1473 4802 alia
1529 4764 1639 4817 pra:
1693 4748 1859 4805 oculis

267 4829 524 4887 habuisse
554 4836 904 4906 autographa,
952 4853 1093 4891 nunc
1127 4839 1383 4906 temporis
1411 4840 1727 4908 deperdita;
1776 4840 1858 4895 vel

268 4924 559 4993 ipsummet
579 4930 935 4999 Alphonsum,
963 4933 1249 4991 cardinalis
1278 4934 1509 4989 Xitnenii
1540 4937 1860 4990 auctoritate

270 5020 557 5087 munitum,
589 5021 640 5075 in
667 5024 797 5077 locis
822 5026 1065 5083 obscuris
1086 5026 1438 5091 Psaltnorum,
1471 5028 1557 5081 ubi
1584 5029 1857 5082 anxietate

266 5112 632 5179 premebatur,
689 5115 754 5168 ad
813 5116 1124 5184 Vulgatam,
1181 5133 1274 5172 seu
1331 5119 1511 5183 aliam,
1563 5119 1859 5173 recnrrisse

267 5203 595 5268 versionem,
626 5214 678 5260 et
700 5206 850 5275 juxta
882 5222 997 5262 eazn
1024 5210 1266 5280 quaedam
1299 5212 1461 5266 verba
1493 5211 1784 5267 addidisse.

342 5294 541 5351 Verum
590 5306 696 5352 tam
728 5301 778 5353 in
811 5301 913 5356 hoc
944 5304 1081 5370 ipso,
1110 5319 1266 5373 quam
1295 5304 1348 5359 in
1384 5305 1761 5362 festivitatibus
1805 5314 1861 5362 et

264 5388 469 5442 sanctis
497 5389 676 5445 officio
707 5392 1043 5449 Mazarabico
1073 5396 1319 5466 adjectis,
1352 5415 1536 5456 ansam
1569 5401 1859 5470 impugna-

267 5480 480 5536 toribus
524 5487 810 5553 prmstitit;
856 5487 975 5557 quia
1020 5505 1141 5545 cum
1173 5492 1287 5545 luce
1315 5494 1614 5548 meridiana
1661 5494 1859 5549 clarius

265 5571 339 5624 sit
385 5571 578 5627 festum
610 5575 869 5645 Cor-poris
894 5578 1093 5633 Christi
1145 5589 1265 5649 post
1310 5583 1615 5651 Berengarii
1644 5598 1857 5639 errores

267 5666 648 5734 coinpositum;
673 5679 887 5725 sanctos
914 5671 1171 5726 Thomam
1197 5673 1660 5742 Cantuariensem,
1694 5676 1858 5730 Fran-

269 5754 475 5810 ciscuru
498 5798 511 5817 ,
553 5769 607 5812 et
644 5759 815 5829 alios,
862 5778 1089 5833 quorum
1120 5764 1172 5818 in
1218 5762 1495 5819 Breviario
1526 5764 1858 5820 Mozarabico

271 5860 374 5918 Ρεΐ
400 5865 601 5908 annum
631 5854 884 5913 memoria
916 5858 992 5923 lit,
1019 5857 1208 5917 multis
1234 5855 1446 5915 saeculis
1468 5864 1588 5926 post
1611 5864 1857 5913 sanctum

1964 611 2261 667 auctoritati
2309 613 2563 668 Breviarii
2609 616 2961 675 occasionem,
2987 616 3276 685 arripiunt;
3320 620 3541 683 sed,in-

1962 703 2300 773 justissime,
2361 713 2417 757 ut
2476 704 2715 773 pluribus
2774 707 3081 774 rationibus
3122 710 3438 777 comprobat
3488 721 3555 775 et

1965 796 2161 849 evincit
2188 796 2433 862 praefatus
2462 795 2526 859 ll,
2562 797 2619 849 P.
2654 796 2910 851 Henricus
2943 798 3232 854 Florezius.

2039 888 2251 945 Missale
2280 887 2689 952 et.Breviarium
2718 887 3015 949 Romanum
3047 904 3074 940 a
3106 891 3328 959 summis
3359 895 3537 959 ponti-

1968 978 2150 1032 ﬁcibus
2178 977 2272 1032 Pio
2303 977 2362 1041 ν,
2395 976 2670 1032 Clemente
2701 978 2807 1032 Vlll
2838 988 2889 1033 et
2940 979 3155 1045 Urbano
3204 980 3316 1034 V’ll'l
3364 997 3545 1040 curre»

1968 1080 2147 1137 ctum,
2181 1086 2284 1124 non
2325 1072 2484 1126 desiit
2505 1086 2624 1131 esse
2663 1071 2958 1126 Romanum
2988 1114 3004 1138 ,
3056 1085 3127 1136 ex,
3169 1072 3547 1138 vetustissimis

1967 1163 2359 1230 exemplaribus
2389 1163 2715 1228 deductum,
2765 1173 2819 1218 et
2867 1163 3239 1233 apostolorjum,
3262 1165 3548 1228 traditione

1968 1254 2333 1320 descendens,
2380 1255 2752 1321 exadditione
2780 1255 3130 1325 quarumdam
3163 1257 3545 1322 festivitatum,

1968 1365 2087 1418 qute
2127 1350 2314 1418 primis
2352 1350 2561 1412 smcnlis
2591 1365 2695 1405 non
2737 1350 3172 1421 celebrabantur,
3207 1354 3291 1407 vel
3331 1362 3549 1407 sancto-

1970 1459 2087 1496 rum
2115 1452 2296 1497 nostro
2322 1443 2570 1512 praesenti
2602 1443 2818 1509 smculo,
2853 1444 2933 1499 vel
2969 1444 3209 1513 proxime
3240 1447 3549 1514 pra-ceden-

1970 1535 2111 1589 tibus
2150 1536 2424 1590 beatorum
2468 1534 2591 1588 albo
2631 1534 3007 1603 ascriptorum,
3038 1537 3107 1591 de
3153 1537 3347 1605 quibus
3387 1539 3549 1591 missa

1968 1636 2023 1682 et
2071 1627 2305 1681 ofﬁcium
2358 1625 2632 1695 proprium
2685 1626 2993 1682 recitantur.
3048 1627 3124 1683 Ne
3173 1629 3253 1684 fas
3304 1631 3551 1698 cuiquam

1969 1720 2238 1789 conjicere
2267 1720 2633 1787 antiquitatem
2665 1719 2832 1773 minui
2865 1728 3081 1789 propter
3108 1721 3212 1776 tale
3240 1720 3553 1777 incremeu—
3637 1735 3640 1739 ‘

1975 1820 2085 1864 tum
2119 1810 2379 1865 Ecclesia:
2406 1820 2461 1865 et
2492 1810 2749 1879 majorem
2780 1812 2917 1865 ritus
2944 1811 3336 1866 extensionem.

2048 1901 2163 1955 Pari
2218 1902 2375 1955 modo
2438 1902 2651 1957 Missale
2704 1911 2761 1956 et
2822 1901 3151 1956 Breviarium
3208 1902 3551 1973 Ilispauicum

1972 1992 2131 2045 talem
2158 1992 2644 2047 denominatiouem
2694 2009 2797 2046 non
2845 1994 3024 2047 amisit
3065 2002 3197 2062 post.
3230 1995 3423 2065 gentis,
3449 1993 3556 2049 Go-

1973 2081 2184 2134 thorum
2212 2083 2277 2135 ad
2312 2095 2546 2136 nostram
2574 2084 2890 2138 catholicam
2924 2084 3083 2141 ﬁdem
3116 2085 3545 2151 conversionem;

1973 2187 2095 2225 nam
2124 2172 2224 2226 etsi
2258 2172 2520 2241 Leander,
2572 2173 2827 2238 Isidorus,
2875 2174 3247 2243 lldephonsus,
3284 2176 3551 2243 Eugenius

1971 2265 2292 2319 etJulianus
2319 2267 2490 2333 ipsum
2515 2277 2804 2329 auxerunt.
2839 2277 3211 2333 correxerunt,
3253 2276 3307 2321 et
3346 2269 3398 2321 in
3441 2284 3552 2322 me-

1972 2357 2157 2410 liorem
2201 2356 2423 2410 formam
2455 2357 2793 2426 redegerunt,
2826 2373 2943 2417 non
2984 2366 3160 2413 tamen
3197 2358 3387 2425 prioris
3419 2361 3553 2412 ritus

1973 2448 2161 2502 faciem
2187 2448 2553 2514 immutarunt,
2584 2448 2678 2502 sed
2713 2450 3074 2504 reuuStiorem
3104 2458 3159 2504 et
3189 2450 3357 2521 magis
3388 2449 3552 2504 deco-

1970 2554 2083 2595 ram
2117 2540 2486 2594 reddiderunt.

2040 2633 2287 2688 Gloriam.
2309 2634 2473 2701 patris
2515 2649 2620 2686 non
2667 2634 2952 2688 obumbrat
2993 2633 3131 2687 ﬁlius
3161 2635 3415 2703 sapiens,
3452 2648 3550 2688 nec

1970 2722 2222 2792 magistri
2261 2724 2418 2778 ﬁdem
2468 2725 2639 2793 major
2667 2724 2911 2793 discipuli
2954 2726 3279 2794 perspicacia
3323 2740 3338 2779 :
3388 2739 3551 2793 opera

1969 2829 2244 2871 servorum
2290 2815 2385 2870 Dei
2434 2817 2604 2883 primo
2651 2817 2973 2885 plantantur,
3028 2825 3211 2884 postea
3255 2814 3551 2869 infunditur

1971 2906 2050 2961 eis
2096 2907 2355 2975 irrigatio,
2384 2907 2554 2962 donec
2594 2908 2803 2962 radices
2831 2917 3009 2976 agant,
3042 2914 3095 2961 et
3120 2906 3447 2970 coalescant,
3489 2922 3553 2959 ac

1972 2996 2185 3051 tandem
2243 2996 2503 3051 fructibus
2560 3000 2752 3065 opimis
2791 3002 3021 3067 gratiora
3064 2998 3381 3064 ntilioraque
3422 2997 3549 3051 red-

1969 3090 2183 3145 dantur.
2236 3089 2450 3156 Quanto
2501 3094 2642 3144 enim
2692 3091 2851 3143 altius
2903 3089 3188 3143 aediﬁcium
3236 3090 3551 3157 consurgit,

1974 3190 2120 3235 tanto
2175 3184 2344 3250 magis
2399 3181 2658 3251 principio
2713 3182 2780 3236 ad
2836 3182 2939 3235 ima
2996 3180 3353 3246 deprimitur;
3408 3182 3554 3247 prius

1974 3286 2208 3339 namque
2247 3272 2439 3325 rudera
2484 3272 2772 3325 visceribus
2818 3282 2972 3325 terra:
3013 3271 3436 3338 abscondantur,
3491 3282 3549 3327 ut

1969 3360 2101 3415 illud
2135 3370 2317 3428 postea
2346 3363 2587 3416 securius
2617 3370 2667 3416 et
2698 3362 2952 3415 ornatiori
2985 3369 3202 3429 aspectu
3232 3361 3461 3415 levetur.

2040 3451 2219 3508 Sancti
2251 3452 2609 3520 apostolorum
2658 3450 2903 3527 discipuli
2955 3466 3049 3522 per
3087 3459 3317 3521 quatuor
3365 3451 3551 3506 mundi

1966 3554 2145 3614 partes
2168 3543 2367 3609 diffusi,
2394 3545 2665 3599 destructa
2691 3545 3012 3613 idololatria,
3037 3545 3358 3598 catholicam
3386 3544 3556 3617 fidem

1964 3636 2316 3701 seminantes,
2359 3635 2600 3689 ordinem
2638 3643 2692 3689 et
2720 3633 2952 3702 officium
2993 3634 3043 3686 in
3087 3633 3279 3695 divinis
3313 3633 3544 3703 cultibus

1966 3726 2344 3789 instituerunt;
2376 3736 2431 3781 et
2461 3727 2543 3780 sui
2571 3727 2900 3795 apostolatus
2931 3725 3283 3791 ministerium
3314 3735 3369 3778 et
3397 3735 3551 3799 pate:

1967 3829 2156 3873 statera
2183 3817 2250 3872 ad
2275 3818 2696 3875 succe~sores.in
2716 3817 3109 3887 episcOpalibus
3129 3814 3346 3889 sedibus
3369 3826 3553 3886 trans:

1964 3909 2276 3975 fundentes,
2313 3908 2655 3976 Hispanicum
2700 3908 2995 3967 Ecclesium
3028 3907 3377 3979 multiplicare
3405 3915 3461 3979 et
3492 3907 3546 3961 in

1963 4001 2079 4055 dies
2096 4010 2602 4069 augerecmperunt.
2622 3999 2729 4054 Res
2750 4014 2929 4068 sacras
2951 3997 3546 4067 episcOpiordinabaut,

1967 4090 2282 4146 traditiones
2323 4090 2584 4158 majorum
2617 4105 2836 4144 servare
2864 4100 2918 4143 et
2949 4090 3186 4165 ﬁdelium
3232 4090 3395 4144 corda
3437 4090 3551 4142 irri-

1962 4196 2091 4253 gare
2120 4182 2432 4247 studebant,
2463 4184 2587 4251 quin
2617 4181 2695 4235 eis
2724 4182 3000 4252 gentilium
3033 4182 3413 4249 imperatorum
3443 4196 3547 4235 sac-

1964 4274 2119 4330 vities
2162 4273 2447 4338 obruisset,
2490 4286 2794 4343 quousque,
2842 4272 3096 4326 Ecclesia:
3137 4271 3347 4325 reddita
3396 4286 3546 4340 pace,

1964 4364 2138 4433 palam
2169 4377 2324 4418 sacra
2355 4379 2612 4433 peragere
2644 4363 2860 4417 licebat.
2888 4363 2965 4416 En
2992 4362 3162 4417 series
3188 4364 3549 4417 successionis

1961 4455 2297 4524 apostolicat;
2332 4470 2398 4510 eu
2446 4456 2498 4509 in
2541 4455 2735 4508 divinis
2774 4453 2967 4508 ofﬁciis
2996 4453 3063 4509 ab
3108 4440 3368 4523 apostolis
3409 4454 3544 4508 ordo

1966 4549 2338 4615 descendens;
2370 4565 2434 4603 en
2479 4548 2712 4618 denique
2745 4547 2862 4601 haec
2907 4547 3128 4602 occidua
3171 4547 3547 4618 lliSpaniarum

1965 4644 2117 4713 plaga
2148 4642 2273 4699 ﬁdei
2304 4643 2502 4699 lumine
2541 4642 2829 4709 irradiata,
2872 4654 2923 4697 et
2977 4642 3369 4712 pulchritudine
3413 4642 3549 4711 ritus

1962 4741 2237 4798 decorata.

2033 4832 2110 4887 Ne
2139 4846 2268 4889 vero
2297 4833 2455 4889 alicui
2484 4847 2535 4885 in
2576 4838 2807 4893 mentem
2843 4830 3018 4883 veniat
3054 4828 3198 4883 hisce
3224 4828 3410 4897 primis
3440 4827 3545 4881 Ec-

1961 4924 2139 4979 clesia:
2166 4924 2377 4979 saeculis
2411 4924 2672 4991 Hispanos
2701 4921 2944 4975 barbaris
2996 4922 3390 4987 adnumerare,
3439 4934 3546 4974 me-

1961 5020 2179 5081 ditetur,
2227 5017 2475 5079 obsecro,
2522 5029 2751 5084 quonam
2797 5014 2850 5067 in
2889 5014 3161 5085 religionis
3207 5012 3545 5083 ampliﬁcata:

1958 5119 2014 5166 et
2061 5110 2337 5164 instructae
2378 5116 2519 5161 statu
2566 5114 2779 5160 caetera:
2822 5104 2967 5160 orbis
3014 5114 3196 5174 partes
3236 5105 3542 5169 manebant,

1958 5200 2170 5270 quando
2219 5200 2354 5253 inter
2394 5210 2583 5253 omnes
2628 5195 2774 5250 orbis
2813 5197 3125 5264 episcopos,
3171 5210 3240 5250 ex
3288 5194 3544 5261 lLspania

1959 5307 2208 5362 magnum
2236 5290 2423 5345 Osium
2451 5286 2854 5345 Cordubensem
2883 5294 3099 5342 sanctus
3127 5284 3392 5348 Silvester
3418 5298 3546 5338 evo-

1958 5387 2103 5441 cavit
2128 5383 2193 5438 ad
2222 5380 2616 5453 praesidendum
2645 5395 2747 5445 suo
2774 5379 2992 5447 nomine
3017 5378 3070 5432 in
3101 5377 3271 5445 primo
3303 5389 3545 5437 u-eume-

1960 5478 2081 5531 nico
2120 5474 2351 5529 concilio
2395 5472 2639 5536 Nicaeae,
2677 5472 2731 5523 in
2771 5484 2897 5538 quo,
2922 5479 3109 5527 norma
3142 5465 3263 5519 ﬁdei
3294 5464 3545 5523 omnibus

1960 5566 2287 5639 praestanda,
2335 5572 2390 5619 et
2418 5564 2591 5634 prima
2618 5558 2997 5625 ecclesiastica:
3027 5557 3323 5625 disciplima
3354 5556 3541 5610 funda-

1959 5668 2139 5715 menta
2166 5654 2408 5726 iacienda
2441 5662 2617 5708 erant.
2654 5652 2748 5706 Ille
2776 5664 2999 5722 magnus
3026 5650 3105 5701 vir
3134 5648 3291 5702 Osius
3323 5646 3389 5701 ad
3420 5646 3545 5702 illu-

1960 5749 2268 5806 ntinandum
2301 5754 2531 5801 caeteros
2558 5745 2609 5797 in
2644 5741 2884 5805 Nicmno,
2916 5738 3245 5801 Sardicensi,
3272 5736 3542 5804 ltomano,

1962 5857 2018 5907 et
2043 5848 2161 5905 aliis
2184 5844 2450 5909 conciliis,
2474 5852 2525 5898 ct
2547 5838 2892 5906 catccbesim,
2921 5854 2951 5894 a
2976 5851 3170 5908 magno
3192 5833 3546 5889 Constantino
