4044 6382
462 372 530 429 19
1288 365 1703 425 FRANCISCUS
1743 368 2082 428 ANTONIUS
2123 370 2537 428 LORENZANA
2580 360 2901 434 LECTORi.

3656 386 3726 443 ΞΟ

462 488 563 539 [uit
594 484 937 549 pra-electus;
985 486 1056 537 ita
1101 493 1158 538 ut
1187 484 1301 553 ejus
1342 485 1655 552 sapientiam
1704 486 2035 541 mirarentur
2064 491 2112 548 Λ
2208 485 2263 541 Si
2294 489 2638 557 scrupulosus
2666 490 2949 560 quispiam,
2980 488 3115 545 facta
3147 492 3428 549 collatione
3460 494 3714 555 Breviarii

459 590 668 639 cuiines,
701 591 909 644 unaque
957 591 1083 631 voce
1112 575 1180 629 ad
1218 591 1451 630 canones
1488 577 1777 633 edicendos
1814 591 2032 646 responc

456 672 645 725 dercnt
690 687 703 723 ε
749 669 901 723 Usius
945 669 1107 735 dixit,
1157 668 1310 724 Usius
1342 670 1628 738 respondit.
1679 671 1732 723 In
1783 669 2033 737 Hispania

458 771 648 826 natus;
682 761 930 816 humanis
960 760 1151 817 litteris
1182 762 1445 824 imbutus,
1477 771 1533 815 et
1560 765 1611 815 in
1640 776 1789 816 sacra
1820 762 2035 829 liturgia

454 852 700 917 edoctus,
718 866 994 923 perperam
1015 866 1224 907 sacrum
1245 853 1403 905 ritum
1423 851 1613 921 ubique
1632 863 1892 907 terrarum
1913 867 2035 915 pro-

451 945 676 999 tendere
696 956 747 999 et
768 945 1017 1000 ordinare
1035 955 1229 1012 posset,
1252 944 1339 1012 qui
1366 946 1416 996 in
1440 958 1532 998 sua
1558 944 1776 1011 regione
1792 952 1845 997 et
1860 943 2034 996 Eccle-

450 1034 530 1089 sia
560 1036 834 1105 negligens
864 1050 1029 1099 esset,
1061 1044 1115 1088 et
1143 1035 1325 1089 domui
1356 1050 1467 1089 sua:
1499 1050 1729 1104 praeesse
1773 1036 2027 1089 nesciret.

521 1127 622 1194 Qui
654 1130 827 1182 adhuc
874 1128 1213 1191 bmitaverit,
1268 1128 1503 1196 perlegat
1550 1127 1708 1182 verba
1752 1124 2027 1180 Athanasii

450 1220 501 1272 in
537 1220 766 1275 Historia
800 1222 1119 1275 Arianorum
1160 1219 1226 1273 ad
1276 1218 1584 1284 monachos,
1629 1234 1745 1286 qua:
1774 1217 1914 1272 lubet
1953 1218 2032 1271 al-

448 1313 611 1367 ferre.
647 1311 772 1365 Post
802 1311 926 1365 talia
954 1323 1153 1381 tamque
1179 1310 1339 1364 multa
1361 1313 1589 1380 facinora
1629 1309 1755 1362 nihil
1777 1325 1830 1362 se
1857 1310 2021 1379 perfe.

446 1408 575 1460 cisse
604 1410 703 1459 rati
728 1407 871 1478 impii
903 1406 1131 1475 (Ariani)
1161 1408 1387 1474 quandiu
1416 1419 1629 1473 magnus
1673 1402 1827 1456 Osius
1854 1417 2028 1454 coruus

444 1496 815 1567 malignitatem
857 1508 1090 1565 expertus
1135 1512 1235 1548 non
1279 1504 1425 1557 esset,
1458 1495 1526 1545 ad
1569 1502 1671 1545 tam
1698 1492 2029 1545 venerabilem

441 1594 609 1642 sene‘m
647 1589 868 1656 furorem
896 1604 1040 1641 suum
1082 1602 1366 1654 propagare
1410 1585 1746 1646 studuerunt;
1790 1599 1890 1636 non
1924 1582 2030 1636 Pa-

443 1692 567 1733 trem
595 1681 961 1748 episcOporum,
992 1677 1089 1732 nei'i
1114 1679 1451 1746 confessorem
1475 1677 1639 1728 virum
1665 1676 1864 1727 reveriti
1888 1682 2025 1740 sunt,

443 1787 545 1824 non
587 1773 907 1841 episcopatus
933 1780 1149 1837 tempus,
1182 1771 1231 1823 in
1272 1786 1373 1839 quo
1402 1770 1517 1836 plus
1558 1769 1821 1837 sexaginta
1865 1782 2027 1821 annos

2139 580 2449 636 Hosarabici
2474 583 2600 638 editi
2643 598 2674 637 a
2718 584 2866 637 card.
2914 584 3160 641 Ximenio
3185 601 3306 643 cum
3355 588 3626 647 ﬁreviario
3649 597 3716 652 ad

2138 686 2371 739 prmsens
2396 687 2425 726 a
2457 673 2609 727 nobis
2645 688 2868 741 recuso,
2909 675 3287 745 aliquantulam
3320 680 3629 739 varietatem
3663 686 3717 741 in

2133 760 2451 828 quibusdam
2483 763 2699 818 vocibus
2735 766 3195 832 animadverterit,
3243 785 3348 825 tton
3388 773 3517 826 vitio
3546 786 3722 833 vertat

2132 852 2386 915 auctoris,
2431 852 2523 905 sed
2574 853 2690 921 ejus
2740 855 2828 922 qui
2876 857 3236 923 transcripsit;
3290 875 3393 914 non
3449 861 3723 920 insimulet

2134 941 2406 1006 Alphonsu
2433 944 2653 1003 Ortizio.
2677 946 2768 999 sed
2796 947 3137 1017 typographis
3163 948 3467 1019 indulgeat;
3490 962 3545 1007 et
3567 966 3715 1009 certo

2133 1031 2320 1085 credat
2344 1035 2470 1087 nlim
2502 1036 2573 1089 ob
2596 1036 2861 1091 defectum
2912 1041 3056 1106 praeli
3106 1039 3156 1092 in
3206 1057 3521 1111 unaquaque
3559 1045 3713 1100 Tole-

2134 1130 2253 1176 tana
2283 1124 2612 1181 Mozarabica
2645 1128 2873 1195 paraecia
2903 1144 2998 1183 sua
3025 1132 3382 1197 manuscripta
3413 1150 3561 1189 saera
3591 1152 3719 1193 ser-

2132 1213 2262 1279 vari,
2307 1225 2363 1269 et
2409 1216 2637 1283 aliquam
2685 1216 3036 1272 diﬁ'erentiam
3080 1220 3335 1274 Ortizium
3386 1224 3710 1289 agnovisse:

2134 1305 2231 1359 hao
2271 1308 2540 1362 anxietate
2569 1323 2831 1374 pressum,
2865 1320 2923 1364 ut
2958 1309 3066 1378 jam
3097 1312 3356 1371 disimns.
3384 1324 3438 1367 et
3484 1315 3711 1387 caligine

2130 1395 2421 1451 involutum
2452 1398 2692 1465 qua-dum
2723 1401 2881 1454 verba
2906 1399 3055 1468 juxta
3086 1401 3357 1470 Vulgatam
3388 1407 3706 1473 correxisse,

2131 1490 2352 1541 veritum
2381 1504 2445 1543 ne
2473 1490 2616 1543 vocis
2645 1489 2868 1559 alicujus
2898 1493 3128 1547 novitate
3156 1495 3238 1547 vel
3265 1495 3502 1550 vocabuli
3535 1508 3710 1552 trans-

2132 1580 2395 1646 positione
2445 1581 2691 1635 inusitata
2745 1583 2988 1637 versione
3035 1584 3107 1639 uti
3159 1594 3214 1639 et
3258 1600 3287 1637 a
3332 1598 3471 1641 recta
3523 1588 3712 1645 semita

2131 1668 2401 1725 declinare
2438 1672 2726 1726 videretur.
2756 1675 3003 1727 Ascribat
3039 1673 3199 1742 igitur
3227 1675 3392 1730 lector
3419 1679 3713 1747 exscripto-

2132 1777 2248 1816 rum
2300 1765 2426 1818 vitio
2472 1764 2780 1820 varietatem
2822 1782 2940 1835 qua:
2967 1766 3126 1821 hodie
3162 1782 3418 1836 apparere
3449 1771 3617 1837 possit
3642 1772 3713 1826 ob

440 1872 695 1933 exegerat,
714 1864 991 1928 erubuere;
1013 1865 1120 1930 sed,
1149 1862 1445 1931 posthabitis
1472 1862 1815 1931 despectisque
1833 1862 2013 1915 Ctl‘let‘lt

2136 1852 2400 1920 publicam
2448 1856 2647 1911 veteris
2694 1855 2889 1912 Italicae
2930 1858 3193 1913 versionis
3233 1860 3535 1917 Editionem
3560 1863 3711 1931 juxta

439 1956 693 2019 omnibus,
720 1957 830 2008 sola
856 1957 1062 2012 heresis
1095 1957 1238 2009 cordi
1266 1956 1358 2026 fuit
1382 1970 1399 2008 :
1423 1954 1654 2009 homines
1679 1971 1801 2008 sane
1828 1956 1916 2024 qui
1937 1972 2025 2008 nec

440 2046 605 2100 Deum
634 2049 829 2113 timent,
856 2063 1016 2116 neque
1041 2048 1291 2099 hominem
1322 2056 1628 2099 reret-eatur.
1677 2044 2026 2098 Constantium

435 2141 593 2211 igitur
615 2139 882 2205 adeuntes,
913 2141 991 2193 his
1018 2140 1329 2193 sermonibus
1359 2140 1691 2209 alloquuntur
1714 2154 1733 2193 :
1756 2136 1906 2191 Nihil
1925 2154 2026 2192 non

433 2232 629 2299 egimus
664 2248 683 2287 :
716 2232 1061 2286 Romanorum
1088 2231 1379 2301 episwpum
1404 2232 1457 2283 in
1488 2231 1721 2284 exsilium
1765 2228 2025 2300 ablegati-

436 2341 568 2389 mus,
614 2334 660 2377 et
703 2334 821 2378 ante
862 2325 1007 2378 illum
1052 2325 1328 2394 permultos
1370 2323 1500 2377 alios
1537 2326 1828 2395 episwpos;
1856 2326 2027 2378 omnia

431 2412 546 2467 loca
574 2414 850 2483 formidine
890 2415 1228 2483 repleuimus;
1271 2415 1359 2468 sed
1406 2415 1536 2467 nihil
1583 2414 1727 2468 nobis
1769 2426 1911 2469 tanta
1940 2426 2026 2469 tua

429 2518 573 2577 gesta
614 2507 888 2577 juvabunt,
922 2508 1173 2559 nihildum
1207 2524 1236 2558 a
1266 2508 1407 2559 nobis
1446 2517 1579 2559 recte
1614 2510 1823 2573 factum,
1848 2524 2025 2575 quau-

430 2597 522 2650 diu
552 2597 702 2650 Osius
728 2598 919 2650 illa'sus
948 2598 1264 2650 remanserit.
1301 2596 1435 2649 Nam
1461 2599 1583 2650 dum
1602 2596 1742 2663 apud
1770 2612 1891 2650 suos
1915 2597 2025 2663 ipse

429 2688 585 2759 degit,
622 2704 794 2740 omnes
824 2688 873 2740 in
903 2688 1007 2741 suis
1057 2686 1299 2741 Ecclesiis
1326 2698 1620 2753 remanent;
1647 2694 1805 2757 potest
1837 2687 2023 2755 quippe

426 2779 515 2831 ille
542 2779 690 2833 verba
721 2780 925 2849 fideque
968 2794 1063 2831 sua
1109 2794 1278 2833 omnes
1319 2784 1586 2832 adversum
1630 2795 1721 2831 nos
1759 2766 2017 2830 inducere.

430 2867 535 2923 Hic
567 2883 616 2921 et
659 2869 866 2937 sgnodis
913 2883 1126 2937 pra’esse
1164 2868 1319 2933 solet,
1370 2871 1579 2939 ejusque
1614 2869 1796 2922 litteris
1840 2869 2021 2935 ubique

426 2978 599 3017 omnes
627 2961 986 3031 obtemperant.
1022 2960 1072 3013 11
1080 2963 1124 3014 ic
1160 2962 1430 3015 Nicwnam
1467 2962 1622 3029 ﬁdem
1658 2962 1841 3025 edidit,
1875 2962 2020 3014 Aria-

429 3068 622 3120 nosque
645 3062 694 3104 ut
723 3051 983 3105 htcreticos
1016 3053 1462 3121 ubiquetradumit.
1491 3052 1551 3105 Si
1580 3053 1735 3123 igitur
1760 3067 2018 3105 remanse-

422 3145 488 3195 rit
517 3143 625 3207 ille,
650 3142 829 3195 inutile
857 3142 1000 3196 nobis
1031 3143 1182 3209 fuerit
1205 3145 1425 3196 aliorum
1451 3144 1715 3208 exsilium;
1746 3158 1867 3196 mox
1885 3144 2017 3196 enim

2132 1943 2256 1997 Mss.
2287 1944 2559 2013 Vaticana,
2585 1950 2751 2003 sancti
2783 1947 3057 2014 Germani,
3088 1948 3454 2017 Corbeiensia,
3500 1953 3715 2023 Reginae

2132 2034 2357 2099 Suecite,
2384 2048 2438 2090 et
2460 2038 2564 2091 alia
2592 2052 2622 2092 a
2654 2038 2811 2093 Petro
2835 2039 3079 2096 Sabatier
3103 2043 3153 2096 in
3192 2042 3361 2098 lucem
3392 2045 3559 2112 edita,
3587 2060 3711 2101 cum

2129 2127 2272 2180 nulla
2300 2130 2356 2182 in
2383 2129 2677 2185 subatantia
2707 2131 3005 2187 differentia
3031 2135 3386 2205 concipiatur,
3419 2138 3525 2191 imo
3548 2139 3711 2192 mira.

2127 2217 2249 2272 bilis
2294 2218 2347 2273 in
2390 2234 2547 2275 sensu
2593 2222 2940 2278 conformitas
2983 2239 3102 2279 cum
3143 2226 3317 2295 aliqua
3357 2230 3708 2297 discrepantia

2128 2310 2446 2377 verborum;
2496 2315 2566 2369 ita
2608 2323 2664 2367 ut
2707 2315 2751 2368 si
2798 2316 2984 2371 sedulo
3022 2319 3367 2387 perspiciatur
3395 2321 3709 2374 Psalterium

2128 2417 2228 2456 ms.
2261 2405 2401 2473 quod
2434 2406 2486 2459 in
2538 2406 2864 2461 Bibliotheca
2915 2418 3114 2464 sancta:
3160 2410 3410 2465 Ecclesia:
3438 2412 3712 2467 'foletana:

2126 2505 2458 2561 asservatur,
2491 2496 2711 2553 verbum
2748 2497 2856 2553 fere
2887 2514 2993 2554 non
3020 2500 3319 2556 invenietur
3344 2503 3484 2572 quod
3518 2504 3568 2557 in
3606 2504 3715 2557 alio

2127 2599 2191 2637 ex
2219 2584 2452 2651 praefatis
2492 2587 2803 2653 (Iudicibus,
2854 2600 2943 2643 aut
2989 2591 3039 2645 in
3070 2591 3297 2648 lcetione
3335 2592 3503 2648 sancti
3531 2596 3714 2663 Augu-

2127 2675 2277 2743 stini,
2310 2692 2414 2731 non
2441 2677 2512 2732 sit
2542 2681 2941 2747 transcriptum.

2188 2758 2484 2824 ‘Additione
2530 2785 2659 2838 ergo
2707 2772 3058 2840 quorumdam
3099 2781 3429 2843 sanctorum,
3462 2776 3549 2845 qui
3592 2784 3712 2846 post

2124 2862 2375 2930 expulsos
2397 2878 2459 2916 ex
2488 2862 2736 2931 Hispania
2763 2863 3061 2920 Saracenos
3092 2865 3409 2932 ﬂoruerunt,
3454 2866 3709 2923 Breviarii

2124 2953 2400 3008 lsiduriani
2451 2968 2481 3007 a
2528 2969 2721 3024 magno
2772 2956 3029 3011 cardinali
3081 2957 3208 3013 editi
3265 2959 3553 3013 auctoritas
3604 2975 3710 3015 non

2122 3046 2491 3101 obumbratur.
2523 3046 2653 3101 Nam
2700 3061 2797 3101 nec
2826 3046 3063 3102 ofﬁcium
3096 3050 3388 3118 proprium,
3429 3051 3708 3118 lectiones,

2122 3139 2465 3207 rcsponsoria
2516 3150 2608 3195 aut
2655 3142 2928 3195 orationes
2979 3141 3211 3205 habent;
3256 3144 3350 3196 sed
3403 3146 3579 3197 omnia
3640 3144 3709 3203 de

423 3238 486 3290 tle
532 3238 696 3291 medio
743 3238 966 3292 tollenda
1014 3248 1187 3291 nostra
1239 3239 1445 3291 Iucresis
1491 3246 1583 3291 est.
1628 3235 1694 3289 Et
1736 3237 1872 3289 hunc
1897 3252 2016 3306 ergo
2045 3228 2090 3292 C
2123 3230 2395 3286 communi
2418 3232 2689 3296 dicuntur,
2723 3242 2777 3285 ut
2807 3234 2914 3299 jam
2950 3232 3006 3285 P.
3040 3232 3300 3287 Henricus
3325 3233 3510 3287 Flore:
3532 3250 3627 3288 sua
3650 3237 3705 3290 in

422 3330 652 3397 persequi
679 3330 913 3399 incipias,
956 3348 1044 3384 nec
1073 3333 1235 3384 virum
1264 3332 1489 3399 quamvis
1516 3331 1844 3401 grandaevum
1874 3331 2018 3383 mise-

420 3436 551 3485 rere,
586 3423 739 3479 nescit
781 3423 964 3493 quippe
1005 3433 1180 3477 uestra
1209 3422 1416 3476 hwresis
1447 3424 1521 3475 vel
1563 3436 1739 3476 senum
1779 3421 2014 3474 canitiem

417 3514 666 3567 venerari.

495 3601 772 3657 Catholica
799 3603 907 3658 Osii
942 3602 1183 3656 (ιυιιιὶιιει
1217 3600 1377 3656 veluti
1414 3602 1536 3671 jure
1566 3602 1904 3657 narreditario
1945 3605 2010 3655 ad

424 3689 708 3761 episcopos
760 3692 1024 3762 Hispania:
1054 3690 1153 3746 fuit
1198 3691 1541 3758 transmissa;
1582 3693 1650 3746 ab
1688 3691 1815 3747 Osio
1864 3710 2011 3747 nam-

421 3796 548 3845 que,
582 3781 669 3851 qui
703 3782 835 3835 obiit
875 3797 1014 3835 anno
1060 3782 1187 3847 556.
1220 3782 1288 3837 ad
1337 3795 1578 3837 sanctum
1628 3783 1948 3849 Leandrum,
1979 3802 2006 3840 a

421 3873 669 3926 Leandre
698 3873 761 3926 ad
796 3872 1073 3939 lsidorum,
1120 3873 1186 3928 ab
1233 3874 1434 3928 lsidoro
1477 3874 1542 3929 ad
1590 3875 1911 3943 llelladium,
1943 3882 2010 3933 ab

421 3962 523 4015 huc
571 3963 639 4017 ad
696 3962 1070 4031 lldepbonsum
1118 3973 1169 4019 ct
1217 3965 1503 4035 Eugenios,
1557 3968 1623 4022 ab
1653 3967 1903 4037 Eugeniis
1941 3972 2007 4025 ad

422 4052 693 4108 lulianum
747 4056 1060 4124 secundum,
1111 4058 1201 4124 qui
1251 4058 1305 4112 in
1334 4060 1562 4114 concilio
1593 4060 1850 4117 Toletano
1896 4078 2002 4127 xiv,

415 4150 570 4213 jussu
619 4148 815 4203 Leonis
858 4151 1077 4205 secundi
1125 4150 1350 4206 Romani
1379 4152 1646 4221 pontiﬁcis
1682 4155 1813 4209 Acta
1862 4157 2005 4211 sexti

416 4240 686 4309 generalis
731 4240 938 4296 concilii
981 4251 1091 4294 rata
1142 4242 1355 4307 habuit;
1392 4253 1445 4297 et
1492 4258 1612 4298 cum
1662 4244 2000 4313 Benedictus,

414 4333 609 4388 Leonis
632 4350 934 4402 successor,
971 4336 1285 4405 perlegisset
1312 4335 1400 4393 illa
1430 4338 1589 4395 verba
1620 4340 1816 4396 Juliani
1846 4341 2004 4396 Tole-

412 4427 520 4480 tani
544 4427 611 4482 de
632 4427 894 4489 Trinitate
916 4428 1229 4485 disserentis
1255 4446 1269 4485 :
1294 4433 1606 4501 sapientiam
1629 4448 1695 4490 ex
1718 4435 1999 4504 sapientia,

414 4516 742 4576 Voluntatem
766 4534 831 4575 ex
856 4521 1130 4577 voluntate
1153 4523 1463 4593 procedere,
1499 4534 1554 4579 et
1575 4526 1677 4581 alia
1701 4527 1893 4595 quibus
1922 4529 2002 4582 af-

2121 3322 2496 3378 dissertatione
2549 3324 2616 3378 de
2675 3321 2853 3377 officio
2902 3322 3234 3378 Mozarabico
3295 3326 3596 3391 adnotavit;
3652 3337 3707 3382 et

2121 3417 2219 3471 hoc
2251 3417 2410 3473 modo
2433 3433 2553 3472 cum
2590 3418 2822 3472 ofﬁcium
2866 3428 2923 3472 ut
2964 3420 3015 3472 in
3066 3418 3352 3487 plurimum
3409 3420 3703 3474 secundum

2117 3527 2402 3568 commune
2426 3511 2708 3566 Gotliicum
2734 3514 2847 3579 fiat,
2877 3528 2907 3565 n
2935 3509 3012 3567 hil
3046 3523 3238 3579 praeter
3278 3526 3467 3567 nomen
3492 3523 3702 3566 Sanctoc

2119 3619 2256 3669 rum,
2286 3606 2526 3673 exceptis
2567 3603 2880 3672 quibusdam
2921 3602 3087 3666 festis,
3146 3602 3245 3655 fuit
3274 3602 3695 3673 superadditum.

2187 3695 2507 3751 Franciscus
2536 3692 2660 3750 Pisa
2689 3696 2740 3749 in
2789 3694 2959 3749 lucem
2989 3694 3153 3749 edidit
3181 3693 3484 3749 Kalendarii
3518 3695 3701 3748 (ἰοπιὶ-

2113 3788 2528 3843 co-Mozarabici
2575 3787 2950 3857 fragmentum,
2979 3786 3118 3855 quod
3150 3787 3202 3841 in
3250 3786 3567 3841 bibliotheca
3598 3787 3703 3842 To-

2114 3881 2285 3936 letana
2314 3882 2648 3947 reconditur,
2687 3880 3050 3949 complectens
3090 3882 3456 3937 tantummodo
3488 3898 3701 3936 menses

2111 3972 2350 4027 Januarii
2384 3984 2437 4027 et
2464 3970 2771 4037 Februarii;
2802 3973 2894 4027 sed
2937 3988 3057 4028 cum
3100 3981 3344 4028 truncum
3392 3981 3447 4027 et
3474 3975 3701 4030 informe

2109 4072 2386 4133 appareat,
2409 4072 2462 4117 et
2492 4062 2704 4117 aliunde
2729 4063 2816 4118 die
2840 4060 2911 4115 98
2948 4063 3184 4118 Januarii
3228 4065 3525 4133 assignetur
3553 4066 3603 4118 in
3635 4079 3703 4118 eo

2111 4155 2373 4209 festivitas
2421 4164 2620 4211 sanctte
2662 4157 2879 4211 Serena:
2908 4157 3039 4226 virg.
3073 4166 3123 4211 et
3153 4165 3335 4223 mart.,
3367 4173 3485 4224 quae
3515 4173 3611 4212 nec
3647 4160 3698 4213 in

2110 4248 2306 4301 nosnris
2328 4246 2616 4302 Codicibus
2648 4262 2802 4311 mss.,
2838 4262 2937 4302 nec
2982 4248 3034 4301 in
3074 4248 3252 4316 aliquo
3295 4246 3696 4318 Martyrologio,

2109 4352 2165 4395 nt
2216 4343 2365 4412 virgo
2399 4342 2683 4411 reperitur,
2724 4343 2922 4397 idcirco
2963 4340 3210 4395 sublesta:
3259 4340 3379 4394 fidei
3424 4342 3697 4395 existima-

2106 4445 2211 4487 tur.
2242 4436 2305 4489 Et
2330 4437 2546 4503 insuper
2581 4436 2605 4489 1
2637 4435 2725 4489 die
2758 4434 3030 4488 Februarii
3060 4435 3109 4485 iu
3140 4433 3237 4486 Ms.
3268 4433 3548 4500 apponitur
3581 4432 3698 4487 ham

2106 4527 2425 4594 inscriptio:
2477 4526 2645 4594 Caput
2698 4524 2971 4578 Februarii
3018 4524 3158 4592 apud
3207 4522 3521 4593 /Egyptios;
3578 4538 3695 4591 qua:

415 4610 934 4667 llrmabatCliristum
960 4613 1236 4668 Dominum
1269 4629 1333 4669 ex
1364 4616 1529 4670 tribus
1554 4617 1868 4672 substantiis
1882 4633 2000 4673 con-
2031 4620 2081 4681 D
2107 4616 2365 4671 festivitas
2396 4630 2655 4684 nusquam
2689 4616 2967 4684 legiturin
3015 4615 3209 4669 nostris
3237 4614 3539 4680 (Iudicibus,
3574 4613 3696 4669 licet

409 4713 708 4771 stare,qua:
729 4718 757 4756 a
780 4705 1047 4759 communi
1070 4719 1227 4759 sensu
1250 4706 1499 4765 Ecclesia:
1519 4707 1807 4762 Catholica:
1828 4710 1997 4765 deviu-

408 4809 468 4848 re
492 4793 763 4858 credebat,
785 4810 882 4864 pro
904 4795 1231 4850 sustinendis
1254 4797 1335 4849 bis
1356 4797 1806 4867 propositionibus
1827 4798 1995 4855 edidit

407 4881 654 4940 Julianus
682 4884 1084 4953 Apologcticum
1113 4885 1165 4939 in
1195 4886 1423 4941 concilio
1449 4885 1708 4942 Toletano
1736 4902 1823 4953 xv,
1853 4891 1992 4958 quod

408 4974 632 5031 Romam
662 4977 1032 5031 transmissum
1063 4978 1239 5046 magni
1271 4977 1507 5032 habitum
1548 4989 1650 5046 est,
1675 4979 1882 5035 cunctis
1920 4982 1994 5037 leo

403 5065 636 5135 gendum
660 5067 943 5135 indictum,
975 5084 1104 5137 papa
1129 5069 1455 5125 acclamante
1481 5086 1493 5122 ι
1519 5067 1658 5135 Laus
1687 5080 1797 5138 tua,
1827 5070 1987 5139 Deus,

404 5162 459 5214 in
489 5160 618 5229 ﬁnes
649 5170 828 5227 terrae;
862 5163 913 5216 in
945 5177 1071 5220 vero
1101 5163 1297 5217 etenim
1324 5172 1378 5217 et
1407 5162 1673 5218 catholico
1700 5177 1860 5219 sensu
1898 5164 1993 5220 Ju-

407 5252 583 5303 lianus
626 5263 680 5305 et
717 5252 901 5306 caeteri
936 5252 1119 5308 Patres
1164 5251 1380 5321 Hispani
1421 5268 1512 5309 eas
1553 5256 1901 5323 protulerunt,
1934 5266 1994 5313 ut

404 5342 589 5397 videre
615 5353 697 5397 est
719 5343 770 5397 iu
800 5344 945 5398 Actis
967 5344 1178 5400 concilii
1207 5361 1275 5399 xv
1303 5345 1547 5401 Toletani
1574 5349 1711 5415 apud
1751 5350 1993 5405 cardina-

406 5430 510 5485 leut
535 5433 864 5504 Aguirrium,
895 5434 984 5504 qui
1013 5443 1069 5489 et
1089 5435 1325 5505 ejusdem
1364 5436 1560 5493 Juliani
1584 5438 1882 5511 apologiam
1914 5443 1991 5496 in-

406 5526 557 5591 serit,
590 5527 641 5581 iu
670 5542 771 5597 qua
802 5528 979 5583 elucet
1007 5527 1202 5598 ingenii
1249 5527 1367 5598 ejus
1410 5542 1653 5595 acumen,
1683 5539 1738 5585 et
1775 5529 1994 5600 profun-

406 5621 623 5675 dissima
648 5620 769 5678 ﬁdei
798 5623 1104 5693 dogmatum
1136 5622 1503 5691 intelligentia.
1541 5626 1617 5679 Ad
1650 5625 1765 5682 haec
1788 5629 1994 5685 accedit

408 5712 647 5783 synodus
694 5714 1041 5777 Eliberitana,
1096 5714 1313 5769 ineunte
1354 5714 1553 5771 smculo
1600 5732 1651 5768 tv
1688 5727 1890 5785 coacta,
1925 5734 1990 5776 ex

406 5816 508 5872 qua
539 5802 701 5862 multa
733 5802 1031 5876 desumpsit
1061 5805 1376 5862 universalis
1410 5805 1666 5869 Ecclesia.

2108 4725 2201 4778 pro
2231 4720 2507 4777 comperto
2538 4708 2825 4761 habeamus
2858 4705 3130 4760 Februarii
3172 4704 3377 4758 initium
3420 4704 3557 4772 apud
3598 4719 3692 4759 eos

2104 4800 2428 4855 sanetilicari
2483 4800 2548 4853 ad
2613 4799 3025 4851 destructionem
3080 4795 3415 4858 idolofatritc,
3469 4795 3693 4865 [estigne

2105 4892 2527 4947 Amburbialium
2560 4889 2821 4958 principio
2851 4887 3087 4958 prandisti
3141 4885 3337 4939 mensis
3366 4887 3433 4937 ab
3462 4885 3690 4941 ethnicis

2104 4984 2363 5038 celebrari
2394 4981 2537 5037 soliti
2565 4997 2579 5045 ;
2612 4980 2664 5033 in
2701 4980 2852 5049 cujus
2896 4981 3068 5033 locmn
3102 4985 3285 5045 postea
3311 4979 3572 5031 successit
3614 4978 3690 5034 fe-

2103 5084 2242 5127 stum
2276 5073 2665 5127 l‘urilicationis
2708 5071 2877 5125 beata:
2927 5070 3105 5125 Mariae
3146 5072 3211 5125 ad
3250 5071 3565 5126 abolendam
3596 5084 3685 5123 ra-

2103 5177 2221 5232 ptus
2268 5162 2602 5232 Proserpina:
2647 5177 2676 5216 a
2733 5163 2958 5217 Piutoue
3003 5162 3127 5217 facti
3158 5164 3490 5227 memeriam,
3521 5169 3579 5215 ut
3619 5176 3681 5215 ex

2101 5251 2415 5309 innocentia
2448 5253 2535 5318 ill,
2562 5251 2782 5307 Rabano
2811 5254 3015 5315 Mauro,
3042 5263 3095 5307 et
3121 5255 3259 5313 aliis.
3286 5251 3682 5320 comprobatur,

2100 5364 2146 5403 et
2174 5364 2430 5418 expresse
2458 5349 2718 5402 asseritur
2745 5363 2774 5401 a
2797 5356 2984 5405 sancto
3013 5348 3325 5416 lldcphunso
3356 5345 3407 5399 in
3435 5358 3685 5398 sermone

2100 5443 2167 5499 de
2191 5441 2586 5497 Puriﬁratione.

2170 5535 2287 5588 Alia
2338 5533 2572 5603 suspicio
2623 5533 2879 5589 adversus
2924 5543 3279 5589 memoratum
3328 5532 3680 5599 fragmentum

2098 5627 2267 5682 oritur
2318 5643 2384 5681 cx
2444 5626 2657 5681 silentio
2704 5625 3006 5681 festivitatis
3071 5623 3458 5679 l’uriﬁcationis
3514 5621 3682 5675 beatae

2100 5719 2301 5783 Maria,
2333 5733 2454 5773 eum
2514 5718 2735 5773 aliunde
2789 5718 3023 5787 assignat
3071 5716 3273 5772 obitum
3323 5712 3490 5769 sancti
3548 5711 3681 5766 Iide-

2100 5810 2317 5884 phonsi,
2348 5810 2498 5881 cujus
2536 5810 2789 5867 inoflicio
2817 5808 3050 5873 Gothico
3098 5810 3241 5865 nulla
3278 5808 3332 5863 lit
3366 5802 3586 5871 mentio,
3627 5812 3680 5856 et
