4044 6382
270 395 323 451 2i
1088 386 1506 445 FRANCISCUS
1547 383 1887 443 ANTONIUS
1924 381 2329 440 LORENZANA
2371 381 2680 439 LECTORI.
3471 382 3544 437 ﬂ

268 519 522 577 praetcrea
553 505 773 571 ipsemet
803 512 1017 557 sanctus
1049 501 1113 557 de
1142 500 1516 557 Purificatione
1538 513 1842 556 Sermonem
1879 496 1926 557 Δ
1952 496 2031 549 dis
2050 497 2397 563 ostenderunt,
2438 506 2486 551 et
2510 497 2761 565 sanguine
2798 512 2895 549 suo
2925 495 3181 551 Ecclesias
3210 498 3539 561 dedicasere.

268 600 334 654 ad
361 598 611 666 populum
640 596 907 650 habuerit.

338 690 394 745 in
436 688 615 744 medio
657 687 1005 756 quorumdam
1050 686 1375 755 psalmorum
1419 684 1701 753 apponitur
1749 683 1850 737 hoc

265 784 509 849 verbum,
544 783 860 854 Diapsafma,
892 782 1032 845 quod
1080 781 1133 835 in
1180 780 1449 835 Breviario
1493 778 1785 833 isidoriano
1819 789 1850 829 a

264 875 518 930 cardinali
563 873 814 928 Ximenio
848 873 985 944 typis
1027 872 1172 927 edito
1200 887 1322 925 raro
1350 871 1658 934 invenitur,
1706 881 1847 922 nunc

263 983 397 1022 vero
447 967 776 1035 inseqmndo
820 965 1209 1036 autograpimm
1268 963 1540 1016 multoties
1590 960 1847 1025 reperies,

262 1058 484 1114 denotat
539 1060 682 1113 enim
734 1060 1126 1125 separationem
1183 1056 1322 1109 inter
1375 1069 1537 1107 unum
1586 1062 1640 1106 et
1680 1052 1844 1104 alium

262 1150 588 1206 versiculum
614 1150 854 1217 ejusdem
882 1149 1105 1219 psalmi;
1136 1150 1201 1202 ad
1228 1147 1660 1202 observationem
1692 1144 1851 1211 igitur

262 1258 297 1311 p
336 1257 449 1295 usae
481 1243 532 1295 in
573 1243 864 1311 psalmodia
901 1252 953 1295 et
980 1242 1047 1296 ad
1074 1251 1287 1295 cantum
1336 1237 1720 1293 moderandum
1754 1251 1852 1289 no-

260 1333 331 1386 tis
365 1331 579 1386 musicis
606 1333 952 1402 obsequendo
983 1330 1325 1386 inserviebat.

337 1420 648 1492 lo_aliorum
683 1421 1009 1492 psalmorum
1042 1420 1219 1477 medio
1260 1420 1375 1476 btec
1411 1418 1696 1490 apponitur
1727 1426 1850 1472 nota

344 1487 503 1801 ἕ.
529 1647 648 1703 quae
669 1631 932 1703 significat
958 1632 1095 1687 idem
1123 1646 1185 1687 ac
1209 1632 1442 1702 repetitio
1466 1649 1484 1697 ;
1516 1630 1627 1685 suis
1654 1628 1853 1697 quippe

256 1809 510 1861 omnibus
548 1808 743 1863 litteris
774 1808 949 1878 ligatis
990 1817 1201 1863 constat
1230 1807 1337 1863 tale
1365 1807 1594 1877 signum.
1636 1806 1844 1860 Astrin-

254 1897 521 1966 gebantur
559 1900 758 1956 etenim
798 1911 1049 1956 cantores
1091 1901 1435 1967 antipbonam
1482 1908 1728 1967 repetere
1778 1912 1841 1951 ev

255 1988 438 2045 verbis
463 1991 629 2056 ipsius
651 1991 839 2061 psalmi
862 1990 1143 2045 deductam
1166 2008 1180 2056 ;
1213 1990 1419 2057 hocque
1446 1988 1723 2043 accidebat
1745 2002 1848 2039 non

252 2079 310 2133 in
335 2078 696 2144 brevioribus,
726 2081 818 2134 sed
842 2082 893 2133 in
919 2081 1254 2149 longioribus
1277 2081 1517 2147 psalmis,
1540 2086 1598 2131 ut
1622 2077 1851 2147 quadam

250 2169 444 2237 quiete
485 2172 538 2223 in
578 2171 893 2227 recitatione
933 2170 1261 2235 fruerentur,
1292 2179 1346 2223 et
1372 2168 1633 2223 varietate
1669 2176 1855 2222 cantus

252 2260 538 2314 fastidium
564 2261 879 2315 allevarent.

332 2349 608 2405 Lubenter
637 2353 769 2406 alias
798 2352 1139 2420 probationes
1165 2353 1229 2407 ad
1265 2352 1648 2420 indigitandam
1683 2354 1851 2406 nostri

252 2442 392 2496 ritus
444 2441 695 2497 canitiem
739 2444 1125 2512 adiungemus.
1188 2443 1242 2497 in
1295 2442 1495 2497 Codice
1548 2452 1853 2511 nuncupato

252 2533 653 2602 ﬂmilianensi,
685 2534 827 2605 quod
858 2536 910 2590 in
940 2538 1087 2606 regio
1108 2540 1432 2592 monasterio
1484 2535 1851 2591 Excurialeasi

254 2636 583 2691 asservatur,
615 2636 740 2682 ante
772 2642 971 2682 annum
1008 2628 1353 2684 millesimum
1396 2628 1847 2697 septuagesimum

255 2726 505 2772 octavum
546 2728 789 2785 esarato,
833 2721 901 2773 ita
936 2721 1230 2789 inscripto:
1267 2720 1342 2775 De
1371 2721 1524 2775 missa
1571 2720 1850 2788 apostolica

255 2809 309 2864 in
348 2808 553 2879 Spania
599 2812 774 2878 ducta,
822 2811 1069 2869 Julianus
1109 2824 1155 2868 et
1201 2813 1374 2878 Felix,
1423 2815 1702 2881 asseritur,
1734 2815 1761 2885 ς
1796 2816 1845 2879 1,

260 2910 463 2968 septem
508 2904 834 2973 apostolicos
866 2906 1005 2961 viros
1032 2907 1354 2977 Torquatum
1378 2948 1393 2973 ,
1423 2907 1845 2977 Ctesiphontem,

260 3002 313 3047 et
340 2994 474 3050 alios
520 3006 869 3061 memoratos,
898 2998 1259 3053 sacerdmium
1287 3014 1316 3052 a
1346 3002 1547 3053 sanctis
1590 2999 1849 3065 apostolis

264 3085 416 3141 Petro
447 3095 503 3142 et
541 3088 704 3143 Paulo
742 3092 1070 3159 suscepisse,
1114 3099 1168 3145 et
1210 3092 1261 3145 in
1302 3091 1522 3145 urbibus
1574 3091 1849 3160 Hispania-

266 3192 376 3231 rum
405 3178 475 3233 de
507 3180 662 3235 initio
712 3182 832 3235 vita:
873 3182 1189 3237 immortalis
1237 3181 1528 3251 praidicare
1580 3182 1843 3251 (-mpisse;
1878 3211 1925 3273 ο

271 3277 320 3321 et
346 3279 462 3337 post
493 3286 658 3338 pauca
692 3270 1032 3343 subjungitur
1065 3290 1077 3326 :
1113 3274 1271 3341 Atque
1298 3272 1373 3325 ita
1402 3274 1529 3326 sicut
1553 3272 1616 3324 ab
1644 3282 1851 3342 apostoo

269 3359 333 3413 lis
365 3363 567 3415 missam
614 3362 1001 3434 doctrinamque
1035 3374 1358 3432 acceperunt,
1410 3379 1501 3432 per
1540 3362 1854 3428 Hispaniam

275 3453 515 3507 ordinatis
536 3456 781 3527 episcOpis
809 3458 1151 3512 tradiderunt.
1181 3458 1208 3531 ᾗ
1234 3460 1287 3527 2,
1321 3459 1492 3528 agitur
1515 3457 1583 3511 de
1606 3457 1855 3527 Hispana:

282 3539 532 3597 Ecclesia:
561 3545 732 3602 officio
764 3548 950 3604 Romae
990 3549 1206 3605 laudato
1237 3560 1291 3604 et
1320 3551 1673 3617 comprobato
1723 3561 1855 3606 tem-

277 3646 405 3701 pore
445 3634 663 3693 Joannis
715 3656 907 3712 papae,
971 3654 1230 3713 regnante
1277 3644 1472 3699 Carolo
1529 3644 1853 3700 Francorum

272 3738 414 3795 rege,
442 3736 497 3783 et
544 3729 781 3786 Ordonio
818 3747 947 3801 rege
990 3734 1041 3788 in
1074 3734 1293 3789 civitate
1331 3734 1673 3805 Legionensi.
1713 3737 1849 3792 Cum

271 3818 407 3872 enim
445 3818 696 3878 Zanellus
728 3822 1009 3895 presbyter
1036 3840 1066 3878 a
1099 3825 1321 3892 praefato
1362 3840 1575 3880 summo
1598 3827 1853 3895 pontiﬁce

268 3910 470 3968 Joanne
523 3916 720 3970 missus
773 3916 990 3981 fuisset,
1048 3925 1104 3970 ut
1143 3917 1525 3972 ecclesiastica:
1582 3918 1856 3989 religionis

266 4012 456 4076 statum
486 4005 556 4060 ibi
595 4010 951 4076 perquireret,
984 4018 1038 4062 et
1066 4016 1341 4078 comperta
1382 4009 1608 4065 fideliter
1642 4020 1858 4078 aposto-

267 4094 380 4151 lica:
431 4098 546 4153 sedi
591 4099 836 4166 referret,
896 4100 1190 4171 injunctum
1231 4101 1331 4156 sibi
1391 4117 1583 4156 manus
1629 4103 1855 4157 solerter

264 4201 579 4259 exsequens,
638 4207 854 4247 omnem
904 4193 1149 4248 ordinem
1207 4194 1560 4250 ecclesiaSIici
1613 4194 1773 4249 ollicii
1800 4202 1857 4249 et

263 4283 684 4339 consecrationis
707 4285 945 4357 regulam
973 4296 1358 4354 perscrutatus,
1390 4302 1626 4342 canones
1655 4297 1705 4343 et
1736 4302 1855 4341 om-

265 4388 357 4429 nes
381 4374 854 4433 Sacramentorum
883 4370 1046 4435 libros
1073 4380 1328 4449 perlegit;
1360 4390 1549 4436 cuncta
1589 4382 1852 4437 catholica

264 4464 364 4522 iide
430 4468 633 4523 munita
690 4468 1005 4535 inveniens,
1063 4471 1382 4534 exsultavit;
1442 4472 1666 4526 Domino
1700 4488 1853 4542 papae

261 4558 475 4627 Joanni,
506 4571 559 4618 et
586 4562 731 4617 moui
762 4564 1051 4618 conventui
1082 4563 1335 4619 Romanae
1378 4565 1652 4631 ECCiCSiil‘,
1695 4578 1744 4619 ut
1772 4564 1843 4620 in.
1885 4580 1937 4639 ι)
1963 4554 2053 4619 15,
2104 4556 2176 4608 ait
2230 4572 2243 4608 ε

261 4663 507 4715 venerat,
534 4655 889 4720 renuntiavit;
932 4656 1263 4726 audiensque
1292 4656 1392 4712 hoc
1423 4658 1671 4712 dominus
1695 4674 1849 4730 papa,

260 4753 314 4798 et
359 4745 542 4799 omnis
592 4745 829 4799 Romana
883 4747 1143 4813 Ecclesia,
1184 4748 1385 4816 gratias
1436 4747 1546 4802 Deo
1597 4750 1849 4812 reddens,

264 4833 567 4904 Hispanicae
613 4835 874 4890 Ecclesia:
913 4838 1150 4891 officium
1180 4837 1419 4892 laudavit
1456 4848 1509 4891 et
1548 4840 1851 4905 roboravit;

262 4925 362 4980 hoc
391 4928 513 4982 solo
536 4926 748 4991 addito,
779 4938 833 4981 ut
861 4926 1100 4991 deincep’s
1149 4945 1288 4983 more
1334 4928 1632 4999 aposlolica:
1674 4928 1851 4983 Eccle.

261 5016 351 5072 site
375 5016 762 5073 celebrarentur
783 5029 973 5073 secreta
1001 5023 1188 5075 missaz.

334 5110 595 5165 Summus
644 5110 877 5178 pontifex
923 5110 1211 5181 Gregorius
1242 5111 1325 5165 VII
1369 5111 1643 5181 Aipbonso
1692 5111 1858 5167 Sexto

262 5194 515 5268 Legionis
557 5200 693 5270 regi,
730 5198 926 5254 Sancio
974 5200 1034 5266 ν,
1084 5201 1356 5269 Navarrte,
1396 5212 1451 5257 et
1488 5204 1754 5271 episcopis
1802 5203 1854 5257 in

262 5288 473 5346 ditioue
503 5307 599 5344 sua
629 5292 935 5346 constitutis
969 5294 1293 5359 rescribens,
1330 5296 1484 5350 initio
1511 5297 1749 5365 epistolae
1778 5296 1856 5351 sic

263 5390 357 5437 eos
404 5378 597 5436 affatur
621 5400 633 5435 :
656 5380 780 5437 Cum
813 5383 990 5437 beatus
1019 5385 1282 5455 apostolus
1316 5384 1514 5441 Paulus
1546 5386 1854 5455 Hispaniam

262 5490 315 5527 se
361 5475 554 5528 adiisse
608 5475 877 5546 significet,
927 5493 987 5529 ac
1024 5487 1198 5547 postea
1242 5489 1437 5545 septem
1477 5480 1740 5549 episcOpos
1791 5482 1865 5533 ab.

263 5565 384 5619 urbe
425 5566 589 5621 Roma
616 5568 685 5620 ad
716 5566 1042 5621 instruendos
1086 5567 1354 5638 Hispania:
1386 5570 1607 5635 papulas
1638 5586 1669 5623 α
1700 5568 1857 5624 Petro

264 5667 309 5711 et
340 5655 513 5711 Paulo
544 5660 790 5728 apostolis
832 5660 1050 5714 directas
1078 5660 1259 5727 fuisse,
1299 5662 1409 5731 qui,
1440 5664 1696 5717 destructa
1742 5664 1855 5717 illo-

264 5751 496 5817 lolatria,
524 5750 946 5805 cltristianitatem
978 5752 1342 5821 fundaverant,
1378 5753 1677 5821 religionem
1702 5754 1851 5823 plan-

266 5852 520 5911 tet‘erunt,
550 5842 780 5897 ordinem
806 5852 851 5897 et
882 5842 1110 5913 officium
1145 5845 1196 5897 in
1233 5844 1413 5898 divinis
1450 5846 1667 5901 cultibus
1695 5862 1851 5916 agm-

1950 598 2114 641 vestra
2133 588 2398 659 diligentia
2428 603 2531 641 non
2556 588 2785 665 ignoret;
2804 598 3047 657 quantam
3069 590 3393 643 concordiam
3412 605 3533 645 cum

1954 677 2188 732 Romana
2236 678 2357 732 urbe
2401 668 2760 741 Hispaniain
2785 678 3031 746 religione
3071 690 3122 734 et
3158 680 3338 734 ordine
3377 680 3541 735 divini

1952 772 2111 837 ofﬁcii
2143 770 2395 838 habuisse,
2426 770 2549 823 satis
2580 779 2737 835 patet.
2774 769 2962 824 Postea
2994 786 3088 824 eos
3110 770 3176 824 ad
3206 774 3542 840 amplecten-

1952 865 2079 919 dum
2107 865 2157 918 in
2190 864 2439 932 llispania
2481 864 2776 917 Romanum
2820 865 2976 919 ritum
3007 864 3351 931 adhortatur;
3394 876 3446 920 et
3479 867 3542 921 li-

1951 964 2036 1010 cet
2078 955 2274 1009 indicet
2324 954 2663 1025 Hispanicum
2704 955 2930 1026 ofﬁcium
2976 957 3187 1009 vesania
3245 956 3536 1010 Priscillia-

1952 1049 2198 1102 nistarum
2230 1050 2479 1116 pollutum
2503 1089 2518 1111 ,
2572 1050 2880 1102 Arianorum
2906 1049 3128 1119 perfidia
3176 1051 3533 1117 depravatum,

1954 1159 2016 1195 ac
2052 1142 2253 1195 demum
2298 1141 2656 1196 iiwadentibus
2707 1142 2982 1197 Saracenis
3039 1142 3368 1205 diminutum,
3420 1142 3539 1195 btet:

1953 1231 2114 1287 verba
2164 1233 2309 1287 nullo
2335 1233 2494 1286 modo
2526 1244 2769 1287 evertunt
2799 1242 2954 1286 antea
2986 1241 3222 1300 promta;
3258 1248 3378 1287 nam
3409 1249 3538 1288 cura

1952 1336 2261 1380 sanctorum
2316 1325 2527 1391 isidori,
2587 1326 2930 1394 lldeplionsi,
2983 1326 3180 1383 Juliani
3200 1336 3255 1381 et
3306 1328 3534 1383 aliorum

1955 1416 2227 1483 Hispaniae
2260 1417 2498 1479 Patrum,
2526 1418 2670 1472 omni
2700 1419 2838 1480 labe,
2865 1419 2909 1473 si
2940 1433 3042 1488 qua
3074 1420 3265 1485 inerat,
3297 1416 3395 1473 fuit
3415 1435 3540 1488 pur-

1953 1524 2133 1582 gatum
2183 1513 2443 1576 officium,
2485 1529 2699 1582 sumque
2742 1513 3027 1583 integritati
3058 1526 3111 1570 et
3145 1517 3354 1583 puritati
3387 1516 3547 1569 resti-

1953 1610 2143 1668 tutum,
2178 1615 2234 1657 ttt
2265 1614 2489 1659 testatur
2528 1604 2697 1668 Felix,
2732 1607 2952 1675 loquens
2977 1605 3046 1659 de
3086 1615 3273 1660 sancto
3302 1606 3535 1672 .Iuliano,

1950 1695 2033 1748 cui
2066 1695 2566 1761 congruitoflicium
2616 1696 2911 1749 Romanum
2955 1695 3111 1764 hujus
3140 1696 3310 1750 sancti
3338 1712 3408 1751 ex
3451 1711 3545 1751 eo-

1952 1784 2071 1838 dent
2098 1783 2275 1839 Felice
2304 1784 2701 1854 depromptum.

2029 1899 2240 1967 Ipsimet
2264 1902 2487 1955 Romani
2520 1902 2819 1969 pontifices,
2861 1900 3194 1967 postmodum
3227 1902 3293 1955 de
3322 1900 3545 1957 sinceri-

1956 1996 2064 2041 tate
2092 1989 2253 2042 officii
2294 1990 2554 2044 certiores
2599 1990 2795 2053 effecti,
2824 1990 2951 2043 illud
3002 1990 3208 2045 iteratis
3234 1991 3538 2054 diplomati-

1957 2077 2058 2131 bus
2115 2080 2536 2143 confirmarunt;
2590 2095 2710 2134 nam
2748 2080 2918 2135 Julius
2973 2081 3037 2146 ll,
3085 2096 3227 2135 anno
3260 2080 3422 2147 1508,
3478 2083 3542 2136 ad

1960 2184 2147 2239 preces
2206 2172 2494 2226 cardinalis
2539 2173 2775 2245 Ximenii
2823 2174 3063 2229 officium
3113 2175 3407 2242 roboruvit,
3463 2177 3545 2230 bis

1959 2262 2181 2317 verbis:
2215 2266 2634 2332 Antiquissimum
2687 2277 2735 2320 et
2783 2284 2981 2337 magna
3027 2269 3378 2325 devotionis...
3433 2266 3546 2321 Nos

1956 2352 2114 2422 igitur
2159 2354 2247 2420 qui
2291 2369 2355 2408 ex
2406 2356 2573 2409 debito
2630 2359 2903 2422 pastoralis
2970 2358 3130 2426 officii
3174 2359 3331 2410 divini
3376 2360 3542 2412 cultus

1955 2454 2287 2512 augmentum
2325 2447 2535 2499 sinceris
2558 2459 2858 2517 exoptantus
2895 2449 3251 2517 a/fectibus....
3295 2453 3469 2505 omnia
3498 2462 3548 2505 et

1954 2534 2159 2604 singula
2189 2535 2242 2588 in
2275 2536 2423 2590 dictis
2450 2538 2631 2591 litteris
2660 2548 2898 2592 contenta
2929 2541 3232 2594 auctoritate
3258 2542 3545 2606 apostolica

1954 2636 2128 2679 tenore
2149 2630 2473 2693 prementium
2522 2632 2891 2697 approbamus,
2943 2641 2989 2684 et
3041 2633 3431 2696 confirmamus.
3481 2633 3547 2688 Et

1953 2731 2096 2773 anno
2130 2717 2272 2772 1512
2298 2720 2398 2773 alia
2433 2722 2572 2774 bulla
2605 2722 2729 2776 ollic
2752 2739 2840 2777 um
2874 2722 3264 2778 Mazarabicum
3304 2740 3547 2780 cominu-

1955 2811 2117 2875 nivit;
2150 2827 2269 2879 qua:
2297 2811 2435 2868 adeo
2461 2812 2657 2869 diserta
2690 2827 2850 2885 atque
2871 2831 3124 2884 expressa
3153 2816 3297 2871 sedis
3326 2828 3542 2885 aposto—

1956 2902 2074 2958 licae
2118 2905 2434 2972 approbatio
2466 2912 2477 2971 (
2508 2915 2565 2960 ut
2594 2907 2766 2977 inquit
2815 2907 3032 2979 Pinius)
3075 2909 3355 2965 obstruere
3383 2909 3547 2963 debet

1954 2994 2193 3047 omnium
2225 3010 2339 3057 ora,
2372 3004 2428 3048 ut
2459 3010 2615 3050 nemo
2645 3004 2765 3064 pust
2802 2997 2947 3050 illam
2978 3010 3161 3054 contra
3187 3009 3545 3054 restauratum

1954 3087 2115 3141 cilicii
2146 3087 2460 3142 Mozarabici
2490 3104 2669 3153 usum,
2714 3090 2938 3159 ejusque
2961 3090 3327 3146 ministrorum
3359 3092 3550 3147 funda-

1956 3179 2179 3245 tionem,
2204 3181 2286 3234 vel
2318 3181 2524 3235 hiscere
2565 3182 2788 3243 audeat;
2814 3183 2882 3237 ob
2914 3183 3014 3236 hoc
3041 3184 3233 3239 Paulus
3262 3184 3327 3239 ΙΙΙ
3375 3201 3544 3239 temu-

1956 3269 2063 3322 lnm
2093 3271 2322 3339 aliquem
2360 3281 2600 3325 actorum
2627 3270 2858 3326 Ximcnii
2888 3272 3231 3339 desideravit,
3275 3294 3304 3341 q
3332 3278 3362 3327 ii
3391 3291 3539 3327 sacra

1956 3362 2301 3418 Mozrirabum
2346 3365 2616 3420 volumina
2662 3381 2849 3421 rursus
2894 3368 3380 3438 evulgaret;cujus
3426 3380 3545 3425 vota

1956 3469 2055 3509 nos
2083 3454 2379 3524 adimplere
2420 3472 2691 3511 curamus.

1977 3560 1991 3573 '
2028 3544 2085 3598 In
2118 3545 2264 3599 Actis
2310 3555 2646 3614 sanctorum,
2694 3556 2824 3602 tom.
2858 3548 2921 3602 Vl
2948 3547 3095 3613 Julii,
3139 3558 3290 3603 tract.
3325 3550 3543 3617 praevio,

1957 3648 2105 3689 num.
2145 3636 2229 3698 l0,
2272 3636 2341 3691 de
2369 3637 2527 3693 beato
2569 3636 2771 3691 Jacobo
2801 3638 3068 3706 apostolo,
3104 3638 3220 3691 bare
3269 3654 3546 3707 apponun-

1958 3734 2042 3779 tur
2074 3726 2233 3781 verba
2266 3743 2278 3777 :
2315 3726 2561 3796 Sequitur
2590 3738 2643 3781 ut
2670 3727 2937 3795 apostolus
2976 3728 3066 3782 ille
3104 3745 3279 3782 sacros
3326 3731 3550 3800 lilurgio:

1956 3818 2087 3871 ritus
2112 3818 2300 3871 ibidem
2330 3819 2633 3890 designarit,
2666 3822 2769 3875 imo
2797 3821 2971 3887 etiam,
3013 3831 3259 3892 quantum
3289 3839 3380 3892 per
3401 3839 3546 3876 com-

1956 3913 2338 3965 memorationis
2360 3919 2554 3981 tempus
2578 3913 2743 3977 licuit,
2776 3912 3044 3967 tradiderit
3066 3923 3114 3967 et
3146 3913 3544 3983 conﬁrmaverit,

1955 4000 2013 4054 id
2038 4003 2173 4071 quod
2196 4003 2330 4057 circa
2352 4020 2457 4059 rem
2480 4016 2780 4075 prementem
2805 4021 2837 4057 a
2861 4014 3043 4059 sancto
3076 4004 3226 4059 Petro
3258 4016 3545 4075 acceperat.

1958 4092 2025 4146 Et
2054 4092 2272 4159 ibidem,
2306 4111 2453 4149 num.
2478 4094 2510 4146 6
2544 4113 2554 4147 :
2592 4096 2816 4164 Operam
2843 4114 3041 4169 quoque
3070 4115 3218 4153 suam
3245 4101 3464 4166 fortasse
3487 4117 3547 4153 eo

1958 4186 2230 4241 contulerit
2250 4198 2456 4242 sanctus
2479 4187 2699 4246 Paulus.
2745 4190 2800 4246 lil
2832 4191 3005 4263 ipsum
3036 4205 3220 4261 aperte
3246 4206 3454 4249 constat
3477 4212 3543 4250 ex

1958 4276 2211 4332 decretali
2241 4278 2534 4335 Innocentii
2561 4280 2601 4335 1.

2030 4370 2152 4435 ipse
2180 4372 2369 4426 doctor
2406 4375 2673 4441 egregius,
2705 4390 2733 4428 a
2765 4390 2871 4441 quo
2898 4392 3137 4444 pra-scas
3178 4378 3435 4443 ollicium,
3490 4390 3547 4434 ut

1958 4462 2217 4528 diximus,
2258 4470 2716 4520 nomenclaturam
2767 4469 2993 4538 accepit,
3032 4468 3121 4524 lib.
3157 4485 3194 4524 tt
3220 4469 3399 4535 Offlc.,
3427 4486 3546 4541 cap.

2300 4555 2442 4608 Ordo
2489 4566 2657 4611 autem
2718 4558 2887 4611 misste
2936 4571 2984 4613 et
3038 4563 3323 4616 orationum
3368 4564 3548 4632 quibus

1961 4646 2130 4700 oblata
2162 4662 2195 4698 α
2220 4644 2328 4699 Deo
2356 4648 2611 4717 sacrificia
2651 4659 3014 4704 consecrantur
3055 4653 3277 4722 primum
3308 4671 3339 4705 α
3371 4663 3547 4707 sancto

1961 4736 2117 4791 Petro
2146 4745 2218 4790 est
2240 4738 2495 4792 institutus
2511 4756 2529 4805 ;
2553 4742 2705 4812 cujus
2734 4742 3120 4796 celebrationem
3149 4759 3252 4797 una
3272 4748 3549 4815 eodemque

1961 4834 2112 4887 modo
2173 4836 2437 4888 universus
2490 4835 2689 4906 peragit
2744 4834 2904 4889 orbis.
2949 4836 3248 4906 Perpende,
3298 4840 3546 4901 obsecro,

1961 4924 2145 4979 lsidori
2176 4927 2517 4981 sententiam.
2560 4927 2615 4981 Si
2657 4926 2774 4995 ejus
2816 4935 3057 4995 tempore
3103 4944 3209 4984 uno
3251 4932 3547 5000 eodemque

1964 5019 2122 5071 tnodo
2153 5033 2360 5073 sacram
2415 5018 2682 5087 liturgiam
2725 5020 3006 5075 universus
3050 5023 3334 5091 peragebat
3376 5024 3544 5102 orbis,

1960 5109 2055 5161 abs
2084 5110 2245 5162 dubio
2294 5111 2479 5163 Patres
2526 5110 2795 5178 Hispania:
2823 5113 3010 5167 ordine
3055 5115 3272 5181 antiquo
3310 5117 3549 5170 Romano

1960 5198 2277 5253 sacrificium
2331 5200 2696 5267 celebrabant,
2772 5203 2822 5255 in
2868 5205 3015 5257 nullo
3053 5219 3082 5258 a
3129 5206 3257 5259 sede
3309 5206 3545 5257 llomana

1960 5292 2358 5359 discrepantes;
2388 5293 2622 5363 alioquin
2671 5310 2777 5349 non
2807 5312 2905 5348 uno
2951 5297 3225 5364 eodemque
3270 5297 3423 5349 modo
3448 5311 3548 5366 ap-

1963 5384 2200 5451 pellaret.
2257 5386 2302 5439 0
2330 5388 2629 5441 miseranda
2672 5386 2906 5442 Arabum
2956 5386 3237 5456 ingluvies,
3277 5401 3395 5454 qua:
3440 5403 3547 5445 non

1960 5476 2136 5529 solum
2184 5476 2439 5545 quasdam
2496 5479 2908 5546 pretiosissimas
2953 5492 3229 5531 sacrorum
3290 5479 3545 5533 Codicum

1963 5567 2214 5637 reliquias
2245 5568 2356 5623 fere
2396 5571 2772 5638 absumpsisti,
2826 5571 2919 5624 sed
2952 5570 3082 5622 alias
3107 5567 3248 5621 dono
3277 5568 3373 5625 Dei
3405 5586 3546 5640 pra:-

1961 5672 2201 5717 servatas
2232 5679 2421 5731 magna
2463 5666 2693 5735 caligine
2738 5665 3004 5718 involutas
3044 5662 3337 5731 reliquisti!
3374 5665 3548 5718 inten-

1960 5758 2094 5812 dens
2117 5758 2345 5812 obruere
2389 5773 2571 5813 sacras
2601 5757 2862 5821 basilicas,
2901 5771 2994 5810 cas
3024 5758 3330 5819 devastare,
3360 5756 3547 5809 civita-

1962 5860 2039 5905 tes
2070 5848 2402 5920 depopulari,
2450 5858 2505 5905 ct
2549 5848 2735 5919 nostri
2766 5850 2898 5904 ritus
2937 5846 3251 5903 utetnoriam
3295 5846 3539 5907 abolere.
