4044 6382
433 316 508 374 93
1249 304 1670 362 FttANCISCUS
1708 297 2058 359 ANTONIUS
2096 296 2507 354 LORENZANA
2546 280 2860 355 Lucrum.
3621 299 3701 359 at

435 432 774 492 dubitationis
800 440 857 487 et
882 424 1285 499 disceptationis
1323 424 1609 481 materiem
1636 420 1840 477 criticis
1889 430 2013 473 neo-
2041 413 2093 473 Δ
2120 413 2359 481 spiculum
2387 425 2468 469 est
2500 415 2858 469 testimonium
2887 411 3109 483 epistola
3134 412 3308 469 Caroli
3340 413 3521 483 Calvi.
3546 414 3706 486 cuitu

436 527 612 584 tericis
640 521 955 578 ministrasti
984 521 997 574 ε

507 616 783 672 Perierunt
807 628 936 667 sane
964 611 1126 665 multa
1155 609 1337 665 Isidori
1364 622 1558 677 opera;
1582 605 1678 660 sed
1708 617 1815 657 non
1838 599 2015 655 omnia

434 713 724 777 depascere
760 708 929 776 potuit
966 707 1051 761 illa
1081 705 1334 761 smvities.
1378 704 1696 758 lnterierunt
1734 713 1918 768 magna
1948 712 2017 752 ex

439 808 587 871 parte
615 800 809 856 Juliaui
840 798 1072 867 episcopi
1098 795 1338 851 Toletani
1362 794 1594 862 s'c’ripta;
1623 790 1714 845 sed
1746 790 1862 856 ejus
1889 802 2018 854 apo-

434 893 570 961 logia
620 906 716 961 pro
763 890 928 945 tribus
967 888 1277 943 substantiis
1312 886 1378 941 ad
1426 902 1536 939 sua:
1575 883 1883 937 orthodoxae
1920 880 2018 935 do-

434 983 619 1039 ctrina:
642 983 1001 1037 ostensionetu
1035 981 1263 1049 posteris
1289 978 1482 1031 intacta
1507 975 1783 1029 remansit.
1812 972 2019 1028 Pariter

435 1090 598 1144 opera
624 1072 841 1143 Eugenii
871 1073 931 1138 ll,
957 1070 1192 1141 episcopi
1213 1068 1475 1131 Toletani,
1502 1066 1742 1122 versibus
1765 1073 1819 1119 et
1844 1064 2017 1118 soluta

436 1165 711 1229 oratione;
746 1164 978 1218 Itontani
1017 1163 1286 1229 epiS'olte;
1317 1170 1371 1215 et
1406 1159 1507 1214 alia
1539 1158 1789 1214 nonnulla
1820 1156 2014 1211 Gotho-

435 1274 553 1314 rum
577 1257 789 1310 Patrum
814 1264 935 1309 ante
958 1256 1261 1309 Maurorum
1285 1252 1629 1317 irruptionem
1652 1256 2018 1312 monuments,

433 1361 622 1401 eorum
659 1344 979 1409 facundiam,
1009 1345 1466 1412 congruentioretn
1496 1354 1735 1403 sensum,
1770 1340 1823 1393 in
1851 1341 2020 1393 inter-

436 1438 706 1507 pretandis
749 1435 1038 1504 Scripturis
1079 1434 1515 1496 unilormitatem,
1558 1441 1609 1485 et
1649 1430 1764 1484 sedi
1802 1437 2019 1498 aposto-

434 1529 552 1585 lica:
604 1518 956 1582 rewrentiam
1005 1527 1134 1578 satis
1186 1524 1492 1577 ostendunt.
1553 1522 1726 1576 Etiam
1783 1530 2027 1588 tempore

435 1620 806 1676 ﬂabunii-ﬁcte
845 1615 1161 1684 captivitatis
1210 1615 1414 1667 litteras
1452 1613 1551 1667 sub
1594 1612 1809 1679 optimis
1850 1610 2020 1679 magi.

436 1711 565 1766 stris
607 1709 845 1763 nonnulli
874 1708 1193 1768 didicerunt,
1226 1706 1347 1760 lidei
1388 1704 1668 1773 prmceptis
1708 1703 1893 1758 imbuti
1924 1718 2023 1773 pro

2121 504 2277 558 verba
2305 504 2454 558 alteri
2474 506 2540 559 cl.
2568 504 2837 566 Mabillon,
2869 504 2921 558 in
2946 513 3173 558 tractatu
3195 504 3260 559 de
3288 505 3554 573 Liturgia;
3578 522 3706 563 nam

2117 610 2237 649 cum
2300 596 2353 649 in
2404 596 2544 665 regis
2593 594 2872 664 praesentia
2925 595 3253 664 peregissent
3303 609 3708 653 sacrosanctum

2119 686 2297 741 missa:
2340 686 2657 740 sacrilicium
2698 687 2911 755 quidam
2952 687 3261 743 sacerdmes
3302 686 3531 754 Hispani.
3559 700 3713 758 post-

2118 793 2276 848 quam
2302 778 2435 832 Galli
2466 778 2752 846 amplexati
2784 789 2935 831 erant
2974 776 3149 833 Ritum
3181 778 3477 835 Romanum
3508 795 3539 833 a
3569 790 3713 837 totu-

2122 870 2336 937 poribus
2390 868 2593 938 Pipini,
2646 884 2705 924 se
2756 870 2955 925 vidisse
3001 871 3158 925 ritum
3214 884 3434 924 avorum
3486 885 3711 928 suorum

2120 971 2343 1015 testatus
2372 969 2473 1016 est.
2609 1026 2613 1031 .
2778 1018 2783 1023 λ

2191 1052 2373 1119 Quoad
2404 1053 2636 1107 ofﬁcium
2667 1054 3015 1122 canonicum,
3053 1068 3147 1111 seu
3177 1054 3506 1110 Breviariutn
3541 1057 3715 1114 Isido-

2122 1144 2360 1211 rianum,
2394 1146 2631 1214 priorum
2662 1147 2981 1201 saeculorum
3009 1148 3298 1215 penetralia
3333 1163 3437 1203 non
3463 1164 3600 1220 opus
3627 1161 3716 1207 est

2124 1240 2474 1304 perscrutari;
2526 1253 2698 1308 neque
2745 1239 2812 1294 ad
2854 1240 3306 1310 comprobandum
3356 1243 3612 1298 unitatem
3659 1254 3716 1300 et

2120 1329 2547 1385 conlormitatem
2585 1346 2706 1386 cum
2751 1340 3055 1399 pervetusto
3096 1331 3343 1387 Romano
3384 1334 3579 1389 scrinia
3627 1352 3719 1391 ar-

2122 1421 2415 1475 cltiviorum
2456 1422 2733 1487 evolvere;
2777 1422 2967 1477 iisdem
3010 1437 3239 1493 namque
3281 1423 3427 1479 horis
3470 1436 3715 1493 constat;

2122 1525 2176 1569 et
2205 1515 2249 1569 si
2290 1531 2533 1570 auroram
2565 1517 2848 1585 adjiciunt,
2888 1518 2938 1571 id
2976 1518 3214 1587 proiecto
3243 1519 3424 1589 primis
3462 1521 3718 1578 Ecclesia:

2123 1607 2332 1659 seculis
2368 1605 2618 1660 usitatum
2649 1606 2913 1672 videmus,
2959 1607 3012 1661 in
3053 1608 3245 1677 quibus
3274 1610 3458 1665 ﬁdeles
3497 1611 3564 1665 ad
3608 1614 3716 1680 pri-

2125 1697 2299 1752 mitias
2326 1697 2456 1753 lucis
2486 1698 2595 1751 Deo
2623 1698 3021 1768 persolvendas,
3056 1700 3206 1755 initio
3234 1710 3439 1755 aurora:
3467 1717 3719 1773 assurge-

436 1801 617 1871 patulo
652 1799 1031 1863 dot'ebant,.et
1060 1812 1240 1857 coram
1282 1768 1497 1864 regibus
1528 1768 1939 1863 proﬁtebantur,
1964 1804 2020 1850 ut
2054 1768 2099 1826 Β
2129 1792 2273 1844 bant.
2328 1790 2407 1847 Ad
2454 1790 2695 1847 ordinem
2745 1800 2922 1846 autem
2970 1792 3110 1866 quod
3159 1802 3400 1862 spectat,
3463 1768 3717 1852 succes-u

432 1890 630 1946 accidit
671 1890 823 1942 beato
868 1888 1087 1955 Eulogio
1127 1888 1298 1942 electo
1338 1886 1587 1956 episcopo
1619 1886 1895 1953 Toletano,
1928 1886 2025 1956 qui

436 1999 543 2037 non
586 1983 757 2036 solum
797 1998 888 2035 sua
931 1980 1173 2051 apolttgia
1217 1990 1506 2049 martyrum
1543 1980 1897 2035 constantiam
1933 1980 2023 2034 de-

434 2072 633 2134 fendit,
676 2075 768 2128 sed
819 2088 1005 2131 eorum
1058 2078 1189 2127 Acta
1234 2088 1329 2124 suo
1377 2070 1669 2125 Memoriali
1715 2072 2021 2133 illustravit,

433 2165 746 2235 gentilicum
790 2164 1020 2221 furorem
1065 2177 1169 2217 non
1212 2162 1617 2232 pertimescens,
1658 2176 1861 2229 suoque
1898 2176 2022 2215 san-

434 2258 594 2327 guine
626 2257 843 2309 ﬁrmans
866 2256 915 2310 id
932 2255 1073 2329 quod
1096 2255 1261 2312 corde
1280 2254 1533 2311 credebat
1558 2253 1624 2308 ad
1658 2254 1946 2323 justitiam,
1973 2263 2028 2309 et

434 2363 530 2405 ore
553 2346 907 2404 confitebatur
928 2349 993 2402 ad
1024 2350 1271 2407 salutem.

506 2440 757 2496 Nostrum
802 2441 1098 2493 iustitutum
1143 2440 1330 2509 majori
1377 2443 1752 2509 perSpicuttate
1790 2440 2028 2496 elucide-

439 2546 581 2588 mus.
611 2533 725 2586 Non
753 2534 1045 2586 asserimus
1073 2530 1357 2586 Gotlticum
1390 2534 1545 2589 ritttm
1577 2535 1809 2604 quinque
1842 2536 2030 2603 priori-

437 2625 536 2679 bus
565 2624 819 2678 Ecclesiaa
846 2622 1056 2679 sarculis
1083 2624 1331 2678 eumdem
1363 2626 1413 2679 in
1443 2618 1689 2681 omnibus
1716 2627 1881 2681 srcris
1910 2643 2028 2696 pre-

438 2718 590 2772 cibus
637 2717 801 2771 luisse
847 2731 969 2772 cum
1017 2716 1291 2781 Romano;
1343 2718 1435 2771 sed
1478 2718 1701 2786 origine,
1757 2728 1809 2773 et
1857 2720 2030 2787 quoad

434 2809 821 2873 substantiam,
869 2818 925 2863 ut
973 2809 1142 2860 innuit
1187 2808 1332 2860 card.
1384 2810 1525 2863 Bona
1569 2808 1722 2880 (Lib.
1776 2825 1791 2862 ι
1844 2809 2031 2864 Rerum

437 2900 639 2969 liturg.,
671 2914 788 2967 cap.
818 2898 873 2962 7,
902 2914 1041 2950 num.
1072 2896 1104 2949 5
1124 2900 1160 2966 ),
1193 2897 1441 2953 videlicet
1483 2900 1800 2952 sacrilicium
1843 2900 2029 2955 iisdem

438 2991 677 3062 partibus
692 2989 1129 3044 Substantialibus
1143 3000 1437 3055 constasse,
1453 2991 2027 3056 consecrationc,obla-

440 3080 606 3145 tione,
637 3090 691 3134 et
729 3081 1052 3148 sumptione,
1099 3081 1217 3134 licet
1256 3082 1596 3135 occidentalis
1638 3082 1770 3135 ordo
1812 3098 2025 3150 precum

442 3182 549 3226 tam
581 3172 630 3225 in
665 3170 812 3226 Italia
843 3188 998 3243 quam
1030 3178 1080 3227 in
1115 3173 1361 3240 lliSpania
1394 3182 1559 3227 tractu
1589 3176 1843 3243 temporis
1870 3175 2028 3230 fuerit

441 3262 771 3317 immutatus.
815 3264 921 3318 Nec
966 3265 1311 3318 immutantur
1351 3265 1401 3317 in
1443 3263 1749 3319 susdnenda
1780 3266 2029 3335 opinione

438 3352 675 3423 Caietaui
715 3340 909 3418 Cenni,
943 3354 1053 3422 qui,
1099 3354 1319 3422 loquens
1345 3354 1409 3409 de
1438 3356 1595 3411 missa
1626 3372 1745 3427 qnte
1791 3366 2031 3427 tempore

440 3450 610 3504 sancti
636 3449 817 3502 lsiduri
845 3450 895 3503 in
921 3450 1167 3516 llispania
1191 3450 1579 3516 celebrabatur,
1602 3454 1670 3504 ita
1694 3452 1765 3506 ait
1786 3452 1955 3521 (Tom.
1978 3452 2029 3517 I,

442 3543 568 3594 diss.
593 3554 857 3601 \‘tl,num.
891 3541 977 3606 ιθ)
1012 3558 1025 3593 :
1062 3540 1223 3593 Plane
1250 3542 1359 3609 ejus
1389 3544 1672 3609 simillima,
1705 3561 1859 3612 quam
1890 3546 2033 3600 divus

442 3630 630 3689 Petrus
660 3634 917 3694 instituit;
945 3632 1081 3701 quod
1099 3633 1143 3684 si
1172 3631 1449 3685 admodum
1475 3633 1671 3687 diversa
1701 3651 1807 3688 esse
1837 3636 2035 3689 videtur

441 3740 473 3779 α
503 3722 734 3777 Romana
765 3725 996 3790 antiqua,
1031 3725 1198 3793 ecquis
1221 3742 1287 3777 an
1315 3727 1504 3778 nesciat
1528 3743 1559 3779 a
1590 3726 1776 3793 Leone,
1806 3727 2032 3796 thusio,

446 3812 692 3886 Gregorio
723 3817 789 3868 ad
828 3832 942 3869 eam
974 3819 1189 3885 fortnam
1227 3816 1526 3885 perductam
1565 3834 1692 3881 esse,
1732 3834 1847 3887 quae
1887 3820 2037 3875 hodie

443 3913 668 3977 obtinet?
710 3910 785 3964 De
828 3910 1053 3977 llispana
1088 3926 1213 3962 vero
1251 3924 1408 3965 secus
1437 3920 1561 3966 est:
1604 3910 1823 3965 Nullum
1852 3916 2036 3985 quippe

443 4021 507 4062 ea:
550 4004 708 4062 trium
755 4002 1053 4072 pontiﬁcum
1103 4001 1525 4057 Sacrantentariis
1571 4019 1684 4056 eam
1730 4006 1903 4069 novit;
1947 4008 2037 4060 sed

444 4112 598 4164 quam
628 4096 768 4164 prius
797 4096 1001 4148 missam
1031 4111 1060 4146 tt
1089 4105 1264 4152 sancta
1293 4096 1412 4149 setle
1437 4096 1650 4166 accepit,
1680 4098 1810 4151 lianc
1837 4098 2037 4169 Hespe-

442 4191 523 4244 ria
550 4202 723 4242 nostra
754 4188 1082 4239 conservavit.

515 4290 665 4345 Sicut
688 4292 738 4344 in
764 4288 1091 4343 naturalibus
1114 4288 1259 4358 prius
1281 4297 1360 4343 est
1384 4288 1549 4353 nasci,
1572 4299 1751 4352 postea
1771 4304 2034 4359 crescere,

444 4392 499 4439 et
526 4381 715 4436 ultimo
745 4378 953 4447 perlici;
988 4379 1057 4432 ita
1087 4380 1138 4432 in
1171 4378 1335 4437 sacris
1363 4380 1707 4435 conﬁciendis
1740 4382 1883 4448 prior
1905 4384 2039 4438 ordo

2126 1881 2381 1948 temporis
2420 1885 2648 1935 varietas
2690 1881 2901 1936 inducta
2940 1884 3284 1954 conspicitur,
3322 1886 3511 1954 partim
3543 1900 3573 1939 a
3604 1901 3722 1941 mo-

2128 1977 2311 2031 nacltis
2354 1976 2707 2046 descendens,
2756 1979 2945 2047 partim
2991 1989 3209 2049 propter
3246 1980 3583 2035 devotionem
3622 1996 3723 2037 au-

2125 2071 2374 2141 gendam,
2405 2070 2553 2139 quasi
2584 2070 2824 2125 dicamus
2854 2080 3063 2139 auctus,
3097 2084 3151 2125 et
3186 2071 3537 2140 locupletatus
3567 2087 3722 2129 sacer

2128 2162 2280 2226 ritus,
2313 2169 2367 2215 et
2393 2176 2420 2212 a
2450 2163 2673 2215 summis
2706 2162 3042 2228 pontiﬁcibus
3072 2163 3373 2230 adaptatus.

2199 2252 2329 2307 Cum
2368 2253 2527 2320 igitur
2566 2256 2615 2307 in
2648 2253 2906 2308 Psalterio
2937 2252 3225 2309 lsidoriano
3254 2254 3722 2310 commendatissi-

2131 2360 2269 2399 mam
2291 2345 2585 2399 versionem
2609 2365 2617 2378 ι
2637 2354 2835 2399 etcrem
2854 2345 3085 2399 Italicam
3107 2346 3416 2408 habeamus,
3434 2345 3721 2403 etaliunde

2131 2438 2183 2491 in
2208 2438 2313 2493 line
2340 2437 2615 2505 enjuslibet
2643 2439 2829 2506 psalmi
2854 2439 3059 2493 dicatur
3080 2437 3259 2492 Gloria
3286 2447 3333 2493 et
3358 2438 3522 2492 honor
3551 2437 3721 2506 Patri,

2131 2540 2176 2581 ct
2210 2527 2366 2593 Filio,
2409 2538 2454 2581 et
2494 2528 2711 2598 Spiritui
2751 2540 2947 2595 sancto,
2988 2528 3139 2599 juxta
3182 2531 3464 2585 articulum
3499 2532 3563 2585 Η
3592 2546 3725 2585 con-

2132 2624 2222 2678 cil.
2260 2639 2317 2677 ttt
2348 2624 2619 2690 Toletani,
2667 2624 2717 2677 in
2762 2624 2880 2678 ﬁdei
2921 2625 3273 2692 professione,
3315 2637 3367 2681 et
3410 2640 3616 2680 canone
3661 2626 3731 2681 15

2132 2716 2322 2770 concil.
2367 2731 2435 2781 tv,
2478 2716 2703 2785 prmside
2752 2727 2939 2770 sancto
2988 2716 3208 2783 Isidoro,
3252 2717 3529 2773 dubitandi
3578 2718 3730 2773 locus

2134 2827 2237 2865 non
2269 2821 2380 2875 est,
2414 2826 2580 2875 usque
2610 2810 2675 2864 ad
2715 2818 2951 2878 tempora
2994 2810 3142 2865 card.
3190 2810 3416 2867 Xitnenii
3463 2812 3729 2879 integrum

2134 2912 2186 2957 ct
2210 2904 2409 2971 absque
2435 2903 2539 2955 ulla
2570 2901 2902 2956 substantiali
2930 2902 3223 2955 mutatione
3250 2902 3599 2969 perdurasse;
3631 2918 3731 2957 uec

2134 3010 2249 3047 eam
2281 2995 2531 3048 inducere
2561 3010 2714 3061 posse
2741 2993 3057 3049 festivitates
3082 2995 3387 3063 desumptas
3412 3009 3443 3050 a
3468 2995 3732 3051 cardinali

2137 3087 2385 3142 Xitnenio
2433 3103 2495 3141 ex
2552 3090 2656 3141 ritu
2706 3088 2924 3157 antiquo
2969 3088 3261 3152 Toletano,
3302 3088 3461 3156 cujus
3517 3088 3731 3149 Mi~sale

2086 3169 2103 3189 ⁴
2136 3188 2317 3247 postea
2344 3178 2482 3249 typis
2507 3179 2788 3233 ediderunt
2815 3179 3114 3233 cardinales
3144 3178 3379 3235 Ioannes
3404 3180 3471 3235 de
3494 3180 3724 3249 'l'averaI

2130 3279 2184 3327 et
2214 3270 2467 3325 Martiuez
2497 3270 2713 3335 Siliceo,
2746 3282 2870 3325 ante
2900 3272 3288 3330 correctionem
3319 3272 3397 3325 Pii
3432 3272 3494 3327 V.

2201 3362 2532 3420 Psalmorum
2558 3378 2710 3418 usum
2726 3379 2844 3417 cum
2868 3372 3023 3419 cantu
3041 3365 3089 3418 in
3112 3364 3392 3433 principio,
3413 3374 3487 3430 et,
3506 3364 3725 3434 quando

2137 3453 2211 3506 illi
2237 3464 2358 3505 sunt
2387 3451 2675 3518 longiores,
2702 3469 2819 3505 cum
2841 3470 3000 3518 pansa
3020 3453 3297 3522 aliquoties
3313 3453 3453 3509 circa
3469 3455 3726 3507 medieta-

2136 3552 2240 3596 tem
2269 3543 2437 3613 (quod
2464 3543 2754 3610 diapsalma
2787 3545 3069 3609 vocabant,
3099 3556 3157 3598 ut
3186 3546 3383 3598 dictum
3412 3549 3535 3613 est),
3566 3555 3730 3602 :etate

2133 3636 2299 3691 sancti
2350 3634 2540 3689 lsidori
2588 3634 2781 3700 luisse,
2834 3637 2972 3692 sicut
3020 3638 3292 3707 apparebit
3337 3639 3390 3691 in
3440 3636 3724 3703 Psalterio,

2137 3738 2291 3798 prout
2334 3730 2384 3783 in
2432 3735 2764 3797 autographa
2800 3745 2829 3784 a
2874 3730 3028 3785 nobis
3070 3730 3216 3785 edito
3255 3738 3451 3797 exstat,
3496 3729 3728 3799 ipsetnt-t

2136 3831 2353 3877 sanctus
2385 3822 2572 3876 doctor
2620 3822 2952 3876 demonstrat
2992 3822 3146 3894 (Lib.
3181 3840 3196 3878 ι
3237 3826 3301 3877 de
3343 3822 3501 3876 divin.
3543 3822 3727 3890 0,]ἱικ,

2136 3932 2249 3985 cap.
2290 3916 2338 3979 I,
2372 3916 2400 3986 §
2439 3916 2489 3979 I,
2517 3916 2577 3968 de
2608 3916 2862 3983 psalmis),
2890 3916 2972 3972 his
3004 3917 3217 3971 verbis:
3244 3916 3465 3987 Propter
3493 3919 3727 3970 carnales

2137 4015 2305 4058 antem
2334 4006 2385 4058 in
2420 4006 2670 4071 Ecclesia,
2716 4024 2814 4061 non
2846 4019 3053 4077 propter
3081 4008 3371 4078 spirituales
3411 4010 3727 4061 consuetudo

2137 4107 2209 4150 est
2234 4098 2462 4151 instituta
2489 4100 2736 4163 canendi;
2762 4108 2815 4151 ut
2840 4101 2960 4169 quia
2985 4099 3143 4153 verbis
3166 4117 3267 4153 non
3289 4109 3724 4170 compungnntur,

2138 4192 2381 4244 suavitate
2397 4190 2759 4245 modulaminis
2776 4204 3135 4248 moveantur...
3158 4210 3274 4246 nam
3293 4195 3345 4247 in
3382 4194 3507 4261 ipsis
3543 4194 3725 4263 (juxta

2139 4282 2528 4352 Augustinum)
2581 4282 2724 4336 dictis
2770 4285 2959 4337 sanctis
3025 4285 3312 4354 religiosius
3364 4294 3409 4339 et
3464 4286 3727 4339 ardentius

2140 4385 2399 4425 moventur
2424 4374 2581 4427 animi
2611 4374 2772 4427 nostri
2799 4374 2866 4426 ad
2889 4376 3149 4443 ﬂammam
3178 4378 3377 4447 pietatis
3404 4392 3518 4431 cntn
3549 4388 3729 4430 canta.

443 4472 514 4526 ab
549 4471 837 4539 apostolica
873 4471 1000 4524 sede
1040 4481 1215 4534 natus,
1261 4481 1439 4538 postea
1477 4474 1668 4543 crevit,
1705 4487 1767 4527 ac
1806 4475 2031 4543 denique
2065 4480 2111 4539 ο
2140 4472 2243 4526 tur,
2270 4480 2422 4531 quam
2453 4463 2493 4515 si
2526 4479 2625 4515 non
2656 4471 2905 4519 cantetur.
2941 4464 3129 4518 Omnes
3157 4466 3291 4519 enim
3319 4465 3535 4535 affecms
3565 4469 3727 4520 nostri

444 4564 716 4635 perlectus
736 4574 838 4617 εει.
862 4562 1118 4617 Gotbicus
1141 4563 1272 4616 ritus
1289 4563 1437 4631 jttttta
1466 4563 1720 4618 lsidorum
1745 4566 2030 4623 admodum

445 4654 637 4715 similis
679 4654 954 4716 Romano;
998 4653 1115 4706 loco
1155 4654 1295 4711 enim
1336 4654 1579 4719 superius
1618 4654 1776 4709 citato
1813 4657 1980 4726 inquit
2017 4677 2029 4711 :

449 4743 654 4812 Septem
680 4760 786 4798 esse
807 4743 1062 4795 orationes
1085 4742 1323 4811 sacriﬁcii
1350 4743 1635 4813 evangelica
1656 4748 2035 4817 apostolicaque

447 4836 682 4891 doctrina
708 4835 1109 4897 commendatus,
1138 4844 1180 4885 et
1208 4834 1439 4887 eumdem
1469 4837 1618 4895 ritum
1649 4835 1701 4887 in
1731 4836 1886 4895 missa
1918 4836 2033 4891 Μο-

449 4927 684 4987 zarabictt
711 4928 936 4981 videmus
973 4928 1120 4989 hodie
1148 4929 1359 4985 servari.
1396 4926 1456 4979 In
1488 4930 1672 4997 prima,
1704 4944 1819 5000 qnw
1846 4932 2035 4985 dicitur

447 5036 617 5085 mssa,
647 5022 704 5088 Iit
730 5021 1011 5073 admonitio
1037 5022 1104 5073 ad
1132 5020 1410 5089 populum;
1441 5024 1491 5075 in
1513 5026 1755 5087 secunda,
1786 5026 2032 5080 invocatio

447 5131 536 5167 seu
567 5113 854 5183 deprecatio
878 5113 946 5165 ad
977 5111 1175 5176 Deum;
1204 5114 1257 5164 in
1290 5115 1459 5178 tertia,
1502 5116 1745 5185 inscripta
1772 5132 1898 5169 POST
1940 5134 2033 5174 m-

450 5222 597 5271 MINA,
624 5222 719 5273 pro
741 5202 1067 5271 o/ferentibus
1092 5205 1347 5268 moralia;
1372 5206 1423 5258 in
1452 5216 1651 5275 quarta,
1686 5210 1754 5259 ntl
1784 5224 1958 5275 pacem
1987 5219 2032 5263 et

450 5299 728 5359 unitatem;
750 5296 803 5349 in
819 5296 1017 5365 quinta,
1043 5296 1342 5353 contestatio
1366 5313 1453 5351 seu
1480 5297 1644 5359 illatio
1667 5314 1759 5366 pro
1780 5297 1926 5354 donis
1948 5316 2033 5352 ac-

452 5388 645 5453 ceptis;
673 5389 727 5440 in
755 5395 899 5444 sexta
930 5400 1055 5440 vosr
1084 5401 1260 5440 Palma
1288 5387 1693 5453 conformitatcm
1719 5405 1833 5442 cum
1862 5407 2031 5445 sacra-

451 5486 648 5539 mento;
692 5487 743 5532 et
781 5480 833 5531 in
870 5480 1106 5548 septima,
1147 5479 1215 5530 ad
1251 5478 1532 5533 orationem
1575 5479 1910 5543 Dontinic‘am.
1955 5484 2030 5538 Ex

453 5569 645 5637 quibus
672 5586 790 5625 cum
832 5573 1088 5626 cardinali
1135 5572 1275 5625 Bona
1318 5587 1422 5624 non
1462 5571 1649 5626 leviter
1696 5582 2033 5630 autumamus

456 5661 613 5725 ritum
648 5662 698 5714 in
737 5661 912 5730 Africa
951 5674 1003 5716 et
1044 5662 1229 5719 Galliis
1266 5662 1492 5717 similem
1534 5662 1695 5719 fuisse
1733 5663 1805 5718 illi
1846 5667 1937 5736 qui
1980 5666 2031 5721 itt

456 5751 705 5826 lliSpattia
743 5753 1105 5817 Mozarabictts
1143 5756 1313 5812 dictus
1349 5762 1463 5820 est;
1506 5762 1558 5811 ct
1591 5753 1659 5815 de
1689 5754 1872 5819 Galliis
1914 5773 2027 5828 per-

2136 4559 2341 4626 (rursus
2375 4556 2627 4625 lsidorus)
2661 4573 2751 4623 pro
2779 4573 3019 4610 sonorum
3045 4558 3350 4623 diversitate,
3384 4562 3460 4612 vel
3486 4562 3724 4625 novitate,

2136 4653 2302 4703 nescio
2332 4668 2430 4720 quo
2464 4654 2663 4703 occulta
2699 4652 3046 4719 familiaritate
3082 4654 3365 4706 excitantur
3396 4654 3581 4723 magis,
3612 4670 3727 4706 cunt

2133 4744 2273 4794 suavi
2303 4754 2347 4796 et
2379 4743 2658 4809 artiﬁciosa
2688 4759 2805 4796 voce
2834 4754 2946 4796 rant
2967 4752 3090 4797 :tur.

2210 4834 2537 4903 llytnnorum
2612 4835 2937 4888 mentionem
2988 4836 3107 4888 facit
3174 4847 3391 4889 sanctus
3434 4836 3621 4893 ductor
3670 4840 3720 4893 iu

2137 4928 2375 4993 sequenti
2427 4927 2477 4995 §,
2515 4928 2711 4993 primos
2750 4942 2933 4979 eorum
2981 4928 3365 4995 compositores
3408 4945 3716 4996 recensens,

2136 5019 2390 5073 Hilarium
2420 5017 2620 5073 scilicet
2648 5010 2954 5084 episcopum
2998 5017 3389 5073 Pictavieusent
3416 5019 3716 5088 eloquentia

2133 5112 2497 5179 conspicuum,
2536 5120 2589 5165 et
2640 5109 2973 5167 Ambrosium
3038 5109 3514 5172 lllediolaneusem,
3550 5126 3715 5177 quem

2132 5206 2303 5269 virum
2346 5218 2548 5271 magna:
2594 5201 2775 5275 gloria:
2802 5203 2851 5255 in
2880 5201 3091 5261 Christo
3140 5211 3322 5265 vocat,
3358 5199 3714 5254 clarissimum

2132 5296 2406 5350 doctorem
2462 5295 2513 5347 itt
2572 5295 2830 5357 Ecclesia,
2872 5301 2924 5346 et
2977 5293 3029 5347 in
3073 5290 3371 5361 bujusmodi
3420 5289 3717 5345 carminum

2136 5391 2522 5461 compositione
2565 5390 2836 5457 cupiosutn
2866 5404 2881 5455 ;
2918 5399 3070 5457 atque
3098 5389 3235 5452 inde,
3266 5401 3329 5440 ea:
3362 5387 3471 5456 ejus
3493 5384 3717 5448 nomine,

2134 5484 2308 5555 hymni
2334 5480 2655 5539 Ambrosiam
2677 5481 3039 5549 appellantur;
3069 5489 3115 5532 et
3141 5486 3251 5550 ejus
3279 5477 3585 5539 celebritatis
3623 5478 3685 5528 de
3711 5504 3722 5515 ο

2136 5577 2269 5627 ratio
2286 5576 2501 5641 primum
2527 5572 2577 5625 in
2605 5569 2831 5625 Ecclesia
2856 5568 2905 5621 Μ
2914 5569 3245 5633 ediolanensi,
3271 5578 3443 5635 pbstea
3462 5582 3549 5638 per
3570 5565 3722 5618 totius

2140 5666 2425 5718 Occidentis
2460 5662 2711 5717 Ecclesias
2755 5662 3067 5715 observatur.
3093 5660 3241 5714 Nunc
3271 5660 3431 5731 igitur
3467 5660 3721 5717 lecturum

2136 5772 2439 5834 exoramus,
2460 5766 2516 5812 ut
2536 5757 2718 5814 orulos
2748 5755 2812 5810 ad
2841 5756 3064 5829 hymnos
3095 5753 3373 5826 prrcsentis
3398 5754 3531 5810 ritus
3562 5751 3717 5812 lsido-
