4044 6382
260 387 330 447 35
1078 374 1499 435 FRANCISCUS
1536 372 1881 430 ANTONIUS
1923 370 2331 429 LORENZANA
2376 371 2692 428 LECTORI.
3445 370 3516 430 Ωϐ

257 498 387 557 risui
413 501 707 560 convertat,
739 501 794 549 et
820 491 1059 555 eosdem,
1089 506 1222 561 quos
1243 499 1462 545 sanctus
1490 488 1722 544 Isidorus
1748 501 1836 540 re-
1860 486 1911 546 Α
1937 484 2132 543 etenim
2160 485 2214 539 in
2254 485 2400 541 calce
2427 484 2591 539 nostri
2622 482 2837 539 Codicis
2867 497 2971 539 non
3002 484 3170 540 solum
3203 480 3363 541 horas
3406 501 3518 540 ma-

254 597 356 652 fert
382 591 591 648 recitari
617 588 946 657 comperiet;
975 595 1029 641 et
1049 585 1094 639 si
1136 583 1230 639 alii
1258 582 1621 645 inveniuntur,
1651 594 1681 634 a
1704 579 1834 633 Pru-

253 686 434 741 dentia
458 684 711 751 Hispano,
734 681 821 746 qui
850 679 1032 735 ﬂoruit
1057 678 1255 732 saeculo
1284 693 1356 741 tv,
1385 676 1836 741 lueruntcompo-

321 866 380 922 in
410 864 582 921 sancti
610 862 791 918 Jacnbi
822 863 1021 933 hymno
1044 859 1295 915 undecim
1333 857 1559 926 apostoti
1605 863 1839 910 tantum-

248 962 411 1015 modo
442 968 838 1018 enumerantur,
865 966 919 1010 et
938 955 1151 1008 silentio
1176 961 1378 1013 auctor,
1408 950 1522 1003 sive
1542 949 1839 1016 exscriptor

249 1052 415 1123 (quod
446 1049 788 1106 verisimilius
817 1051 946 1116 est),
980 1047 1170 1102 ludam
1198 1045 1527 1099 Thaddteum
1560 1038 1835 1111 pratterit:

249 1142 454 1196 vi‘desis
479 1142 750 1211 prologum
773 1138 1124 1208 expositionis
1159 1136 1211 1189 in
1244 1135 1618 1204 Apocalypsim
1662 1133 1835 1188 sancti

247 1232 402 1286 Beati
434 1232 805 1295 Lieban'ensis,
835 1244 1005 1297 nuper
1026 1244 1052 1280 a
1084 1229 1149 1282 Β.
1193 1226 1249 1281 Ρ.
1280 1226 1519 1279 Florezio
1564 1225 1615 1278 in
1664 1223 1838 1277 lucem

244 1322 430 1388 edita,
464 1322 559 1376 lib.
587 1337 654 1387 tt;
688 1332 786 1376 nec
812 1322 991 1375 statim
1018 1332 1364 1385 expavescas,
1392 1315 1485 1370 sed
1506 1315 1678 1381 potius
1703 1312 1843 1365 anti-

243 1414 503 1480 quitatem
528 1412 759 1478 mirare;
792 1421 911 1465 natn
929 1410 1054 1465 licet
1069 1407 1216 1463 card.
1248 1406 1524 1462 Ximenius
1547 1405 1597 1457 in
1616 1417 1844 1471 corpore

246 1502 437 1573 hymni
486 1504 625 1557 hunc
651 1502 918 1557 defectum
941 1500 1267 1568 suppleverit
1296 1496 1543 1553 addendo
1593 1506 1838 1549 sanctum

244 1591 598 1656 Thaddaaum,
630 1580 981 1659 similiterque
1012 1590 1168 1644 Pater
1192 1587 1465 1642 Florezius
1500 1587 1552 1641 in
1600 1583 1842 1652 margine

242 1682 577 1737 adnotaverit
595 1684 709 1738 haec
725 1682 885 1737 verba
902 1699 916 1735 :
936 1681 1317 1736 Prwtermiuus
1327 1679 1360 1733 J
1369 1682 1497 1735 udas
1510 1678 1695 1733 Thadd
1705 1694 1838 1743 atus;

242 1783 449 1841 tamen,
478 1774 522 1827 si
552 1773 874 1843 conjecturis
905 1772 985 1827 l‘as
1008 1782 1110 1837 est,
1138 1772 1471 1841 ignorantiae,
1502 1771 1681 1825 nimia:
1728 1770 1839 1839 pie-

248 1862 373 1925 tati,
403 1870 459 1917 et
482 1862 825 1930 exscriptoris
856 1864 983 1917 vitio
1008 1871 1249 1930 tempore
1275 1862 1642 1916 Mahutneticze
1669 1860 1839 1927 capti-

239 1952 431 2007 vitatis
461 1953 626 2009 debes
649 1964 876 2018 vertere,
903 1969 1010 2008 non
1043 1954 1313 2021 auctoris;
1352 1954 1441 2007 ille
1464 1953 1630 2020 enim,
1654 1968 1840 2008 errore

238 2053 461 2112 captus,
495 2046 670 2100 timuit
693 2045 782 2099 ubi
816 2060 921 2098 non
952 2054 1068 2099 erat
1097 2045 1278 2110 timor,
1310 2059 1378 2098 ne
1417 2054 1633 2099 sanctus
1671 2044 1839 2099 ludas

212 2146 375 2187 -cnm
407 2134 668 2188 traditore
708 2134 1143 2188 confunderetur.

1941 576 2135 630 tutinas
2170 585 2227 631 et
2262 576 2475 630 laudum
2525 575 2793 642 invenies,
2840 576 2933 630 sed
2976 577 3135 631 ctiam
3186 579 3411 649 hymnos
3449 578 3517 634 ad

1940 670 2162 739 primam
2193 669 2364 725 noctis
2392 670 2661 741 vigiliam;
2691 670 2757 723 ad
2800 670 2922 740 galli
2966 680 3201 755 cantum,
3229 672 3368 741 quod
3403 680 3519 727 erat

1939 766 2080 821 circa
2111 767 2340 821 medium
2373 766 2562 829 noctis,
2597 774 2650 819 et
2676 765 2940 834 pullorum
2968 775 3205 835 cantum,
3236 765 3375 833 quod
3406 774 3520 821 erat

1940 860 2081 914 circa
2127 868 2498 926 exsurgentem
2528 872 2776 912 auroram
2808 874 2823 923 ;
2871 856 3012 913 hunc
3055 856 3369 923 secundum,
3403 867 3461 912 ut
3491 874 3522 912 a

1940 952 2062 1019 galli
2086 961 2244 1006 cantu
2271 951 2459 1006 media:
2483 950 2652 1006 noctis
2678 952 3041 1011 discernerert
3095 951 3351 1021 hymnum
3405 950 3523 1020 pul-

1943 1043 2111 1099 lorum
2133 1051 2317 1099 cantus
2343 1044 2693 1113 appellabant.

2012 1135 2227 1205 Insuper
2250 1134 2331 1188 bis
2358 1134 2623 1189 addebant
2649 1135 2779 1187 alias
2804 1134 2984 1201 horas,
3017 1142 3071 1187 ut
3100 1133 3381 1188 duodecim
3414 1133 3521 1189 diet

1944 1226 1997 1281 in
2028 1226 2194 1281 sacris
2221 1225 2435 1297 hymnis
2464 1228 2815 1298 transigerent
2837 1227 2981 1294 juxta
3012 1228 3152 1280 illam
3172 1226 3379 1281 Domini
3428 1240 3525 1281 no-

1940 1316 2036 1369 stri
2108 1315 2233 1369 Jesu
2308 1314 2499 1369 Christi
2564 1318 2887 1371 sententiam
2936 1334 2950 1369 :
3006 1316 3193 1370 Nonne
3256 1316 3523 1371 duodecim

1940 1416 2061 1460 sunt
2084 1406 2223 1459 hora:
2249 1406 2390 1460 diei?
2430 1415 2485 1461 et
2503 1407 2659 1461 aliam
2702 1407 3005 1476 parabolatn
3034 1407 3226 1475 vincat,
3258 1407 3325 1463 ad
3364 1423 3522 1477 quam

1940 1496 2287 1553 excolendam
2318 1498 2593 1566 operarios
2621 1499 2876 1554 conduxit
2901 1515 3003 1553 non
3032 1500 3204 1554 solum
3236 1500 3301 1554 ad
3334 1500 3521 1555 horam

1943 1606 2161 1655 nonam,
2189 1591 2281 1645 sed
2312 1593 2470 1646 etiam
2500 1591 2565 1646 ad
2594 1591 2851 1645 decimam
2875 1603 2924 1647 et
2957 1593 3313 1657 undecimam,
3337 1601 3395 1647 ut
3421 1592 3524 1647 mi-

1942 1681 2093 1736 nistri
2116 1680 2323 1735 Domini
2349 1681 2737 1736 meditarentur
2758 1681 2809 1735 in
2836 1682 2951 1752 lege
2975 1680 3091 1750 ejus
3124 1682 3210 1737 die
3244 1695 3305 1735 ac
3346 1692 3523 1745 nocte,

1942 1782 1996 1827 et
2023 1772 2184 1826 cultui
2215 1771 2395 1826 divino
2424 1780 2695 1828 vacarent.
2723 1772 2804 1829 Ob
2829 1772 2966 1826 hanc
2996 1772 3255 1829 rationem
3284 1772 3523 1843 perleges

1944 1865 2173 1939 hymnos
2195 1864 2261 1919 ad
2302 1865 2427 1934 galli
2476 1874 2689 1920 cantum
2729 1865 2870 1919 circa
2918 1863 3147 1918 mediam
3198 1872 3429 1927 noctem,
3458 1861 3527 1915 ad

1941 1956 2204 2029 pullorum
2237 1967 2449 2012 cantum
2478 1960 2618 2012 circa
2648 1956 2853 2010 initium
2882 1954 3149 2023 surgentis
3186 1968 3409 2017 aurorae,
3458 1951 3525 2005 ad

1942 2050 2165 2115 primam
2193 2047 2312 2101 Jam
2336 2049 2462 2126 lucis
2491 2059 2600 2101 orto
2621 2047 2804 2113 sidere,
2836 2048 2899 2101 ad
2931 2047 3139 2100 tertiam
3171 2044 3309 2099 circa
3340 2044 3524 2097 horam

1942 2140 2046 2195 diei
2093 2155 2314 2205 nonam,
2346 2139 2412 2193 ad
2461 2149 2705 2209 quartam
2749 2141 2888 2195 circa
2928 2140 3110 2193 horam
3154 2137 3435 2201 decimam,
3462 2138 3527 2190 ad

308 2224 600 2291 Inpradato
614 2224 802 2279 Psaltet
816 2224 867 2277 io
880 2224 998 2278 mict'
1010 2241 1105 2292 pro
1122 2225 1479 2291 milti,macina
1496 2242 1589 2292 pro
1604 2224 1853 2278 machina.
1940 2241 2145 2288 sextam
2172 2234 2311 2286 circa
2334 2230 2727 2297 duodecimam,
2756 2232 2823 2287 ad
2861 2233 3138 2301 septimam
3170 2232 3310 2285 circa
3343 2230 3527 2284 horam

231 2324 460 2378 semper
486 2313 773 2379 scribitur;
823 2315 1098 2383 aliquoties
1147 2318 1176 2368 ὁ
1218 2332 1312 2384 pro
1339 2333 1384 2380 ν,
1418 2318 1498 2370 vel
1540 2332 1571 2370 e
1606 2328 1785 2372 contra
1813 2361 1829 2384 ,

231 2403 398 2474 Joscp
445 2420 542 2473 pro
572 2404 798 2476 Ioseph;
826 2408 964 2473 Amp
994 2426 1087 2473 pro
1109 2411 1303 2478 Asuph,
1337 2420 1569 2478 tropeum
1605 2427 1701 2481 pro
1729 2423 1837 2466 tro-

233 2497 467 2565 plueum,
494 2508 549 2550 et
574 2496 674 2550 alia
704 2498 786 2552 his
812 2499 1105 2564 simillima,
1137 2504 1594 2569 prauertnittendo
1629 2506 1831 2573 aspira-

236 2588 500 2642 rationetn
548 2589 739 2643 littera:
770 2591 823 2653 It,
851 2592 1118 2657 reperies;
1152 2601 1207 2645 et
1257 2592 1356 2647 hoc
1385 2594 1604 2649 evidens
1644 2606 1726 2650 est
1754 2597 1831 2651 si-

233 2693 399 2747 gnum
432 2678 672 2733 Gothica;
700 2682 1143 2747 pronuntiationis
1184 2697 1238 2736 ct
1291 2687 1605 2755 scripturae;
1657 2688 1831 2757 lingua

235 2764 435 2826 etenim
466 2773 744 2826 vernacula
775 2773 983 2827 illorum
1012 2775 1294 2842 gntturalis
1325 2792 1511 2845 magna
1542 2793 1661 2831 cum
1696 2778 1833 2833 ditii-

236 2863 437 2917 cultate
482 2863 951 2937 Latinoingenuo
1000 2868 1232 2921 sermoni
1273 2869 1628 2935 assueliebat;
1660 2879 1715 2925 et
1762 2873 1831 2927 ob

243 2953 345 3009 ht-c
402 2957 561 3010 rudes
614 2958 975 3025 exscriptores
1020 2962 1306 3027 pervetusti
1358 2963 1490 3016 ritus
1540 2976 1832 3018 memorata

243 3046 401 3100 verba
428 3038 813 3114 apposuerunt,
839 3058 896 3102 ut
919 3050 1098 3104 videre
1125 3060 1209 3105 est
1236 3054 1285 3106 in
1308 3053 1433 3118 aliis
1450 3054 1685 3120 ejusdem
1704 3066 1833 3109 teta-

247 3135 312 3189 tis
340 3136 623 3191 Codicibus
648 3154 662 3202 ;
690 3149 741 3192 et
777 3154 842 3193 ne
869 3138 1243 3195 oﬂ'endiculum
1265 3144 1631 3199 sacerdotibus
1659 3146 1833 3200 Moza-

250 3226 436 3282 rabicis
466 3239 786 3297 remaneret,
826 3241 1067 3286 correcta
1099 3243 1224 3287 sunt
1253 3234 1305 3287 in
1332 3233 1588 3289 Psalterio
1612 3237 1830 3306 prtel‘ata

248 3322 424 3377 verba.

323 3410 599 3477 [lucusque
628 3429 816 3470 omnes
843 3416 1064 3472 studiosi
1094 3419 1478 3485 soiemnitates,
1502 3434 1595 3474 seu
1622 3430 1835 3475 sancto-

252 3512 372 3551 rum
412 3501 735 3574 lestivitates,
792 3523 925 3576 quas
977 3509 1159 3564 Patres
1201 3508 1409 3567 Gothici
1465 3514 1832 3583 celebrabant,

255 3591 552 3650 avidissime
574 3600 707 3653 scire
737 3603 1021 3669 cupiebant
1045 3621 1058 3669 ;
1085 3619 1148 3658 ex
1179 3606 1294 3673 ipso
1320 3607 1466 3660 enim
1500 3606 1771 3662 Breviario
1798 3623 1828 3662 a

251 3685 390 3737 card.
423 3685 666 3745 Ximenio
694 3692 836 3762 typis
856 3704 1075 3747 exarata
1100 3696 1389 3765 decerpere
1418 3710 1523 3752 non
1557 3708 1826 3765 poterant;

246 3776 315 3833 ibi
346 3776 628 3845 invenitur,
659 3791 717 3836 ut
739 3784 989 3848 diximus,
1016 3788 1204 3840 festum
1226 3789 1548 3843 sanctissimi
1581 3789 1832 3858 Corporis

249 3865 446 3923 Christi
490 3872 688 3933 saeculo
716 3889 808 3928 xttt
838 3875 904 3929 ab
937 3875 1145 3931 Urbano
1172 3878 1260 3942 IV,
1290 3878 1355 3933 ad
1387 3878 1706 3934 abolendum
1736 3881 1832 3935 Be-

242 3960 471 4029 rengarii
496 3978 732 4019 errorem
753 3966 1053 4023 institutum
1075 3986 1088 4032 ;
1117 3970 1244 4025 inibi
1269 3972 1323 4025 in
1338 3969 1718 4026 festivitatibus
1738 3988 1831 4041 per

239 4063 437 4105 annum
496 4054 671 4122 plures
721 4056 775 4111 in
817 4061 1087 4114 communi
1130 4072 1437 4117 sanctorum
1495 4073 1832 4132 reperiuntur

240 4144 408 4197 sancti
439 4144 507 4199 de
530 4146 725 4217 quibus
755 4158 992 4219 tempore
1022 4150 1317 4209 Gethorum
1359 4156 1664 4211 nullatenus
1709 4157 1831 4212 olli-

237 4232 375 4290 ciutn
397 4235 587 4303 liebat;
616 4238 722 4293 imo
746 4242 957 4309 quidam
981 4254 1099 4313 post
1119 4248 1280 4300 multa
1296 4249 1485 4301 sarcula
1505 4247 1828 4314 ﬂoruerunt;

239 4340 381 4382 nunc
412 4338 589 4384 autem
621 4346 687 4385 ex
718 4335 1035 4409 pervetustis
1088 4341 1284 4392 nostris
1313 4338 1595 4395 Codicibus
1645 4355 1831 4395 manu-

236 4417 452 4487 scriptis
499 4434 848 4477 secernuntur
877 4422 1213 4495 festivitates,
1251 4430 1317 4482 de
1355 4430 1542 4499 quibus
1593 4442 1830 4500 tempore

1859 3186 1906 3248 C

1936 2325 2223 2381 secundam
2251 2325 2511 2393 vesperis,
2546 2326 2612 2380 ad
2642 2341 2835 2381 nonam
2863 2326 3002 2379 circa
3032 2328 3263 2388 tertiam,
3289 2324 3353 2377 ad
3376 2323 3525 2377 deci-

1936 2430 2074 2470 mam
2100 2419 2237 2471 circa
2255 2426 2517 2485 quartam,
2537 2419 2599 2471 ad
2619 2416 2948 2471 undecimam
2980 2416 3118 2470 circa
3148 2416 3421 2485 quintam,
3460 2412 3526 2467 ad

1933 2501 2300 2563 duodecimam
2340 2508 2482 2563 circa
2529 2517 2762 2572 sextam,
2808 2506 2873 2559 ad
2925 2519 3172 2573 vesperas
3217 2505 3356 2558 circa
3396 2502 3527 2556 solis

1932 2614 2202 2655 occasum.
2222 2603 2359 2656 Ante
2382 2600 2786 2670 eompletorium
2816 2599 2974 2653 etiam
3008 2601 3237 2668 hymnus
3257 2612 3377 2650 cum
3405 2610 3529 2663 pre-

1932 2686 2082 2747 (‘iltus
2111 2692 2547 2755 recitabatur;et
2575 2690 2804 2759 denique
2840 2691 2906 2746 ad
2949 2688 3357 2755 cutnpletnrium
3403 2693 3525 2741 ante

1932 2795 2202 2843 somnum,
2248 2780 2313 2834 ad
2345 2781 2650 2849 lectumque
2680 2781 2845 2850 parati
2881 2779 3236 2834 habitationes
3265 2792 3399 2845 aqua
3432 2776 3525 2830 beo

1933 2870 2138 2923 nedicta
2162 2872 2531 2939 aSpergebant,
2559 2869 2827 2939 Deumque
2848 2869 3288 2937 deprecabantur,
3315 2878 3373 2921 ttt
3400 2883 3527 2937 pro-

1932 2961 2015 3014 cul
2045 2962 2353 3015 recederent
2402 2960 2635 3014 noctium
2668 2960 3059 3029 phantasmata,
3083 2974 3205 3013 cum
3240 2973 3368 3026 pace
3400 2958 3526 3011 dor-

1936 3048 2151 3113 mirent,
2189 3064 2409 3120 corpora
2439 3065 2507 3105 ne
2548 3049 2931 3119 polluerentur,
2965 3058 3019 3104 et
3049 3049 3358 3118 evigilarent
3400 3061 3522 3101 cum

1941 3139 2178 3197 Christo.

2007 3229 2302 3299 Perpende,
2327 3246 2527 3300 quaeso,
2552 3232 2685 3287 hanc
2700 3228 2801 3288 diei
2824 3232 3098 3301 noctisque
3120 3246 3324 3285 sacram
3340 3230 3527 3284 distri-

1938 3304 2205 3375 butionem
2231 3338 2247 3375 :
2278 3337 2397 3376 cum
2429 3324 2575 3376 horis
2594 3325 2864 3377 canonicis
2891 3323 3095 3384 confer,
3123 3336 3254 3391 quas
3288 3331 3404 3389 post
3427 3335 3529 3376 saec

1934 3413 2107 3466 culum
2140 3428 2193 3466 vt
2219 3413 2397 3467 titleles
2424 3413 2816 3479 observabant;
2868 3422 3201 3482 perscruture
3242 3415 3532 3466 monacho-

1939 3520 2053 3559 runt
2095 3500 2327 3560 Orientis
2378 3507 2840 3572 consuetudinem,
2868 3522 2964 3561 nec
2986 3522 3089 3561 non
3144 3522 3239 3576 per
3287 3507 3531 3574 antiquas

1937 3596 2241 3650 monasterii
2276 3588 2590 3659 Lirinensis,
2617 3607 2670 3651 et
2718 3589 2943 3651 aliorum
2984 3598 3431 3661 constitutiones;
3476 3603 3531 3650 et

1933 3703 2052 3740 eum
2094 3690 2145 3742 in
2197 3698 2381 3743 nustro
2423 3687 2648 3743 Gothico
2681 3690 2777 3742 ritt.
2830 3688 3048 3753 videris,
3092 3701 3259 3756 apage
3316 3699 3529 3739 omnem

1931 3781 2254 3835 anxietatem
2286 3781 2352 3835 de
2381 3782 2495 3851 ejus
2526 3782 2826 3835 veneranda
2851 3782 3065 3835 canitie.
3089 3781 3379 3835 Potuerunt
3401 3792 3531 3833 sane

1938 3880 2240 3940 temporum
2270 3872 2458 3940 injuria
2486 3873 2729 3942 qumdam
2768 3873 3174 3928 metnbtanacea
3220 3870 3342 3924 folia
3371 3871 3533 3939 depe-

1934 3967 2073 4033 rire;
2101 3967 2271 4037 potuit
2297 3968 2595 4022 Maurorum
2619 3968 2848 4023 sazvities
2870 3977 2925 4022 et
2952 3967 3224 4021 barbaries
3249 3981 3344 4034 per
3367 3966 3529 4018 multa

1934 4058 2227 4113 Gotltorum
2259 4070 2602 4114 monumenta
2626 4059 2807 4113 delere
2835 4076 2849 4124 ;
2874 4058 3261 4125 exSt-riptorutn
3281 4060 3532 4125 ignoran-

1935 4151 2005 4204 tia
2031 4150 2200 4204 Latini
2227 4154 2489 4206 sermonis
2512 4152 2702 4206 mentla
2730 4153 3025 4205 admiscere
3046 4149 3243 4215 potuit;
3268 4147 3359 4202 sed
3385 4146 3531 4200 nullo

1936 4244 2096 4297 modo
2118 4243 2331 4298 abolere
2364 4255 2647 4311 potuerunt
2685 4254 2923 4296 nostrum
2954 4241 3204 4296 Codicetn
3230 4242 3529 4294 manuscri-

1935 4343 2086 4403 ptutn
2128 4350 2373 4401 aureum,
2407 4351 2471 4389 ex
2500 4350 2605 4403 quo
2648 4346 2897 4403 tanquam
2926 4348 2992 4387 ex
3033 4348 3206 4402 ungue
3245 4333 3533 4398 cettjicitur

1932 4428 2225 4497 antiquitas
2255 4426 2419 4481 nostri
2453 4428 2585 4480 ritus
2612 4425 2914 4492 Isidoriani,
2938 4425 3112 4479 adhuc
3150 4422 3531 4483 dominationis

240 4506 563 4578 Gothorum,
589 4528 682 4568 seu
707 4516 863 4578 paulo
876 4529 999 4573 ante
1023 4520 1325 4576 Maurorum
1352 4525 1681 4579 invasionem
1706 4540 1830 4596 age-
1855 4542 1910 4604 Ῑ)
1939 4521 2181 4576 Arabica:
2232 4530 2473 4591 tempore
2524 4518 2851 4591 transcripti,
2892 4518 3207 4575 hodiernum
3258 4532 3426 4587 usque
3473 4518 3526 4571 in

235 4599 423 4670 batur;
464 4603 708 4675 facilique
754 4610 966 4678 negotio
1013 4612 1378 4679 percallebunt
1408 4615 1455 4668 id
1502 4618 1642 4686 quod
1678 4628 1827 4685 opta-

233 4689 404 4748 bant:
441 4710 561 4749 uam
593 4697 775 4770 hymni
804 4699 854 4751 in
885 4715 1109 4768 corpore
1134 4702 1385 4758 Breviarii
1413 4712 1471 4759 et
1492 4715 1609 4773 post
1629 4707 1832 4762 cantica

234 4785 467 4852 appositi
503 4790 746 4842 vetustati
776 4790 904 4844 ritus
934 4808 1123 4848 onmes
1154 4805 1451 4863 congruunt
1482 4814 1496 4861 ;
1545 4813 1641 4851 nec
1671 4797 1831 4863 ullus,

236 4885 289 4924 ut
318 4886 501 4928 exalat
532 4878 582 4929 in
612 4876 829 4949 Codice,
854 4891 933 4935 cst
960 4884 1380 4950 praetermissus;
1411 4896 1464 4939 et
1495 4902 1559 4940 ne
1590 4888 1835 4951 repetitio

232 4969 513 5027 fastidium
561 4989 798 5043 generet,
857 4980 1067 5049 quando
1118 4982 1297 5050 hymni
1347 4994 1471 5037 sunt
1509 4985 1558 5039 in
1606 5000 1831 5053 corpore

235 5063 525 5131 Breviarii,
561 5072 615 5122 lit
648 5073 891 5127 remissio
917 5074 983 5127 ad
1009 5076 1271 5144 propriam
1297 5078 1630 5132 festivitatem
1659 5095 1832 5145 ;,nam

236 5158 358 5215 licet
385 5160 441 5212 in
482 5160 797 5227 quibusdam
831 5165 1007 5219 verbis
1035 5166 1298 5235 discrepet
1337 5167 1512 5223 Edttio
1540 5170 1687 5223 card.
1743 5165 1835 5225 Xi-

235 5251 401 5305 meuii
435 5266 464 5305 a
488 5264 670 5308 nostro
694 5253 890 5311 Codice
916 5258 1037 5323 Ms.,
1064 5274 1183 5312 cum
1232 5261 1282 5313 in
1322 5262 1530 5316 modico
1576 5273 1830 5332 appareat

233 5341 555 5413 discrimen,
580 5360 682 5400 non
706 5355 791 5401 est
820 5350 957 5415 justa
989 5365 1145 5406 causa
1176 5352 1422 5420 prmfatos
1445 5354 1671 5422 hymnos
1712 5370 1832 5410 cor-

231 5430 471 5500 figendi.

305 5522 431 5577 Non
458 5524 575 5579 leve
602 5526 666 5580 ad
703 5530 1044 5585 asserendam
1078 5537 1241 5588 nistri
1265 5535 1473 5592 Codicis
1498 5522 1830 5597 vetustatem

234 5624 614 5685 argumentum
642 5619 865 5690 insurgit
904 5638 965 5677 ex
1000 5639 1224 5679 numero
1264 5636 1318 5680 et
1346 5628 1534 5684 ordine
1582 5630 1830 5687 horarum

234 5709 619 5764 canonicarum
671 5714 734 5765 ad
784 5730 917 5783 quas
960 5729 1171 5784 aptatur
1217 5719 1463 5790 hymnus,
1492 5732 1547 5776 et
1591 5724 1827 5793 priorum

234 5798 497 5857 Ecclesia:
522 5803 838 5861 smculorum
872 5807 1022 5862 nobis
1061 5810 1291 5877 speciem
1326 5812 1599 5879 referunt;
1658 5817 1828 5885 primo

1938 4614 2080 4667 diem
2104 4611 2385 4667 exstantis.
3232 4660 3240 4673 ,

2008 4703 2280 4767 Nonnulli,
2323 4719 2505 4759 errore
2540 4703 2770 4774 decepti,
2809 4703 3034 4759 concilia
3082 4702 3337 4758 Toletana
3389 4711 3528 4757 tem-

1939 4793 2157 4863 poribus
2203 4794 2499 4849 Gothorum
2548 4794 2814 4849 celebrata
2890 4795 3065 4864 potius
3116 4794 3329 4847 comitia
3383 4794 3526 4862 regia

1938 4904 2094 4957 quam
2125 4888 2348 4943 concilia
2380 4886 2545 4943 fuisse
2583 4888 2835 4943 dixerunt
2863 4906 2875 4941 :
2910 4904 2975 4944 eo
3018 4890 3123 4941 nixi
3157 4888 3524 4953 fundamento,

1939 4983 2059 5051 quia
2109 4984 2303 5050 saepius
2369 4997 2489 5035 cum
2554 4982 2914 5053 juramentttm
2976 4983 3244 5037 litlelitatis
3311 4982 3526 5050 regibus

1938 5073 2126 5127 electis
2168 5073 2539 5141 prtestabatnr,
2602 5083 2711 5128 tum
2765 5076 2884 5143 quia
2945 5074 3216 5128 multoties
3264 5072 3331 5127 de
3377 5069 3525 5138 regni

1936 5167 2318 5236 gubernatione
2345 5182 2463 5221 cum
2498 5182 2620 5237 rege
2661 5176 2714 5221 et
2764 5167 3071 5236 proceribus
3094 5166 3384 5235 agebatur;
3412 5163 3520 5231 jam

1936 5261 2185 5332 quoniam
2219 5276 2368 5331 reges
2409 5272 2460 5314 et
2486 5270 2758 5328 tnagnates
2787 5274 2907 5313 cum
2938 5259 3180 5312 Patrihus
3218 5253 3519 5309 subscribe-

1938 5355 2096 5419 bant;
2125 5353 2231 5421 jam
2256 5354 2373 5421 quia
2402 5361 2600 5406 tomum
2622 5351 2822 5420 regium
2851 5360 2971 5405 ante
3001 5350 3206 5403 initium
3234 5345 3421 5417 synodi
3442 5344 3523 5400 of-

1938 5448 2205 5509 ferebant;
2236 5446 2344 5511 jam
2374 5446 2603 5512 denique
2644 5443 2896 5512 quoniam
2932 5442 3203 5494 decretum
3228 5438 3295 5491 de
3320 5437 3519 5491 confir-

1938 5540 2169 5592 matione
2200 5537 2407 5590 eottcilii
2442 5537 2798 5603 apponebant.
2824 5533 2928 5587 Sed
2955 5530 3087 5585 nihil
3111 5527 3300 5583 horum
3320 5540 3523 5583 [amsa-

1937 5632 2043 5684 cris
2063 5629 2273 5684 Patrum
2289 5628 2581 5681 Gothorum
2608 5626 2851 5689 cratibus,
2874 5631 2961 5676 aut
2987 5634 3151 5675 sacrze
3171 5634 3355 5675 eorum
3370 5620 3522 5672 l.tur-

1936 5726 2034 5793 με
2061 5722 2395 5785 adversatur,
2429 5719 2694 5789 praecipue
2716 5732 2836 5772 cum
2864 5729 3079 5767 centum
3109 5722 3163 5765 et
3190 5711 3523 5781 septuaginta

1938 5830 2027 5870 sex
2056 5828 2290 5869 canones
2320 5829 2351 5867 c
2381 5810 2617 5867 conciliis
2658 5804 2953 5874 Toletanis,
2987 5816 3041 5862 et
3088 5812 3276 5859 saneto
3322 5799 3520 5855 lstdurr
