4044 6382
449 418 516 473 Q7
1267 399 1684 456 FRANCISCUS
1723 396 2022 452 ANTONIU

2131 395 2510 451 .OllENZANA
2553 395 2864 451 LECTORl.
3643 401 3716 456 28

447 533 774 591 desumptos,
818 535 844 572 α
871 519 1125 573 Gratiano
1152 515 1401 569 collectos
1433 512 1605 582 palam
1655 508 1868 564 edoceri
1918 506 2019 562 Ec-
2049 507 2101 565 Δ
2126 509 2336 563 sitatem
2349 523 2641 574 sermonis;
2666 519 2717 563 et
2730 507 3358 565 eamdemmetinnostro
3374 515 3710 583 autograpbo

447 619 608 676 clesia
651 616 886 669 Romana
944 608 1265 680 permiserit,
1325 606 1403 660 eis
1447 603 1819 659 auctoritatem
1871 613 2020 654 suam

447 703 812 777 impertiverit,
838 711 892 756 et
915 715 1040 756 suos
1065 699 1281 764 fecerit;
1310 696 1523 751 aliunde
1551 709 1673 750 cum
1702 694 1752 746 in
1786 689 2022 744 Ecclesia

447 813 640 854 novum
695 810 800 849 non
855 793 925 848 sit
967 791 1020 845 in
1071 789 1286 843 Patrum
1352 785 1573 856 synodis
1626 800 1690 838 ex
1752 784 2022 836 voluntate

445 892 741 962 principum
771 885 937 943 sacris
983 883 1280 937 admiscere
1309 881 1564 949 quasdam
1615 875 1850 945 publicas
1879 873 2023 925 ordi-

446 983 714 1044 nationes,
744 979 825 1032 hcc
856 975 1148 1046 praesertim
1177 975 1350 1028 locum
1406 971 1676 1025 habebant
1708 968 1760 1022 in
1804 964 2022 1020 electio-

445 1077 600 1132 nibus
644 1089 830 1144 regum
877 1069 1192 1134 Gothorum,
1249 1077 1304 1120 ut
1355 1067 1727 1132 episcOporum
1775 1057 2022 1125 exemplo

443 1150 625 1224 caeteri
686 1164 899 1219 vassalli
979 1160 1307 1231 principibus
1373 1157 1622 1211 libentius
1695 1161 1750 1206 et
1813 1149 2021 1204 facilius

443 1259 742 1323 obedirent,
797 1256 1000 1322 riteque
1045 1252 1234 1305 factam
1290 1249 1604 1304 electionem
1659 1253 1771 1297 tuto
1821 1251 1874 1295 et
1929 1254 2023 1308 pro

445 1352 623 1420 patulo
652 1349 972 1409 faterentur;
1001 1345 1245 1412 idemque
1270 1341 1320 1396 in
1364 1339 1594 1409 antiquis
1625 1333 2022 1391 f’outillcalibns

442 1450 495 1495 et
514 1438 904 1509 Capitularibus
925 1433 1100 1491 Caroli
1134 1431 1304 1502 Magni
1333 1431 1600 1487 videmus.

515 1531 570 1586 In
621 1531 778 1598 hujus
833 1528 907 1583 rei
955 1526 1173 1581 evidens
1222 1531 1587 1593 argumentum
1635 1533 1697 1573 ea
1741 1523 1856 1572 erat
1884 1515 2024 1569 inter

441 1621 796 1680 sacerdotium
853 1631 906 1674 et
947 1619 1222 1686 imperium
1272 1613 1582 1679 concordia,
1631 1619 1687 1664 ut
1729 1615 1922 1662 statuta
1973 1611 2026 1659 et

441 1730 605 1770 sacra:
637 1728 818 1782 preces
847 1713 982 1766 miro
1027 1709 1225 1764 ftedere
1257 1719 1534 1773 ult'amqne
1565 1710 1878 1769 potestatem
1931 1711 2022 1749 co-

441 1809 713 1878 pularent;
749 1808 865 1861 ideo
894 1804 1073 1876 hymni
1105 1805 1155 1856 in
1202 1801 1516 1854 ordinatione
1540 1806 1586 1850 et
1615 1794 1846 1847 natalitio
1868 1793 2023 1861 regis,

2129 601 2222 657 Ms.
2254 601 2321 657 ad
2349 601 2658 656 divisionem
2684 609 2962 665 tractatus,
2997 615 3091 656 seu
3110 610 3235 657 ante
3257 602 3467 658 initium
3492 609 3710 664 numeri

2127 695 2467 763 psalmorum,
2499 697 2755 750 invenies.

2195 789 2308 842 Alia
2323 788 2646 856 conspicitur
2663 800 2783 842 nota
2803 789 3164 858 hujuscemodi
3190 789 3366 858 figura:
3503 834 3517 854 ,
3549 809 3714 861 quam

2123 881 2434 934 denomiuat
2489 881 2732 943 Pbietro,
2800 895 2919 948 qua:
2969 884 3180 948 ponitur
3235 882 3300 934 ad
3351 882 3711 938 denotaudam

2123 969 2533 1025 sollicitudinem
2580 970 2665 1023 ubi
2692 971 2888 1038 aliquid
2920 972 3260 1026 obscuritatis
3291 981 3404 1038 est;
3437 983 3490 1027 et
3519 977 3710 1030 eadem

2124 1074 2234 1130 ipsa
2280 1060 2564 1128 aliquando
2613 1059 2818 1114 modica
2875 1061 3167 1116 mutatione
3216 1063 3268 1116 in
3319 1071 3504 1118 nostro
3554 1073 3710 1118 auto-

2123 1154 2323 1224 gr.iplio
2355 1154 2450 1208 Ms.
2482 1153 2711 1221 ponitur.

2193 1244 2392 1299 Cantus
2435 1244 2633 1313 absque
2675 1244 2823 1297 clare
2867 1253 2923 1297 et
2966 1243 3123 1300 lineis
3167 1243 3429 1299 hodierno
3472 1253 3717 1312 tempore

2123 1338 2422 1400 inusitatus,
2480 1337 2557 1390 sic
2598 1337 2652 1388 in
2704 1345 2886 1389 nostro
2941 1338 3270 1404 autographo
3318 1346 3540 1404 apparet
3581 1343 3714 1396 solis

2122 1441 2372 1485 constans
2411 1431 2625 1485 musicae
2658 1438 2887 1498 punctis,
2939 1447 3058 1500 quze
3087 1433 3381 1490 distinctim
3412 1447 3469 1491 et
3521 1449 3709 1507 aperte

2120 1522 2266 1592 juxta
2297 1523 2551 1576 Isidorum
2577 1521 3026 1592 dignoscebantur
3056 1525 3106 1578 in
3137 1526 3302 1580 tribus
3331 1529 3566 1594 partibus
3597 1547 3715 1583 mu-

2124 1614 2268 1680 sicae,
2301 1613 2505 1670 scilicet
2535 1614 2861 1678 harmonica,
2895 1617 3180 1686 rythmica,
3205 1627 3259 1671 et
3291 1622 3527 1675 metrica.
3557 1621 3712 1688 Quod

2126 1706 2191 1760 ad
2223 1707 2582 1759 harmonicam
2629 1709 2884 1776 pertinet,
2943 1709 3055 1762 haec
3103 1709 3168 1762 ad
3215 1725 3401 1764 omnes
3439 1711 3526 1778 qui
3584 1727 3715 1767 voce

2129 1797 2339 1866 propria
2372 1807 2567 1851 canunt
2588 1813 2653 1851 ex
2681 1799 2864 1852 animo
2891 1811 2941 1854 et
2972 1801 3166 1854 ardore
3212 1814 3414 1855 motum
3455 1803 3599 1866 facit,
3659 1813 3718 1859 et

441 1903 507 1957 de
570 1901 878 1970 profectione
947 1898 1218 1959 exercitus,
1271 1895 1357 1962 qui
1410 1905 1567 1960 usque
1592 1890 1643 1941 in
1688 1886 2022 1942 reversionem
2055 1862 2100 1922 Β
2129 1903 2192 1942 ex
2241 1897 2385 1942 motu
2415 1904 2604 1942 sonum
2639 1888 2856 1943 :Tonus
2902 1901 3077 1945 autem
3110 1891 3400 1945 secundum
3450 1892 3712 1948 Isidorum

440 1993 619 2047 diebus
663 1991 960 2044 litaniarum
999 1987 1244 2040 dicendus
1271 1993 1362 2048 est,
1407 1981 1530 2036 item
1564 1995 1654 2048 pro
1685 1978 1825 2032 varia
1853 1977 2020 2043 clade,

438 2079 787 2140 vetustissimi
840 2087 980 2142 sunt,
1016 2077 1308 2132 Gothorum
1354 2071 1586 2142 proprii;
1621 2085 1718 2123 nec
1769 2069 1905 2121 ullus
1934 2065 2023 2134 qui

437 2192 529 2232 eos
557 2175 742 2243 legerit
783 2173 985 2226 inficias
1029 2169 1155 2235 ibit;
1190 2177 1244 2222 et
1272 2181 1336 2221 ne
1379 2161 1680 2231 ambigendi
1734 2161 2019 2226 relinque-

438 2265 825 2326 returoccasio,
843 2261 1111 2332 typisillos
1129 2257 1458 2312 excudimus.
1482 2254 1694 2309 Utinam
1719 2250 2026 2316 Alphonsus

442 2360 674 2414 Ortizius
724 2357 800 2411 sic
857 2357 1094 2419 fecisset,
1147 2361 1205 2405 ut
1255 2347 1430 2404 omnis
1490 2344 1683 2401 nebula
1738 2340 2022 2397 dubietatis

444 2453 765 2522 dispareret.

517 2547 684 2611 Quam
719 2542 1001 2611 plurimum
1035 2536 1277 2593 "desudat
1322 2534 1590 2605 ingenium
1623 2532 1681 2585 P.
1718 2531 1943 2585 Florezii
1976 2531 2026 2584 in

446 2635 782 2691 vindicandis
849 2642 1077 2702 quatuor
1137 2629 1373 2683 versibus
1432 2627 1612 2696 hymni
1659 2625 1828 2680 sancti
1873 2623 2027 2693 Tyrsi

444 2727 771 2782 mentionem
803 2722 1120 2778 facientibus
1165 2719 1396 2788 episcopi
1441 2716 1667 2772 Civiline.
1725 2717 1826 2770 Pro
1877 2727 2028 2769 certo

440 2817 690 2886 supponit
717 2831 809 2870 eos
835 2814 885 2869 in
909 2811 1290 2867 vetustioribus
1323 2812 1450 2864 Mss.
1476 2809 1750 2863 Toletanis
1773 2806 2024 2875 reperiri;

441 2919 496 2964 et
546 2924 613 2962 ne
660 2909 777 2977 quis
835 2905 886 2960 in
919 2914 1186 2975 posterum
1231 2903 1548 2971 decipiatur,
1598 2901 2028 2954 animavertimus

441 3000 497 3054 in
545 3000 740 3054 nostris
791 2998 914 3050 Mss.
948 2998 1196 3066 (quorum
1242 3008 1387 3049 smne
1439 2992 1805 3051 meminimus)
1858 2992 2029 3046 nulla-

443 3098 596 3144 tenus
620 3090 707 3143 illa
739 3088 964 3142 inveniri
995 3089 1154 3143 verba
1188 3103 1202 3140 :

626 3199 881 3261 Templum
903 3199 1013 3261 hoc,
1040 3199 1269 3260 Domine,
1296 3197 1467 3248 Cixilla
1491 3197 1740 3256 condidit,

629 3263 831 3321 Dignam
857 3263 935 3309 blc
953 3261 1129 3310 habeat
1151 3268 1332 3308 sortem
1359 3275 1371 3320 ;

626 3323 679 3372 In
696 3332 875 3373 caetera
894 3336 1004 3370 cum
1023 3325 1226 3370 summis
1241 3324 1426 3371 civibus
1447 3324 1634 3372 cantica
1660 3323 1892 3383 praecth
1908 3355 1924 3381 ,

629 3386 862 3436 Gaudeas
893 3386 1143 3447 perpetuis
1165 3383 1359 3433 sat-uiis
1376 3386 1616 3432 omnibus.

443 3471 522 3526 Ex
551 3468 651 3523 hoc
679 3467 889 3522 vinculo
910 3463 1290 3521 lectorsolutus
1306 3481 1409 3519 nou
1432 3476 1553 3535 eget
1573 3467 1678 3518 alio
1698 3463 2020 3530 testimonio,

442 3570 500 3615 ut
529 3559 696 3614 nostri
720 3559 850 3612 ritus
880 3556 1157 3610 veritatem
1200 3564 1434 3619 astruat;
1489 3565 1540 3608 et
1567 3555 1805 3624 quamvis
1854 3554 2027 3609 cardi-

442 3651 580 3707 nalis
617 3648 871 3704 Baronius
905 3647 1047 3702 hunc
1097 3656 1337 3702 sanctum
1392 3647 1620 3718 Tyrsum
1674 3646 1906 3716 assignet
1960 3646 2026 3698 ad

443 3742 585 3798 diem
612 3739 682 3796 24
707 3738 963 3803 Januarii,
996 3746 1054 3792 ut
1093 3738 1273 3794 videre
1312 3749 1392 3793 est
1422 3737 1473 3792 in
1506 3739 1648 3793 notis
1677 3738 1740 3791 ad
1770 3738 2030 3808 Martyro-

444 3837 643 3908 logium
694 3836 848 3904 hujus
903 3835 1034 3899 diei,
1100 3837 1442 3891 nihilominus
1499 3837 1550 3890 in
1603 3846 1789 3891 nostro
1834 3837 1929 3890 Ms.
1975 3845 2030 3890 et

445 3927 622 3982 officio
671 3926 900 3982 Gothico
957 3926 1162 3980 obtinet
1209 3925 1384 3980 locum
1437 3928 1486 3979 in
1540 3926 1629 3980 die
1675 3925 1746 3980 28
1788 3925 2027 3995 praedicti

447 4020 666 4084 mensis,
697 4034 803 4088 quo
849 4018 1010 4072 etiam
1044 4018 1101 4071 fit
1153 4018 1354 4072 mentio
1391 4017 1559 4072 sancti
1609 4017 1788 4072 Leucii
1843 4025 2028 4083 mart.,

447 4110 686 4178 ejusdem
710 4110 876 4164 saneti
903 4106 942 4161 Τ
952 4112 1056 4180 yrsi
1084 4109 1134 4162 in
1181 4109 1425 4179 passione
1447 4109 1602 4176 socii,
1629 4119 1686 4162 ut
1722 4117 1946 4178 apparet
1967 4123 2031 4162 ex

445 4204 665 4275 hymno.
1115 4275 1118 4279 ἢ

527 4294 726 4348 Versati
757 4295 807 4348 in
839 4293 1062 4348 lectione
1091 4308 1310 4361 operum
1356 4293 1521 4347 sancti
1549 4289 1755 4356 lsidori,
1787 4291 1854 4346 ibi
1882 4292 2030 4347 testi-

451 4390 685 4445 monium
713 4390 831 4457 ejus
871 4388 1148 4457 sapientia:
1183 4390 1474 4454 invenient,
1505 4399 1559 4443 et
1606 4404 1765 4445 omne
1810 4390 2030 4445 dubium

341 4503 357 4519 κ
451 4498 574 4551 erga
601 4493 842 4537 nostrum
874 4481 1028 4533 ritum
1059 4489 1115 4534 et
1140 4481 1479 4548 mnnigeuam
1531 4482 1646 4550 ejus
1679 4482 2032 4534 eruditionem

2129 1977 2222 2032 lib.
2260 1994 2316 2032 ιιι
2349 1979 2602 2050 Etymol.,
2628 1994 2746 2048 cap.
2781 1980 2850 2032 2:!
2876 2025 2890 2048 ,
2947 1990 3019 2033 est
3042 1995 3191 2034 acuta
3223 1983 3502 2036 enuntiatio
3557 1985 3714 2048 vocis,

2129 2070 2406 2122 harmonia:
2430 2069 2723 2134 dilferentia
2754 2079 2800 2124 et
2821 2072 3100 2140 quantitas,
3127 2089 3239 2139 quia
3269 2074 3319 2124 in
3342 2074 3476 2126 vocis
3501 2086 3714 2129 accentu

2128 2161 2204 2214 vel
2253 2169 2423 2214 tenore
2469 2162 2735 2227 consistit;
2763 2167 2909 2232 cujus
2937 2179 3118 2230 genera
3169 2165 3222 2215 in
3269 2165 3559 2230 quindecim
3591 2183 3717 2230 par-

2120 2259 2205 2304 tes
2227 2251 2402 2302 musici
2431 2251 2726 2315 diviserunt,
2755 2267 2818 2302 ea:
2847 2252 3027 2320 quibus
3053 2253 3385 2321 Ityperlydius
3409 2256 3710 2309 novissimus

2130 2351 2176 2394 et
2223 2342 2581 2404 acutissimus,
2621 2341 2944 2411 hypodoriusI
2974 2345 3202 2395 omnium
3247 2346 3574 2410 gravissimus
3613 2356 3709 2400 est.

2131 2435 2405 2488 Cantusest
2424 2435 2582 2505 igitur
2603 2435 2810 2504 inﬂexio
2833 2436 2966 2487 vocis
2986 2435 3134 2503 juxta
3163 2436 3373 2505 regulas
3389 2452 3416 2488 a
3432 2447 3617 2490 sancto
3631 2438 3720 2490 Isi-

2131 2527 2262 2581 doro
2287 2529 2517 2595 positas;
2538 2541 2658 2581 nam
2676 2541 2839 2580 sonus
2850 2527 3083 2582 directus
3099 2537 3199 2592 est,
3219 2537 3447 2583 etsiinus
3464 2531 3725 2597 praecedit-

2129 2629 2364 2673 cantum.

2202 2711 2317 2763 Non
2350 2710 2548 2765 latebat
2574 2720 2818 2764 sanctum
2861 2711 3135 2766 doctorem
3167 2709 3306 2766 inter
3334 2727 3493 2767 voces
3523 2727 3714 2767 suaves

2128 2810 2182 2854 et
2214 2801 2434 2872 pingues
2461 2801 2757 2856 diﬂ‘erentia
2785 2820 2798 2867 ;
2849 2803 3075 2857 mirifice
3125 2803 3265 2858 enim
3315 2805 3501 2860 deliuit
3529 2821 3713 2860 vocem

2130 2904 2364 2961 acutam,
2397 2903 2631 2959 tenuem,
2662 2896 2846 2960 altam,
2899 2895 3109 2961 duram,
3172 2912 3447 2965 asperam,
3493 2913 3715 2962 caecam,

2130 2987 2450 3040 vinnolatatn
2501 2996 2554 3040 et
2595 2987 2922 3055 perfectam,
2967 3004 3086 3056 qua:
3128 2999 3210 3043 est
3263 2992 3398 3055 alta,
3432 2992 3630 3058 suavis,
3662 3003 3718 3047 et

2129 3080 2270 3132 clara
2303 3095 2316 3131 :
2351 3078 2480 3142 alta,
2530 3089 2588 3132 ut
2621 3081 2670 3132 in
2703 3079 2932 3133 sublime
2957 3080 3223 3147 sufﬁciat;
3256 3082 3422 3149 clara,
3456 3095 3514 3137 ut
3554 3099 3709 3138 aures

2047 3213 2096 3278 ο
2131 3173 2366 3241 impleat,
2397 3183 2451 3227 et
2479 3175 2687 3239 suavis,
2718 3183 2775 3227 ut
2804 3175 3132 3229 audientium
3157 3175 3346 3230 animis
3387 3177 3712 3234 blandiatur.

2196 3264 2276 3318 Ad
2325 3264 2713 3332 dignoscendos
2763 3265 2991 3320 musicos
3035 3281 3283 3320 numeros
3322 3267 3578 3336 quasdam
3623 3285 3712 3325 re-

2124 3357 2277 3427 gulas
2297 3356 2658 3411 arithmeticas
2688 3357 2843 3412 affert
2885 3368 3101 3412 sanctus
3132 3357 3387 3424 Isidorus,
3417 3373 3538 3426 qua:
3568 3359 3714 3425 peri-

2125 3450 2334 3504 tissimo
2363 3450 2415 3503 in
2466 3451 2696 3504 musices
2724 3460 2840 3505 arte
2887 3450 3044 3506 hodie
3075 3451 3404 3504 arridebunt.
3453 3449 3715 3504 Numeros

2127 3539 2225 3612 (ait
2250 3541 2340 3595 lib.
2366 3541 2480 3607 cit.,
2505 3555 2622 3609 cap.
2653 3541 2748 3612 25)
2777 3547 3057 3597 secundum
3089 3543 3332 3596 musicam
3381 3545 3452 3594 ita
3494 3559 3709 3609 quaeres.

2131 3630 2323 3685 Positis
2348 3635 2606 3699 extremis,
2638 3648 2692 3686 ut
2714 3644 2839 3704 puta
2866 3636 2897 3688 6
2918 3645 2964 3687 et
2991 3637 3071 3698 l2,
3102 3637 3237 3690 vides
3263 3646 3381 3705 quot
3411 3635 3713 3689 monadibus

2129 3736 2393 3793 superetur
2423 3726 2455 3780 6
2479 3742 2510 3777 a
2542 3726 2629 3791 12,
2657 3737 2700 3780 et
2727 3738 2798 3782 est
2823 3727 2856 3780 6
2888 3728 3222 3792 monadibus;
3268 3729 3412 3782 ducis
3456 3745 3544 3799 per
3590 3745 3715 3800 qua-

2130 3815 2336 3870 dratum
2358 3856 2371 3879 ,
2402 3819 2563 3871 sexies
2597 3818 2704 3870 seni
2733 3820 2927 3887 faciunt
2953 3819 3042 3873 56.
3069 3817 3350 3890 Conjungis
3378 3835 3604 3874 extrema
3624 3821 3716 3874 illa

2131 3907 2297 3974 prima
2327 3906 2359 3960 6
2387 3923 2446 3960 ac
2479 3907 2566 3973 1‘2,
2595 3908 2992 3978 simulefﬁciunt
3023 3911 3108 3964 l8.
3147 3909 3369 3964 Partitis
3409 3913 3478 3966 56
3506 3928 3597 3979 per
3628 3912 3715 3977 18,

2131 3998 2353 4066 efﬁcitur
2408 4000 2704 4067 dipondius.
2735 3999 2846 4055 llos
2890 4004 3062 4074 iungis
3109 4019 3225 4056 cum
3260 4020 3457 4056 summa
3501 4004 3719 4068 minore,

2133 4090 2320 4144 scilicet
2349 4092 2403 4158 6,
2431 4102 2574 4146 erunt
2601 4093 2660 4155 8,
2694 4103 2740 4147 et
2766 4097 2862 4149 erit
2888 4097 3108 4149 medium
3138 4098 3270 4151 inter
3317 4099 3349 4151 6
3388 4108 3432 4149 et
3465 4097 3550 4151 12.
3588 4096 3723 4150 Pro-

2136 4193 2307 4249 pterea
2346 4185 2483 4253 quod
2516 4186 2548 4240 8
2580 4195 2822 4253 superant
2847 4189 2880 4242 6
2909 4189 3103 4242 duabus
3158 4189 3475 4253 monadibus,
3521 4191 3574 4242 id
3625 4199 3720 4254 est,

2135 4275 2282 4328 tertia
2309 4279 2372 4330 de
2397 4292 2505 4341 sex,
2548 4287 2594 4329 et
2615 4293 2921 4349 superantur
2941 4281 2975 4334 8
3003 4298 3034 4333 a
3065 4281 3128 4335 li
3155 4290 3374 4350 quatuor
3413 4281 3721 4334 monadibus

2135 4367 2282 4421 tertia
2315 4369 2558 4436 portione.
2602 4372 2715 4436 Qua
2743 4380 2885 4439 parte
2911 4388 3028 4443 ergo
3067 4385 3293 4442 superat,
3353 4373 3532 4424 eadem
3556 4389 3714 4441 supe-

2134 4469 2305 4514 ratur.
2347 4461 2484 4526 Quid
2515 4463 2652 4516 ultra
2683 4463 3013 4528 fatescimus,
3062 4466 3109 4518 si
3142 4464 3430 4519 lectoribus
3456 4473 3602 4533 patet
3635 4464 3722 4517 via

450 4583 732 4629 evanescct
761 4590 772 4625 :
805 4572 873 4626 de
915 4574 1118 4625 artibus
1147 4571 1450 4626 liberalibus
1483 4582 1539 4626 ut
1582 4572 1872 4640 sapientior
1902 4588 2027 4625 neo-

2138 4563 2196 4606 ut
2226 4556 2484 4608 rimentur
2511 4557 2806 4611 sententias
2832 4559 3053 4612 Isidori?

453 4667 648 4720 tericus
675 4665 803 4733 egit,
847 4672 903 4717 et
929 4663 996 4718 de
1047 4664 1238 4718 ofﬁcii.»
1285 4663 1667 4717 ecclesiasticis
1695 4664 1845 4731 juxta
1875 4678 2033 4716 aurea

452 4759 619 4828 prima
681 4757 1038 4810 Romanorum
1101 4755 1332 4820 smcula;
1387 4756 1640 4810 idemmet
1697 4765 1755 4809 ut
1811 4755 2038 4809 vicarius

450 4847 775 4918 apostolicus
824 4846 1018 4901 concil.
1071 4847 1324 4901 nationali
1354 4847 1614 4901 Toletano
1655 4862 1707 4900 tv
1755 4848 2034 4916 praesedit;

451 4951 508 4997 et
532 4942 612 4995 his
639 4941 866 5013 egregiis
898 4940 1047 4994 lactis
1069 4941 1377 4996 incredibile
1397 4952 1474 4995 est
1500 4941 1817 5010 eloquentia:
1838 4940 2033 4995 flumen

453 5034 506 5088 in
560 5049 744 5087 omnes
790 5050 893 5086 non
939 5031 1234 5094 dilfudisse,
1285 5035 1578 5100 prtesertim
1631 5034 1774 5089 circa
1829 5046 2034 5088 sacram

455 5125 716 5193 liturgiam
747 5134 800 5178 et
831 5125 1012 5177 divina
1042 5124 1216 5178 cilicia
1243 5124 1556 5177 ordinamla.

528 5215 584 5270 ln
612 5216 940 5287 autographa
968 5215 1352 5284 manuscripto,
1403 5216 1541 5284 quod
1589 5231 1697 5284 prae
1747 5215 1916 5270 oculis
1947 5215 2040 5270 ha-

455 5308 641 5364 bemus
701 5309 768 5363 ad
822 5307 1120 5362 Editionem
1185 5308 1339 5377 hujus
1396 5309 1675 5372 Breviarii,
1738 5309 1886 5377 signa
1933 5326 2038 5364 non

456 5401 681 5457 obscura
726 5401 884 5469 hujus
932 5399 1011 5455 rei
1055 5413 1344 5469 apparent;
1377 5401 1790 5470 lindigitabimus
1831 5400 2036 5470 aliqua,

458 5501 517 5544 ut
561 5501 874 5546 caaterorum
917 5490 1212 5546 similitudo
1252 5507 1372 5544 cum
1407 5492 1510 5544 ritu
1569 5506 1690 5544 vere
1733 5500 1789 5545 et
1840 5493 2038 5547 merito

460 5582 750 5638 lsidoriano
779 5595 1081 5653 nuncupan
1114 5586 1274 5651 possit
1300 5585 1568 5654 Cognosci.
1597 5584 1684 5639 Sic
1716 5585 1940 5654 primum
1971 5587 2036 5640 ad

458 5676 819 5730 denotandum
861 5677 1266 5747 paragraplmm,
1316 5689 1367 5731 ut
1417 5694 1501 5731 res
1540 5694 1568 5731 a
1620 5679 1779 5731 rebus
1821 5693 1936 5742 qua:
1985 5679 2037 5730 in

462 5785 704 5826 conuexo
736 5783 1056 5825 concurrunt
1088 5782 1416 5839 separentur,
1461 5771 1575 5825 btec
1614 5782 1731 5824 nota
1780 5771 1833 5835 Γ
1873 5784 2037 5838 appo-

462 5861 604 5919 nitur
632 5878 661 5916 a
689 5872 870 5916 sam-to
905 5863 1122 5931 Isidoro,
1158 5879 1274 5932 Cap.
1304 5863 1408 5928 20;
1442 5863 1659 5920 denotat
1688 5862 1828 5919 enim
1858 5863 2039 5919 diver-

2208 4659 2498 4714 lloncordia
2523 4675 2744 4729 operum
2773 4662 2942 4716 sancti
3000 4663 3330 4717 lsidoricnm
3382 4663 3481 4716 hoc
3535 4672 3725 4717 nostro

2140 4751 2416 4804 Bi'eviario
2465 4754 2697 4808 maxime
2743 4755 2919 4808 elucet
2989 4756 3042 4808 in
3088 4755 3433 4824 inscriplione
3481 4755 3724 4809 lectionis

2140 4841 2525 4910 Ecclesiastici,
2556 4861 2676 4914 qua:
2705 4845 2756 4899 in
2788 4846 3059 4900 Breviario
3091 4845 3228 4901 banc
3248 4846 3591 4916 epigraphem
3628 4845 3728 4900 ha-

2140 4933 2225 4989 bet
2258 4953 2268 4988 :
2301 4935 2474 4990 Lectio
2510 4939 2598 4992 lib.
2632 4938 2976 4994 Ecclesiastici
3000 4941 3329 5006 Salomonis;
3359 4951 3413 4995 et
3441 4958 3560 4997 cum
3583 4943 3724 5010 apud

2139 5043 2324 5082 omnes
2354 5031 2767 5086 constetlibrum
2798 5030 3156 5088 Ecclesiastici
3187 5050 3215 5088 a
3241 5033 3366 5089 Jesu
3400 5035 3510 5089 lilio
3533 5035 3722 5089 Sirach

2049 5140 2053 5148 ί
2141 5119 2576 5191 llierosolyuiita,
2603 5137 2706 5176 non
2731 5138 2856 5176 vero
2885 5138 2913 5177 a
2943 5124 3229 5180 Salomone
3260 5125 3426 5179 fuisse
3448 5125 3721 5193 composi-

2139 5222 2270 5278 tum,
2299 5215 2475 5268 statim
2503 5211 2787 5269 diflicultas
2811 5217 3033 5285 insurgit
3060 5234 3073 5270 :
3104 5216 3372 5287 quomodo
3400 5216 3476 5269 sic
3509 5215 3561 5268 in
3593 5217 3728 5268 Breo

2138 5304 2308 5359 viario
2348 5303 2671 5370 indigitatur.
2716 5306 2794 5361 Ad
2822 5309 2960 5376 quod
2990 5309 3274 5377 respondet
3295 5318 3508 5362 sanctus
3543 5305 3724 5360 Ιείάοτ-

2140 5414 2250 5464 rus,
2286 5398 2379 5452 lio.
2409 5397 2794 5455 Prommiorum
2835 5400 3047 5456 Veteris
3073 5401 3310 5454 Testam.
3341 5440 3357 5465 ,
3386 5399 3412 5471 ε
3445 5400 3522 5453 De
3547 5399 3728 5453 Eccle-

2142 5494 2388 5547 siastico:
2440 5492 2661 5561 Propter
2687 5495 2896 5547 nimiam
2926 5512 3100 5550 sensus
3128 5495 3514 5548 similitudinem
3557 5503 3604 5546 et
3619 5493 3726 5546 elo-

2141 5583 2247 5653 quii
2280 5585 2587 5649 parilitatem
2613 5585 2905 5639 Salomonis
2929 5587 3072 5639 titulo
3095 5598 3434 5656 prmnotatur.

2215 5675 2322 5729 Nos
2350 5679 2444 5731 abs
2484 5691 2542 5730 re
2581 5678 2984 5732 immorabimur
3015 5678 3234 5732 ulterius
3257 5681 3309 5733 iu
3342 5677 3726 5748 propugnauda

2145 5769 2458 5836 antiquitate
2483 5770 2755 5824 lsidoriani
2782 5770 2934 5834 ritus,
2969 5786 3031 5824 ex
3062 5773 3457 5839 contorruitote,
3475 5787 3728 5841 quatior-

2150 5866 2292 5921 nitur
2323 5864 2373 5920 in
2400 5864 2658 5921 Psalterio
2697 5863 2848 5932 juxta
2897 5875 3129 5921 veterem
3164 5865 3345 5920 Italam
3398 5866 3722 5928 versionem,
