4044 6382
250 395 324 452 ea
1088 386 1507 447 rnanmscus
1546 379 1891 443 ANTONIUS
1930 380 2337 437 LORENZANA
2385 365 2698 435 LECTORI.

3462 374 3528 431 50

246 501 566 576 quihtisdam
583 502 760 561 verbis
788 502 1043 559 mutuatis
1066 516 1095 556 a
1125 498 1477 556 translatione
1506 495 1678 552 sancti
1704 494 1826 552 Hic-
1854 495 1907 554 Α
1932 491 2109 547 brosio
2159 493 2348 548 etaliis
2379 492 2541 548 Italia:
2580 493 2893 548 doctoribus
2920 492 3262 564 decerpsere,
3294 491 3519 562 partitu-

247 600 490 663 ronvmi,
520 614 583 654 ex
611 598 750 654 notis
769 596 831 651 ad
856 597 1153 651 exarandas
1182 595 1548 660 characteres,
1580 608 1645 647 ex
1677 598 1837 646 cantu

244 703 295 747 et
314 691 697 755 modulatione,
712 690 864 760 cujus
878 690 968 744 tibi
984 690 1251 757 specimen
1272 686 1592 755 praebemus,
1608 701 1674 740 ex
1693 685 1840 739 simi-

244 782 475 838 litudine
500 782 742 850 liturgire,
764 791 817 836 et
844 780 1277 836 ofticiiGallicani
1302 778 1430 833 editi
1458 794 1485 829 a
1509 775 1666 830 Patre
1682 778 1841 829 Blan-

245 874 419 939 ch‘ini,
451 884 505 928 et
558 889 588 927 a
620 873 769 927 Pinio
798 872 1073 938 illttstrati,
1109 872 1375 941 pra‘cipue
1400 885 1467 924 ex
1508 866 1838 921 orationibus

246 961 543 1029 Breviarti,
600 963 651 1016 in
705 964 905 1031 quibus
949 964 1080 1017 levis
1118 963 1396 1016 diversitas
1444 964 1579 1015 inter
1615 959 1839 1014 Codices

245 1053 593 1110 Veronenses
622 1064 676 1110 et
701 1066 914 1111 neStros
932 1055 1389 1119 animadvertitur;
1420 1066 1472 1108 et
1502 1052 1733 1120 denique
1771 1065 1835 1105 ex

244 1145 592 1213 simplicitate
604 1146 883 1201 verborum
904 1146 1222 1215 hymnorum
1244 1144 1527 1209 Ambrosii,
1546 1142 1836 1198 etaliorum

243 1234 654 1305 Patrumprout
690 1240 757 1291 ab
783 1237 911 1306 ipsis
944 1239 1272 1305 prodierunt.

318 1327 493 1383 Nemo
518 1339 763 1384 sensatus
807 1338 1047 1384 sanctum
1094 1328 1465 1393 Ambrosium,
1501 1323 1835 1393 politioribus

243 1418 443 1473 litteris
484 1416 767 1485 inibutum,
790 1420 1165 1489 grammatices
1191 1428 1245 1473 et
1304 1422 1541 1487 poetices
1574 1424 1845 1485 praecepta.

243 1510 596 1576 percalluisse
608 1511 845 1580 negabit;
868 1520 1063 1565 etcum
1087 1511 1274 1564 viderit
1302 1510 1496 1579 aliquis
1515 1510 1745 1580 hymnos
1766 1508 1835 1562 ab

244 1601 356 1654 h‘oc
371 1600 669 1656 clarissimo
692 1603 912 1656 doctore
934 1603 1259 1670 compositos
1284 1602 1706 1664 inconcinnatos,
1728 1614 1832 1654 non

241 1708 517 1749 mensura:
544 1696 809 1763 astrictos,
836 1696 1089 1766 intelligat
1112 1697 1161 1750 id
1194 1697 1375 1751 mttltis
1397 1695 1466 1749 de
1496 1695 1673 1750 causis
1694 1692 1835 1747 acci-

237 1784 412 1841 disse.
438 1784 637 1853 Primo,
667 1788 788 1856 quia
814 1804 919 1842 non
953 1797 1059 1841 tam
1089 1789 1298 1857 regulas
1327 1802 1483 1856 quam
1511 1785 1829 1848 sententias.

1938 598 2040 651 que
2059 582 2127 638 de
2147 598 2245 638 suo
2269 583 2556 650 addidere;
2592 600 2714 639 nam
2738 599 2859 638 eum
2896 583 3124 639 facultas
3149 584 3377 639 cuilibet
3401 586 3521 654 epi-

1937 688 2101 745 scopo
2126 677 2190 731 ad
2241 677 2403 732 divini
2445 679 2617 734 cultus
2646 677 3036 733 ordinationem
3069 677 3421 743 tribueretur,
3452 677 3523 731 li-

1939 769 2124 823 berum
2146 780 2263 825 erat
2286 771 2665 841 insigniorihus
2690 770 2948 825 Ecclesia
2970 771 3205 841 praelatis
3248 771 3521 828 orationes

1938 879 2282 932 componere,
2311 878 2360 920 et
2386 881 2568 934 preces
2597 869 2874 923 ordinare.

2011 958 2243 1012 Ecclesia
2277 959 2513 1015 Romana
2554 962 2783 1030 plttrima
2805 961 3172 1031 desumpsisse
3201 976 3265 1016 ex
3293 961 3411 1016 aliis
3432 976 3523 1016 or-

1940 1051 2021 1105 bis
2049 1051 2296 1106 Ecclesiis
2326 1052 2475 1107 fateri
2503 1070 2606 1107 non
2659 1054 2997 1126 dedignatur.
3029 1055 3291 1110 ldemmct
3316 1053 3525 1124 Grego-

1938 1144 2046 1197 rius
2086 1144 2305 1212 Magnus
2352 1145 2740 1199 de'ractorihus
2792 1146 3065 1215 respondit
3115 1162 3221 1201 non
3262 1145 3437 1200 solum
3468 1145 3520 1200 in

1938 1234 2123 1288 ordine
2151 1236 2329 1288 missae
2366 1250 2428 1288 ex
2461 1234 2699 1290 Ecclesia
2749 1236 2932 1291 Graeca
2963 1236 3205 1306 quaedam
3233 1237 3521 1302 delibasse,

1939 1334 1995 1378 ut
2017 1326 2209 1378 trinam
2240 1324 2475 1380 Graecam
2507 1326 2877 1393 repetitionem
2904 1326 2952 1379 Κ
2953 1328 3062 1397 yrie
3087 1327 3301 1392 eleison,
3323 1326 3525 1381 Christe

1936 1417 2141 1485 eleison,
2176 1413 2336 1486 Kgrie
2357 1418 2565 1481 eleison,
2595 1434 2691 1473 nec
2715 1435 2818 1473 non
2850 1418 3094 1482 Sanctus,
3119 1419 3360 1485 Sanctus,
3390 1418 3524 1473 Sau-

1936 1518 2063 1574 ctus,
2096 1510 2340 1577 quasillis
2371 1510 2680 1563 Graecorum
2704 1513 2878 1581 Agios,
2906 1512 3081 1579 Agios,
3112 1510 3267 1579 Agios
3297 1523 3525 1579 respon-

1935 1601 2086 1666 dent,
2120 1602 2212 1655 sed
2244 1601 2405 1656 etiam
2427 1619 2491 1657 ex
2522 1603 2778 1659 Ecclesiis
2802 1603 3208 1670 Mediolanensi,
3233 1602 3519 1673 llispanica

1935 1708 1988 1753 et
2013 1697 2305 1752 Gallicana.
2340 1698 2403 1753 Et
2431 1698 2556 1753 dum
2588 1699 2906 1769 Augustino,
2937 1699 3225 1767 Anglorum
3241 1703 3520 1768 episcopo,

1937 1793 2228 1862 rescripsit,
2256 1794 2529 1861 optiooem
2580 1793 2893 1848 assumendi
2921 1792 3164 1847 ordinem
3194 1807 3224 1847 e
3273 1791 3516 1862 qualibet

236 1882 296 1926 ut
323 1877 401 1930 ait
428 1876 495 1932 de
509 1880 687 1945 seipso
702 1878 1048 1949 Augustinus,
1074 1893 1286 1934 servare
1304 1877 1547 1943 intendit;
1572 1875 1829 1942 secundo,
1866 1851 1908 1909 Β
1937 1880 2171 1934 Ecclesia
2195 1883 2307 1937 sive
2338 1883 2631 1947 Gallicana,
2659 1879 2772 1938 sive
2800 1882 3249 1950 ﬂotn:tna,eidem
3275 1881 3516 1936 indulsit.

233 1968 635 2036 exscriptorum
658 1970 811 2038 culpa
842 1983 892 2024 et
924 1971 1171 2038 neglectu
1202 2010 1218 2032 ,
1250 1971 1338 2038 qui
1362 1971 1428 2022 de
1459 1985 1564 2021 uno
1594 1967 1645 2021 iu
1670 1968 1831 2021 alium

234 2060 703 2127 trattsfundentes,
762 2071 815 2114 et
868 2070 1128 2128 augentes
1155 2075 1391 2124 errores,
1440 2060 1626 2113 faciem
1658 2071 1710 2113 et
1738 2073 1835 2111 au-

224 2150 411 2203 ctoris
457 2164 670 2203 sensum
702 2151 910 2219 penitus
930 2151 1210 2219 deturpant
1233 2162 1290 2206 et
1332 2153 1646 2214 intmutant;
1675 2151 1745 2203 ita
1776 2158 1835 2204 ut

222 2240 591 2305 sequentibus
620 2242 831 2295 saeculis
878 2256 978 2296 nec
1005 2257 1222 2310 scopum
1271 2240 1538 2294 sermonis
1567 2240 1829 2309 auspicari

222 2327 420 2391 liceat,
454 2345 552 2383 nec
602 2333 872 2398 conjicere
897 2347 1135 2386 sensum.
1169 2332 1422 2385 Tribuant
1449 2332 1609 2399 igitur
1636 2345 1826 2384 noxam

227 2419 531 2488 prudentes
558 2420 729 2475 critici
758 2424 991 2491 voragini
1010 2424 1313 2487 blattarum,
1331 2423 1655 2476 notariorum
1676 2436 1828 2477 men-

229 2513 340 2576 dis,
370 2511 1057 2581 ignorantiaetraductorum
1081 2558 1096 2581 ,
1137 2515 1362 2584 aliisque
1391 2514 1577 2569 calami
1607 2523 1662 2568 et
1688 2514 1822 2583 preli

230 2603 561 2673 defectibus,
584 2615 634 2661 et
669 2606 926 2661 mirentur
955 2607 1019 2662 ad
1049 2624 1145 2663 nos
1171 2616 1229 2662 ut
1248 2618 1464 2663 exstant
1490 2608 1821 2677 pervenisse.

306 2717 585 2785 Exemplis
615 2732 700 2773 res
738 2719 931 2774 clarior
966 2717 1075 2775 lict.
1105 2720 1444 2792 Septuaginta
1473 2722 1818 2791 interpretes,

236 2818 291 2863 ut
316 2811 487 2875 aiunt,
521 2828 654 2866 unus
682 2816 906 2867 seorsim
936 2814 1003 2866 ab
1028 2814 1156 2880 alio,
1180 2819 1293 2870 sive
1320 2831 1425 2870 uno
1452 2817 1501 2869 in
1536 2817 1672 2884 loco,
1704 2818 1820 2872 sive

238 2901 290 2955 in
310 2902 532 2967 dissitis,
556 2919 584 2957 a
615 2903 906 2959 Ptolomaeo
937 2906 1283 2976 Philadelpho
1314 2911 1504 2977 positi;
1539 2910 1703 2965 libros
1733 2926 1819 2965 sa-

237 3005 351 3047 cros
375 2994 481 3048 illis
495 2995 719 3051 traditos
747 2997 802 3052 in
824 2998 1067 3054 Graecum
1083 3001 1230 3069 quasi
1250 3001 1505 3056 miraculo
1520 3012 1813 3060 verterunt:

241 3098 422 3156 magna
452 3103 601 3153 cura,
656 3091 873 3144 solertia
903 3102 958 3147 et
995 3093 1352 3150 sollicitudine
1409 3094 1460 3148 in
1494 3095 1814 3150 bibliotheca

2008 1969 2250 2037 Litmiie,
2281 1986 2375 2025 seu
2403 1972 2724 2041 Rogationes
2754 1972 3007 2042 majores,
3032 1989 3058 2024 a
3086 1982 3273 2025 sancto
3296 1971 3523 2025 Mamer-

1940 2071 2015 2126 to,
2042 2062 2329 2118 Viennensi
2356 2068 2632 2134 episropo,
2658 2067 2872 2121 lui-runt
2897 2068 3171 2129 instituto;
3203 2066 3386 2138 hymni
3411 2065 3521 2121 fere

1937 2167 2125 2206 omnes
2148 2165 2271 2209 sunt
2322 2158 2683 2233 compositis
2737 2159 2894 2213 beato
2952 2160 3253 2223 Atnbrosio,
3301 2157 3520 2223 llilario,

1936 2241 2243 2308 Prudentio,
2269 2255 2320 2299 et
2334 2246 2451 2299 aliis
2470 2246 2687 2315 privatis
2699 2248 3007 2302 doctoribus
3028 2265 3041 2313 ;
3068 2246 3521 2303 Commemoratio

1931 2338 2169 2391 omnium
2228 2336 2599 2394 defunctorum
2640 2358 2671 2396 a
2711 2352 2899 2397 sancto
2931 2343 3154 2398 Odilone
3177 2343 3517 2398 Cluniacensi

1929 2431 2119 2485 abbate
2149 2430 2280 2485 die?
2305 2430 2620 2489 Novembris
2645 2435 2893 2503 indueta;
2921 2445 2975 2491 et
2994 2447 3170 2492 tamen
3200 2436 3314 2491 ltzec
3337 2437 3525 2492 omnia

1929 2521 2164 2576 Ecclesia
2193 2522 2432 2578 Romana
2465 2525 2656 2579 merito
2685 2527 2976 2595 adoptavit.

1996 2614 2053 2669 In
2084 2617 2339 2688 Symbolo
2367 2617 2510 2687 quod
2543 2619 2592 2672 in
2628 2618 2864 2675 Ecclesia
2917 2621 3150 2690 canitur,
3211 2621 3516 2691 processio-

1925 2722 2047 2761 nem
2075 2706 2304 2778 Spiritus
2328 2710 2497 2764 sancti
2529 2725 2558 2764 a
2596 2710 2753 2767 Patre
2773 2721 2827 2767 et
2876 2712 3013 2767 Filio
3043 2729 3139 2784 per
3188 2714 3273 2769 illa
3324 2714 3510 2781 verba,

1928 2800 2085 2868 Quia
2134 2800 2290 2857 Patre
2318 2801 2553 2872 Filioque
2582 2805 2832 2871 procedit,
2880 2806 3050 2868 primo
3099 2821 3128 2859 a
3178 2805 3427 2860 Patribus
3458 2808 3512 2860 in

1922 2910 2074 2950 conc.
2103 2910 2159 2949 nt
2212 2895 2470 2951 Toletano
2515 2896 2828 2952 solemuiter
2877 2896 3041 2951 fuisse
3093 2897 3505 2964 conclamatam,

1921 3002 2106 3042 euntes
2129 2988 2269 3042 ultro
2291 2985 2542 3055 fatentur;
2575 2997 2629 3042 ct
2654 2988 2941 3043 admodum
2972 2988 3261 3042 verisimile
3289 2997 3372 3043 est
3404 2989 3512 3041 lio-

1920 3093 2131 3133 manam
2159 3080 2475 3145 Ecclesiam,
2508 3080 2633 3133 dum
2666 3080 2906 3135 decrevit
2935 3089 2989 3134 ut
3023 3081 3074 3134 in
3100 3080 3205 3135 fine
3248 3079 3507 3150 cujusque

245 3170 569 3241 imperatoria
603 3191 873 3247 servatos,
923 3184 1190 3239 neminem
1224 3186 1386 3251 latet;
1418 3188 1484 3240 de
1506 3186 1811 3243 ludaorum
1843 3196 1891 3260 ο
1925 3170 2114 3239 βείιιιηί
2149 3172 2420 3226 dicerem"
2464 3170 2648 3225 διονὶα
2680 3170 2857 3235 Ραινίι
2884 3183 3015 3236 ϐίοιο
3047 3180 3288 3226 εθευῑιηη
3345 3171 3507 3225 Mssa

241 3271 292 3319 et
330 3264 756 3326 Christianorum
796 3273 847 3326 in
878 3277 1270 3345 exemplaribus
1299 3278 1366 3331 ad
1409 3279 1641 3333 litteram
1671 3296 1816 3334 asse-

241 3360 459 3425 quendis
481 3364 656 3417 studio
682 3365 952 3435 ambigere
985 3383 1087 3421 nan
1117 3370 1241 3424 licet
1273 3387 1288 3435 ;
1341 3381 1395 3425 et
1426 3381 1601 3426 tamen
1634 3382 1819 3441 postea

242 3451 485 3513 prodiere
512 3453 561 3505 in
586 3453 802 3511 Oriente
824 3466 900 3511 tot
936 3458 1148 3527 fereque
1176 3460 1593 3518 innumerabiles
1615 3463 1820 3520 versio-

246 3552 333 3593 nes
361 3542 625 3611 Origenis,
677 3548 1011 3621 llierunyini.
1044 3553 1279 3621 Aquilae,
1324 3554 1735 3623 Tlteodotionis,
1763 3567 1818 3611 et

240 3628 620 3703 incognitarum
649 3654 769 3693 cum
818 3643 1186 3709 rahbinurum,
1239 3654 1346 3701 tum
1377 3646 1715 3715 Latinorum,
1759 3661 1816 3705 ut

240 3728 469 3793 synodus
509 3728 820 3785 Tridentina
850 3736 1101 3802 opinandi
1134 3736 1410 3792 licentiam
1440 3741 1695 3796 cohibere
1722 3742 1819 3810 ju—.

235 3816 437 3886 dicarit,
464 3831 521 3876 et
548 3833 747 3879 textum
764 3826 915 3895 juxta
951 3828 1224 3899 Vulgatam
1247 3831 1611 3889 authenticum
1633 3834 1814 3889 decla-

233 3927 367 3973 rare.

298 4005 489 4062 Nostra
526 4017 685 4065 actate
715 4010 855 4067 inter
878 4015 1214 4083 expositores
1249 4028 1304 4071 et
1334 4017 1615 4089 theologos
1636 4018 1808 4074 disce-

234 4104 403 4162 ptatur
429 4113 497 4151 an
531 4099 617 4153 illa
648 4102 828 4167 verba,
862 4102 925 4156 Et
950 4112 1050 4158 tres
1079 4114 1196 4158 sunt
1220 4107 1307 4176 qui
1324 4109 1665 4161 testimonium
1684 4111 1807 4162 dant

231 4185 281 4239 in
303 4189 448 4252 cado,
480 4187 912 4258 Pater,Verbttm,
935 4204 981 4247 et
1004 4193 1231 4259 Spiritus
1260 4210 1486 4264 sanctus,
1512 4200 1618 4255 sint
1640 4218 1809 4256 necne

233 4275 283 4330 in
303 4291 527 4348 corpore
558 4283 638 4335 vel
668 4284 719 4336 in
750 4295 870 4336 nuta
904 4284 1177 4352 marginali
1205 4287 1371 4355 Epist.
1394 4288 1436 4354 l,
1467 4304 1585 4357 cap.
1613 4306 1662 4355 v,
1689 4307 1805 4345 san.

232 4370 299 4424 cti
321 4369 544 4427 Joannis
568 4391 583 4438 ;
610 4390 729 4429 nam
759 4377 811 4430 in
835 4377 1149 4447 quibusdam
1174 4378 1359 4436 Bibliis
1385 4382 1437 4436 iu
1468 4397 1722 4453 corpore,
1756 4387 1807 4440 in

233 4461 346 4515 aliis
374 4462 426 4516 in
452 4464 691 4537 margine
716 4481 1055 4538 apponuntur
1087 4489 1101 4538 ;
1135 4471 1407 4542 similiter,
1436 4490 1503 4529 an
1534 4475 1809 4544 inscriptio

1926 3265 2141 3315 Patrum
2180 3263 2540 3329 Hispanorum
2590 3263 3030 3316 consuetudinem
3086 3263 3136 3314 in
3188 3261 3426 3316 concilio
3456 3277 3508 3316 tv

1924 3352 2183 3406 Toletano
2213 3353 2524 3416 stabilitam,
2550 3360 2606 3407 ut
2628 3368 2842 3421 semper
2872 3354 2922 3406 in
2951 3350 3333 3405 terminat'one
3360 3351 3502 3419 psal-

1922 3462 2130 3500 morum
2155 3445 2623 3514 pronuntiarentur
2653 3443 2809 3499 verba
2840 3443 3193 3514 Apocalypsis
3250 3439 3430 3496 Gloria
3453 3450 3502 3495 et

1922 3536 2105 3601 honor,
2156 3548 2260 3590 etc.
2315 3535 2453 3590 Etsi
2518 3546 2735 3590 sanctus
2802 3536 3056 3590 Damasus
3108 3533 3371 3604 Hispanus
3411 3533 3509 3587 lttit

1918 3620 2122 3697 auctor,
2156 3630 2415 3702 majorem
2443 3630 2545 3685 vim
2570 3631 2787 3685 habebit
2816 3643 2993 3685 lltlSll‘a
3017 3628 3262 3683 assertio.
3344 3676 3357 3687 .

1990 3723 2163 3777 Latini
2221 3738 2250 3774 a
2302 3723 2503 3778 Grtncis
2542 3723 2791 3793 quasdam
2841 3723 3199 3786 festivitates,
3247 3729 3301 3775 et
3346 3718 3505 3774 simul

1919 3815 2089 3871 erci
2118 3831 2149 3870 a
2181 3814 2406 3883 Latinis,
2432 3825 2559 3870 sunt
2583 3814 2829 3881 mutuati,
2860 3817 2987 3885 quin
3018 3813 3086 3869 ob
3126 3813 3226 3868 hoc
3252 3813 3503 3867 uniuscu-

1910 3910 2104 3979 jusque
2137 3908 2391 3963 Ecclesia:
2419 3909 2657 3963 officium
2686 3908 3061 3971 confundatur,
3090 3915 3179 3960 aut
3206 3905 3502 3975 antiquitati

1914 4001 2139 4070 iilUI'giiB
2174 4001 2447 4065 llomaum,
2472 4001 2554 4055 vel
2582 4010 2886 4057 sanctorum
2909 3998 3151 4069 Gregorii
3181 3999 3319 4068 Mag.
3342 3997 3504 4053 Joan-

1915 4098 1997 4152 nis
2025 4097 2326 4167 Ghrysost.,
2354 4096 2440 4151 vel
2483 4095 2692 4160 lsiduri,
2720 4093 2919 4165 aliquid
2951 4092 3283 4148 detrahatur.

1983 4189 2149 4260 Signa
2189 4190 2421 4258 denique
2454 4204 2559 4243 non
2592 4187 2864 4258 aiquivoca
2895 4186 3193 4240 revelemus
3218 4181 3368 4253 queis
3408 4195 3512 4252 no;

1912 4291 2079 4338 strum
2112 4282 2393 4337 Gotlticum
2442 4284 2599 4336 ritum
2643 4281 2944 4335 nullatenus
2987 4282 3319 4334 immutatunt
3350 4277 3503 4333 exhi-

1912 4375 2117 4430 bemus.
2150 4375 2383 4429 Primum
2418 4392 2431 4428 :
2465 4373 2774 4428 Psalterium
2812 4370 2951 4441 typis
2970 4371 3172 4425 editum
3196 4377 3279 4424 est
3299 4368 3502 4428 eisdem

1916 4468 2093 4522 verbis
2122 4467 2315 4536 quibus
2346 4468 2613 4520 invenitur
2650 4472 2921 4519 exaratum
2967 4464 3020 4519 itt
3061 4471 3367 4533 pervetusto
3395 4460 3503 4517 Co-

230 4548 474 4621 Symboli
495 4557 667 4611 sancti
698 4558 973 4614 Athanasii
1014 4564 1083 4617 sit
1109 4578 1292 4617 revera
1320 4564 1480 4633 hujus
1506 4569 1678 4621 sancti
1710 4567 1813 4620 Pa-
1842 4574 1894 4633 D
1922 4561 2036 4616 dice
2065 4560 2289 4616 Gothico
2318 4560 2591 4614 TOit'lallO.
2640 4560 2964 4625 Secundum,
2994 4559 3262 4613 orationes
3283 4557 3351 4614 de
3372 4570 3505 4611 tem-

186 4625 209 4723 ξ
234 4642 328 4698 tris
368 4646 419 4699 in
453 4655 644 4713 totum,
678 4650 758 4703 vel
783 4650 835 4704 in
884 4661 1087 4722 partem
1117 4671 1131 4720 ;
1166 4671 1234 4709 an
1262 4656 1527 4712 canticum
1556 4656 1624 4711 Te
1654 4657 1818 4713 Deum
1920 4670 2048 4723 pore
2081 4668 2173 4720 per
2202 4652 2327 4706 anni
2359 4652 2652 4717 circulum.
2682 4651 2861 4718 [laneis
2889 4650 3066 4706 verbis
3095 4649 3353 4719 θιοεριέε,
3379 4662 3503 4702 cum

231 4735 499 4791 laudamus
530 4742 720 4793 merito
752 4742 1039 4799 Ambrosio
1080 4756 1134 4800 et
1168 4748 1460 4815 Augustino
1491 4752 1812 4820 ascribatur,

232 4837 280 4879 ct
306 4830 413 4882 alia
448 4829 739 4889 simillima.
774 4835 830 4889 Si
863 4836 1016 4905 igitur
1046 4837 1161 4891 haec
1208 4855 1238 4893 a
1266 4840 1513 4897 Patribus
1544 4853 1600 4898 et
1630 4845 1818 4900 docto-

229 4918 375 4973 ribus
393 4925 707 4993 transcripta
740 4927 790 4979 itt
813 4928 1061 4981 trutinam
1078 4940 1199 4998 post
1237 4941 1313 4985 tot
1343 4942 1603 4987 transacta
1617 4938 1816 4990 saecula

230 5009 720 5081 reducuntur,quid
741 5016 997 5073 miramur
1013 5021 1200 5075 menda
1226 5030 1280 5077 et
1307 5023 1642 5081 inversiones
1664 5028 1814 5082 clau-

231 5101 466 5157 sularum
496 5111 553 5158 et
603 5107 904 5162 orationum
961 5109 1012 5162 in
1043 5109 1227 5167 officio
1280 5112 1509 5169 Gothico
1560 5118 1809 5183 inveniri,

234 5202 426 5261 partim
460 5204 703 5267 tempore
732 5199 1098 5255 Mahumeticze
1153 5204 1559 5274 dominationis,
1612 5212 1806 5279 partim

233 5286 537 5343 immediate
560 5300 679 5358 post
704 5293 873 5362 ipsam
902 5308 1180 5349 excussam
1214 5298 1571 5368 transcripta?

298 5377 781 5437 Sanetuslsidorus
812 5386 1064 5441 Breviarii
1095 5386 1307 5445 Gothici
1361 5407 1465 5444 non
1500 5402 1583 5446 est
1624 5396 1815 5448 unicus

228 5482 435 5538 auctor,
485 5489 585 5529 nec
612 5491 718 5529 uno
766 5486 1003 5547 tempore
1050 5479 1258 5550 liturgia
1313 5497 1468 5553 quam
1505 5484 1556 5537 in
1616 5486 1811 5541 Missali

230 5567 495 5621 cernimus
525 5568 815 5622 lsidoriano
863 5574 1123 5639 instituta;
1152 5573 1287 5628 ordo
1317 5593 1529 5647 quoque
1565 5579 1614 5632 in
1665 5581 1815 5638 horis

232 5655 501 5713 canonicis
532 5661 897 5727 persolvendis
922 5680 1024 5718 non
1065 5681 1171 5719 uno
1201 5666 1305 5720 ictu
1339 5667 1431 5723 fuit
1486 5673 1808 5742 perpolitus,

232 5749 322 5804 sed
354 5761 525 5807 tractu
551 5758 804 5823 temporis
831 5757 1039 5812 Gothici
1068 5759 1250 5814 Patres
1272 5769 1325 5813 ct
1344 5762 1593 5818 doctores
1619 5768 1810 5835 partim

232 5844 505 5917 antiquum
537 5849 830 5907 lictttanum
866 5852 1023 5908 ritum
1047 5855 1340 5923 retinuere;
1376 5856 1564 5927 partim
1590 5876 1650 5914 cx
1694 5862 1813 5916 Am-

1919 4749 2024 4802 ritu
2059 4745 2347 4801 Veronensi
2379 4755 2433 4799 et
2474 4745 2593 4797 aliis
2622 4743 2861 4799 Golhicis
2890 4750 3212 4811 congruunt,
3245 4749 3303 4794 ut
3346 4740 3506 4793 Blan-
3586 4800 3591 4805 ,

1918 4842 2132 4896 chinum
2164 4849 2219 4894 et
2255 4839 2465 4893 P-inium
2513 4838 2811 4907 legentibus
2853 4838 3187 4906 perspicuum
3226 4835 3337 4890 fiet.
3368 4835 3502 4890 Ter-

1920 4933 2073 4996 tium,
2096 4932 2229 4984 ordo
2258 4928 2309 4983 in
2334 4930 2599 4995 precibus,
2624 4938 2677 4983 et
2696 4928 2930 4997 denique
2948 4930 3122 4984 omnia
3154 4928 3207 4982 in
3233 4927 3505 4983 Breviario

1918 5023 2212 5076 lsidoriano
2235 5022 2499 5091 apposita,
2541 5036 2662 5075 cum
2694 5022 2933 5077 decretis
2952 5021 3145 5077 concil.
3178 5036 3228 5075 tv
3262 5019 3503 5075 Toletani

1916 5115 2259 5171 conveniunt.

1990 5210 2127 5265 Loca
2166 5209 2332 5263 Sancti
2363 5208 2548 5263 lsidori
2578 5208 2645 5263 de
2688 5206 2881 5262 divinis
2909 5205 3113 5263 Officiis
3158 5207 3347 5262 iterum
3378 5218 3501 5273 per-

1917 5310 2237 5365 scruteinur,
2266 5308 2322 5355 et
2358 5302 2473 5354 luce
2516 5299 2808 5354 meridiana
2835 5298 3031 5353 clarius
3076 5298 3216 5351 hunc
3260 5305 3500 5350 nostrum

1918 5393 2075 5447 ritum
2106 5392 2388 5447 Gothicum
2419 5392 2755 5457 aspiciemus.
2790 5391 2950 5446 Libro
2982 5407 2999 5445 ι
3047 5392 3116 5443 de
3159 5389 3292 5443 eccl.
3319 5389 3495 5458 Ollio,

1916 5500 2033 5554 cap.
2066 5484 2116 5551 5,
2144 5485 2408 5554 loquendo
2424 5485 2489 5538 de
2512 5485 2749 5553 psalmis,
2777 5484 2968 5537 asserit
2999 5500 3013 5534 :
3042 5480 3355 5537 Psalterium
3380 5499 3494 5537 can-

1917 5580 2187 5631 tilenarum
2211 5580 2444 5632 suavium
2468 5578 2528 5630 ab
2555 5575 2782 5631 Ecclesia
2811 5574 3141 5647 frequentari,
3168 5592 3271 5646 quo
3298 5577 3503 5646 facilius

1917 5671 2077 5724 animi
2105 5671 2173 5723 ad
2219 5669 2653 5738 campum-tionem
2683 5669 2975 5736 ﬂectantur.
3006 5666 3081 5717 lin
3112 5666 3351 5733 ntelodin,
3385 5682 3498 5737 quae

1919 5779 2087 5833 usque
2137 5762 2296 5819 hodie
2326 5761 2376 5816 in
2410 5772 2591 5815 nost-a
2639 5757 2872 5811 Ecclesia
2899 5756 3180 5822 Toletana,
3213 5767 3275 5827 ut
3316 5768 3502 5813 cantus

1918 5855 2129 5913 Gozbici
2183 5852 2406 5911 exuviae.
2442 5852 2493 5905 in
2522 5847 2841 5918 quibusdam
2875 5846 3151 5902 versiculis
3178 5858 3232 5902 et
3272 5862 3496 5916 resp"...
