4044 6382
493 364 553 421 3|

1313 326 1737 428 russatscus
1775 370 2123 428 ANTONIUS
2165 372 2576 431 LURENZANA
2616 371 2931 431 LECTORI.

3682 380 3759 434 3:!

490 478 648 533 sortis
676 474 952 544 retinetur,
980 475 1248 547 assignato
1285 488 1472 534 cantus
1511 482 1760 539 melodici
1789 482 2067 551 magistro,
2098 486 2150 544 Α
2173 484 2310 551 quod
2338 488 2534 554 possint
2576 487 2775 557 paruuli
2817 505 3018 559 cupere,
3049 497 3096 542 et
3142 504 3299 544 vivere
3327 507 3391 545 ex
3430 492 3534 561 fide
3575 493 3757 568 colles,

490 583 611 622 eum
640 566 883 635 puerulos
924 567 1201 635 edocente,
1231 586 1351 625 cum
1398 584 1454 626 et
1499 576 1611 629 hinc
1642 576 1818 644 prasis
1853 575 1963 646 jam
2018 579 2069 631 in

488 660 606 713 a‘liis
638 658 889 716 Ecclesiis
921 674 1040 729 qua:
1066 671 1279 716 cantum
1309 662 1692 734 Grcgorianum
1720 677 1845 723 sunt
1873 670 1926 723 in
1956 685 2063 723 om-

482 752 645 809 nibus
671 754 985 822 amplesata:
1008 757 1079 811 sit
1102 755 1421 811 oblitterata.

558 844 914 899 Transeamus
948 847 1012 899 ad
1042 848 1143 900 alia
1173 849 1340 903 sancti
1369 850 1556 905 lsidori
1586 849 1909 906 testimonia.
1935 852 2067 907 Cum

484 951 604 1006 cap.
640 938 724 1002 to,
757 939 823 994 de
854 940 1190 1004 lectionibus,
1216 943 1382 1009 prius,
1416 949 1473 995 ut
1516 942 1584 997 ab
1619 942 1953 998 auditoribus
1995 945 2069 999 le-

483 1030 690 1084 ctiones
718 1030 1099 1100 percipiantur,
1129 1032 1401 1086 silentium
1440 1034 1798 1100 commendet,
1831 1034 1947 1095 haec
1975 1051 2069 1105 ap-

484 1121 632 1189 ponit
658 1122 816 1175 verba
851 1139 865 1175 :
896 1120 1021 1174 Ideo
1044 1132 1087 1174 et
1118 1123 1359 1177 diaconus
1381 1125 1521 1177 clara
1550 1141 1665 1181 voce
1690 1125 1949 1185 silentium
1978 1129 2067 1181 ad-

480 1221 670 1265 monet.
706 1211 784 1267 En
814 1212 976 1267 verba
1003 1228 1120 1281 quae
1143 1214 1397 1280 diaconus
1421 1225 1545 1270 ante
1576 1216 1828 1272 lectiones
1859 1218 1911 1272 in
1959 1218 2065 1273 ritu

480 1303 812 1360 llloaarabico
849 1305 1119 1362 multoties
1169 1310 1357 1375 repetit
1401 1308 1504 1363 hoc
1545 1310 1702 1364 modo
1737 1328 1749 1365 :
1790 1310 2064 1367 Silentium

478 1396 652 1465 facite,
698 1414 837 1468 quae,
870 1399 922 1453 ni
953 1400 1130 1467 fallor,
1169 1400 1225 1455 in
1274 1402 1571 1458 recentiore
1600 1404 1789 1461 ordine
1817 1405 2065 1462 Romano

478 1502 585 1543 non
615 1490 961 1558 perlegimus.

545 1576 673 1646 Cap.
710 1580 797 1642 tl,
826 1578 892 1633 de
916 1580 1062 1635 libris
1084 1580 1544 1640 Testamentorum
1571 1600 1666 1655 pro
1697 1596 1846 1642 certo
1866 1603 2063 1658 suppo-

475 1666 555 1721 nIt
585 1668 942 1736 pronuntiari,
974 1680 1028 1727 et
1069 1672 1272 1726 cantari
1313 1672 1571 1739 lectiones
1601 1690 1668 1731 ex
1710 1687 1933 1747 utroque
1958 1678 2060 1735 Te-

473 1767 760 1824 stamento,
790 1758 965 1815 Veteri
990 1767 1046 1815 et
1075 1759 1252 1825 Novo;
1281 1770 1334 1817 et
1356 1762 1456 1817 hoc
1480 1764 1694 1834 quidem
1727 1766 1777 1819 in
1799 1768 2061 1823 sacriﬁcio

2171 575 2293 644 quia
2320 586 2515 631 montes
2545 595 2720 647 pacem
2757 581 3059 648 suscipiunt.

2247 690 2322 743 lin
2347 691 2615 758 quomodo
2643 694 2824 751 oratio-
2844 693 3097 748 Breviarii
3127 692 3336 753 Gothici
3370 697 3597 753 mirabili
3630 699 3755 757 bre-

2169 780 2334 839 vitate
2375 786 2645 853 praefatam
2682 789 3071 857 expositionem
3113 791 3529 860 complectitur:
3569 794 3757 851 δαιτὶ-ι

2171 876 2313 943 piant
2339 886 2554 944 montes,
2586 878 2774 946 inquit,
2804 896 3095 951 pacem..."
3129 883 3213 950 qui
3253 883 3573 950 primordiali
3604 887 3754 949 radio

2167 966 2426 1021 inlustrati
2451 978 2570 1022 sunt
2608 969 2751 1037 ﬁdei,
2782 980 2837 1024 at
2881 987 2946 1024 ea:
2988 974 3296 1041 sublimitate
3342 986 3629 1037 sanctorum
3656 980 3751 1032 de-

2166 1058 2374 1112 scendat
2413 1060 2615 1129 justitia
2660 1062 2903 1129 collium;
2952 1073 3004 1117 et
3049 1066 3095 1119 si
3139 1070 3463 1132 percurreris
3510 1071 3754 1135 ofﬁcium

2168 1146 2450 1205 Gothicam
2494 1151 2864 1219 lsidorianum,
2901 1156 3309 1213 auctoritatibus
3355 1161 3525 1215 sancti
3567 1164 3751 1233 Augu-

2166 1241 2292 1295 stini
2325 1241 2578 1298 refertum
2611 1244 2876 1300 invenies.

2240 1354 2294 1409 ln
2345 1354 2525 1410 ofﬁcio
2564 1367 2899 1415 mortuorum
2944 1361 3104 1432 hujus
3155 1364 3321 1418 nostri
3355 1332 3610 1421 Bieviarii
3641 1366 3753 1423 Gn-

2165 1448 2292 1503 thici
2326 1460 2596 1519 ponuntur
2645 1467 2830 1521 preces
2858 1469 2979 1509 cum
3021 1457 3472 1526 superscriptione
3505 1457 3753 1514 Abieida-

2165 1548 2265 1614 ria,
2297 1557 2349 1600 et
2372 1558 2524 1601 antea
2555 1547 2757 1603 Psalmi
2786 1548 2975 1616 David,
3005 1550 3207 1621 absque
3236 1552 3624 1617 numeratione,
3655 1554 3749 1608 sed

2162 1638 2335 1692 solum
2368 1639 2699 1706 insequendo
2721 1641 2928 1696 litteras
2954 1641 3278 1705 abecedarii,
3310 1643 3378 1695 ita
3410 1652 3462 1695 ut
3489 1642 3591 1696 sub
3618 1658 3752 1697 uno-

2161 1747 2374 1801 quoque
2420 1734 2679 1803 inscripto
2708 1735 2914 1802 psalmo
2963 1743 3168 1789 tantum
3216 1736 3553 1791 inveniantur
3582 1738 3751 1791 versi-

472 1849 651 1905 missie
678 1848 969 1907 secundum
1012 1851 1177 1909 ritum
1201 1824 1836 1923 Gothicttm-adamussim
1871 1874 2052 1919 serva-
2085 1838 2139 1902 Β
2162 1826 2266 1881 cu"
2299 1824 2615 1923 impie“?
2636 1828 2736 1923 s_"b
2754 1827 3174 1923 Ρηῖθθᾳῗωῳθ
3197 1829 3393 1923 Μενέῖ
3416 1828 3758 1923 δθδυωθηδθ

474 1950 592 2007 tur;
629 1956 748 1996 nam
795 1944 962 2008 prima
1010 1944 1242 2011 Episwla
1293 1944 1361 2001 de
1390 1945 1589 2013 Veteri,
1620 1957 1676 2004 et
1722 1950 1957 2005 secunda
1987 1950 2059 2008 de

471 2031 621 2086 Novo
650 2032 995 2091 Testamento
1029 2035 1342 2093 desumitur.

542 2123 799 2193 Tandem,
832 2134 888 2180 ut
930 2127 1032 2181 alia
1081 2138 1481 2197 praetereamus,
1514 2146 1630 2201 cap.
1676 2131 1766 2200 15,
1796 2133 1863 2189 de
1886 2134 2057 2191 laudi-

466 2216 589 2281 bus,
620 2218 720 2272 hoc
747 2228 831 2273 est
871 2221 1099 2287 alleluia,
1126 2235 1219 2277 seu
1248 2224 1424 2288 lauda,
1459 2233 1517 2279 ut
1544 2226 1852 2281 sacerdotes
1876 2229 2055 2284 Maza-

468 2309 635 2363 rabici
666 2319 880 2376 vocant,
902 2311 976 2364 ait
1000 2322 1217 2365 sanctus
1246 2312 1435 2366 doctor
1466 2331 1478 2366 :
1512 2313 1577 2368 In
1607 2315 1865 2380 Africanis
1890 2318 2058 2387 regio-

467 2400 617 2454 nibus
644 2403 913 2477 nonomni
944 2412 1184 2471 tempore,
1208 2406 1295 2458 sed
1327 2414 1523 2457 tantum
1549 2405 1827 2461 Dominicis
1855 2409 2053 2477 diebus,

466 2500 514 2544 et
541 2492 913 2564 quinquaginta
935 2503 1047 2562 post
1079 2493 1513 2549 Resurrectionent
1536 2512 1795 2552 ΑιιειυιΑ
1817 2510 2054 2552 cantatur

467 2600 561 2652 pro
589 2585 963 2653 signiﬁcatione
991 2587 1181 2652 [utam
1218 2584 1621 2641 Resurrectionis
1650 2596 1699 2639 et
1729 2589 1949 2650 lwtitiw;
1974 2605 2052 2643 ve-

361 2738 374 2751 .
463 2690 580 2728 rum
609 2677 747 2743 apud
792 2692 903 2740 nos,
934 2677 1207 2729 secundum
1241 2678 1502 2747 antiquam
1545 2676 1916 2747 Hispaniarum
1948 2689 2052 2733 tra-

465 2765 728 2829 ditionem,
761 2775 942 2832 pra'ter
985 2767 1091 2819 dies
1127 2769 1467 2837 jejuniorum,
1502 2770 1576 2820 vel
1611 2768 2048 2839 Quadragesintaa,

464 2857 604 2908 omni
632 2866 855 2927 tempore
899 2861 1102 2911 canitur
1142 2875 1438 2924 summa;
1469 2861 1711 2928 scriptum
1750 2872 1824 2917 est
1867 2863 2002 2916 enim
2031 2882 2052 2921 :

461 2951 680 3013 Saurea
713 2970 841 3009 LAUS
869 2972 989 3011 esus
1037 2973 1086 3010 is
1116 2972 1217 3011 one
1250 2972 1375 3011 uso.
1417 2958 1492 3012 En
1541 2958 1945 3013 fundamentum
1994 2967 2047 3014 et

462 3045 598 3098 ratio
646 3061 812 3115 quare
843 3047 1161 3101 Mozarabici
1193 3050 1354 3102 etiam
1396 3051 1449 3103 in
1481 3051 1640 3104 missa
1673 3051 2047 3105 delum-torum

461 3145 661 3191 canunt
686 3137 916 3204 alleluia,
944 3139 1084 3208 quod
1119 3147 1192 3192 tot
1222 3149 1345 3194 ante
1372 3149 1515 3194 retro
1544 3141 1756 3196 sacculis
1784 3143 1836 3196 in
1867 3142 2050 3197 Eccle-
2080 3157 2085 3163 '

462 3225 540 3280 sia
576 3226 815 3281 Romana
845 3229 899 3282 in
930 3229 1330 3283 desuetudinem
1358 3231 1509 3285 abiit.

530 3318 585 3371 In
612 3319 831 3373 canticis
859 3334 989 3374 mss.
1022 3319 1179 3389 hujus
1206 3321 1371 3375 nostri
1399 3321 1651 3377 Breviarii
1676 3324 2043 3383 animadverte

456 3429 485 3467 a
513 3416 723 3469 cantico
745 3431 870 3469 LVIII
903 3432 1070 3484 usque
1096 3416 1160 3469 ad
1206 3417 1450 3471 ultimum
1492 3419 1782 3484 exclusive,
1816 3428 1870 3474 et
1896 3430 2043 3487 post-

456 3522 615 3574 quam
655 3508 941 3561 adnotatur
969 3509 1096 3562 Iibt-r
1122 3522 1289 3562 sacra:
1318 3508 1613 3579 Scriptura:
1641 3525 1671 3565 e
1697 3527 1801 3577 quo
1832 3512 2044 3565 desum-

457 3608 734 3684 ptum.est,
759 3601 949 3669 apponi
982 3599 1118 3654 hanc
1143 3610 1320 3653 notam
1344 3601 1395 3654 in
1431 3604 1601 3667 primo
1636 3620 1647 3655 :
1681 3602 1863 3657 XVIII.
1900 3604 2045 3659 Prw-

454 3706 694 3760 ceptum;
725 3691 776 3745 in
806 3692 1046 3764 sequenti
1080 3706 1096 3744 :
1130 3690 1348 3745 XXXV.
1394 3688 1457 3743 In
1500 3702 1607 3755 tuo,
1636 3700 1691 3745 ct
1722 3694 1773 3746 in
1808 3694 2045 3764 margine

456 3832 557 3888 hoc
586 3757 946 4001 ειειιιηιιῗ
970 3874 987 3900 ,
1013 3831 1153 3901 quod
1183 3833 1236 3887 in
1270 3831 1464 3886 nostris
1488 3831 1613 3888 Mss.
1644 3834 1911 3903 signiﬁcat
1932 3850 2043 3889 nta-

456 3997 713 4063 tutinum;
762 3996 1161 4052 ut'i'ndicarent
1212 3997 1498 4053 lectoribus
1536 3999 1741 4053 cantica
1785 3998 2031 4055 laudibus

459 4091 741 4160 praeﬁnita,
760 4099 815 4146 et
836 4090 995 4146 simul
1024 4090 1343 4161 antipbonas
1370 4092 1590 4160 psalmis
1612 4091 1995 4161 respondentes
2023 4111 2038 4147 :

455 4183 653 4237 videsis
675 4184 788 4239 hac
808 4183 970 4238 verba
996 4193 1324 4253 praeceptum,
1352 4185 1405 4238 in
1435 4194 1542 4248 tuo,
1574 4200 1694 4240 esse
1726 4186 2040 4255 principium

456 4275 867 4345 antiphonarum
890 4291 1008 4347 qua:
1034 4276 1345 4346 praecedunt
1374 4278 1641 4347 psalmos;
1678 4277 1927 4349 idemque
1954 4294 2043 4335 ac-

454 4369 582 4424 cidit
613 4368 667 4424 in
697 4369 938 4424 canticis.

524 4458 758 4513 Sabbato
779 4457 1068 4513 Dominica:
1098 4460 1265 4513 tertiae
1285 4459 1740 4529 Quadragesimm,
1760 4461 1823 4515 ad
1856 4461 2039 4516 horam

457 4551 665 4617 tertia,
730 4552 1031 4621 assignatur
1079 4552 1235 4606 lectio
1282 4555 1562 4621 desumpta
1620 4570 1684 4608 ex
1740 4570 1857 4623 cap.
1916 4571 2117 4642 xstvD

458 4642 656 4707 Prom;
688 4650 743 4696 et
768 4643 819 4696 in
851 4642 941 4697 illo
972 4660 1111 4697 vers.
1145 4662 1155 4694 :
1190 4643 1392 4712 Septies
1415 4646 1552 4697 cadit
1569 4647 1761 4715 justus,
1788 4644 2037 4716 adjicitur

456 4732 680 4786 verbum
725 4734 779 4785 in
827 4733 929 4797 die,
952 4734 1090 4801 quod
1136 4750 1240 4788 non
1290 4735 1528 4804 reperies
1569 4736 1621 4789 in
1672 4735 1923 4807 Vulgata,
1949 4748 2040 4792 aut

458 4823 563 4876 alia
597 4825 940 4878 trans'atione
972 4823 1283 4880 Bibliorum.

533 4913 685 4968 Feria
716 4916 749 4969 5
779 4924 902 4969 ante
933 4914 1282 4970 Pentecosten
1326 4915 1493 4985 prima
1529 4915 1594 4969 ad
1628 4930 1820 4971 nonam
1869 4920 2040 4974 oratio

457 5006 754 5059 elatissime
804 5006 1011 5061 videtur
1041 5006 1268 5060 deducta
1314 5023 1379 5061 ex
1416 5019 1602 5061 sancto
1647 5007 1786 5077 Aug.
1838 5008 1905 5061 ad
1949 5009 2037 5064 illa

460 5096 619 5150 verba
649 5095 834 5165 psalm.
857 5112 979 5151 um
1012 5112 1027 5150 :
1061 5096 1356 5167 Suscipiunt
1377 5107 1571 5151 montes
1596 5114 1792 5163 pacem,
1815 5108 1861 5152 et
1890 5100 2044 5155 colles

455 5192 729 5263 justitiam;
750 5206 870 5262 qua:
901 5191 1063 5246 verba
1092 5192 1159 5245 ita
1188 5192 1566 5260 interpretatur
1585 5202 1802 5247 sanctus
1833 5192 2040 5258 doctor,

464 5294 614 5339 tract.
649 5301 666 5339 ι
714 5300 877 5355 super
915 5284 1114 5353 Evaug.
1147 5284 1316 5338 sancti
1358 5284 1514 5341 Joan.
1545 5301 1558 5337 :
1591 5284 1792 5341 Montes
1830 5287 2045 5341 excelsis

461 5379 644 5433 anima!
692 5388 830 5445 sunt,
876 5378 1028 5432 colles
1071 5377 1297 5448 parvqu
1347 5378 1533 5432 animo:
1579 5388 1716 5431 sunt.
1768 5379 1877 5433 Sed
1927 5379 2044 5434 ideo

461 5480 656 5524 montes
680 5472 937 5539 excipiunt
972 5486 1166 5539 pacem,
1201 5482 1254 5523 ut
1285 5470 1438 5524 colles
1477 5472 1671 5539 possint
1698 5472 1930 5540 excipere
1953 5472 2045 5542 ju-

460 5564 674 5617 stitiam.
728 5565 857 5630 Qua
908 5574 982 5617 est
1026 5566 1272 5636 justitia,
1325 5582 1477 5635 quam
1530 5566 1685 5621 calles
1737 5568 2046 5639 excipiunt?

460 5655 686 5724 βᾶθι...
717 5654 837 5709 Non
868 5666 1037 5712 autem
1062 5660 1343 5728 exciperent
1389 5658 1606 5715 minores
1652 5660 1838 5716 anima:
1863 5662 2041 5730 ﬁdem,

461 5748 561 5801 nisi
591 5751 811 5821 majores
841 5749 1044 5813 animae,
1075 5766 1188 5819 qua:
1235 5759 1429 5806 montes
1469 5752 1621 5806 dicta:
1665 5762 1811 5817 sunt,
1840 5753 1903 5806 ab
1931 5753 2043 5821 ipsa

458 5840 707 5908 sapientia
754 5838 1154 5910 illustrarentur,
1191 5854 1243 5897 tu
1291 5844 1485 5913 possint
1531 5846 1759 5915 parvulis
1806 5848 2040 5917 trajicere

2162 1932 2257 1972 eos
2303 1932 2367 1973 ex
2401 1926 2512 1972 toto
2542 1917 2803 1973 Psalterio
2836 1918 3117 1982 Davidicn;
3161 1918 3393 1988 exempli
3432 1934 3613 1985 causa,
3639 1920 3749 1989 pri.

2162 2022 2280 2062 mus
2336 2010 2572 2078 psalmus
2626 2019 2953 2064 tuorlunrum
3002 2010 3189 2077 incipit
3242 2027 3257 2066 :
3312 2010 3469 2079 Eripe
3520 2011 3747 2063 animant

2160 2115 2320 2151 meam
2349 2101 2413 2153 ab
2443 2101 2634 2170 impio,
2660 2111 2714 2155 et
2734 2104 2913 2156 cmteri
2944 2101 3191 2155 versiculi
3220 2100 3321 2156 sub
3354 2100 3541 2155 cadem
3569 2100 3745 2155 littera

2160 2190 2210 2244 Ε
2255 2191 2551 2261 incipiunt;
2604 2193 2871 2248 secundus
2926 2194 3162 2263 psalmus
3206 2194 3434 2263 incipit:
3471 2193 3749 2262 Usquequo

2159 2283 2488 2349 excitabitur,
2520 2293 2575 2337 et
2626 2300 2747 2339 cum
2800 2286 2972 2339 littera
3022 2284 3065 2340 U
3118 2294 3511 2354 prosequuntur
3555 2299 3744 2338 omnes

2158 2375 2430 2429 versiculi.
2478 2374 2672 2430 Totum
2725 2375 2826 2430 hoc
2885 2375 3161 2430 conlorme
3222 2384 3307 2430 est
3367 2373 3755 2443 compositioni.

2161 2470 2347 2537 psalmi
2388 2470 2647 2523 adversus
2691 2471 2988 2523 llonatistas
3026 2471 3095 2523 ab
3138 2468 3435 2536 Augustino
3482 2467 3609 2521 facti
3641 2467 3746 2521 sub

2159 2560 2347 2615 litteris
2386 2560 2719 2626 abecedarii;
2761 2569 2815 2615 et
2866 2561 2934 2615 ob
2979 2560 3082 2616 hoc
3121 2567 3459 2627 nuncupatur
3509 2557 3754 2626 psalmus

2158 2652 2527 2719 abecedarius,
2562 2654 2686 2709 licet
2717 2654 2768 2708 in
2809 2654 3055 2708 Editione
3083 2654 3374 2708 cardinalis
3402 2653 3655 2717 Ximenii,
3687 2663 3753 2708 et.

2156 2746 2210 2802 in
2258 2748 2529 2816 praesenti,
2562 2764 2630 2803 ne
2679 2750 2948 2820 longiores
2989 2750 3200 2812 tierent,
3231 2750 3446 2816 quidam
3492 2746 3743 2805 versiculi

2157 2855 2262 2895 non
2295 2841 2820 2908 comprehendantur
2848 2841 2949 2895 sub
2986 2857 3087 2895 una
3119 2842 3313 2897 littera.

2233 2954 2304 3008 Es
2346 2954 2556 3008 duobus
2587 2953 2738 3008 libris
2767 2955 2935 3008 sancti
2964 2954 3145 3009 Isidori
3179 2956 3247 3009 de
3276 2954 3491 3021 Origine
3537 2954 3745 3007 ofﬁcio-

2155 3060 2296 3111 rum,
2330 3045 2554 3112 plurima
2585 3044 2882 3113 desumpsit
2927 3045 3167 3099 Babanus
3212 3046 3451 3109 Maurus;
3476 3054 3530 3099 et
3555 3044 3747 3099 Patres

2159 3138 2210 3190 in
2244 3136 2663 3207 Aquisgranensi
2695 3138 2901 3208 synodo
2949 3139 3140 3202 coacti,
3179 3152 3299 3192 cum
3348 3136 3448 3191 sibi
3502 3137 3741 3205 regulam

2074 3200 2122 3263 α
2154 3228 2535 3281 canonicorum
2600 3228 2935 3282 scribendam
2999 3230 3395 3298 sumpsissent,
3451 3238 3742 3283 cernentes

2147 3320 2303 3373 valde
2332 3319 2488 3373 utiles
2515 3329 2567 3372 et
2598 3323 3032 3375 accommodatas
3065 3321 3229 3375 libros
3255 3320 3428 3373 sancti
3453 3319 3641 3373 lsidori
3670 3321 3744 3376 de

2146 3412 2372 3478 Ofﬁciis,
2396 3413 2461 3467 ad
2486 3413 2856 3469 rel‘ormandos
2882 3424 2937 3468 et
2957 3412 3298 3467 instruendns
3321 3412 3483 3479 viros,
3510 3412 3562 3465 in
3583 3426 3740 3466 suam

2149 3505 2295 3558 illam
2348 3504 2587 3573 regulam
2620 3504 2733 3559 fere
2787 3519 2881 3558 eos
2932 3505 3416 3573 transcripserunt;
3450 3512 3748 3573 propterea

2149 3593 2408 3648 Isidorttm
2432 3595 2601 3659 clero,
2625 3603 2681 3649 et
2703 3594 2980 3650 monachis
3003 3611 3106 3649 non
3134 3605 3337 3650 tantum
3370 3596 3422 3650 in
3446 3594 3736 3662 Hispaniis,

2147 3684 2241 3739 sed
2276 3684 2393 3739 aliis
2422 3686 2709 3755 provinciis
2738 3700 2977 3741 normam
3011 3687 3426 3756 prmscripsisse,
3456 3695 3568 3741 tuto
3597 3700 3745 3741 asses

2146 3791 2331 3831 rimus.

2222 3888 2294 3942 Es
2328 3887 2409 3943 his
2430 3889 2680 3945 omnibus
2710 3890 2881 3961 liquet
2914 3890 3241 3946 Breviarium
3273 3891 3659 3947 Mozarabicum
3704 3908 3735 3946 a

2144 3982 2401 4038 cardinali
2456 3982 2706 4039 Ximenin
2754 3984 3045 4040 secundum
3086 3984 3323 4054 regulam
3369 3984 3511 4039 beati
3546 3984 3735 4039 lsiduri

2146 4082 2293 4127 recte
2315 4072 2624 4142 inscriptum
2657 4070 2852 4140 fuisse;
2886 4074 2969 4129 hic
2997 4075 3143 4129 enim
3182 4082 3399 4130 sanctus
3426 4074 3646 4141 Doctor,
3673 4075 3739 4130 li-

2145 4180 2230 4221 cet
2257 4176 2444 4220 auctor
2474 4166 2607 4220 ritus
2635 4181 2740 4219 non
2772 4165 2977 4234 luisset,
3009 4166 3145 4221 sicut
3167 4181 3268 4222 nec
3295 4165 3587 4236 Gregorius
3618 4166 3738 4221 Ma-

2144 4272 2278 4329 gnus
2330 4267 2516 4312 cantus
2565 4256 2904 4326 Gregoriani,
2962 4267 3140 4312 tamen
3172 4273 3201 4311 a
3256 4258 3653 4312 correctoribus
3681 4265 3741 4310 cl

2144 4350 2539 4405 ordinatoribus
2568 4350 3023 4405 nomenclaturam
3051 4365 3365 4420 sumpsere;
3410 4365 3507 4404 nec
3533 4350 3734 4419 Diony-

2144 4442 2255 4495 sius
2285 4440 2518 4511 Exiguus
2565 4440 2661 4495 fuit
2692 4442 2894 4509 primus
2916 4451 3254 4510 computator
3273 4454 3459 4495 cursus
3495 4438 3620 4493 anni
3648 4453 3741 4494 so-

2145 4534 2275 4587 laris
2294 4543 2347 4587 et
2375 4534 2575 4587 lunaris
2600 4532 2664 4585 ad
2691 4533 2961 4587 Paschatis
2988 4532 3435 4593 celebrationem;
3470 4545 3568 4585 nec
3594 4529 3701 4585 Gra
3724 4556 3738 4570 -

2146 4625 2318 4678 tianus
2334 4623 2536 4692 primus
2563 4623 2659 4677 luit
2680 4638 2941 4677 canonum
2968 4623 3313 4691 compilator;
3347 4636 3445 4676 uec
3477 4620 3741 4676 Baronius

2144 4716 2344 4786 primus
2375 4717 2658 4770 Annalium
2694 4716 3176 4771 ecclesiasticorum
3227 4716 3488 4784 scriptor;
3532 4725 3585 4771 et
3612 4714 3741 4783 jure

2145 4809 2248 4862 sibi
2282 4809 2401 4862 talia
2443 4810 2655 4864 nomina
2686 4809 3043 4875 vindicavere,
3076 4825 3195 4864 cum
3230 4820 3445 4879 propter
3472 4823 3595 4863 suus
3653 4808 3740 4862 lu-

2143 4901 2484 4956 cubrationes
2503 4901 2686 4970 majori
2707 4901 3210 4967 studioelaboratas,
3240 4911 3347 4955 tum
3379 4902 3448 4953 ob
3477 4901 3739 4971 majorem

2144 4990 2385 5046 ordinem
2428 5003 2481 5048 et
2519 4994 2756 5047 materia:
2808 4992 3207 5060 dispositionem
3243 5011 3255 5046 :
3318 4994 3521 5064 pariter
3550 5002 3741 5050 noster

2148 5082 2401 5145 Isidorus,
2436 5084 2558 5137 licet
2607 5099 2713 5137 non
2750 5083 2949 5151 primus
2980 5083 3209 5153 Iiturgize
3251 5082 3490 5139 ϐυιιιίεςε
3522 5084 3745 5137 institu-

2146 5181 2250 5236 tor,
2284 5188 2383 5228 nec
2429 5173 2677 5228 horarum
2736 5174 3109 5228 canonicarum
3140 5187 3344 5239 noetor,
3397 5175 3494 5230 luit
3539 5175 3740 5231 saltem

2148 5267 2422 5334 utriusque
2436 5268 2707 5322 ordinator
2728 5276 2781 5321 et
2810 5278 3102 5324 corrector.

2222 5380 2511 5453 lndulgeat,
2539 5397 2740 5451 quaeso,
2770 5382 3213 5452 prudentissimus
3239 5382 3405 5436 lector
3430 5392 3742 5449 temporum

2149 5472 2376 5542 injuriae,
2406 5474 2754 5530 vicissitudini
2778 5491 2976 5543 rerum,
3006 5473 3245 5529 varietati
3273 5472 3610 5527 dominorum
3643 5470 3745 5524 lli-

2148 5566 2349 5630 Spanite
2377 5583 2390 5618 :
2414 5576 2465 5619 et
2497 5567 2702 5635 placido
2724 5568 2867 5621 vultu
2895 5568 3129 5636 perleget
3151 5566 3419 5620 variantes
3444 5563 3743 5629 lectiones,

2148 5656 2340 5728 quibus
2372 5658 2606 5714 historici
2659 5669 2990 5727 premuntur,
3023 5666 3078 5712 et
3120 5657 3347 5726 liturgici
3384 5656 3743 5726 innodantur,

2150 5763 2202 5802 ut
2235 5750 2298 5806 ad
2328 5764 2545 5821 scopum
2569 5751 2805 5807 veritatis
2836 5752 3114 5821 pervenire
3142 5756 3372 5807 valeant.

2218 5845 2441 5901 Solertia
2463 5844 2525 5899 ad
2557 5853 2871 5914 prtcscntem
2900 5843 3186 5900 editionem
3214 5843 3364 5899 nobis
3386 5841 3620 5914 pnestita
3648 5854 3741 5909 pa-
