4044 6382
247 393 306 448 sa
1047 384 1472 455 FRANCISCUS
1510 394 1854 452 ANTONIUS
1899 394 2321 453 mutatvst
2362 396 2678 454 LECTORI.
3429 400 3497 458 st

245 520 352 560 rum
381 505 687 575 profuisset,
733 509 777 564 si
826 510 1046 564 alidum
1079 512 1302 566 consilio
1327 522 1377 567 et
1416 526 1576 580 Opera
1601 526 1704 564 non
1737 510 1811 563 le-
1844 518 1897 581 Α
1924 508 2118 564 luimus
2138 552 2151 575 ,
2176 508 2241 564 de
2261 510 2450 578 quibus
2471 525 2606 565 unus
2633 523 2896 579 prmc1pue
2920 508 3207 584 invigilavit
3234 512 3286 569 in
3308 527 3502 570 caven-

246 599 521 663 varemuri
552 597 685 654 scito
717 616 843 669 ergo
885 616 981 656 nec
1029 605 1258 671 sumptui
1302 617 1398 657 nec
1439 602 1602 656 labori
1635 616 1823 670 peper-

243 689 419 745 cisse:
482 690 651 746 Toleti
708 695 981 763 coegimus
1023 705 1217 749 emtum
1267 695 1561 763 sapientum
1590 695 1821 747 virorum

244 779 556 850 dignitatum
588 785 1038 839 etcanonicorum
1068 785 1223 855 hujus
1263 796 1456 839 nostra:
1498 793 1697 838 sanctae
1723 784 1823 837 Ec-

242 869 452 938 clesia;
497 873 794 946 Matritique
820 877 954 930 alios
988 877 1140 931 valde
1172 878 1423 946 probatos
1450 878 1592 932 viros
1623 891 1819 931 consu-

243 1010 3206 1038 ‘-——————————————-—-—————————-—————.d——————__.—_

1922 597 2005 653 dis
2034 598 2424 670 typographicis
2453 598 2676 655 mendis.

1994 692 2048 747 Si
2082 703 2154 746 tot
2186 694 2452 759 tantisque
2502 692 2785 762 pervigiliis
2814 692 3012 759 adhuc,
3050 696 3503 764 perspicacissime

1922 780 2112 848 lector,
2140 783 2192 837 in
2218 784 2393 851 aliquo
2422 782 2729 849 offenderis,
2769 799 2836 838 ne
2864 793 3165 839 antevertas
3212 786 3497 854 judicium,

1925 875 2024 928 nisi
2069 875 2208 942 prius
2252 877 2465 945 proprio
2509 876 2700 930 intuitu
2737 878 3059 947 autographa
3087 877 3316 933 rimeris.
3354 881 3503 936 Vale.

3214 1023 3475 1041 _

602 1122 1001 1202 CANTUS
1063 1123 1628 1204 EUGENIANI
1694 1123 1885 1201 SEU
1942 1125 2437 1244 MELODICI
2499 1128 3147 1208 EXPLANATIO

1156 1281 1359 1334 FACTA
1392 1282 1437 1333 Δ
1466 1279 1619 1333 DlVO
1651 1278 2025 1331 HIERONYMO
2060 1279 2319 1333 ROMEBO
2343 1316 2360 1345 ,

415 1418 630 1464 SANCTB
668 1422 936 1466 εοοιεςιε
973 1418 1263 1467 τοιιςτληθ
1304 1425 1658 1466 lllSPANIARUII
1698 1424 1813 1464 PBII

1914 1424 1941 1466 8
1979 1424 2368 1479 PORTIONARIO,
2411 1431 2476 1470 ET
2514 1430 2719 1472 CANTUS
2760 1431 3005 1472 MELODICI
3047 1431 3331 1472 MAGISTM).

996 2145 1270 2153 ——-——

446 1644 1788 1720 ι23ρ4κρ-κχδθ,

1958 1650 3374 1720 7,,89101112αὸ

1913 1735 3460 1884 m

428 1863 3468 1928 --—*r-1—r-~r--+-*————*-r~-t-*r-*—-—r—-—-4—t——r——J

428 1924 711 1993 [ix-pec
846 1953 915 1964 -—
1056 1954 1123 1966 —
1255 1957 1319 1968 —
1447 1932 1595 1995 tans,
1671 1942 1736 1983 ex
1824 1958 1857 1969 -
1947 1943 2043 1997 pec
2114 1959 2143 1971 -
2228 1933 2468 2000 la-vi,
2551 1933 2985 1991 Do-mi—nuns
3092 1942 3145 1993 et
3318 1956 3468 1998 res-

271 2064 1813 2161 ,ημᾉᾼνᾼᾼε-νξᾼᾳ-ζᾼξ

1913 2066 2257 2159 im,
2562 2087 3197 2147 no‘pq

169 2187 177 2198 .
271 2146 451 2188 7:1:—
454 2146 469 2151 ⁴⁷
553 2151 718 2184 ,π
996 2146 1270 2153 ”-’-’“
1663 2151 1801 2183 η
2505 2146 3461 2200 χ

246 2146 973 2291 ίὲῑεἘΞ-ι
993 2162 1195 2221 ξεῖ*
1480 2151 3460 2301 ΞΞΞΖ.-ξέΞ-¹ΞΞΞΞΞΞΞΞ²

326 2366 353 2376 ο
427 2353 552 2404 pe-
614 2341 695 2393 xit
857 2354 938 2393 me
1020 2344 1069 2392 et
1161 2340 1461 2393 e-du-xit
1516 2355 1600 2395 me
1697 2342 1761 2395 de

308 2481 461 2548 Apud
484 2496 672 2538 omnes
701 2491 905 2537 constat
947 2494 1178 2552 systema
1213 2484 1523 2549 maximum,
1570 2480 1817 2541 immutao

232 2554 363 2625 bile
393 2552 737 2625 dizttonicum,
788 2554 1347 2625 seuﬂl‘ythagoricum
1405 2563 1459 2611 et
1502 2559 1815 2625 permotum,

232 2624 375 2696 apud
397 2633 604 2677 veteres
634 2624 865 2696 celebre,
903 2624 1116 2679 Nettem
1144 2624 1305 2678 fuisse
1327 2640 1418 2678 seu
1463 2627 1669 2691 Polum,
1713 2624 1818 2696 quo

234 2694 410 2747 omnis
440 2702 626 2747 cantus
650 2694 1038 2748 ecclesiasticus
1069 2698 1301 2749 directus
1315 2706 1417 2760 est,
1441 2707 1492 2750 et
1519 2694 1813 2754 ordinatus.

236 2763 552 2835 Quindecim
571 2764 786 2818 chordis
812 2765 1112 2829 constabat,
1143 2780 1273 2832 quas
1291 2766 1340 2817 in
1371 2766 1600 2835 quinque
1623 2771 1817 2835 partie-

237 2834 431 2887 bantur
454 2835 846 2897 tetrachordos,
880 2836 1073 2902 quibus
1104 2834 1416 2891 ordinabant
1441 2834 1564 2889 suas
1592 2834 1813 2903 compo-

236 2905 457 2961 sitiones
487 2915 591 2959 tam
623 2905 955 2961 harmonicas
977 2917 1029 2960 et
1054 2907 1315 2974 regulatas
1337 2947 1351 2970 ,
1380 2909 1513 2961 sicut
1543 2925 1638 2961 nos
1666 2911 1812 2963 ordi-

238 2991 425 3029 namus
448 2984 680 3031 nostras.
710 2975 916 3028 Fiuales
929 2975 1139 3030 CilOI’dtB
1172 2986 1413 3030 ιοιιυι-ιιηι
1438 2980 1638 3031 eodem
1662 2989 1815 3035 erant

240 3060 299 3099 ac
336 3061 454 3111 qua:
476 3060 506 3097 a
539 3047 821 3099 neotericis
844 3046 1229 3111 observantur;
1282 3048 1523 3115 regulare
1559 3050 1814 3104 uniuscu-

239 3115 423 3182 jusque
455 3117 573 3189 toni
585 3116 887 3189 seculorum
914 3118 1050 3171 idem
1067 3120 1366 3189 respective
1387 3133 1505 3172 cum
1531 3135 1596 3173 eo
1616 3135 1722 3189 quo
1747 3121 1811 3174 ad

246 3200 472 3257 praesens
502 3187 727 3251 utimur;
764 3187 991 3254 denique
1025 3188 1277 3255 quidquid
1305 3188 1368 3241 ad
1402 3187 1685 3257 perfectam
1715 3206 1812 3245 cu—

239 3256 422 3326 jusque
454 3256 562 3309 tnni
618 3258 1059 3323 compo~itionem
1087 3256 1440 3323 desideratur,
1487 3262 1541 3314 in
1595 3258 1813 3327 prtel’ato

244 3336 524 3397 systemate
544 3327 656 3381 sive
685 3342 713 3379 a
747 3327 878 3397 Pyth
913 3343 1063 3397 gora,
1092 3328 1203 3381 sive
1230 3330 1298 3381 ab
1318 3329 1556 3396 Orpheo,
1589 3331 1705 3384 sive
1745 3333 1814 3381 ab

240 3396 343 3451 alio
371 3409 604 3465 auctore,
636 3396 797 3466 cujus
817 3397 1115 3464 disquisitio
1137 3413 1239 3450 non
1270 3401 1530 3451 estnostri
1562 3399 1812 3465 instituti,

243 3468 559 3534 excogitat»,
594 3468 997 3531 inveniebatur;
1047 3468 1154 3520 imo
1197 3468 1523 3523 contendere
1548 3485 1667 3523 cum
1698 3472 1814 3535 qui-

248 3535 466 3590 busdam
492 3553 777 3604 possemus,
807 3538 1127 3609 psalmorum
1151 3547 1304 3609 tonos
1335 3541 1401 3609 ab
1432 3541 1545 3605 ipso
1561 3554 1686 3609 rege
1715 3540 1816 3594 Da-

248 3609 366 3660 vitle
391 3610 704 3663 descendere
730 3626 742 3667 ;
768 3607 859 3662 sed
891 3617 974 3661 sat
1013 3610 1082 3661 sit
1109 3608 1289 3662 dicere
1335 3607 1811 3664 Ecclesiam'caute

242 3690 451 3746 semper
500 3678 796 3733 custodisse
828 3686 1007 3732 tonum
1034 3694 1047 3743 ;
1082 3693 1203 3731 nam
1232 3677 1275 3732 si
1308 3694 1404 3733 nos
1432 3683 1609 3734 claves
1653 3689 1706 3735 et
1738 3683 1811 3735 si-

243 3761 341 3817 gna
363 3749 425 3801 ad
453 3749 809 3815 cognitionem
839 3759 894 3803 et
941 3762 1245 3816 processum
1274 3753 1325 3803 in
1364 3750 1617 3804 cantoriis
1646 3749 1810 3806 habe~

240 3831 374 3882 mus,
403 3831 609 3872 veteres
662 3822 821 3873 etiam
863 3833 961 3872 suo
989 3820 1149 3872 modo
1191 3819 1395 3873 clavem
1441 3821 1727 3886 habebant,
1759 3830 1813 3875 et

240 3877 516 3943 inlal'libile
565 3889 794 3958 signum,
841 3903 949 3956 quo
986 3898 1127 3941 tanta
1155 3889 1404 3944 ﬁrmitate
1446 3877 1725 3945 cauebant
1754 3900 1809 3946 ttt
1840 3877 1884 3939 (ἶ

238 3973 354 4025 nos,
383 3960 572 4030 quibus
593 3960 797 4014 accedit
823 3959 983 4030 signa
1002 3960 1175 4015 claves
1206 3975 1325 4013 esse
1359 3963 1704 4015 univerSales.

308 4032 385 4082 Ad
436 4030 694 4098 majorem
748 4029 1241 4095 comprobationent
1271 4031 1508 4094 adverte,
1556 4031 1809 4098 litteram,

242 4111 401 4167 super
427 4116 585 4166 quam
611 4110 787 4153 textus
817 4098 1073 4166 procedit,
1115 4113 1234 4153 esse
1267 4101 1523 4163 psalmum
1558 4117 1573 4166 ;
1600 4116 1811 4154 omnem

239 4173 500 4237 psalmum
551 4170 754 4225 cantari
778 4170 877 4223 sub
905 4168 1211 4241 sucularum
1237 4170 1306 4241 illi
1347 4169 1646 4241 assigiato;
1681 4187 1815 4238 pra:-

240 4250 379 4296 terea
411 4247 717 4295 seculorum
747 4252 930 4294 nostro
955 4240 1121 4294 textui
1170 4240 1495 4308 assignatum
1528 4242 1623 4294 abs
1650 4243 1811 4295 dubio

237 4327 353 4367 es-e
380 4312 521 4366 sexti
545 4312 688 4377 toni;
733 4310 945 4364 aliunde
971 4320 1152 4363 sextus
1179 4318 1336 4363 tonus
1378 4311 1618 4364 stabilem
1656 4311 1814 4365 habet

236 4384 417 4435 sedem
466 4398 616 4435 suam
664 4384 713 4433 in
742 4384 891 4448 signo
923 4378 969 4431 F
992 4394 1010 4444 ;
1041 4381 1276 4447 chordae,
1321 4395 1414 4434 seu
1442 4396 1598 4434 voces
1636 4397 1700 4434 ex
1747 4398 1812 4434 eo

240 4453 610 4519 procedentes,
658 4450 811 4504 hodie
857 4466 886 4503 a
919 4451 1069 4503 nobis
1100 4466 1192 4515 per
1239 4455 1616 4518 proprietatem
1650 4451 1812 4506 beato!

236 4529 541 4586 cantatitur,
570 4531 626 4576 el.
652 4537 680 4573 a
713 4522 981 4575 veteribus
1008 4536 1100 4589 per
1123 4522 1333 4573 tertium
1375 4522 1764 4575 tetrachordum
1792 4538 1807 4587 ;

237 4593 397 4664 igitur
421 4607 540 4648 cum
569 4591 789 4664 hicjtam
814 4591 1109 4664 diatonicus
1136 4591 1225 4664 sit,
1250 4599 1302 4644 et
1322 4591 1574 4645 naturalis
1600 4593 1813 4664 quando

235 4660 533 4717 cantoriam
564 4662 719 4732 regit,
751 4663 890 4716 sicut
912 4662 1122 4728 quando
1149 4660 1262 4715 haec
1284 4664 1483 4730 regitur
1509 4678 1536 4715 a
1567 4662 1719 4730 signo
1740 4661 1809 4727 (ἱ,

235 4732 578 4787 intimandum
602 4731 705 4786 non
736 4742 838 4797 est,
860 4731 1076 4786 attentis
1105 4733 1351 4784 omnibus
1372 4733 1809 4793 circumstantiis.

234 4809 524 4873 genuinam
570 4818 690 4858 esse
730 4802 1129 4869 intelligentiam
1178 4803 1473 4870 appositam
1533 4802 1727 4868 textui,
1757 4811 1813 4857 et

233 4890 343 4929 nou
370 4891 491 4930 eant
517 4890 637 4943 quae
676 4890 703 4927 a
726 4876 935 4928 exteris
961 4873 1123 4940 signis
1154 4873 1392 4925 resultat.

303 4942 561 5011 Obiicies,
608 4947 800 5012 primo,
834 4943 1010 5012 plures
1058 4944 1325 4996 cantorias
1370 4956 1555 4995 carere
1601 4942 1815 4995 urnula-

234 5033 379 5081 των,
414 5026 468 5069 et
509 5017 579 5069 ob
617 5022 717 5069 hoc
748 5015 985 5083 dignosci
1015 5028 1120 5066 non
1168 5013 1383 5078 valere;
1415 5014 1508 5065 sed
1539 5012 1583 5067 si
1626 5016 1811 5067 sedulo

236 5085 542 5157 perpendas
588 5088 799 5139 modum
831 5083 1186 5157 quo_qu_ilihet
1215 5091 1370 5136 tonus
1422 5085 1471 5136 in
1502 5098 1602 5157 suo
1631 5085 1812 5152 diapa-

233 5153 659 5212 son‘secundum
691 5169 815 5207 suas
845 5153 1073 5223 majores
1099 5164 1151 5205 et
1175 5168 1407 5207 minores
1436 5155 1644 5222 Species
1675 5172 1810 5222 pro-

232 5227 404 5297 cedit,
436 5227 683 5280 facillime
716 5227 953 5297 invenies
979 5224 1118 5297 quod
1149 5233 1451 5297 optaveras.

302 5293 561 5369 Objicies,
593 5297 853 5358 secundo,
890 5293 1258 5369 tlil'licillitnutn
1296 5302 1352 5348 et
1395 5294 1506 5348 fere
1559 5293 1809 5369 impossi-

229 5369 343 5424 bile
383 5364 505 5424 esse
533 5370 848 5436 dignoscere
887 5367 1060 5416 varios
1095 5373 1148 5415 ot
1193 5366 1435 5418 diversos
1465 5364 1650 5417 modos
1679 5367 1807 5418 cha-

229 5451 502 5496 racterutn
531 5440 722 5505 quibus
764 5451 887 5489 suas
913 5436 1177 5487 cautorias
1211 5436 1539 5487 annotabant
1574 5442 1803 5488 veteres.

230 5509 343 5572 Sed
383 5510 665 5565 considera
726 5508 777 5561 in
836 5510 911 5560 rei
953 5517 1176 5559 veritate
1230 5506 1573 5557 variationem
1632 5507 1805 5572 quoad

231 5564 591 5635 stibstantiam
621 5592 726 5632 non
754 5592 906 5641 esse,
940 5576 1060 5645 quia
1092 5586 1239 5628 certe
1269 5576 1473 5643 primus
1502 5564 1663 5627 tonus
1690 5590 1809 5643 per-

233 5650 409 5707 fectus
463 5660 606 5715 ertt,
671 5649 714 5702 si
765 5662 977 5700 omnem
1032 5661 1185 5697 suum
1248 5649 1502 5711 diapason
1569 5651 1806 5698 eauturia

230 5723 543 5791 aditnpleat,
577 5731 891 5789 quocunque
922 5716 1099 5782 modo,
1128 5716 1211 5791 vel
1255 5717 1651 5791 quibuscunque
1683 5717 1808 5769 cha-

231 5783 538 5855 racteribu‘s
580 5783 831 5845 adnotata
864 5791 950 5849 sit,
980 5802 1077 5840 seu
1108 5787 1395 5855 descripta.
1428 5783 1495 5840 Ut
1526 5799 1652 5852 etgo
1689 5801 1808 5839 eam

231 5865 558 5937 agnoscere
583 5862 777 5932 possis,
806 5867 1043 5914 scrutare
1086 5857 1131 5913 si
1174 5870 1301 5913 suus
1333 5857 1502 5911 tluatis
1543 5868 1623 5912 est
1653 5856 1704 5910 in
1737 5856 1779 5910 D

1894 2342 2152 2399 la-cu
2564 2342 3179 2409 mi-se-ri-e.

1852 2496 1894 2557 Β
1923 2495 1977 2560 et
2000 2484 2109 2560 ﬁet,
2140 2482 2461 2560 examinatis
2492 2500 2739 2560 ascensu,
2771 2486 3053 2560 descensu,
3077 2488 3329 2544 clausulis
3352 2493 3501 2560 prin-

1922 2556 2217 2628 cipalibus,
2251 2566 2305 2628 et
2350 2557 2706 2622 iutermediis,
2748 2559 2889 2628 quod
2935 2574 3039 2612 non
3090 2556 3367 2627 tironibus,
3402 2564 3498 2618 sed

1923 2626 2273 2696 peritioribus
2297 2627 2349 2682 in
2381 2636 2538 2681 cantu
2560 2628 2726 2682 veteri
2749 2626 2804 2684 et
2832 2629 3087 2684 moderno
3114 2628 3311 2684 licebit.

1991 2698 2241 2765 Objieies,
2294 2697 2451 2752 tertio
2495 2714 2506 2748 :
2548 2700 2700 2765 Apud
2758 2714 2947 2754 omnes
2993 2712 3243 2754 cantores
3307 2710 3490 2758 notum

1919 2778 2002 2821 est
2042 2768 2255 2837 ﬁguras.
2296 2782 2388 2821 seu
2439 2776 2589 2821 notas
2645 2769 2786 2833 plani
2834 2783 2929 2824 seu
2977 2770 3234 2835 simplicis
3279 2784 3488 2839 cantus,

1922 2853 2021 2892 nec
2064 2839 2269 2908 augeri,
2304 2853 2401 2892 nec
2446 2839 2669 2893 diminui
2725 2854 2903 2907 posse,
2938 2850 2994 2893 ut
3036 2856 3099 2894 ex
3130 2840 3247 2908 ejus
3284 2853 3495 2898 Constat

1921 2909 2266 2975 deﬁnitione;
2296 2918 2350 2963 et
2376 2925 2494 2962 cum
2529 2910 2578 2961 iu
2612 2919 2757 2964 textu
2788 2912 3032 2979 superius
3061 2921 3237 2977 poSIto
3265 2912 3496 2967 diminu-

1924 2988 2005 3033 tas
2027 2980 2324 3042 videamus,
2355 2994 2470 3033 arte
2496 2988 2550 3032 et
2580 2981 2761 3048 regula
2809 2996 2996 3035 carere
3027 2981 3255 3035 videtur.
3298 2982 3491 3038 Verum

1922 3058 1977 3102 ttt
2011 3050 2147 3103 hanc
2202 3050 2564 3103 difﬁcultatem
2618 3050 2838 3113 enodes,
2873 3051 3239 3106 animadverte
3276 3063 3488 3107 cantum

1920 3120 2134 3187 planum
2169 3135 2275 3174 nou
2317 3135 2531 3184 semper
2577 3121 2873 3186 simplicem
2902 3135 3040 3182 esse,
3092 3122 3187 3175 sed
3220 3122 3491 3177 multoties

1920 3190 2160 3252 tuistum,
2195 3199 2253 3244 ut
2297 3190 2491 3244 accidit
2538 3189 2589 3242 itt
2635 3191 2865 3258 hymnis,
2910 3192 3228 3258 sequentiis,
3272 3205 3324 3245 et
3370 3196 3491 3246 aliis

1919 3274 2038 3327 quae
2070 3263 2119 3313 in
2145 3260 2370 3314 ecclesia
2401 3268 2662 3312 canuntur
2686 3298 2700 3321 ,
2728 3272 2784 3312 et
2828 3260 3004 3312 simile
3033 3260 3083 3311 iti
3115 3272 3297 3313 nostro
3341 3271 3489 3316 textu

1919 3328 2208 3394 contingit;
2250 3344 2370 3381 nam
2399 3336 2555 3382 cantu
2596 3327 2755 3382 misto
2806 3343 3048 3398 persaepe
3072 3330 3355 3384 utebantur
3383 3332 3492 3388 Go-

1922 3398 2048 3451 lltiei
2075 3410 2339 3452 cantores.
2405 3410 2413 3417 ’

1989 3468 2236 3535 Objicies,
2272 3475 2484 3536 quarto,
2532 3467 2812 3539 ingressum
2851 3478 2903 3522 et
2946 3462 3253 3525 amatorum
3305 3480 3490 3529 nostro

1919 3541 2082 3610 ιβιιυὶ
2112 3540 2249 3593 sexti
2274 3539 2383 3592 toni
2411 3553 2530 3593 esse
2555 3541 2879 3610 assignatum
2906 3557 2920 3606 ;
2948 3542 3041 3595 sed
3063 3542 3239 3594 omnis
3262 3543 3484 3596 adnota-

1921 3608 1993 3662 tio
2038 3610 2343 3663 «acutarum
2395 3610 2451 3664 lit
2496 3608 2901 3677 plaitisliguris,
2948 3623 3002 3665 et
3048 3621 3229 3664 nostra
3263 3614 3363 3665 illis
3392 3628 3486 3667 ca-

1917 3686 2032 3744 ret;
2078 3681 2238 3749 igitur
2276 3691 2357 3733 est
2391 3680 2691 3733 arbitraria.
2731 3680 2810 3734 Ad
2845 3680 2946 3735 hoc
2976 3682 3312 3747 respondeo:
3336 3680 3489 3738 Licet

1919 3749 2101 3817 ﬁgurae
2149 3753 2315 3803 nostri
2366 3759 2540 3803 textus
2591 3751 2763 3818 plana:
2794 3754 2934 3820 typis
2963 3754 3130 3805 oculis
3180 3767 3284 3806 non
3327 3770 3491 3819 appa-

1919 3829 2092 3885 reant,
2134 3829 2192 3873 ut
2239 3821 2396 3875 hodie
2427 3821 2640 3888 appingi
2673 3820 2868 3883 solent,
2903 3836 3089 3875 revera
3129 3833 3306 3877 tamen
3338 3835 3485 3886 sunt,

1914 3900 1969 3943 et
2006 3904 2165 3945 omne
2210 3890 2517 3944 circulorum
2571 3890 2808 3959 subjacet
2859 3891 3069 3958 litterae,
3110 3902 3164 3947 et
3193 3896 3484 3948 secundum

1915 3959 1984 4013 dit
2007 3959 2210 4035 tinuum
2241 3962 2625 4035 longitudinem
2655 3971 2746 4035 aut
2784 3961 3098 4017 brevitatem
3130 3964 3301 4017 littera
3331 3974 3488 4035 auget

1916 4042 2005 4083 aut
2033 4030 2281 4084 diminuit
2312 4024 2465 4084 iilud.
2704 4024 2721 4043 ⁸

1988 4100 2054 4155 Ut
2075 4102 2247 4157 nullus
2270 4102 2363 4156 tibi
2392 4109 2667 4156 remaneat
2693 4101 2996 4172 scrupulus,
3028 4102 3124 4158 has
3157 4102 3249 4159 tibi
3277 4105 3487 4174 regulas

1914 4186 2147 4239 appono.

1985 4241 2201 4297 REGULA
2258 4256 2439 4296 PRIHA.
2483 4240 2844 4296 Mozarabicus
2882 4255 2976 4297 seu
3010 4240 3268 4297 Gnthicus
3298 4253 3487 4298 cantus

1913 4324 2126 4378 semper
2166 4320 2252 4366 est
2305 4312 2514 4375 mistus,
2564 4315 2871 4380 regiturque
2922 4317 3022 4365 sub
3051 4314 3485 4368 consideratione

1914 4382 2193 4448 temporis,
2241 4381 2355 4434 sive
2386 4396 2652 4434 mensura:
2706 4381 2951 4445 binarite,
3011 4393 3200 4444 υνωιει·
3232 4383 3488 4452 hymnos,

1912 4452 2004 4519 qui
2038 4460 2163 4505 sunt
2206 4452 2306 4505 sub
2351 4452 2582 4505 ternaria
2636 4466 2884 4503 mensura
2925 4468 2939 4506 :
2985 4460 3039 4505 et
3084 4451 3150 4504 ad
3196 4451 3489 4520 pleniorem

1914 4522 2318 4591 intelligentiam
2383 4522 2567 4590 aspice
2631 4520 2784 4590 signa
2832 4531 3008 4575 textus
3060 4523 3303 4591 superius
3355 4528 3491 4578 assi-

1911 4604 2077 4661 gnau.

1987 4666 2117 4720 Hec.
2152 4678 2209 4719 Il.
2251 4663 2449 4717 Omnes
2477 4662 2656 4729 ligurte
2704 4662 2912 4729 solutas,
2945 4662 3068 4717 licet
3091 4663 3304 4718 diverso
3329 4666 3491 4719 modo

1913 4732 2214 4801 adpunctte,
2262 4742 2321 4787 ut
2366 4735 2416 4786 in
2452 4732 2653 4786 num.l
2696 4731 2835 4795 διε,
2868 4734 3197 4789 setnibreves
3245 4745 3391 4799 sunt,
3434 4744 3491 4790 et

1916 4804 2332 4875 uniuscujusque
2379 4804 2533 4857 valor
2571 4818 2733 4857 unum
2781 4812 2864 4857 est
2915 4811 3147 4871 tempus,
3186 4820 3281 4860 seu
3333 4822 3487 4861 men-

1912 4889 2056 4928 sura.

1988 4946 2121 4999 liae.
2150 4960 2227 4999 tit.
2264 4944 2470 5011 Figura:
2519 4943 2639 4997 aliis
2668 4943 2894 5015 duabus
2920 4952 3012 4998 aut
3053 4954 3283 5014 quatuor
3312 4947 3486 5015 ligatae

1914 5016 2033 5086 ejus
2063 5021 2296 5068 valerent
2321 5015 2624 5086 diminuunt
2651 5024 2705 5068 et
2734 5014 3014 5068 diruidiant
3042 5015 3112 5070 ita
3146 5027 3203 5071 ut
3223 5017 3341 5070 duae
3365 5014 3493 5085 liga-

1916 5085 2161 5140 tieunam
2209 5085 2562 5138 semibrevem
2595 5097 2933 5154 coiitponant.
2970 5086 3081 5140 lluc
3126 5097 3267 5152 patet
3299 5089 3349 5140 in
3397 5100 3492 5137 no-

1916 5167 2029 5210 stru
2059 5167 2226 5216 textu,
2261 5158 2345 5209 tibi
2400 5171 2546 5208 num.
2590 5156 2645 5215 5,
2676 5155 2771 5217 4,6
2798 5167 2849 5208 et
2880 5156 2929 5218 7,
2964 5165 3019 5210 et
3048 5156 3099 5209 iti
3140 5157 3331 5212 litteris
3361 5156 3407 5208 Μ
3439 5164 3493 5209 et

1838 5230 1981 5294 DQ,
2023 5243 2082 5280 ea
2154 5228 2520 5279 tantummodo
2584 5226 2881 5280 differentia
2959 5242 3076 5294 qum
3142 5228 3379 5281 cernitur
3436 5227 3485 5277 iu

1915 5312 2061 5352 tium.
2096 5295 2149 5359 4,
2183 5298 2269 5349 ubi
2302 5298 2431 5365 ligat
2460 5311 2684 5365 quatuor
2714 5297 2945 5363 aequales
2978 5296 3195 5366 ﬁguras,
3240 5309 3491 5363 quocun-

1911 5384 2017 5439 que
2050 5367 2208 5420 modo
2237 5370 2307 5419 sit
2339 5369 2546 5432 locata;
2579 5379 2631 5419 et
2660 5367 2783 5439 lit-et
2822 5367 3005 5439 ﬁgura:
3035 5366 3409 5439 litteraruntrh‘l
3441 5376 3495 5419 et

1913 5434 1958 5506 ρ
2000 5440 2131 5491 alias
2163 5447 2387 5506 quatuor
2430 5439 2629 5506 ﬁguras
2676 5434 2897 5505 singula:
2950 5436 3133 5505 ligeut,
3175 5434 3494 5506 intelligen-

1915 5502 2040 5563 tl'um
2067 5517 2151 5562 est
2179 5502 2309 5563 duas
2352 5502 2557 5575 priores
2604 5502 2871 5567 minimas,
2903 5516 2959 5559 et
2994 5502 3135 5575 alios
3158 5502 3293 5556 duas
3326 5502 3492 5560 semi-

1916 5579 2110 5632 breves
2165 5592 2305 5631 esse.
2354 5573 2481 5632 lloe
2536 5581 2773 5647 apertius
2851 5573 3199 5647 intelligitur_
3245 5577 3486 5647 sequenti

1918 5648 2187 5723 exemplo.
2214 5647 2439 5723 Quando
2470 5644 2585 5723 nos'
2606 5648 2763 5701 hodie
2788 5649 2837 5698 in
2854 5658 3104 5723 tempore
3132 5644 3324 5723 minori
3360 5646 3499 5713 ligu-

1917 5735 2008 5774 ras
2036 5712 2254 5773 duabus
2280 5719 2670 5773 seuiibrevibus
2701 5714 2972 5783 tequaliter
3004 5714 3190 5784 ligatas
3221 5712 3490 5782 videmus,

1914 5796 2150 5845 valorem
2179 5788 2505 5855 duplicatum
2529 5788 2603 5840 eis
2634 5786 2843 5859 damus.
3072 5855 3084 5859 _
3113 5854 3129 5859 _
3171 5853 3181 5859 _
3306 5848 3319 5859 .

1986 5860 2121 5915 nec.
2149 5874 2219 5914 tv.
2255 5853 2448 5928 l’igura
2492 5871 2611 5926 quae
2643 5865 2727 5911 cst
2756 5856 2855 5910 sub
2886 5869 3032 5910 nutu.
3066 5854 3134 5908 Η
3171 5853 3351 5905 brevis
3394 5860 3500 5912 est,
