4044 6382
479 351 543 406 55
1299 342 1717 417 FRANCISCUS
1755 341 2092 401 ANTONIUS
2131 341 2540 403 LORENZANA
2578 344 2891 403 LECTOM.
3673 352 3741 410 36

482 462 653 531 printo
682 456 803 531 quia
838 455 907 511 ibi
955 453 1151 531 mediat
1193 467 1411 531 versus;
1450 454 1718 531 secundo;
1762 462 1819 508 ut
1867 454 1938 508 ibi
1977 469 2061 509 re-
2094 458 2139 518 Α
2167 453 2569 531 archiepiscopo
2616 454 3249 531 Toletano__tempor_ibus
3303 472 3484 527 regum
3536 458 3741 516 Gotho-

480 524 633 597 qnics
681 524 1007 597 aliquantula
1059 526 1146 577 liat
1212 524 1284 597 ad,
1331 525 1761 597 prosequendum
1817 535 2058 577 cantum.

483 595 676 657 Ultima
704 596 1017 666 ﬁguramus!
1041 605 1125 650 est
1144 595 1243 649 sub
1275 595 1447 647 littera
1470 595 1538 660 ρ,
1559 596 1718 648 etiam
1745 595 1927 649 brevis
1957 602 2059 661 est,

477 673 600 743 quia
630 670 680 723 in
705 684 767 723 ea
791 667 973 720 linitur
999 680 1157 734 Opus.

554 760 840 827 [lucusque
864 757 1004 811 dicta
1046 772 1111 811 ex
1154 755 1697 827 percelcbrimusico
1738 755 1940 820 didici;
1992 755 2064 811 ibi

483 846 717 893 namque
748 826 799 882 in
848 844 945 881 suo
996 828 1180 894 Maupa
1233 826 1301 880 tle
1330 826 1580 879 omnibus
1618 826 1805 895 ﬁguris
1845 827 2064 882 musicis

485 900 718 964 antiquis
749 910 854 952 tam
896 899 1161 965 organicis
1192 912 1347 965 quain
1384 896 1553 961 planis
1585 912 1613 948 a
1658 897 1854 951 srecnlo
1890 896 2064 950 salva-

486 973 653 1026 tionis
685 983 881 1024 nosme
910 972 1149 1022 secundo
1170 970 1343 1033 agitur
1381 981 1546 1035 usque
1590 966 1658 1019 ad
1705 967 1960 1020 sacculum
1995 983 2066 1021 xv

485 1040 788 1105 inclusive;
816 1050 870 1095 et
914 1040 958 1093 si
987 1040 1160 1091 adhuc
1200 1042 1409 1091 animus
1456 1050 1577 1089 tuus
1626 1040 1860 1101 vacillat,
1892 1039 2063 1091 llisto-

484 1115 624 1167 riam
657 1121 843 1165 cantus
875 1108 1060 1165 musici
1089 1126 1117 1165 a
1158 1109 1220 1164 li.
1257 1108 1318 1163 P.
1346 1107 1553 1161 Joanne
1583 1106 1815 1175 Baptista
1852 1109 2064 1163 Martini

485 1186 814 1237 elaboratam
849 1181 1097 1250 perlege:
1153 1195 1271 1249 pag.
1323 1177 1450 1242 598,
1505 1179 1675 1230 tabula
1709 1178 1761 1240 5,
1807 1182 2064 1247 quosdam

484 1264 639 1307 tonos
671 1251 871 1321 ﬁguris,
902 1268 995 1306 seu
1028 1256 1237 1321 punctis
1282 1251 1545 1303 similibus
1590 1251 1785 1302 nostris
1817 1261 2069 1303 exaratos

484 1339 743 1379 Invenies.
1530 1336 1537 1343 '

558 1415 650 1469 His
675 1413 901 1479 accedit,
935 1428 1019 1466 me
1042 1428 1071 1465 a
1099 1411 1323 1481 puerulo
1354 1412 1673 1464 instructum
1708 1407 1878 1481 fuisse
1909 1425 2065 1478 regu-

485 1484 552 1541 lis
579 1496 765 1539 cantus
795 1498 901 1537 non
930 1486 1103 1538 solum
1138 1484 1279 1551 plani
1313 1491 1367 1536 et
1394 1483 1624 1549 ﬁgurati.
1651 1480 1743 1534 sed
1768 1484 1931 1535 etiam
1961 1483 2065 1534 Eu-

483 1557 724 1626 geniani,
759 1570 852 1608 seu
890 1555 1157 1616 melodici.
1187 1562 1259 1626 _ut
1291 1560 1500 1626 vocant,
1531 1552 1631 1626 qui
1653 1566 1823 1626 usque
1869 1552 1935 1626 ad
1968 1568 2063 1605 no-

483 1621 647 1681 strain
678 1636 889 1679 mtatem
937 1628 989 1679 in
1022 1629 1119 1678 bac
1150 1624 1286 1676 aluta
1308 1621 1565 1676 Toletana
1594 1623 1833 1676 Ecclesia
1867 1621 2060 1689 Hispa-

485 1696 694 1751 niarutn
745 1697 969 1764 primate
1013 1694 1289 1764 perdurat,
1347 1693 1421 1748 ita
1476 1703 1532 1746 ut
1591 1693 1897 1764 alternatim
1939 1706 2061 1764 cum

485 1778 645 1821 cantu
721 1763 1052 1836 Gregoriano
1131 1763 1392 1831 mirabili,
1444 1763 1795 1818 consonantia
1862 1763 2060 1833 permi-

483 1848 713 1892 5083"".

553 1930 755 1985 Cautus
807 1931 894 1985 bic
933 1943 962 1982 a
993 1942 1092 1982 suo
1122 1937 1343 1980 auctore
1399 1934 1584 1978 sancto
1617 1922 1861 1993 Eugenio
1910 1923 2068 1977 tertio

2170 540 2284 597 rum
2339 524 2675 597 Eugenianus
2741 525 3069 597 appellatur:
3130 526 3213 597 llic
3265 524 3467 582 ctenim
3522 541 3741 587 sanctus

2167 594 2445 669 Pater,_in'
2490 606 2611 669 arte
2663 598 2863 649 musica
2911 594 3286 669 peritissimus,
3320 610 3531 652 cantum
3579 600 3740 669 hujus

2163 666 2405 719 ecclesia:
2432 666 2783 729 coorilinavit,
2812 676 2865 718 et
2915 668 3141 733 ipsemet
3191 666 3479 722 infantulos
3520 666 3737 725 erudie-

2169 736 2275 801 bat,
2308 750 2361 807 ut
2388 734 2682 807 Gothorum
2719 737 2930 789 Patrum
2957 736 3176 790 historia
3204 748 3258 791 et
3296 742 3529 807 antiqua:
3551 741 3736 797 icones

2168 806 2483 871 signiﬁcant.
2536 806 2753 882 Revera
2792 817 2981 882 cantus
3025 806 3363 882 Eugenianus
3416 806 3516 882 sub
3562 821 3739 882 syste-

2168 886 2309 929 mnle
2338 881 2567 930 maxime
2586 884 2700 931 erat
2730 875 2998 935 fundatus.
3030 886 3082 929 et
3104 875 3385 931 Gothicutn
3418 875 3737 935 denon'tiua-

2172 947 2441 1013 tnus,qnia
2471 963 2575 999 non
2606 948 2777 999 solum
2805 961 2970 1013 usque
2998 946 3063 999 ad
3092 948 3421 1000 invasionem
3444 950 3742 1004 Saraceno-

2169 1030 2307 1078 rum.
2340 1018 2433 1071 sed
2465 1017 2625 1071 etiam
2663 1027 2902 1084 tempore
2941 1031 3127 1070 eorum
3177 1018 3578 1082 dominationis,
3614 1022 3742 1074 licet

2167 1098 2470 1155 corruptus,
2515 1088 2804 1154 permansit
2838 1105 2851 1139 :
2904 1088 2975 1139 ob
3013 1087 3064 1140 id
3098 1087 3218 1155 jure
3249 1088 3593 1141 hmreditario
3628 1090 3743 1145 hac

2173 1156 2409 1209 Ecclesia
2441 1158 2699 1211 Toletana
2742 1167 2957 1210 cantum
2998 1157 3280 1210 Callaicum
3324 1168 3375 1212 et
3424 1157 3542 1226 ejus
3585 1160 3746 1213 intel-

2170 1230 2361 1280 lectum
2395 1230 2447 1280 iu
2479 1238 2790 1295 perpetuum
2822 1228 2921 1280 sibi
2949 1227 3259 1285 vindicavit.
3285 1238 3338 1282 et
3376 1231 3546 1281 sancti
3583 1229 3659 1283 Pii
3696 1228 3773 1281 V-

2167 1296 2380 1350 decreto
2408 1298 2882 1365 Missaliappoaito,
2911 1308 3125 1351 cantum
3148 1297 3462 1350 Toletanum
3492 1312 3585 1365 per
3613 1300 3746 1351 uni-

2169 1380 2377 1421 versam
2422 1369 2725 1432 llispauiam
2766 1370 2982 1421 retineri
3010 1367 3249 1432 indulsit,
3282 1377 3457 1422 motus
3488 1369 3737 1437 precibus

2169 1440 2335 1491 nostri
2368 1439 2616 1491 catholici
2645 1439 2783 1505 regis
2816 1438 3038 1506 l'ltilippi
3072 1438 3135 1493 ll.

2240 1505 2441 1578 Cantus
2478 1509 2838 1576 Eugenianus,
2884 1505 3041 1575 quein
3082 1521 3223 1562 nunc
3275 1508 3597 1563 melodicum
3644 1524 3742 1578 ap-

2169 1577 2451 1648 pellamus,
2501 1578 2725 1645 duplicis
2776 1578 2919 1631 modi
2959 1588 3060 1643 est,
3112 1580 3304 1648 glosse
3358 1579 3638 1647 simplicis,
3685 1577 3748 1633 et

2168 1646 2394 1714 duplicis
2423 1662 2438 1705 :
2471 1649 2645 1717 glossa
2684 1648 2879 1716 duplici
2925 1646 3135 1703 utimur
3151 1650 3217 1702 ad
3249 1665 3436 1702 omnes
3470 1646 3745 1703 festivita-

2170 1726 2251 1771 tes
2277 1733 2373 1788 per
2397 1734 2593 1772 annum
2614 1733 2629 1782 ;
2654 1720 2827 1787 glussa
2868 1720 3097 1785 simplici
3129 1721 3192 1771 ad
3237 1718 3418 1783 ferias,
3454 1734 3745 1787 responso-

2172 1788 2279 1850 ria,
2308 1800 2361 1843 et
2384 1798 2603 1843 tractus.
2642 1790 2901 1858 Exemplo
2934 1804 3020 1843 res
3062 1791 3256 1845 clarior
3294 1792 3405 1843 lict.
3445 1792 3521 1843 En
3566 1792 3749 1858 glossa

2102 1839 2148 1899 Β
2174 1839 2367 1931 αυριὲῥ
2388 1839 2491 1931 inf
2506 1839 2747 1931 έίτέιιᾶςξιί
2762 1839 2839 1913 ’ξέιῖ
2854 1839 2859 1840 ί
2877 1839 3091 1914 ingeni
3116 1839 3431 1915 suum.
3446 1839 3749 1931 manus:

2180 1942 2296 1982 rum
2333 1929 2472 1983 Petri
2503 1940 2556 1983 et
2581 1928 2747 1983 Pauli.

1092 2060 1167 2119 In
1208 2061 1354 2119 festo
1378 2071 1738 2120 sanctorum
1762 2060 2195 2138 apostolorum
2228 2028 2401 2121 Petri
2423 2069 2479 2121 et
2512 2060 2729 2125 Pauli.
2758 2059 2839 2121 ad
2866 2077 3132 2122 musam.

2001 2211 2306 2253 αιΔυωιε.

532 2386 752 2444 Texim-
842 2356 1691 2492 ί
1869 2389 3135 2460 ====
3161 2363 3675 2461 _=_—

792 2355 813 2623 ς
1244 2551 1317 2601 Co
1458 2574 1525 2587 —
1591 2562 1785 2680 /_ns
1911 2573 1976 2586 —
2104 2546 2145 2599 ti
2288 2574 2352 2585 —
2494 2575 2561 2586 —
2701 2576 2769 2589 -ι
2914 2576 2979 2589 ο-
3121 2576 3185 2587 --
3328 2581 3392 2590 _
3533 2580 3603 2591 _.

3376 2638 3468 2676 κ·
3641 2639 3737 2675 κ-

530 2720 753 2777 αιοεεα-
841 2665 3593 2806 ΞΞΞΕΞεΞ-εξὲι-Ξτεξξδττ-θ-ῖέυ-
3623 2743 3671 2772 .

526 2791 752 2860 duplex.
798 2772 3733 2877 I:i.,;::_r.-r:..a=&::=__==a=g==-==—-

1105 2897 1181 2951 Co
1288 2921 1355 2935 --
1499 2923 1564 2936 —
1706 2908 1772 2949 ns
1808 2924 1877 2936 —
1952 2894 1991 2948 ti
2138 2918 2207 2935 --
2346 2922 2417 2933 -—
2556 2922 2625 2933 —
2766 2921 2831 2935 —-
2974 2922 3040 2933 -
3184 2924 3253 2935 -
3393 2923 3459 2935 -
3601 2903 3730 2954 ιιι-

706 3052 3712 3159 .—=_=-.=—-_========Ei

670 3273 735 3285 —-
805 3253 863 3298 ιιι
1169 3258 1228 3297 es
1618 3257 1649 3297 e
1809 3270 1870 3283 —
2033 3271 2104 3285 -ο
2266 3269 2332 3284 —-
2496 3273 2559 3283 —
2718 3259 2799 3298 os.

900 3346 1058 3381 Λ
3117 3359 3125 3370 .

1395 3403 3711 3540 asas=E=2ﬁ5553=-e-=%5Ei

575 3547 654 3585 1.-
688 3546 705 3570 ο
1279 3544 1319 3554 ·-
2060 3543 2077 3561 ρ
2285 3543 2316 3553 -
2570 3560 2695 3586 v

682 3625 712 3638 -
756 3613 785 3651 e
819 3625 850 3637 -
886 3610 914 3649 s
1158 3608 1188 3647 e
1291 3624 1362 3636 --
1504 3623 1569 3633 ——
1712 3621 1781 3635 -—
1924 3622 1993 3632 —
2134 3621 2203 3632 —
2345 3623 2407 3634 —-
2552 3610 2585 3647 ο
2737 3624 2801 3633 -
2945 3632 3010 3641 -
3152 3622 3221 3637 --
3362 3621 3429 3632 —
3571 3607 3599 3647 s

1464 3708 1685 3773 Gloasa
1704 3709 1968 3790 simplex
2000 3729 2188 3792 super
2216 3711 2486 3774 eumdem
2516 3720 2782 3774 textum.

940 4004 962 4015 β
1268 4050 1344 4105 Co
1453 4078 1521 4089 —
1613 4076 1679 4088 --
1756 4063 1823 4103 ns
1966 4076 2033 4089 —
2178 4047 2217 4101 ti
2326 4075 2396 4087 -—-
2558 4074 2626 4085 -—
2766 4071 2835 4083 --
2972 4070 3043 4081 —
3182 4072 3253 4082 —
3429 4075 3499 4086 _
3639 4076 3709 4087 ..-

519 4227 759 4368 stas
792 4154 3736 4411 ρ

877 4372 945 4425 ·
987 4349 1007 4375 ι
1164 4399 1238 4452 Co
1350 4426 1413 4435 —
1506 4363 1751 4450 -ῖλής
1877 4422 1908 4432 -
2050 4392 2091 4457 ti
2232 4423 2300 4433 —
2446 4421 2507 4433 —
2670 4420 2733 4431 —
2878 4411 2942 4426 —
3085 4413 3151 4425 —
3316 4416 3382 4430 —
3556 4417 3625 4432 -

522 4583 3664 4728 iig==—-=——"_

943 4787 998 4837 tu
1421 4792 1478 4833 es
1918 4791 1947 4831 e
2142 4803 2210 4815 —
2387 4803 2458 4835 -τ
2632 4803 2703 4816 -
2874 4802 2943 4816 -—
3118 4802 3189 4818 -—
3360 4787 3444 4828 os.

579 5011 699 5074 ιε-
809 4927 3143 5073 ξξξεεεεεςεξὲξεεὲἒ
3149 4927 3670 5064 EE:

596 5102 653 5110 __
702 5080 722 5107 ρ

808 5133 861 5183 lu
1283 5138 1339 5174 es
1760 5138 1790 5176 e
1931 5148 1997 5164 --
2213 5149 2277 5161 —
2501 5148 2555 5158 -
2764 5145 2830 5157 -
3008 5148 3079 5161 .....
3256 5132 3341 5171 os,

567 5248 640 5305 Ut
681 5249 870 5318 majori
899 5264 1002 5317 qua
1046 5249 1210 5316 possit
1246 5246 1575 5317 perfectione
1608 5255 1849 5309 canatur.
1880 5247 2073 5303 obser-

500 5319 731 5375 vandum
758 5298 841 5376 est
864 5298 1343 5388 primorcircinurm,
1375 5334 1469 5374 seu
1496 5333 1798 5373 mensuram
1827 5298 2071 5384 brevem,
2101 5298 2148 5361 (ἶ
2182 5298 2351 5378 ita-rei.
2379 5320 2580 5387 Quarto
2608 5298 2869 5388 nusquam
2894 5319 2948 5375 in
2981 5298 3159 5388 p'uncti
3186 5298 3414 5381 alicuius
3440 5298 3636 5382 gloss'a,
3671 5330 3789 5369 nec

499 5388 594 5444 sed
616 5405 721 5446 non
744 5392 912 5445 multo
942 5388 1270 5458 praecipitem
1291 5404 1412 5445 esse
1431 5389 1629 5444 debere
1652 5407 1665 5453 ;
1692 5389 1928 5444 secundo
1952 5406 2072 5446 ont-

498 5458 585 5530 nia
611 5476 731 5530 qua:
775 5462 869 5516 tibi
897 5460 1218 5515 exhibentur
1249 5461 1352 5515 sub
1392 5460 1656 5516 ambabus
1684 5461 1877 5529 glossis
1916 5476 2077 5517 exse-

498 5529 591 5653 ?ui
617 5532 812 5587 debere
833 5532 993 5601 ligata
1009 5549 1031 5584 -:
1057 5546 1243 5586 verum
1276 5546 1549 5653 nunquam
1582 5540 1835 5599 punctum
1862 5530 2076 5601 aliquod

522 5601 679 5653 eries.
709 5602 832 5653 auia
863 5602 1147 5653 melodiam
1180 5604 1356 5653 tolles.
1436 5602 1570 5653 ertio
1600 5602 1803 5653 trinita.
1838 5616 1958 5653 ouae
1986 5616 2074 5653 as-

522 5601 679 5671 eries,
709 5602 832 5671 quia
863 5602 1147 5658 melodiam
1180 5604 1356 5658 tolles.
1389 5601 1570 5658 Tertio
1600 5602 1804 5667 trinita,
1838 5616 1958 5671 quae
1986 5616 2074 5653 as-

500 5670 742 5743 signatur
796 5673 877 5727 bis
922 5672 1112 5729 litteris
1161 5674 1246 5740 tri,
1281 5688 1383 5727 non
1424 5673 1625 5729 debere
1672 5673 1787 5743 plus
1817 5670 2075 5743 temporis

504 5741 792 5809 perdurare
836 5758 995 5811 quam
1051 5744 1200 5801 valor
1253 5744 1437 5815 ﬁgura:
1484 5757 1645 5814 super
1674 5741 1855 5813 'quam
1907 5741 2081 5811 posita

2182 5260 2325 5316 sunt,
2357 5250 2469 5305 sive
2494 5263 2613 5303 cum
2646 5248 2904 5315 punctulo
2931 5248 3021 5314 sit,
3054 5249 3170 5304 sive
3222 5248 3425 5316 absque
3451 5245 3547 5301 illo
3572 5241 3786 5315 perdu-

2183 5396 2234 5449 in
2266 5404 2446 5446 atomo
2476 5407 2504 5444 a
2550 5394 2931 5459 punctuatione
2979 5389 3245 5451 discedes,
3286 5391 3411 5457 quia
3442 5388 3496 5444 in
3546 5388 3651 5441 hoc
3676 5399 3791 5440 ex-

2183 5473 2292 5520 stat
2319 5461 2524 5532 praafati
2546 5470 2737 5516 cantus
2769 5462 3143 5517 harmonicum
3168 5462 3355 5532 melos.

2255 5528 2354 5601 Qui
2401 5532 2471 5588 de
2513 5533 2849 5596 expositione
2878 5542 3078 5591 textus.
3118 5532 3231 5584 sive
3275 5530 3343 5584 de
3370 5528 3547 5601 glossa
3579 5532 3787 5581 cantus

2186 5597 2479 5677 Eugeniani
2505 5605 2696 5657 dubius
2726 5605 2815 5662 sit.
2860 5603 2925 5657 ad
2960 5603 3095 5657 hanc
3125 5597 3417 5677 Ecclesium
3451 5597 3784 5677 Toletanam

2186 5671 2431 5739 acc—edat,
2454 5684 2507 5728 et
2538 5685 2657 5743 post
2686 5683 2765 5729 tot
2793 5682 3058 5731 transacta
3084 5671 3276 5727 saecula
3309 5671 3623 5726 memoriam
3654 5671 3798 5735 ejus

2190 5746 2409 5800 retineri
2438 5745 2737 5801 mirabitur.
