4044 6382
452 356 513 421 st
1662 345 2086 418 unsirtantuu
2125 362 2501 420 GOTlIlCUM.
3636 371 3712 424 :s-z

660 477 772 533 lloe
792 477 1054 534 excitetus
1080 477 1270 534 lucifer

585 569 756 624 Solvit
785 570 966 639 polum
996 572 1261 639 caligine;

585 660 696 715 Hoc
717 661 892 718 omnis
923 663 1166 716 errdrum
1196 663 1394 717 chorus

579 753 734 808 Viam
761 755 985 809 nocendi
1016 755 1240 810 deserit.

658 845 772 900 ﬂoc
811 857 970 902 nauta
1011 848 1156 902 vires
1181 849 1386 918 colligit

579 938 837 1006 Pontique
867 940 1151 994 mitéscnnt
1175 941 1303 994 freta
1335 959 1346 993 :

583 1029 693 1084 lloe
721 1032 829 1097 ipsa
865 1041 1011 1096 petra
1045 1032 1296 1086 Ecclésim

577 1119 836 1187 Canénte,
869 1121 1077 1190 culpam
1103 1123 1280 1177 diluit.

647 1213 960 1284 Surgamus,
995 1231 1123 1284 ergo
1153 1215 1376 1272 strenue
1396 1259 1410 1278 .

577 1288 760 1362 (iullus
786 1308 1030 1376 jacéntes
1060 1309 1280 1373 excitat,

581 1397 646 1456 Et
676 1399 1044 1454 somnoléntos
1074 1401 1335 1470 increpat,

583 1490 768 1544 Gallus
798 1491 1056 1560 negantes
1087 1491 1281 1558 arguit.

655 1581 809 1634 Gallo
840 1580 1064 1635 canénte
1088 1596 1210 1650 spes
1241 1580 1394 1646 redit,

582 1673 764 1743 Egris
793 1677 940 1734 salus
973 1674 1291 1732 refunditur.

577 1765 758 1819 Blucro
791 1764 1012 1819 latrdnis
1042 1765 1312 1832 cenditur,

579 1856 766 1926 Lapsls
792 1857 922 1912 lides
949 1857 1254 1914 revertitur.

649 1950 775 2006 Jesu
806 1951 1047 2006 labentes
1071 1952 1300 2020 respice,

579 2043 646 2096 Et.
666 2058 764 2096 nos
793 2041 1023 2097 vidéndo
1043 2043 1252 2113 cerrige
1279 2063 1290 2097 :

581 2134 638 2188 Si
674 2134 930 2205 respicis,
956 2135 1086 2203 lapsi
1119 2137 1356 2202 stabunt,

578 2224 839 2293 Fletuque
870 2227 1024 2293 culpa
1045 2225 1292 2281 sdlvitur.

650 2315 725 2369 Tu
755 2317 868 2384 lux,
900 2317 1103 2389 refulge
1125 2319 1394 2383 sensibus,

578 2407 877 2478 hiemsque
898 2424 1144 2466 somnum
1173 2412 1380 2466 discute
1404 2427 1418 2464 :

576 2501 656 2561 '[e
686 2511 865 2556 nostra
897 2518 996 2555 vox
1030 2504 1257 2572 primum
1288 2512 1464 2570 sonet,

577 2594 643 2646 Et
670 2608 766 2648 ore
792 2594 1083 2662 psallaznus
1113 2594 1228 2648 tibi.

643 2689 824 2744 Gloria
851 2691 991 2744 Patri
1023 2690 1260 2761 ingenito
1273 2730 1288 2757 ,

581 2779 758 2835 Gloria
792 2779 1104 2851 Unigénito,

576 2871 691 2928 l-Jna
721 2887 842 2927 cum
875 2873 1070 2928 Saneto
1097 2872 1322 2941 Spiritu,

577 2967 635 3018 In
665 2963 986 3034 sempiterna
1021 2963 1238 3019 secula.

661 3058 700 3123 ἡ
721 3094 735 3108 .
769 3058 959 3110 Amen.

2043 483 2092 538 Α
2123 476 2333 531 Sanctis
2362 487 2547 547 regnat
2573 478 2762 547 gloria,
2791 479 2870 533 sic
2898 487 2951 534 et
2980 479 3032 533 in
3058 477 3212 534 nobis
3242 478 3459 535 maneat
3479 481 3616 536 salus
3643 495 3698 537 et

2122 568 2432 623 benedictio
2460 580 2567 624 tua.
2614 569 2651 637 ἡ
2674 608 2688 623 .
2719 572 2915 627 Amen.

2193 657 2295 710 Per
2326 658 2746 712 misericordiam
2781 669 2955 715 tuam.

2189 745 2246 818 4
2275 747 2580 813 Antiphone.
2635 748 2822 803 Véniet
2867 747 3124 804 Dominus
3173 751 3222 804 in
3271 766 3448 820 regem
3484 771 3495 806 :
3539 768 3709 822 super

2122 853 2333 893 omnem
2381 849 2576 894 terram
2615 843 2716 895 erit
2761 843 3022 897 Dominus
3061 860 3234 907 unus,
3289 843 3354 896 P.
3389 845 3454 900 Et
3505 863 3705 902 nomen

2121 927 2237 996 ejus
2265 931 2314 982 in
2359 932 2614 986 aeternum
2665 945 2866 986 manet.
2913 934 2985 1000 ἲ.
3035 933 3282 998 Eiultbte
3328 935 3438 996 Deo
3467 938 3704 1004 adjutt'n'i

2122 1031 2306 1074 nostro
2337 1039 2348 1073 :
2386 1022 2610 1090 jnbilbte
2640 1023 2748 1076 Deo
2777 1025 2961 1079 Jacob.
2999 1023 3063 1076 P.
3104 1025 3169 1078 Et
3199 1039 3414 1080 nomen.
3459 1033 3495 1096 γ,
3518 1065 3532 1079 .
3574 1029 3707 1082 Glo-

2121 1112 2218 1174 ria,
2249 1120 2302 1164 et
2329 1111 2496 1164 honor
2525 1113 2691 1175 Patri,
2722 1126 2825 1167 etc.
2861 1111 2926 1166 P.
2963 1114 3025 1168 Et
3057 1129 3270 1170 nomen.

2195 1203 2388 1255 Oratio.
2431 1204 2592 1267 Deus,
2623 1206 2716 1260 Dei
2752 1198 2916 1268 Filius
2939 1207 3093 1276 cujus
3115 1210 3168 1264 in
3195 1207 3457 1264 :ctérnnm
3488 1224 3703 1277 perma-

2120 1308 2230 1350 net.
2261 1296 2482 1366 Require
2511 1300 2604 1366 fol.
2638 1300 2690 1355 5.

2191 1391 2480 1454 Antiphone
2507 1390 2560 1442 2.
2601 1391 2790 1447 Véniet
2820 1395 2884 1447 ad
2918 1410 3094 1451 .ocum
3131 1407 3372 1452 sanctum
3417 1398 3698 1463 Dominus,

2118 1491 2274 1545 quem
2305 1493 2398 1531 vos
2424 1480 2615 1543 vultis;
2648 1491 2702 1536 et
2743 1485 2975 1550 Angelus
3019 1489 3358 1553 testamenti,
3399 1506 3557 1556 quem
3603 1508 3703 1548 vos

2118 1570 2454 1626 desideratis.
2506 1571 2575 1628 Ρ.
2629 1574 2766 1629 Ecce
2812 1576 2988 1633 véniet
3035 1578 3292 1634 Dentinus
3337 1583 3701 1650 omnipotens.

2133 1663 2167 1732 ᾗ
2194 1705 2204 1716 .
2236 1665 2459 1733 Magnus
2492 1668 2750 1723 Dominus
2780 1683 2981 1738 noster,
3023 1683 3080 1728 et
3112 1691 3299 1746 magna
3329 1678 3496 1730 virtus
3534 1679 3649 1745 ejus
3682 1695 3698 1734 :

2116 1765 2167 1806 et
2197 1755 2472 1821 sapientiae
2501 1759 2620 1825 ejus
2667 1774 2772 1813 non
2803 1773 2883 1815 est
2915 1764 3190 1818 numerus.
3226 1763 3290 1820 Ρ.
3325 1765 3463 1821 Ecce
3495 1766 3699 1822 ve'uiet.

2045 1835 2092 1894 B
2138 1845 2206 1914 ᾗ.
2240 1843 2441 1913 Glbria,
2473 1858 2527 1902 et
2556 1850 2746 1917 honor,
2777 1863 2881 1905 etc.
2917 1851 2980 1908 P.
3015 1855 3151 1909 Ecce
3182 1857 3378 1912 veniet.

2193 1941 2393 1998 Oratio.
2435 1943 2680 2011 Christe,
2710 1945 2800 2000 Dei
2832 1946 3016 2015 Filius,
3061 1950 3148 2018 qui
3181 1951 3401 2005 veniens
3426 1951 3490 2005 ad
3521 1952 3698 2007 locum

2118 2034 2253 2089 uteri
2289 2035 2594 2105 Virginalis,
2625 2054 2784 2094 verus
2813 2044 3044 2108 Angelus
3080 2045 3380 2099 testamenti
3431 2044 3698 2115 agnosce-

2115 2127 2188 2179 ris
2219 2143 2230 2178 :
2262 2127 2494 2182 concede
2523 2129 2696 2193 nobis,
2731 2140 2785 2184 ut
2828 2133 2976 2196 ﬁdes,
3011 2135 3111 2202 qua
3160 2135 3544 2189 incarnationis
3587 2146 3699 2190 tua:

2116 2217 2307 2288 gaudia
2340 2220 2532 2275 dithiso
2560 2237 2656 2276 ore
2700 2224 3065 2288 cont-inimus,
3097 2226 3163 2277 ab
3193 2243 3295 2280 om:
3323 2226 3338 2282 i
3377 2230 3546 2296 culpa:
3594 2243 3699 2282 uo-

2116 2323 2240 2366 διε-ιη
2277 2328 2374 2368 nos
2399 2314 2579 2370 débito
2608 2315 2810 2386 éxpiet,
2843 2319 2963 2372 cum
3009 2321 3200 2374 iterum
3235 2330 3284 2376 te
3325 2321 3390 2374 ad
3434 2321 3692 2391 judicium

2116 2408 2397 2460 venturum
2431 2408 2742 2464 viderimus.
2788 2410 2826 2476 ἡ
2848 2451 2860 2464 .
2893 2413 3081 2466 Anien.

2187 2499 2290 2552 Per
2316 2501 2738 2556 misericérdiam
2771 2513 2936 2557 tuam.

2186 2597 2481 2665 Antiphone
2509 2597 2561 2650 5.
2605 2595 2791 2651 Veniet
2826 2597 3156 2650 desideratus
3186 2598 3390 2652 eunetis
3420 2599 3684 2666 gentibus,

2114 2687 2180 2742 Ρ.
2215 2688 2283 2742 Et
2311 2690 2508 2744 videbit
2527 2703 2647 2743 eum
2677 2689 2852 2743 omnis
2877 2689 3080 2742 Oculus.
3128 2691 3160 2756 Ϋ
3186 2727 3201 2743 .
3229 2690 3365 2744 Deus
3400 2691 3687 2747 inanil’ésté

2114 2781 2292 2835 veniet
2332 2798 2346 2834 :
2389 2781 2528 2836 Deus
2558 2790 2741 2835 noster
2789 2791 2843 2834 et
2882 2796 2984 2834 non
3015 2782 3211 2836 silebit.
3260 2781 3325 2836 Ρ.
3361 2783 3424 2836 Ει
3459 2784 3684 2839 videbit.

2130 2875 2163 2942 y
2191 2914 2203 2927 .
2233 2873 2437 2935 Gléria,
2461 2883 2515 2928 et
2545 2873 2716 2928 honor
2739 2873 2902 2941 Patri,
2931 2885 3035 2929 etc.
3063 2873 3129 2928 Ρ.
3162 2873 3226 2928 Et
3257 2875 3480 2930 videbit.

2189 2966 2387 3020 Oratio.
2425 2965 2728 3020 Desideréte
2751 2966 2957 3020 cunctis
2978 2966 3223 3036 gentibus
3251 2968 3284 3020 ὁ
3321 2967 3558 3032 Christe,
3592 2967 3690 3022 ad-

2114 3057 2335 3114 veniens
2358 3099 2372 3124 ,
2402 3059 2545 3112 salva
2573 3057 2797 3127 populos
2843 3058 3049 3112 tibimet
3094 3057 3406 3112 conliténtes
3435 3074 3448 3111 :
3481 3068 3566 3122 ut,
3598 3060 3690 3126 qui

510 3168 712 3232 omne.
747 3168 1027 3224 Etérnum
1057 3177 1110 3223 te
1135 3168 1431 3234 auctOrem,
1463 3177 1515 3222 et
1553 3164 1894 3223 Conditorem
1923 3175 2006 3218 re-
2039 3178 2083 3242 ρ
2115 3159 2179 3214 ad
2211 3159 2312 3214 hoc
2343 3158 2619 3227 prmmium
2650 3155 2837 3213 VBllinli
2857 3198 2873 3222 ,
2901 3167 2958 3209 ut
2998 3156 3223 3224 primum
3268 3157 3592 3220 redimeres;
3622 3155 3687 3208 ad

433 3264 660 3333 mittique
683 3262 923 3318 omnium
962 3263 1248 3318 hominum
1287 3265 1461 3318 omnis
1502 3263 1677 3331 lingua
1703 3261 2008 3326 conﬁtetur,

435 3367 494 3412 et
518 3357 687 3410 credit
722 3373 734 3408 :
771 3364 824 3409 tu
870 3359 1014 3418 enim
1065 3357 1115 3410 in
1166 3355 1429 3425 principio
1474 3354 1652 3408 (inmia
1697 3351 1912 3408 fecisti:
1959 3359 2012 3417 tu

433 3447 544 3512 ipsi
575 3455 725 3514 petra
755 3445 1030 3512 Ecclesiae,
1068 3448 1118 3500 in
1146 3463 1246 3515 qua
1273 3447 1456 3513 culpas
1503 3455 1712 3499 nostras
1753 3445 2012 3498 dedentes

433 3537 688 3598 diluimus
718 3553 732 3590 :
783 3548 836 3590 tn
864 3538 1006 3592 enim
1041 3538 1092 3590 in
1129 3537 1388 3604 principio
1430 3536 1664 3591 Iabéntes
1702 3535 1925 3603 respice,
1959 3544 2013 3589 et

432 3628 665 3688 videndo
697 3643 794 3683 nos
823 3629 1061 3695 cerrige;
1098 3639 1154 3682 ut
1199 3638 1380 3682 nostra
1408 3643 1509 3681 vox
1550 3627 1642 3681 tibi
1689 3640 1902 3695 semper
1930 3627 2013 3680 in-

435 3732 592 3779 sonet
642 3724 694 3777 in
741 3723 896 3777 atriis
945 3723 1077 3786 tuis,
1122 3730 1177 3776 et
1226 3721 1494 3776 resolvere
1543 3721 1843 3775 mercemur
1894 3720 2008 3774 tibi.

435 3819 662 3884 PrOpter
689 3817 1029 3874 clementiam
1062 3827 1204 3870 tuam
1233 3816 1462 3885 petimus
1483 3857 1497 3877 ,
1529 3813 1812 3868 ineﬂabilis
1846 3813 2008 3878 Deus,

433 3919 493 3963 nt
535 3923 697 3980 super.
728 3924 826 3963 nos
850 3908 1033 3978 vigilet
1061 3907 1300 3962 custodia
1351 3917 1436 3960 tua
1482 3919 1695 3973 semper
1721 3905 1960 3974 angelica
1993 3923 2005 3957 :

434 4013 491 4058 et.
514 4003 791 4061 venientes
819 4003 882 4056 ad
921 4003 1089 4057 lucem
1117 4016 1236 4056 cum
1267 3998 1593 4054 exnltatidne
1619 3998 1657 4062 ἐι,
1693 4005 1786 4052 tuo
1812 3997 2009 4051 lumine

431 4096 487 4153 in
515 4095 772 4150 :etérnum
803 4107 1091 4162 numquam
1121 4092 1460 4147 discedamus
1489 4108 1500 4143 :
1535 4098 1588 4144 et
1611 4087 1796 4144 eléctis
1827 4089 1928 4142 tuis
1955 4088 2006 4142 in

430 4187 629 4243 u'térna
660 4187 853 4256 gaudia
885 4184 1080 4253 perfrui
1107 4187 1428 4239 mercemur.
1477 4184 1550 4252 ἡ.
1578 4183 1760 4244 Amen,

503 4279 607 4336 Per
638 4277 1058 4336 misericdrdiatu
1093 4287 1258 4332 tuam.

508 4393 822 4463 Antiphonti.
853 4391 1078 4448 Domine
1117 4390 1242 4459 quid
1275 4388 1867 4457 multiplicitti‘snntqni
1911 4386 2008 4443 tria

433 4488 620 4544 bnlant
648 4488 772 4542 me?
805 4496 859 4542 tu
889 4495 1089 4551 autem,
1122 4483 1369 4550 Demine,
1411 4482 1686 4552 susceptor
1725 4497 1874 4545 meus
1917 4496 1996 4535 es.

432 4579 675 4646 Psalmis
699 4595 782 4635 tu.

503 4694 820 4763 Antiphone.
847 4693 985 4748 Lava
1011 4707 1113 4757 me,
1140 4692 1388 4761 Domine,
1415 4691 1481 4748 :ob
1505 4691 1761 4760 injustitia
1785 4705 1904 4745 mea
1925 4706 1936 4740 :
1955 4697 2016 4749 et.

431 4789 463 4842 ἐι
494 4787 712 4858 peccato
743 4801 863 4841 meo
889 4786 1084 4841 munda
1115 4801 1217 4839 me.
1250 4783 1493 4839 Psnlnms
1521 4802 1568 4838 ι.

506 4903 818 4974 Antiphone.
843 4902 982 4958 Lava
1007 4918 1112 4969 me,
1137 4902 1384 4968 Domine,
1407 4901 1474 4955 ab
1498 4900 1753 4970 injusdtia
1779 4912 1926 4954 mea:
1953 4905 2010 4953 et

431 5000 462 5052 Ξι
495 4997 713 5066 peccato
745 5011 872 5051 meo
894 4996 1086 5051 munda
1116 5012 1222 5056 me.
1250 4996 1508 5050 DOmine:

507 5089 821 5157 Antiphone.
853 5087 908 5142 ln
937 5098 988 5143 te
1025 5088 1244 5145 conlidit
1284 5088 1461 5142 anima
1492 5101 1609 5140 mea
1643 5103 1656 5138 :
1701 5085 1864 5143 libera
1898 5099 2005 5148 me,

432 5181 678 5240 nemine.
710 5179 950 5234 Psalmus
981 5197 1083 5235 un.

503 5271 819 5342 Antiphone.
849 5273 903 5326 In
935 5281 984 5325 te
1013 5271 1230 5337 conlidit
1267 5272 1441 5324 anima
1485 5284 1650 5326 mea:
1693 5269 1856 5325 libera
1902 5283 2005 5335 me,

431 5361 682 5427 Domine.

511 5455 709 5508 υνὰιίο.
743 5455 965 5510 Domine
989 5453 1115 5510 Jesu
1155 5454 1388 5520 Chr-istc,
1421 5453 1510 5523 qui
1555 5452 1839 5510 credentes
1876 5451 1926 5506 in
1959 5461 2009 5506 te

435 5545 752 5600 rediméndo
780 5547 1029 5614 suscipis,
1066 5556 1118 5602 et
1149 5545 1440 5598 exaltando
1467 5544 1768 5614 gloriﬁcas;
1796 5545 2006 5612 plebem

433 5648 580 5696 tuam
625 5639 693 5693 ab
735 5639 1010 5708 injustitia:
1051 5648 1107 5691 et
1148 5639 1488 5706 pel'catdrum
1534 5639 1762 5693 vinculis
1789 5639 1954 5694 libera
1989 5655 2004 5692 :

430 5731 670 5787 veritatis
701 5740 754 5786 et
775 5729 1048 5799 sapientia:
1080 5739 1182 5782 tua:
1207 5730 1427 5784 munere
1452 5729 1610 5784 corda
1642 5731 1827 5783 eernm
1862 5731 2005 5784 locu.-

432 5826 604 5896 pleta;
639 5821 950 5891 mentesque
991 5821 1258 5876 sanctiﬁca
1293 5840 1306 5878 :
1354 5830 1431 5890 ut,
1462 5823 1596 5880 sicut
1630 5823 1680 5877 in
1722 5822 1856 5878 cmlo
1885 5837 2002 5878 cum

2116 3252 2217 3307 hoc
2245 3251 2433 3304 itert‘mt
2463 3249 2646 3304 venias
2679 3267 2690 3302 :
2719 3258 2776 3302 ut
2803 3247 3085 3304 credentes
3116 3249 3204 3303 tibi
3235 3263 3330 3318 pro
3357 3247 3558 3304 meritis
3582 3263 3687 3302 non

2113 3343 2458 3399 condemnes.
2514 3343 2550 3411 ἡ
2573 3380 2588 3397 .
2616 3343 2806 3396 Amen.

2186 3437 2288 3492 Per
2311 3435 2735 3491 misericérdiam
2769 3446 2935 3491 luant.

2199 3548 2237 3616 il
2259 3589 2273 3603 .
2317 3547 2472 3614 Veni,
2518 3547 2933 3602 clementissime
2979 3547 3199 3604 Domine
3232 3562 3247 3604 :
3275 3547 3526 3603 succurre
3554 3547 3684 3616 jam.

2114 3648 2168 3694 et
2214 3655 2372 3708 parce
2418 3641 2568 3694 fessis
2619 3657 2631 3693 :
2673 3640 2783 3710 jam
2838 3641 3141 3694 miserando
3184 3639 3330 3710 érige
3379 3639 3682 3708 oppressos.

2114 3730 2406 3784 lledemisti
2455 3729 2648 3785 vivos:
2695 3731 2844 3800 e’ripe
2889 3732 3142 3798 captivos.
3195 3731 3490 3785 Adventum
3541 3741 3684 3782 tuum

2114 3823 2287 3875 omnis
2307 3823 2548 3876 creatura
2581 3827 2666 3876 tua
2695 3823 2956 3890 expectat.
2983 3821 3048 3874 Ρ.
3082 3822 3216 3874 Dum
3247 3823 3331 3874 hic
3360 3836 3440 3887 es,
3470 3820 3687 3873 absolve

2113 3927 2234 3967 reos
2269 3929 2283 3969 :
2324 3922 2377 3966 et
2405 3913 2529 3966 dum
2566 3912 2801 3978 veneris,
2834 3913 3064 3967 defende
3102 3928 3200 3966 nos
3227 3923 3363 3967 tuos.
3410 3913 3481 3979 Ῡ.
3533 3913 3684 3976 Vetti,

2114 4005 2360 4068 deine,
2387 4016 2438 4058 et
2471 4005 2577 4058 noli
2615 4007 2828 4058 tardare
2860 4018 2875 4058 :
2909 4005 3089 4059 relaxa
3121 4005 3355 4060 facinora
3386 4005 3523 4072 plebi
3561 4014 3683 4070 lum,

2109 4106 2164 4149 et
2193 4096 2383 4150 revoca
2412 4096 2687 4163 dispersos
2716 4097 2767 4149 in
2800 4106 2992 4150 terram
3024 4112 3194 4149 suam.
3230 4095 3294 4148 P.
3328 4096 3462 4148 Dum
3493 4097 3576 4149 hic
3602 4111 3680 4148 es.

2125 4187 2159 4256 ᾗ
2186 4227 2196 4238 .
2231 4186 2429 4254 Gloria,
2455 4198 2507 4242 et
2547 4187 2718 4242 honor
2748 4187 2910 4242 Patri.
2958 4187 2996 4256 ἢ
3017 4227 3030 4242 .
3064 4186 3226 4254 Veni,
3257 4187 3674 4242 clementissime

2110 4280 2357 4336 Demine.

2180 4395 2380 4447 Ονὰιὶο.
2413 4392 2566 4458 Veni,
2602 4391 3015 4446 clementissime
3046 4390 3287 4456 Domine,
3315 4391 3454 4457 veni;
3480 4400 3528 4444 et
3554 4406 3681 4458 prre-

2112 4502 2238 4558 roga
2289 4487 2591 4549 libertatem
2635 4484 2903 4554 oppressis
2933 4501 2946 4537 :
2978 4483 3145 4538 éxcita
3179 4484 3463 4552 po’éutiam
3498 4494 3676 4548 tuam;

2114 4589 2168 4634 et
2195 4580 2399 4646 plebem
2427 4579 2637 4646 pusside
2654 4579 3002 4646 conquisitam
3030 4593 3043 4630 :
3069 4576 3236 4645 dirige
3264 4576 3492 4638 vineam,
3524 4593 3680 4646 quant

2113 4690 2206 4744 per
2228 4674 2397 4732 virum
2429 4672 2672 4742 plautasti
2699 4671 2933 4728 déxterze
2961 4684 3062 4726 tua:
3088 4688 3100 4724 :
3128 4680 3184 4725 et
3214 4671 3402 4724 Filium
3432 4672 3680 4735 hominis,

2113 4782 2268 4836 quem
2296 4765 2625 4820 conﬁrmasti
2660 4766 2774 4830 tibi,
2799 4765 3117 4818 advocatum
3149 4779 3245 4830 pro
3275 4761 3427 4816 nobis
3448 4763 3637 4816 exaudi
3665 4778 3680 4816 :

2113 4869 2168 4911 ut
2212 4859 2600 4927 Iacbrymdruni
2647 4857 2796 4925 panis
2841 4856 3053 4909 modum
3097 4853 3289 4908 habeat
3336 4853 3393 4906 in.
3427 4851 3678 4920 ﬂagéllis;

2113 4951 2378 5018 peltisque
2403 4947 2827 5015 compunetionis
2874 4956 3072 4999 nostra:
3114 4945 3256 4999 vires
3292 4944 3688 5011 nouauénuet,

2113 5037 2205 5091 sed
2238 5048 2289 5090 et
2314 5038 2543 5090 enutriat
2577 5046 2802 5091 mentes.
2846 5034 2887 5100 ἢ
2909 5074 2922 5088 .
2956 5037 3146 5092 Amen.

2185 5130 2285 5183 Per
2313 5128 2736 5186 misericordiam
2769 5137 2931 5181 tuatn.

2706 5241 2771 5298 In
2809 5241 3091 5297 Laudibus.

2184 5356 2263 5415 Ad
2287 5357 2586 5425 Cdnticam._
2605 5357 2800 5416 Audiat
2828 5365 2971 5412 terra
2993 5356 3154 5412 verba
3183 5370 3252 5411 ex
3283 5370 3376 5410 ore
3408 5368 3547 5408 meo.
3582 5347 3688 5406 Es-

2114 5452 2374 5520 pectetur,
2397 5450 2533 5504 sicut
2556 5451 2733 5518 pluvia
2758 5450 3029 5521 eléquitun
3049 5465 3244 5516 meum,
3269 5459 3321 5504 et
3337 5447 3686 5514 descendant,

2111 5545 2248 5605 sicut
2277 5559 2363 5605 res
2391 5543 2547 5597 verba
2579 5559 2718 5598 mea.

2153 5627 2156 5630 λ
2356 5637 2614 5696 Canticum
2645 5637 3028 5694 Πεηιενοηόηιὲἱ
3061 5635 3210 5708 (ϐψ.
3255 5631 3450 5702 xuii).

2185 5728 2412 5788 Attende
2440 5731 2653 5796 cmlum,
2678 5741 2728 5784 et
2770 5730 2989 5800 loquar;
3019 5732 3034 5752 °
3065 5740 3119 5787 et
3150 5727 3336 5784 audiat
3363 5720 3698 5781 terraverbl

2113 5837 2174 5877 CK
2206 5837 2297 5877 0Γο
2326 5835 2464 5877 meo.
