4044 6382
305 296 377 357 55
1406 296 1730 355 DOMlNlCA
1772 297 1790 353 l
1834 290 2217 352 ADVENTUS.
2245 280 2509 352 DOMlNl.
3504 289 3588 349 sa
3624 340 3630 345 .

376 408 701 484 Expectdlur
727 409 862 467 sicut
907 406 1089 483 pluvia
1119 409 1393 483 eloquium
1424 428 1627 478 meum,
1652 415 1673 438 °
1710 419 1765 468 et
1793 409 1890 467 de-
1914 412 1967 471 Α
2064 411 2167 482 Ipsi
2200 412 2254 467 in
2285 411 2459 468 zelum
2485 409 2885 468 concitaverunt
2911 424 2999 466 me
3021 409 3137 467 *et
3164 423 3273 466 non
3292 407 3358 465 -in
3385 405 3584 476 Deum,

304 503 563 563 scéudant
592 504 729 560 sicut
759 517 849 558 ros
876 504 1037 559 verba
1068 519 1209 573 mea,

380 598 531 655 Sicut
559 595 732 653 imber
759 610 921 667 super
952 613 1195 669 gramen,
1235 599 1264 635 ⁸
1308 608 1366 656 et
1405 598 1546 656 sicut
1594 598 1685 654 nix
1730 596 1890 670 supra

309 689 538 746 Renum.
1091 742 1117 770 .
1229 707 1246 732 ο

381 780 513 848 Quia
546 796 737 836 nomen
766 781 979 838 Domini
1024 780 1306 839 invocavi:
1340 786 1357 807 ‘
1402 781 1526 839 date
1566 781 1885 855 magnitudi-

308 889 433 931 nem
461 874 686 931 deiuo
716 877 825 932 Deo
856 886 1066 932 nostro.

384 969 546 1035 Dens,
589 985 715 1026 vera
747 970 910 1041 opera
959 970 1097 1041 ejus,
1125 969 1146 992 ⁹
1180 978 1235 1025 et
1274 985 1462 1025 omnes
1501 970 1601 1025 vim
1648 969 1765 1041 ejus
1804 969 1896 1040 ju-

309 1061 447 1117 dicia
474 1079 490 1119 :

386 1154 525 1209 Deus
568 1155 757 1221 liilélis,
803 1173 855 1211 ιιι
884 1172 991 1229 quo
1018 1174 1124 1213 non
1154 1166 1236 1214 est
1283 1160 1554 1228 Iniquitas,
1580 1161 1602 1183 θ
1625 1160 1802 1229 justus
1843 1168 1900 1215 ot

310 1255 526 1300 sanctus
557 1246 838 1304 Dominus.

384 1335 747 1393 Peccavérunt
775 1339 824 1393 ei
855 1354 958 1394 non
993 1340 1087 1396 lilii
1111 1341 1443 1396 immaculati
1469 1358 1482 1396 :
1509 1344 1529 1369 ⁹
1564 1343 1714 1398 nat’o
1737 1357 1897 1414 prava

310 1438 367 1484 et
398 1429 667 1498 perversa.
704 1431 828 1486 llaec
855 1431 1083 1489 deiuo
1114 1432 1434 1497 retribuisti,

387 1521 513 1576 llaec
554 1522 707 1593 p'ebs
739 1524 882 1579 fatua
918 1534 973 1582 et
1003 1542 1108 1581 non
1142 1526 1403 1598 sapiens?
1428 1531 1446 1550 ⁹
1477 1542 1654 1582 nonne
1696 1528 1782 1584 liie
1818 1538 1899 1585 est

312 1609 431 1680 ipse
469 1616 621 1681 pater
664 1624 783 1671 tuus
806 1658 820 1683 ,
852 1617 941 1688 qui
986 1619 1220 1689 possedit
1266 1628 1347 1685 te.
1379 1628 1434 1675 et
1466 1620 1609 1685 iecit,
1644 1630 1699 1676 et
1743 1620 1898 1677 cret-

317 1704 392 1758 vit
425 1706 514 1760 te?

2066 504 2120 559 In
2146 504 2222 559 ira
2251 502 2664 560 concitaverunt
2690 517 2776 559 me
2796 502 2825 538 ⁸
2858 502 2911 557 in
2941 502 3100 558 idolis
3125 501 3239 579 suis
3263 518 3276 555 :

2064 595 2127 650 Et
2155 612 2256 669 ego
2285 598 2337 651 in
2359 596 2439 652 ira
2465 595 2747 653 ροιιοίιήὺο
2774 608 2888 661 eos,
2920 604 3105 652 etnon
3134 594 3190 650 iu
3214 602 3456 665 gentem,
3476 594 3497 618 ⁶
3527 593 3585 651 in

1992 701 2204 763 gentem
2231 691 2553 747 insensétam
2586 688 2804 745 irritébo
2830 702 2946 745 eos.

2067 786 2202 855 Quia
2234 785 2370 855 ignis
2398 784 2601 841 exarsit
2629 784 2683 839 in
2713 783 2790 838 ira
2819 798 2961 853 mea,
2987 782 3017 817 ⁸
3046 791 3113 838 νει
3142 782 3456 839 exardescit
3492 798 3589 839 us:

1997 892 2099 947 que
2128 877 2194 931 ad
2222 876 2424 932 inferos
2453 861 2707 930 dedrsum
2737 892 2751 931 :

2066 968 2330 1025 Cdmetlet
2378 978 2517 1024 terra
2567 967 2871 1023 uascéutias
2923 944 3207 1039 agrdrum,
3237 967 3264 1001 ⁸
3292 975 3349 1022 et
3372 963 3583 1022 inﬂam-

2002 1072 2149 1119 tuant
2179 1061 2519 1118 fundamenta
2551 1061 2836 1117 mentium.

2069 1155 2367 1226 congeram
2392 1156 2444 1210 in
2466 1156 2567 1211 illis
2592 1154 2753 1215 mala.
2776 1155 2813 1219 7*
2839 1163 2894 1210 et
2918 1152 3140 1224 sagittas
3166 1168 3316 1210 ineas
3334 1166 3589 1210 consum-

2003 1249 2162 1305 [ηειὺο
2191 1250 2243 1303 in
2269 1248 2369 1303 eis.

2073 1338 2372 1395 'l‘abéscent
2401 1338 2558 1405 fame,
2592 1346 2644 1395 et
2673 1352 2794 1394 esca
2842 1336 3025 1393 avium
3059 1348 3237 1405 erunt,
3261 1340 3293 1376 ⁸
3317 1348 3373 1395 et
3415 1337 3591 1395 ténsio
3616 1376 3623 1383 .

2006 1432 2196 1489 dorsus
2224 1432 2539 1489 insanabilis
2566 1433 2645 1488 eis
2679 1449 2690 1486 τ

2075 1525 2275 1581 Dentes
2325 1524 2613 1581 bestiarum
2663 1522 2946 1578 immittam
2974 1523 3028 1579 in
3057 1524 3366 1594 eis,"cutn
3413 1523 3594 1581 ται-ὀνο

2005 1616 2159 1674 tralié
2183 1618 2330 1674 Itium
2361 1634 2523 1686 super
2555 1628 2776 1674 terram.

2079 1711 2122 1765 Λ
2147 1708 2277 1764 loris
2304 1709 2591 1767 interﬂciet
2614 1720 2768 1767 natos
2792 1710 2978 1767 edrum
3000 1709 3231 1780 gladius,
3258 1717 3314 1764 et
3330 1708 3385 1763 iu
3414 1721 3595 1778 promr

390 1797 446 1852 In
494 1808 674 1857 mente
721 1800 916 1859 liabéte
958 1801 1079 1859 dies
1106 1804 1314 1871 smculi,
1344 1805 1373 1838 ⁸
1416 1804 1695 1875 intelligitc
1731 1819 1901 1860 annos
1932 1781 1978 1841 Β
2007 1803 2231 1875 ptuariis
2261 1805 2439 1868 timor,

306 1891 545 1947 nationis
572 1894 847 1949 natidnutn
876 1910 893 1950 :

298 2010 301 2013 ν
386 1978 660 2053 Interroga
705 1986 916 2040 l'atrem
964 1993 1135 2052 tuum,
1175 1996 1231 2040 et
1258 1984 1401 2040 dicet
1449 1986 1572 2051 tibi;
1604 1987 1633 2021 ⁸
1661 1985 1907 2042 εθιιὶὑιτρε

308 2082 459 2141 tuos,
488 2085 539 2129 et
568 2076 965 2130 annuntiabunt
992 2076 1109 2133 tibi.
1790 2148 1793 2153 _

387 2161 522 2218 Cum
546 2164 855 2233 dispartlrel
887 2165 1145 2222 Excélsus
1166 2177 1354 2236 gentes
1379 2185 1391 2221 :
1415 2169 1437 2193 θ
1455 2166 1907 2236 quemadmodum

306 2252 578 2320 dispersit
609 2255 747 2311 ﬁlios
775 2257 935 2324 Adae,

386 2341 591 2399 Statuit
641 2345 899 2403 terminos
945 2346 1181 2418 gentium
1227 2350 1246 2371 ‘

300 2434 644 2505 Augeldrum
671 2435 789 2494 Dei.

385 2526 544 2582 Facta
576 2535 662 2581 est
694 2542 817 2594 pars
848 2528 1097 2600 Domini,
1129 2531 1282 2602 plebs
1308 2531 1475 2589 .lacnb
1510 2553 1521 2590 :
1558 2538 1575 2556 ⁶
1608 2532 1904 2589 funiculum

305 2620 635 2677 beredithtis
657 2621 776 2691 ejus
807 2621 995 2678 Israel.

384 2712 748 2769 Snmciénlem
780 2729 901 2769 eum
948 2715 1050 2771 sibi
1085 2715 1211 2772 fecit
1257 2716 1311 2772 in
1343 2727 1481 2774 terra
1529 2719 1767 2788 deserta,
1802 2720 1823 2743 ⁶
1852 2721 1906 2776 in

310 2807 405 2864 siti
431 2807 650 2873 caldris,
682 2807 770 2862 ubi
803 2823 910 2863 non
939 2818 1056 2865 erat
1084 2826 1217 2881 aqua
1252 2828 1267 2866 :

384 2900 698 2956 Circumlvit
735 2916 892 2967 eum,
935 2910 990 2956 et
1026 2904 1256 2959 erudivit
1277 2919 1420 2969 cum,
1462 2906 1605 2961 sicut
1650 2906 1904 2978 pupillam

314 2993 480 3051 eculi.
512 2994 533 3018 ⁹
554 2993 1016 3062 Quemadmodum
1041 2993 1221 3064 aquila
1244 2995 1488 3067 prdteget
1514 2999 1704 3054 nidum
1726 3016 1912 3068 suum,

314 3083 547 3155 désupér
576 3085 753 3157 pullos
782 3101 908 3142 suos
936 3086 1129 3142 sedens
1148 3128 1165 3153 ,

391 3176 645 3232 Extéudit
673 3180 787 3232 alas
818 3192 963 3265 suas,
996 3186 1051 3233 et
1070 3179 1364 3251 assumpsit
1394 3195 1510 3247 eos,
1549 3185 1568 3205 ·
1592 3191 1645 3237 ct
1669 3183 1905 3254 suscepit

320 3280 413 3321 eos
439 3282 598 3336 super
629 3267 874 3336 scapulas
903 3283 1049 3324 suas.

394 3356 648 3417 deinus
682 3361 828 3414 solus
857 3358 1160 3416 deducebat
1190 3376 1283 3417 eos
1318 3379 1335 3416 :
1365 3366 1385 3387 ‘
1416 3370 1471 3418 et
1502 3377 1607 3419 non
1640 3374 1753 3419 erat
1789 3381 1908 3422 cum

327 3448 418 3502 illo
442 3450 573 3506 deus
595 3451 824 3507 aliéuus.

405 3543 653 3615 lmptisuit
678 3548 730 3602 in
774 3547 1119 3604 fortitudines
1152 3561 1312 3605 terrae
1340 3554 1358 3572 ⁶
1400 3550 1707 3606 nascéntias
1746 3551 1913 3621 agro-

332 3649 468 3704 rum,

399 3728 703 3802 suggerunt
727 3731 831 3787 mel
861 3732 930 3788 de
955 3742 1125 3803 petra,
1157 3736 1177 3756 ‘
1201 3742 1254 3789 et
1282 3733 1462 3791 oleum
1491 3732 1558 3790 de
1606 3734 1910 3791 ﬁrmissima

325 3831 493 3893 petra.

395 3916 651 3989 Butyrum
681 3917 899 3985 bovum,
927 3929 980 3975 et
1010 3920 1091 3975 lac
1134 3920 1316 3977 ovium
1338 3936 1460 3977 cum
1487 3922 1644 3993 adipe
1673 3925 1729 3999 5
1750 3926 1910 3993 agno-

321 4026 440 4066 rum
480 4017 539 4066 ct
566 4011 815 4077 arietum,
842 4012 1071 4068 liliérum
1108 4015 1380 4069 taurorum
1416 4025 1469 4069 et
1493 4015 1761 4070 bircdruut
1789 4032 1910 4071 cum

322 4102 481 4170 adipe
519 4119 733 4169 renum,
761 4109 779 4127 '
810 4101 1157 4171 irumé.rtutn,
1190 4115 1245 4159 ct
1269 4105 1583 4177 sanguinein
1616 4122 1757 4173 uvae,

395 4195 533 4251 Bibit
562 4196 763 4251 vinum.
797 4196 861 4251 Et
910 4196 1250 4252 manducavit
1278 4197 1465 4265 incoli,
1495 4199 1525 4233 ⁸
1556 4207 1611 4254 et
1639 4201 1913 4253 saturatns

318 4296 421 4353 cst,
453 4297 508 4344 et
534 4287 918 4345 recalcitravit.

399 4380 640 4437 Dile’ctus
670 4398 684 4436 :
719 4380 929 4451 pinguis
954 4378 1127 4436 lactus
1153 4389 1257 4446 est,
1288 4382 1317 4418 ⁸
1345 4391 1401 4438 et
1428 4381 1686 4440 dilatktns
1713 4392 1817 4453 est,

1288 2347 1585 2404 secundum
1624 2349 1905 2404 nt’uncrum

1933 3145 1983 3207 C

2075 1895 2300 1951 Juvenis
2324 1910 2449 1949 cum
2478 1894 2702 1966 virgine,
2736 1898 2765 1931 ⁸
2794 1898 2995 1953 lactans
3023 1910 3148 1949 cum
3176 1891 3412 1948 stabilito
3438 1904 3593 1946 sene.

2079 1986 2195 2041 Dixi
2226 2006 2238 2040 :
2269 1986 2579 2055 Dispérdam
2610 1989 2729 2044 illos
2763 2007 2775 2043 :
2806 1990 2828 2013 ‘
2855 1989 3079 2060 priviibo
3106 1995 3305 2042 autem.
3328 1999 3408 2040 ex.
3421 1982 3599 2037 enuti-

2009 2077 2108 2132 bus
2137 2077 2451 2133 memoriam
2472 2080 2681 2136 eurum.

2081 2168 2190 2224 Nisi
2217 2179 2432 2240 propter
2451 2169 2584 2225 iram
2608 2171 2946 2227 inimicorum
2968 2171 3212 2233 sudrum.
3236 2170 3257 2192 ‘
3278 2178 3348 2224 ιιιι
3365 2165 3605 2223 nousint

2010 2260 2168 2329 longo
2199 2262 2441 2332 tempore
2462 2277 2621 2332 super
2652 2274 2853 2319 terram
2885 2281 2898 2318 :
2927 2274 2983 2318 ut
3010 2280 3115 2319 non
3144 2258 3601 2317 conséntiantad.

2008 2351 2258 2415 versarii,
2281 2362 2336 2408 et
2365 2352 2545 2407 dicant
2576 2353 2795 2409 :Manus
2825 2364 3007 2410 nostra
3029 2352 3241 2410 excelsa
3271 2361 3379 2419 est,
3410 2357 3602 2407 etnon

2009 2446 2174 2512 Deus,
2202 2446 2327 2501 fecit
2355 2445 2471 2502 lucc
2499 2445 2701 2502 omnia.
3258 2512 3261 2513 ν

2079 2539 2212 2605 Quia
2246 2536 2392 2594 natio
2430 2538 2622 2611 pérditi
2652 2538 2859 2593 consnlii
2896 2548 3000 2606 est,
3026 2538 3055 2573 ⁸
3085 2545 3139 2593 et
3169 2550 3277 2593 non
3305 2545 3392 2593 est
3420 2535 3474 2591 in
3517 2534 3599 2590 eis

2007 2627 2312 2699 disciplina,

2083 2724 2147 2779 Et
2177 2739 2280 2779 nou
2307 2722 2675 2796 cogitaverunt
2718 2722 3050 2796 intelligere;
3086 2724 3104 2744 ⁶
3135 2722 3251 2779 haec
3300 2719 3601 2793 percipient

2010 2817 2062 2874 ἱιι
2085 2819 2262 2873 futuro
2294 2817 2555 2892 témpose.
3294 2850 3301 2859 κ
3422 2871 3425 2875 .

2081 2911 2540 2979 Quemadmodum
2589 2911 2926 2982 persequitur
2974 2924 3111 2966 unus
3154 2908 3322 2975 mille,
3351 2907 3383 2943 ⁸
3411 2914 3468 2963 et
3491 2909 3601 2962 duo

2010 3003 2427 3059 commovebunt
2448 3002 2582 3058 dena
2614 3002 2776 3057 millia
2804 3019 2819 3067 ;

2081 3095 2190 3150 Nisi
2222 3094 2345 3165 quia
2386 3095 2641 3151 Dominus
2670 3094 2908 3148 subdidit
2927 3108 3046 3158 eos,
3074 3101 3128 3147 et
3169 3090 3385 3146 tradidit
3413 3089 3541 3143 eos?
3569 3089 3601 3125 ⁸

2010 3183 2133 3255 quia
2165 3202 2271 3240 non
2301 3196 2382 3240 est
2411 3187 2553 3239 Deus
2584 3194 2763 3239 noster
2804 3185 2945 3239 sicut
2972 3184 3043 3237 dii
3093 3183 3303 3236 illdrum
3341 3201 3353 3235 ;
3399 3179 3604 3235 inimici

2012 3288 2187 3331 autem
2217 3276 2385 3331 nostri
2422 3275 2702 3331 insons-liti.

2088 3371 2163 3425 Ex
2192 3370 2346 3425 Vinea
2378 3369 2517 3423 cnim
2549 3367 2927 3431 Sodomdrum,
2959 3365 3080 3421 vitis
3105 3364 3313 3430 eurum,
3340 3364 3357 3387 ‘
3385 3374 3438 3421 et
3480 3377 3604 3433 pro-

2017 3461 2149 3532 pago
2170 3461 2354 3515 edrum
2383 3475 2448 3515 ex
2479 3459 2738 3515 Gomorra
2766 3476 2778 3511 :

2089 3551 2201 3607 Uva
2233 3550 2419 3606 edrum
2447 3565 2545 3605 uva
2577 3551 2734 3615 fellis,
2761 3551 2791 3585 ⁸
2821 3550 3004 3605 botrus
3047 3548 3417 3603 amaritudinis
3448 3546 3597 3616 ignis.

2088 3643 2166 3703 Ira
2196 3642 2490 3703 draconum
2534 3643 2715 3697 viuum
2760 3642 2969 3705 eorum,
2999 3643 3029 3675 ⁸
3055 3650 3111 3697 et
3158 3640 3304 3695 furor
3354 3638 3604 3710 aispiduut

2018 3735 2351 3793 insanabilis.

2086 3827 2274 3884 Nonne
2310 3828 2422 3884 lunc
2452 3844 2482 3885 c
2506 3828 2771 3899 .ngregata
2798 3838 2921 3885 sunt
2960 3826 3099 3897 apud
3130 3841 3234 3891 me,
3263 3825 3293 3859 ⁸
3317 3832 3372 3881 et
3398 3823 3605 3894 signata

2018 3922 2069 3977 in
2099 3921 2365 3977 thesauris
2396 3922 2564 3977 meis?

2088 4013 2144 4070 in
2168 4016 2307 4069 diem
2328 4013 2513 4084 iudicii
2534 4013 2825 4069 reddamm
2851 4011 3114 4083 tempore,
3136 4013 3165 4043 ⁸
3188 4012 3309 4066 cum
3334 4008 3602 4064 titubave-

2021 4106 2086 4160 rit
2115 4120 2207 4174 pes
2234 4107 2421 4160 cdrum
2457 4124 2469 4160 :

2089 4196 2223 4264 Quia
2262 4196 2429 4267 prope
2458 4206 2540 4251 est
2577 4192 3035 4267 diespcrditiéuis
3065 4195 3274 4259 eorum,
3306 4195 3335 4226 ⁸
3362 4200 3418 4246 ct
3443 4189 3605 4246 adve-

2020 4290 2166 4345 uieut
2197 4291 2377 4360 punita
2408 4289 2533 4344 illis.

2089 4384 2219 4452 Quia
2237 4383 2498 4453 judicabit
2524 4380 2779 4436 lk’mnuus
2797 4378 3056 4451 pupulum
3079 4394 3253 4444 suum,
3284 4378 3395 4433 {et
3416 4376 3468 4432 iu
3490 4389 3609 4451 ser-

394 4470 460 4527 Et
484 4472 810 4543 derelinquit
837 4473 1026 4540 Deum,
1057 4473 1147 4545 qui
1177 4472 1304 4529 fecit
1327 4488 1472 4539 eum,
1494 4474 1524 4508 ⁸
1551 4483 1606 4529 et
1627 4474 1849 4530 recessit
1881 4473 1912 4529 it
1942 4507 2005 4571 ἢ
2019 4478 2098 4531 vis
2116 4468 2239 4530 suis
2269 4473 2630 4531 consolabitur
2663 4491 2675 4527 :

316 4563 433 4621 Deo
461 4564 685 4621 salutari
706 4579 827 4621 suo.

398 4658 465 4714 Et
490 4656 953 4716 exacerbavémnt
975 4673 1062 4715 me
1091 4658 1144 4715 in
1175 4659 1279 4715 diis
1307 4660 1518 4727 al'éuis,
1554 4658 1613 4715 iu
1637 4660 1916 4716 abomina-

315 4751 561 4807 tiduibus
590 4752 705 4808 suis
732 4752 787 4807 in
816 4752 949 4807 iram
977 4752 1388 4810 concitaverunt
1428 4770 1532 4809 me.
1557 4756 1589 4789 ⁸
1618 4756 1684 4810 Et
1705 4755 1915 4810 sacrili—

312 4846 585 4903 caverunt
611 4845 917 4916 dannéuiis,
950 4855 1005 4903 et
1032 4862 1136 4903 non
1168 4848 1298 4917 Deo,
1440 4828 1457 4838 ”

396 4940 557 5006 Deos,
588 4954 723 5011 quos
753 4954 859 4995 non
885 4940 1021 4998 nové
1051 4952 1145 4997 unt
1171 4959 1184 4995 :
1211 4942 1248 4981 ⁸
1269 4956 1389 4997 nov:
1421 4942 1771 5013 recentesque
1819 4958 1914 4999 ve-

318 5037 547 5105 nerunt,
580 5054 715 5109 quos
744 5038 1052 5099 nescierunt
1083 5054 1237 5110 rcges
1272 5040 1480 5095 eorum.

338 5166 341 5167 ν
399 5130 593 5195 Deum,
625 5131 720 5202 qui
747 5141 798 5188 te
823 5132 1032 5203 genuit,
1058 5130 1425 5201 derelinquisti
1444 5176 1459 5202 ,
1490 5132 1527 5168 ⁸
1552 5140 1605 5188 et
1634 5130 1829 5187 ob'iius
1858 5146 1922 5186 cs

314 5225 415 5294 qui
444 5224 702 5279 enutrivit
726 5233 800 5280 te.
1424 5230 1429 5231 “

407 5314 545 5370 Vidit
571 5315 731 5383 Deus,
764 5326 815 5372 et
839 5316 1045 5373 zelatus
1067 5326 1151 5374 est
1181 5338 1191 5372 :
1219 5318 1253 5353 ⁸
1273 5326 1329 5374 et
1348 5317 1696 5375 exacerbaqu
1719 5327 1802 5374 est
1826 5331 1920 5387 per

315 5409 464 5466 iram
493 5408 726 5465 lilitirutn
757 5411 979 5466 suorum
1009 5420 1063 5466 et
1091 5412 1341 5467 ﬁliarum.

402 5498 468 5554 Et
496 5499 639 5555 dixit
670 5517 683 5554 :
712 5501 964 5558 Avertam
987 5500 1177 5559 faciem
1197 5518 1366 5559 meam
1391 5503 1458 5559 ab
1480 5503 1580 5571 cis,
1604 5503 1641 5539 ⁸
1659 5513 1712 5559 ct
1739 5502 1921 5560 osténv

314 5590 452 5647 datu
481 5592 613 5663 quid
640 5592 740 5649 erit
761 5592 839 5650 eis
870 5594 922 5649 in
952 5592 1244 5650 novissimo
1276 5610 1291 5650 :

399 5685 533 5753 Quia
575 5685 724 5741 natio
764 5685 1015 5758 pcrvérsa
1049 5698 1131 5746 e~t
1160 5706 1170 5743 :
1204 5688 1245 5723 ⁸
1266 5687 1381 5759 lilii,
1408 5685 1678 5761 inquibus
1702 5704 1805 5747 non
1838 5700 1915 5749 cst

316 5776 466 5835 ﬁdes
490 5778 545 5834 in
563 5778 716 5850 ίιοείε.

2093 4567 2232 4627 Vidit
2255 4567 2396 4622 enim
2421 4581 2515 4623 eos
2546 4565 2814 4637 fatigatos,
2840 4565 2870 4600 ⁸
2895 4574 2950 4621 et
2975 4564 3215 4621 defectos
3241 4581 3293 4620 ιιι
3319 4562 3603 4620 obductio.

2018 4677 2107 4728 ηε,
2130 4671 2185 4717 et
2203 4662 2518 4718 dissolutos.

2088 4757 2153 4811 Et
2176 4755 2341 4813 dixit:
2376 4755 2475 4813 Ubi
2504 4764 2627 4811 sunt
2651 4753 2850 4822 diitui,
2884 4752 3069 4813 lsraél.
3091 4754 3107 4775 ‘
3138 4755 3188 4809 in
3217 4755 3407 4825 quibus
3433 4755 3605 4812 conii—

2017 4850 2184 4905 débas
2207 4852 2259 4905 in
2288 4850 2417 4921 ipsis
2433 4849 2463 4905 ?*

2094 4945 2167 4999 De
2188 4944 2415 5015 qudrum
2439 4941 2599 5010 adipe
2618 4940 2999 4996 sacriﬁciorum
3030 4941 3297 5010 edebdtis,
3322 4941 3351 4974 ⁸
3381 4950 3436 4996 et
3460 4932 3608 4997 bibe-

2019 5035 2155 5095 Mtis
2183 5035 2363 5088 viuum
2393 5033 2702 5088 libatit’mum
2729 5034 2914 5087 eorum
2943 5052 2956 5088 :
3316 5086 3323 5095 ,

2089 5129 2361 5198 Exurgaut
2379 5142 2518 5183 nunc
2542 5135 2594 5183 el
2617 5125 2871 5198 adjuvant
2893 5142 3007 5195 vos,
3026 5128 3042 5149 ‘
3069 5135 3123 5183 et
3152 5128 3280 5181 ﬁant
3310 5124 3462 5180 vobis
3486 5139 3607 5193 pro-

2021 5221 2271 5278 tectures.

2095 5314 2299 5378 Videte,
2329 5312 2871 5385 qubuiamcgosum
2902 5310 3182 5369 Déminus.
3214 5311 3243 5345 ⁸
3269 5316 3323 5363 et
3370 5323 3475 5363 non
3523 5318 3607 5366 est

2022 5408 2161 5464 alius
2198 5419 2388 5479 preter
2414 5423 2519 5463 me.
3548 5410 3551 5413 λ

2094 5502 2207 5572 Ego
2258 5500 2536 5565 occidam,
2564 5509 2620 5553 et
2666 5497 2849 5553 vivere
2879 5497 3069 5554 faciam
3105 5513 3119 5551 :
3149 5496 3177 5530 ⁸
3205 5495 3522 5566 percutiam,
3555 5503 3616 5551 ct

2022 5609 2122 5666 ego
2160 5594 2384 5662 sanabo,
2417 5602 2471 5648 et
2496 5608 2599 5647 non
2628 5601 2707 5646 est
2738 5591 2826 5660 (ιι,ιί
2853 5590 3046 5655 eripiat
3074 5589 3145 5645 de
3175 5590 3423 5645 munibus
3452 5590 3612 5646 meis..

2094 5687 2224 5755 Quia
2257 5684 2437 5740 tollam
2464 5684 2515 5739 in
2545 5685 2731 5739 cmlum
2764 5697 2979 5735 manum
3007 5698 3201 5747 meam,
3230 5692 3279 5737 ct
3302 5682 3493 5752 jnritbo
3514 5692 3610 5747 per

2026 5780 2295 5838 déxmram
2325 5792 2528 5847 meam,
2561 5786 2610 5832 et
2643 5775 2813 5831 dicam
2842 5791 2853 5825 :
2887 5770 2915 5808 ⁸
2941 5773 3071 5833 \‘ivo
3103 5788 3199 5845 ego
3239 5774 3288 5830 in
3319 5771 3601 5827 metuam.
