4044 6382
253 317 333 372 si-
525 300 528 302 ’
1209 313 1414 370 FERIA
1456 314 1504 377 It
1539 311 1705 370 rosr
1745 314 1905 372 non.
1951 314 1966 371 l
2007 316 2380 376 anvnivrtrs
2421 317 2672 374 DOMINI.
3440 293 3522 378 ’θυι

319 435 552 492 ΤοιιΔιιίι
599 436 746 492 Deus
768 435 818 490 in
851 447 1108 492 voce-sua
1150 435 1488 501 mirabiliter,
1525 435 1556 470 ³⁸
1577 436 1667 505 qui
1701 434 1826 489 facit
1853 435 1902 495 Α
1931 431 2052 486 mici
2084 431 2488 486 seductionibus
2515 432 2709 488 eruat:
2745 437 2798 486 et
2849 429 3079 501 plebem,
3105 444 3264 503 quam
3310 432 3519 503 repule-

248 544 441 600 msgna
471 539 526 584 et
555 529 944 583 inscrutabilin.

319 623 419 688 Qui
449 621 698 690 praecepit
722 621 849 684 nivi,
877 629 933 674 ut
955 620 1244 676 descendat
1273 620 1324 674 in
1358 629 1495 675 terra
1525 636 1541 686 ;
1568 621 1602 654 “
1627 629 1688 675 et
1714 619 1829 676 hie-

247 712 357 767 mis.
373 710 587 778 pluviis,
609 720 661 764 et
687 710 842 764 imbri
867 709 1196 764 fortitudinis
1222 726 1354 766 suae.

317 800 460 867 Quia
482 801 534 854 in
563 815 720 854 manu
748 801 984 854 omnium
1017 801 1290 856 huminum
1337 802 1515 872 signat
1543 819 1556 854 :
1593 806 1610 824 ⁹

243 892 439 960 Singuli
467 891 629 958 Opera
657 907 772 946 sua.

318 981 644 1051 mgredietur
679 979 848 1036 béstia
894 982 1182 1038 latibulum.
1225 997 1408 1049 suum,
1438 983 1477 1017 ’⁸⁸
1515 991 1570 1036 et
1591 984 1643 1036 in
1673 992 1828 1036 antro

240 1088 344 1128 suo
367 1073 682 1128 morabitur.

315 1165 400 1220 Ab
423 1164 769 1221 interiuribus
809 1166 1114 1236 egredietur
1145 1165 1457 1236 lempésms,
1481 1167 1511 1200 *
1539 1176 1595 1222 et
1640 1167 1706 1220 ab
1735 1167 1832 1220 Ar-

239 1258 396 1310 cturo
428 1255 613 1324 frigus.

316 1349 504 1405 Fiunte
531 1350 643 1405 Deo
685 1349 981 1406 concrescit
1011 1350 1154 1421 gelu,
1181 1349 1201 1370 ⁶
1249 1361 1303 1406 et
1330 1366 1516 1406 rursus
1556 1350 1829 1405 latisSImze

239 1444 539 1498 funduntur
564 1460 741 1513 aqum.

314 1534 663 1592 Frumentum
679 1536 951 1598 desiderat
972 1537 1162 1602 nubes,
1187 1541 1203 1557 °
1234 1545 1288 1591 et
1309 1536 1479 1591 nubes
1499 1535 1830 1607 adspargnnt

237 1628 420 1685 lumen
449 1643 628 1682 suum.

310 1718 440 1786 Qua:
470 1720 735 1776 illustrant
755 1728 946 1774 cuncta
975 1735 1070 1789 per
1089 1719 1398 1786 circuitum,
1432 1720 1455 1745 “
1489 1721 1831 1790 quocumque

233 1824 335 1864 eas
362 1809 610 1864 voluntas
634 1809 981 1879 gubernuntis
1005 1811 1243 1873 duxerit,

310 1898 391 1954 Ad
413 1915 575 1955 omne
618 1902 760 1969 quod
811 1899 1124 1970 praeceperit
1179 1901 1318 1966 illis,
1349 1903 1380 1936 "
1435 1916 1594 1971 super
1638 1899 1830 1956 faciem

232 1987 391 2042 orbis
421 1989 710 2042 terrarum.

310 2076 380 2136 Ρ.
406 2078 543 2133 Ecce
575 2077 715 2131 Deus
739 2092 986 2148 magnus.

312 2167 521 2236 Gloria,
553 2175 609 2222 et
637 2167 808 2221 honor
830 2168 996 2236 Patri,
1029 2177 1084 2223 et
1107 2168 1244 2224 Filio
1272 2179 1325 2224 et
1353 2169 1574 2240 Spiritui
1618 2169 1836 2238 Sancto,

227 2267 347 2314 etc.

309 2347 379 2403 Ρ.
410 2343 678 2405 Numerus
707 2349 988 2404 annorum.

307 2441 730 2499 Hatutindrium.
793 2443 1110 2515 Antiphonti.
1161 2441 1219 2498 In
1269 2452 1383 2511 tuo,
1416 2444 1584 2511 Deus,
1633 2444 1836 2499 lumine

228 2534 536 2590 videbimus
573 2537 770 2590 lumen.
824 2537 897 2603 ᾖ.
943 2535 1180 2590 Ostende
1233 2534 1653 2590 misericurdiam
1689 2546 1832 2590 tuam

234 2627 538 2684 scientibus
572 2637 645 2692 te,
701 2637 755 2682 et
798 2626 1057 2695 justitiam
1091 2639 1234 2680 tuam
1283 2628 1384 2693 his,
1415 2629 1502 2697 qui
1537 2637 1685 2682 recto
1707 2637 1836 2681 sunt

235 2717 422 2773 corde.
454 2715 521 2770 P.
555 2719 610 2771 ln
639 2726 751 2782 tuo,
786 2717 949 2784 Deus,
979 2718 1198 2773 lumine.
1240 2719 1273 2774 ἦ
1298 2757 1314 2773 .
1347 2719 1552 2786 Giuria,
1583 2730 1637 2775 et
1660 2719 1833 2776 honor

237 2806 402 2863 Patri.
435 2805 502 2862 P.
539 2806 592 2861 In
628 2817 738 2874 tuo,
764 2808 925 2872 Deus,
961 2809 1183 2864 lumine.

310 2900 516 2954 Lauda.
546 2899 785 2954 Laudate
824 2900 1109 2955 Dominum
1149 2903 1200 2956 in
1250 2890 1634 2975 sanctiskejus.
1687 2906 1838 2962 Alle"

240 2991 366 3056 luia,
414 2991 650 3046 alleluia.
692 2991 929 3046 Laudute
981 3008 1101 3047 eum
1153 2993 1204 3048 in
1247 2995 1579 3050 firmamento
1622 2998 1834 3054 virtutis

245 3082 376 3151 ejus.
418 3082 666 3136 Alleluia.
698 3079 940 3135 Paulinus
990 3098 1073 3137 CL.
1125 3081 1191 3136 Ρ.
1239 3084 1472 3140 Landute
1521 3085 1828 3144 Duminum.

1650 800 1828 855 norint

262 3176 324 3242 ᾖ.
352 3174 558 3240 Gluria,
590 3185 646 3231 et
678 3176 845 3230 honor
873 3177 1034 3238 Patri.
1061 3189 1115 3232 et
1138 3178 1296 3247 Filio,
1328 3194 1434 3236 etc.
1471 3180 1538 3235 Ρ.
1588 3182 1830 3241 Laudate
1860 3168 1907 3230 (ἶ

247 3281 364 3323 eum
392 3269 445 3322 in
476 3267 830 3334 firmamento,
862 3279 966 3324 etc.

316 3358 615 3426 Prophella.
648 3359 768 3427 Fili,
820 3360 910 3430 qui
963 3360 1112 3414 audit
1157 3377 1244 3417 me
1294 3378 1399 3417 non
1455 3365 1836 3421 confundetur.

253 3449 466 3517 liequlre
499 3451 588 3519 fol.
613 3453 666 3506 7.

325 3538 389 3594 In
413 3545 633 3598 omnibus
663 3543 1062 3598 hebdomddibus
1101 3548 1419 3613 sequéulibus
1448 3550 1649 3619 require
1699 3549 1836 3604 Pro-

251 3630 464 3699 pheliam
510 3649 701 3704 semper
755 3635 808 3686 in
863 3635 1088 3705 quo’libet
1156 3635 1427 3690 Donu’uico
1467 3626 1836 3708 propinquio'ri

249 3727 494 3794 pralérito
517 3743 536 3782 :
574 3739 619 3781 et
649 3729 739 3796 ﬁat
770 3744 949 3782 cursus
979 3746 1069 3800 per
1100 3745 1215 3783 eam
1237 3732 1289 3783 in
1310 3730 1602 3800 Matutiuis,
1632 3734 1735 3785 sive
1763 3734 1829 3786 sit

246 3818 296 3871 in
322 3823 480 3886 prima
509 3820 802 3886 Dominica,
830 3823 932 3876 sive
956 3824 1005 3875 iu
1028 3825 1275 3889 secunda,
1307 3827 1380 3878 vel
1410 3828 1461 3878 in
1487 3828 1656 3888 tertia,
1678 3828 1754 3880 vel
1779 3827 1832 3879 in

244 3923 437 3980 quarta,
472 3929 560 3968 seu
584 3915 637 3967 in
680 3917 876 3985 quinta,
907 3918 981 3968 vel
1035 3917 1087 3968 in
1113 3926 1256 3970 sexta
1278 3916 1599 3972 ltebdomarla
1634 3922 1683 3974 in
1725 3921 1833 3973 Ad-

244 4005 390 4058 ventu
421 4005 630 4059 Domini
661 4023 820 4077 usque
849 4008 916 4059 ad
945 4007 1276 4062 Nativitdlem
1301 4011 1482 4077 ipsius.

838 4103 940 4172 lo
973 4101 1231 4172 Hymnus.

461 4194 785 4248 Cunctarum
815 4210 990 4248 rerum
1018 4196 1370 4266 Omnipotens

381 4285 636 4340 Mundum
667 4285 875 4340 salvure
902 4286 1142 4352 veniens,

383 4380 632 4434 Formam
661 4381 951 4447 assumpsit
975 4378 1218 4450 curporis

381 4474 589 4528 Nostra:
619 4472 1002 4529 similitudinis.

454 4566 552 4632 Qui
584 4576 771 4634 regnat
797 4580 918 4620 cum
952 4565 1230 4620 Altissimo

383 4655 617 4725 Virginis
642 4655 805 4709 intrat
829 4657 1062 4722 uterum,

383 4747 700 4802 Nasciturus
724 4749 774 4802 in
804 4747 1050 4817 curpore,

381 4840 567 4894 Mortis
593 4839 800 4893 vincula
832 4841 1184 4910 disrumpere.

464 4931 645 4988 Gléria
685 4933 829 4989 Patri
861 4933 1122 5006 lngénito,

383 5025 570 5081 Gléria
601 5024 904 5095 Unigénitn,

323 5141 334 5148 ·
387 5122 504 5176 Una
532 5136 653 5176 cum
687 5123 885 5178 Sancto
917 5123 1122 5192 Spiritu

381 5213 439 5267 In
472 5213 795 5282 sempiterna
815 5201 1033 5271 saecula.

379 5309 575 5361 Amen.

308 5396 662 5470 Supplicdlio.
688 5400 914 5458 Oremus
938 5403 1370 5475 Redemptérem.
1414 5409 1508 5474 fol.
1558 5405 1612 5461 2.

310 5491 578 5561 Capitula.
623 5496 841 5565 Emitte,
890 5498 1228 5568 omnipotens
1277 5499 1457 5564 Pater,
1513 5502 1579 5558 de
1609 5503 1830 5558 summis

239 5582 514 5641 Ccelurum
541 5589 796 5646 claritétis
821 5601 923 5646 tua:
942 5592 1142 5658 lumen,
1168 5593 1450 5650 Duminum
1476 5608 1712 5652 nostrum
1741 5598 1830 5654 Je-

240 5689 358 5733 stnn
389 5679 685 5750 Christum,
735 5692 790 5738 et
837 5687 1140 5742 nostrurum
1191 5689 1377 5742 arcana
1425 5689 1615 5744 irrulii
1652 5691 1830 5760 pecto-

241 5785 360 5831 run
397 5775 658 5835 :oslénde
690 5779 974 5841 veritutem.
1009 5790 1172 5848 tuam,
1228 5798 1346 5853 qum
1379 5798 1474 5840 nos
1503 5783 1530 5838 Et
1558 5787 1701 5842 falsis
1727 5785 1826 5842 ini-

1933 540 2042 588 ras,
2070 526 2182 594 ipse
2211 525 2303 579 tibi
2333 525 2596 580 restituat.

2003 615 2160 670 Pater
2186 626 2389 673 noster.
2424 616 2490 669 Et
2515 631 2581 671 ne
2605 630 2723 670 nos.
2747 613 2850 672 Sed
2875 613 3038 669 libera
3070 630 3168 670 nos
3193 631 3235 669 a.
3252 617 3406 676 malo.

2002 708 2217 762 Amalo
2257 722 2354 762 nos
2381 708 2666 774 lihera,.et
2708 724 2760 762 in
2805 715 2895 763 tuo
2943 709 3136 762 timere
3166 707 3329 776 upere
3380 711 3522 763 bono

1932 814 2030 853 nos
2058 801 2312 852 conﬁrma
2361 797 2620 862 Trinitas,
2673 797 3056 862 Deusnoster,
3087 797 3176 866 qui
3208 813 3266 852 es
3297 798 3523 852 benedi-

1930 900 2070 955 ctus,
2104 902 2155 945 et
2187 891 2340 954 vivis,
2372 898 2426 945 et
2447 889 2625 943 émnia
2663 893 2803 960 regis
2848 890 2900 942 in
2931 889 3128 944 secula
3180 889 3520 944 smenlérum.

1948 980 1985 1052 ἡ
2005 1022 2018 1035 .
2050 985 2239 1036 Anien.

2007 1073 2261 1128 Duminus
2290 1074 2603 1142 sit_semper
2625 1071 2924 1126 vobiscum.
2970 1073 3007 1140 ἢ
3029 1111 3044 1127 .
3077 1071 3142 1126 Et
3183 1087 3302 1126 cum
3334 1072 3523 1142 Spiritu

1933 1172 2042 1218 tuo.

2004 1255 2206 1308 Lauda.
2241 1255 2379 1310 Deus
2409 1252 2690 1309 manifeste
2711 1251 2993 1320 véniet,,et
3042 1268 3148 1310 non
3190 1253 3385 1311 silebit.
3423 1251 3529 1306 Re-

1931 1347 2073 1415 quire
2093 1349 2185 1416 fol.
2220 1349 2274 1402 8.

2007 1439 2212 1491 Oratio.
2269 1437 2374 1491 Fac
2399 1453 2496 1491 nos
2523 1437 2747 1493 Dumine
2768 1437 2932 1507 justé,
2961 1448 3012 1492 et
3041 1437 3239 1505 subrié,
3268 1447 3321 1492 et
3356 1437 3441 1505 pié
3470 1440 3523 1491 in

1934 1529 2033 1583 hoc
2079 1530 2276 1584 sceculo
2322 1529 2526 1596 vivere,
2579 1541 2634 1582 ut
2689 1530 3063 1599 exspectuntes
3113 1531 3323 1584 beatam
3381 1531 3524 1583 illam

1932 1637 2104 1691 spem,
2138 1631 2192 1676 et
2213 1621 2514 1675 Adventum
2537 1622 2794 1675 claritatis
2826 1621 3230 1693 magnificentiae
3262 1634 3403 1677 tua):
3449 1623 3527 1676 sic

1934 1732 2029 1786 per
2057 1717 2276 1771 semitas
2328 1718 2608 1770 curramus
2637 1714 2875 1784 jnstitiaa,
2921 1726 2977 1769 ut
3033 1714 3224 1770 merito
3271 1714 3527 1770 accédere

1865 1805 1912 1866 Β
1941 1808 2203 1876 possimus
2230 1806 2295 1860 ad
2327 1816 2582 1860 aeternam
2614 1806 2994 1861 hereditatem.
3039 1807 3074 1871 ri}
3097 1846 3110 1858 .
3140 1807 3332 1862 Amen.

2002 1897 2102 1952 Per
2131 1897 2556 1951 miserieurdiam
2588 1905 2753 1960 tuam,
2788 1897 2924 1950 Deus
2955 1906 3163 1961 noster,
3194 1896 3283 1964 qui
3328 1910 3387 1950 es
3433 1893 3530 1950 be-

1935 1987 2200 2052 nedictus,
2229 1996 2284 2042 et
2311 1989 2464 2053 vivis,
2497 1997 2552 2042 et
2597 1987 2775 2042 umnia
2813 1988 2953 2058 regis
2985 1987 3037 2042 in
3069 1987 3264 2042 sarcula
3298 1985 3526 2041 saeculo-

1938 2093 2077 2132 rum.
2127 2078 2166 2146 ἠ
2186 2116 2199 2130 .
2244 2078 2435 2132 Amen.

2011 2169 2271 2224 Duminus
2300 2169 2370 2225 sit
2399 2184 2614 2239 semper
2633 2171 2932 2227 vobiscum.
2991 2171 3064 2238 ii).
3101 2170 3309 2225 Etcum
3339 2171 3530 2239 spiritu

1938 2272 2051 2316 tuo.

2007 2352 2062 2406 in
2093 2351 2308 2407 nomine
2331 2351 2547 2407 Domini
2593 2361 2762 2407 nostri
2789 2353 2916 2408 Jesu
2965 2351 3165 2407 Christi
3190 2350 3532 2422 perficiamus

1934 2459 2054 2499 cum
2088 2459 2236 2511 pace.
2280 2445 2351 2513 ιῆ.
2379 2445 2489 2499 Deo
2509 2445 2730 2515 grutlas.

2173 2537 2619 2601 Commemordtio,
2647 2547 2701 2590 ut
2726 2539 2777 2590 in
2814 2535 3086 2591 Dominico
3108 2535 3202 2606 fol.
3236 2537 3292 2594 7.

2007 2629 2089 2683 Ad
2117 2627 2369 2698 Vésperos
2401 2630 2576 2682 o’mnia
2607 2629 2871 2694 dicuntur,
2902 2639 2956 2682 ut
2996 2630 3048 2683 in
3068 2631 3280 2683 exeunte
3323 2628 3531 2699 uespera

1936 2721 1999 2775 de
2026 2724 2192 2792 primo
2229 2720 2496 2776 Dominico
2543 2721 2605 2774 de
2628 2722 2857 2776 Adve’nlu
2881 2719 3092 2774 Domini
3123 2720 3217 2791 fol.
3247 2719 3299 2786 8,
3323 2722 3532 2788 excepto

1936 2815 2102 2878 Sena,
2131 2816 2219 2884 qui
2245 2815 2298 2868 in
2327 2815 2507 2868 diebus
2535 2815 2677 2882 feriis
2707 2831 2806 2868 non
2830 2814 2976 2868 debet
3011 2813 3134 2879 dici,
3166 2828 3326 2884 neque
3353 2811 3529 2866 cantu-

1935 2908 1982 2960 ri
2007 2922 2027 2972 ;
2057 2911 2263 2979 excepto
2292 2908 2346 2960 in
2379 2910 2604 2977 témpore
2629 2906 3062 2962 liesurrectidnis.

2612 2998 2866 3070 Hymnus.

2153 3093 2385 3151 Verbum
2409 3095 2698 3165 supernum
2726 3094 2999 3164 prudiens,

2081 3188 2122 3240 A
2157 3187 2313 3242 Patre
2334 3188 2460 3240 olim
2483 3187 2694 3241 exiens.

2087 3276 2187 3341 Qui
2217 3285 2371 3329 natus
2405 3277 2520 3330 orbi
2551 3276 2807 3330 subvenis

2085 3367 2260 3420 Cursu
2292 3365 2482 3419 declivi
2505 3365 2780 3435 temporis.

2157 3456 2397 3512 Illumina
2429 3473 2566 3512 nunc
2596 3457 2832 3527 pectora,

2085 3547 2306 3618 Tuuque
2333 3551 2515 3604 amere
2539 3550 2856 3620 cunerema;

2084 3643 2282 3698 Audito
2312 3651 2370 3697 ut
2395 3641 2661 3710 prmcunio

2081 3733 2198 3790 Sint
2227 3736 2375 3805 pulsa
2402 3735 2614 3789 tandem
2639 3734 2863 3788 lubrica.

2157 3826 2439 3895 Judéxque
2459 3842 2580 3882 cum
2612 3839 2728 3896 post
2750 3824 2927 3881 falleris

2085 3920 2289 3974 Rimuri
2319 3919 2454 3973 facta
2482 3920 2712 3989 pectoris

2080 4013 2332 4068 lledllens
2357 4014 2523 4067 vicem
2557 4028 2651 4081 pro
2681 4011 2900 4080 ubilitis,

2080 4106 2351 4176 Justsque
2381 4122 2599 4177 regnum
2626 4123 2720 4175 pro
2749 4109 2899 4162 bonis
2931 4086 2961 4160 :3

2149 4202 2266 4256 Non
2287 4204 2500 4258 demum
2519 4203 2786 4256 arctemur
2815 4202 2968 4256 malis

2082 4295 2188 4353 Pro
2214 4296 2469 4364 qualitute
2490 4294 2731 4347 criminis
2759 4311 2772 4358 ;

2081 4385 2185 4441 Sed
2208 4403 2329 4440 cum
2358 4384 2530 4439 heulis
2557 4385 2836 4453 cumpotes

2079 4481 2256 4535 Simus
2286 4479 2502 4545 perénni
2527 4479 2758 4532 caelibes.

2148 4574 2348 4628 Praesta
2381 4572 2536 4627 Pater
2567 4570 2832 4642 piissime,

2077 4667 2326 4736 Patrique
2346 4679 2564 4732 compar
2590 4664 2754 4720 Unice

2075 4759 2206 4815 Cum
2232 4761 2430 4830 Spiritu
2458 4760 2723 4815 l’arz'telito

2081 4854 2138 4909 In
2166 4855 2490 4925 sempiterna
2518 4857 2735 4911 secula.

2081 4953 2272 5006 Amen.

2015 5041 2363 5113 Supplicatio.
2397 5043 2625 5098 Orémns
2647 5042 3056 5113 Redempturem
3107 5042 3297 5098 mundi.
3341 5043 3524 5098 Durni-

1938 5122 2067 5191 num
2099 5148 2336 5192 nostrum
2383 5135 2565 5192 Jcsum
2597 5135 2892 5203 Christum,
2919 5153 3039 5191 cmn
3085 5137 3229 5192 omni
3260 5135 3526 5204 supplica-

1941 5229 2084 5282 tione
2114 5226 2381 5298 rogemus,
2412 5237 2470 5282 ut
2512 5243 2610 5282 nos
2631 5227 2800 5298 grutiu
2834 5227 3104 5283 Adventus
3134 5229 3213 5281 sni
3261 5225 3528 5293 propitius

1933 5319 2225 5386 justificure
2269 5320 2532 5391 dignetur.
2598 5321 2672 5379 ιῖ.
2707 5321 2928 5386 Ρτειξεια,
2973 5332 3158 5375 eterne
3187 5317 3526 5386 omnipotens

1940 5412 2103 5466 Deus.

2010 5505 2156 5560 Dicat
2180 5503 2470 5578 Presbyter.
2500 5505 2660 5579 liyrie
2681 5506 2903 5563 elé'ison.
2945 5504 2979 5571 ii,
3004 5543 3017 5558 .
3050 5501 3261 5558 Christe
3291 5503 3521 5561 cléison.

1934 5597 2096 5670 Hyrie
2126 5599 2352 5655 cléison.

2004 5692 2264 5762 Capitula.
2321 5695 2554 5766 Exurge,
2602 5693 2763 5760 Deus,
2817 5692 2903 5764 qui
2959 5691 3170 5762 iudicas
3196 5702 3414 5758 terram,
3466 5705 3523 5749 et

1935 5784 2157 5841 brut-hi0
2185 5785 2509 5841 fortitudinis
2544 5800 2686 5854 rege,
2720 5800 2854 5854 quos
2888 5783 3181 5842 misecfibill
3222 5788 3530 5846 concéJerQ

2909 3982 2932 4009 δ
