4044 6382
543 308 612 401 c3
1769 340 2191 403 nnevramuu
2233 340 2601 400 GO'I‘lliCUM.
3750 341 3816 401 rt

544 458 793 529 dignttus
813 472 871 514 es
900 456 1086 527 opere,
1117 471 1357 528 quosque
1384 458 1617 514 facinora
1638 457 1932 531 aggravant
1966 460 2121 515 vitid-
2154 462 2196 519 Α
2228 472 2398 520 meus,
2430 455 2556 511 dicit
2580 454 2861 522 Dominus,
2892 454 3031 511 Deus
3053 464 3233 512 vester
3269 472 3282 512 :
3316 455 3591 527 loquimini
3620 458 3687 513 ad
3719 476 3815 515 cor

542 565 692 615 rutn;
754 551 966 603 tuarum
996 548 1222 604 sdbieva
1253 547 1657 603 miseratidnutn
1695 565 1708 603 :
1757 559 1813 603 ut
1860 550 2123 620 justitiam

522 650 706 731 ituarn,
726 652 884 708 quant
898 638 1021 694 caeli
1043 638 1390 704 annunciant,
1414 640 1788 709 agnoscamus,
1817 652 1871 696 et
1897 640 2122 711 gloriam

540 728 682 787 tuam
713 746 834 787 cum
874 729 1123 785 omnibus
1169 730 1381 803 populis
1406 730 1721 787 videamus:
1757 742 1815 787 ut
1862 732 2127 787 inhabitet

535 822 704 892 gtdria
738 822 790 877 in
824 831 963 877 terra
996 833 1198 891 nostra,
1239 835 1295 879 et
1321 825 1391 879 sit
1422 825 1720 896 redemptio
1748 826 1928 893 nobis,
1962 841 2123 896 quam

536 913 748 972 titacres
778 916 880 971 iide
908 917 1176 972 credimus
1206 932 1329 974 esse
1356 922 1657 975 venturam.

514 1029 524 1051 ς
608 1006 766 1063 Pater
792 1017 995 1064 noster.
1044 1010 1111 1065 Et
1150 1026 1217 1066 ne
1259 1026 1375 1066 nos.
1407 1012 1516 1067 Sed
1560 1012 1724 1068 libera
1755 1027 1853 1068 nos
1880 1029 1910 1067 a
1959 1012 2121 1069 malo.

534 1098 729 1154 kmen.

606 1194 647 1248 A
682 1208 824 1247 maio
853 1208 951 1251 nos
981 1195 1170 1261 libera,
1199 1206 1252 1251 et
1275 1198 1326 1252 in
1361 1208 1449 1252 tuo
1479 1197 1691 1254 timore.
1729 1206 1785 1253 ut
1830 1198 2012 1264 supra.

607 1282 924 1340 Benedictio.
951 1285 1194 1342 Christus
1224 1288 1497 1356 Dominus,
1522 1290 1610 1360 qui
1642 1291 1705 1344 ad
1735 1290 1835 1344 hoc
1867 1291 2034 1356 venit,
2063 1299 2121 1345 ut

533 1376 837 1447 impietates
866 1380 896 1436 2.
938 1382 1099 1436 domo
1128 1383 1294 1438 Jaeob
1323 1384 1593 1439 averteret
1627 1402 1641 1450 ;
1674 1388 1739 1438 ad
1787 1385 1886 1439 hoc
1926 1386 2118 1441 iterum

530 1467 733 1537 v'ériiet,
768 1480 827 1527 ut
856 1473 1140 1529 redeuntes
1160 1475 1225 1529 ad
1255 1490 1315 1530 se
1337 1475 1366 1533 ὲ
1398 1477 1583 1530 mortis
1614 1479 1877 1546 potestate
1904 1478 2116 1535 liberet.

543 1556 583 1623 ἦ
604 1598 620 1613 .
669 1561 860 1619 Am‘en.
897 1564 981 1627 Et,
1011 1567 1099 1633 qui
1128 1566 1325 1620 dudum
1359 1569 1599 1633 veniens,
1630 1572 1979 1625 reconciliare
2034 1571 2118 1625 di-

527 1650 722 1716 gnatus
760 1660 845 1706 est
871 1655 1124 1709 mundum
1153 1672 1167 1721 ;
1200 1656 1266 1710 ad
1316 1656 1574 1729 judicium
1609 1661 1846 1726 veniens,
1878 1663 1947 1717 ab
1972 1663 2116 1717 omni

526 1754 624 1794 nos
655 1756 931 1809 ptertarum
979 1744 1169 1799 liberet
1213 1748 1474 1802 cruel-(itu.
1543 1750 1577 1816 ti;
1605 1788 1620 1804 .
1655 1755 1844 1806 Amen.
1881 1751 1945 1807 Ut
1993 1768 2115 1806 cum

2226 547 2522 603 Jerusalem
2545 592 2560 616 ,
2590 549 2712 617 quia
2744 549 2980 616 sttscepit
3018 548 3087 603 de
3114 565 3271 602 manu
3313 549 3523 605 Domini
3552 549 3810 620 duplicia.

2228 636 2296 691 P.
2333 637 2498 693 Dicite
2542 638 2845 693 civitatibus
2882 637 3038 693 ludii.
3080 636 3148 693 Ρ.
3190 639 3328 694 Ecce
3364 641 3503 695 Deus
3553 652 3731 698 vester
3761 643 3812 697 in

2228 731 2535 786 fortitudine
2578 732 2773 787 véuiet.
2818 733 2889 799 ᾗ.
2937 732 3229 787 Advot-avit
3268 735 3438 789 caelos
3467 750 3678 790 sursum
3706 778 3721 800 ,
3762 747 3817 791 et

2230 829 2424 875 terram
2452 821 2756 876 discernere
2778 822 3033 891 pdpulum
3063 839 3242 877 suum.
3270 822 3336 877 Ρ.
3385 824 3553 880 Dicite
3577 826 3827 885 ciriti.ti-.

2229 913 2349 966 bus.
2394 912 2427 979 ᾖ
2451 950 2466 965 .
2494 910 2699 980 Gloria,
2720 922 2775 967 et
2806 914 2979 967 honor
3013 913 3176 968 Patri.
3211 912 3278 967 Ρ.
3309 914 3449 969 Ecce
3475 918 3634 970 Deus.

2301 1003 2500 1059 Oratio.
2531 1005 2762 1071 Christe,
2800 1006 2891 1061 Dei
2922 1005 3106 1071 Filius,
3132 1008 3222 1076 qui
3251 1016 3307 1062 et
3335 1008 3461 1062 olim
3488 1008 3681 1063 venisti
3715 1025 3814 1063 na-

2225 1095 2454 1148 sciturus
2483 1094 2533 1148 in
2570 1110 2732 1149 carne
2756 1139 2770 1162 ,
2814 1108 2865 1150 et
2912 1096 3101 1150 iterum
3140 1096 3322 1152 venies
3359 1112 3480 1152 cum
3501 1098 3730 1153 ducibus
3758 1110 3814 1154 et

2228 1183 2552 1253 principibus
2578 1184 2756 1253 pepuli
2790 1187 2865 1240 tui
2895 1187 2962 1240 ad
3004 1186 3302 1242 iaciendum
3330 1188 3589 1257 judicium
3618 1191 3671 1244 iu
3699 1191 3815 1259 glo-

2225 1280 2300 1333 ria
2327 1280 2650 1349 majestiitis;
2683 1294 2861 1349 preSta
2887 1282 3039 1337 nobis
3068 1292 3124 1336 ut
3143 1298 3264 1337 cum
3295 1282 3527 1349 veneris,
3552 1298 3656 1338 non
3686 1299 3810 1353 pec-

2223 1372 2360 1427 catis
2384 1374 2637 1429 restituas
2664 1375 2831 1428 vicem
2858 1391 2872 1438 ;
2903 1374 2996 1429 sed
3027 1391 3123 1444 pro
3151 1376 3273 1441 ilde,
3304 1377 3409 1445 qua
3442 1385 3496 1431 te
3519 1377 3808 1444 credimus,

2222 1476 2474 1519 teternam
2504 1481 2600 1519 nos
2631 1464 2893 1533 prdveltas
2913 1466 2979 1520 ad
3013 1468 3336 1523 mercedem.
3378 1468 3415 1535 ἡ
3436 1507 3451 1523 .
3479 1469 3672 1525 Amen.

2295 1556 2397 1612 Per
2422 1558 2840 1613 misericordiam
2867 1569 3033 1626 tuam,
3066 1560 3209 1616 Deus
3232 1570 3436 1626 noster,
3467 1570 3571 1617 etc.

2308 1652 2345 1720 ti
2371 1693 2385 1706 .
2415 1652 2601 1708 Véuivt
2625 1652 2902 1721 Dominus,
2926 1664 2981 1709 et
2999 1655 3275 1724 apparebit
3299 1656 3352 1708 in
3380 1652 3558 1709 medio
3580 1654 3806 1711 ﬁliarum

2224 1743 2403 1813 pepuli
2443 1743 2525 1799 sui
2562 1746 2666 1800 :de
2695 1761 2855 1799 manu
2889 1746 3177 1814 impidrum
3221 1746 3471 1801 liberabit
3501 1761 3614 1801 eos.
3644 1746 3712 1801 P.
3742 1748 3808 1801 Et

523 1829 618 1911 illo
642 1833 967 1901 gaudeamus
998 1839 1049 1890 in
1080 1837 1273 1907 gldria,
1306 1857 1465 1912 quem
1502 1842 1586 1897 hie
1612 1844 1740 1912 pura
1768 1844 1887 1899 iidci
1921 1844 2101 1899 incdli-

2215 1835 2282 1890 de
2312 1845 2482 1891 ruorte
2510 1837 2732 1891 redimet
2768 1837 2887 1891 illos
2946 1838 2980 1907 ᾗ
3005 1879 3017 1891 .
3046 1836 3303 1893 Dominus
3326 1839 3669 1906 omnipotens
3711 1853 3804 1892 su-

524 1937 644 1979 mus
669 1926 1017 1984 conscientia.
1076 1931 1114 1993 ri
1136 1971 1149 1984 .
1178 1933 1369 1993 Amen.

591 2014 700 2069 'Per
729 2016 1158 2076 niisericdrdiatn
1186 2023 1351 2093 ipsius
1383 2024 1474 2080 Dei
1507 2028 1698 2093 nostri,
1728 2029 1817 2097 qui
1850 2039 1931 2083 est
1954 2030 2111 2085 bene-

519 2102 713 2175 dictus,
738 2116 792 2162 et
821 2109 971 2177 vivit,
1002 2122 1056 2167 et
1086 2112 1265 2170 emuia
1289 2116 1426 2187 regit
1455 2118 1506 2173 in
1537 2120 1732 2174 saecula
1761 2119 2103 2178 sucularum.

533 2196 572 2265 ἢ
596 2237 607 2250 .
635 2205 825 2255 Amen.

592 2288 794 2346 Lauda.
826 2294 967 2350 Deus
996 2298 1279 2355 manifeste
1309 2302 1507 2359 veniet.
1536 2304 1754 2375 Require
1783 2308 1881 2376 fol.
1908 2308 1963 2363 8.

596 2379 798 2441 Oratio.
823 2385 928 2443 Fac
958 2405 1077 2454 nos,
1109 2391 1353 2455 Ddrttitie,
1379 2393 1541 2462 justé.
1576 2396 1797 2467 liequire
1817 2401 1914 2468 [οι.
1950 2400 2036 2458 ll.

1067 2484 1165 2557 ιι
1210 2481 1419 2538 ruma
1460 2485 1546 2541 tv.

517 2632 520 2635 Α
664 2617 670 2623 .
1086 2571 1169 2627 Ad
1194 2568 1527 2630 Matutinum.

591 2656 909 2725 Antiphone.
935 2658 1071 2715 Lava
1094 2678 1201 2729 me,
1228 2663 1473 2737 Domine,
1498 2668 1566 2722 ab
1588 2667 1844 2740 iujustitia
1870 2688 2007 2729 ruca.
2038 2673 2102 2729 P.

518 2744 585 2809 Et
612 2750 642 2806 ὲ
670 2751 902 2824 peccatis
940 2757 1075 2811 meis
1101 2759 1297 2814 munda
1326 2775 1420 2814 cor
1450 2778 1649 2819 meum.
1698 2764 1939 2821 l'salmua
1972 2785 2023 2835 ι,
2059 2778 2105 2823 et

516 2854 633 2893 cum
662 2841 761 2895 ista
792 2844 1034 2906 oratione,
1068 2864 1180 2918 qua:
1206 2851 1456 2919 sequitur.

590 2930 789 2987 0rdtio.
826 2934 987 3001 Deus,
1021 2936 1113 2992 Dei
1146 2939 1328 3003 Filius,
1355 2943 1507 3011 cujus
1529 2942 1581 2999 in
1610 2944 1866 3001 aeternum
1900 2947 2104 3017 perma-

516 3030 609 3076 net
645 3039 861 3082 nomen.
898 3027 1112 3098 liequirr
1141 3032 1196 3084 in
1224 3032 1320 3101 ῙυΙ.
1349 3033 1402 3087 3.

585 3113 882 3186 Antiphone
909 3121 958 3175 t.
1004 3119 1059 3176 In
1090 3122 1178 3178 illa
1217 3122 1304 3178 die
1334 3126 1532 3193 repiéta
1575 3129 1679 3181 erit
1708 3138 1847 3183 terra
1878 3131 2099 3187 sc'éutia

516 3207 747 3273 Domini,
772 3213 922 3281 quasi
946 3229 1097 3284 aqua:
1128 3218 1291 3271 maris
1323 3218 1613 3287 operiéritis
1638 3238 1651 3275 :
1677 3232 1728 3275 et
1759 3222 1902 3277 radix
1924 3222 2096 3295 Jessé,

509 3316 630 3369 qua:
658 3309 761 3356 stat
790 3305 842 3361 in
869 3306 1077 3375 signum
1104 3310 1441 3378 populérum.
1478 3310 1546 3367 Ρ.
1580 3310 1756 3381 Ipsum
1788 3330 1977 3385 gentes
2004 3319 2099 3373 tle-

512 3394 888 3461 precabt'mtur.
936 3401 1008 3468 γ.
1053 3400 1108 3455 In
1156 3418 1251 3461 sua
1283 3403 1490 3473 justitia
1530 3404 1789 3481 judirabit
1836 3409 2099 3479 pauperes

514 3488 720 3556 pepuli,
748 3501 800 3545 et
822 3492 996 3547 salvos
1020 3492 1179 3550 faciet
1204 3496 1339 3553 illius
1372 3497 1686 3567 pauperum,
1716 3510 1770 3553 et
1800 3500 2101 3559 humiliabit

510 3581 974 3640 calumniatdretn.
1017 3584 1086 3640 P.
1119 3587 1295 3655 ipsum
1318 3600 1503 3659 gentes
1527 3592 1982 3661 deprecabuntur.
2024 3597 2057 3665 ᾗ
2081 3636 2097 3653 .

509 3670 713 3740 Gldria,
761 3683 815 3729 et
845 3676 1015 3732 honor
1053 3677 1220 3747 Patri,
1270 3690 1321 3735 et
1362 3678 1516 3748 Filio,
1547 3692 1601 3738 et
1631 3682 1853 3753 Spiritui
1880 3686 2097 3755 Sancto,

508 3774 614 3821 etc.
646 3765 709 3820 Ρ.
743 3766 919 3837 Ipsum
942 3782 1146 3837 gentes.

586 3859 785 3917 omne.
818 3863 974 3919 Juxta
1021 3877 1124 3932 est,
1158 3865 1382 3922 Damina
1402 3911 1415 3935 ,
1447 3868 1560 3924 dies
1592 3870 1885 3937 Adventus,
1914 3881 1967 3929 et
1986 3872 2097 3940 jam

509 3952 564 4007 in
586 3953 766 4022 januis
793 3965 877 4011 est
915 3958 1169 4014 terribilis
1208 3960 1339 4016 hora
1380 3961 1466 4016 illa
1505 3961 1709 4032 judicii.
1758 3962 1926 4019 Sileat
1969 3979 2099 4032 ergo

508 4049 684 4103 omnis
724 4064 849 4104 caro
879 4049 909 4104 ὲ
939 4050 1073 4109 facio
1115 4061 1227 4120 tua,
1264 4064 1317 4107 et
1344 4054 1700 4123 prolapsiduis
1740 4071 1851 4109 sua:
1886 4055 2096 4123 culpam

509 4140 723 4196 ﬂetibus
753 4143 917 4199 diluat
948 4162 963 4201 :
992 4155 1071 4213 et,
1101 4146 1221 4222 quia
1260 4160 1359 4200 nos
1399 4146 1499 4200 ista
1534 4162 1627 4217 per
1656 4162 1753 4201 nos
1782 4147 1961 4203 facere
1990 4163 2097 4202 nou

507 4238 791 4305 valemus;
835 4257 928 4311 per
968 4253 1020 4299 te
1055 4225 1115 4297 id
1158 4242 1317 4313 {igere
1365 4244 1699 4300 conﬁdimus.
1759 4244 1885 4307 ideo
1921 4246 2100 4318 posci-

506 4347 624 4387 mus
644 4373 662 4400 ,
692 4341 772 4400 ut,
800 4333 889 4404 qui
914 4333 1113 4390 electos
1153 4336 1219 4395 ad
1252 4344 1301 4394 te
1328 4335 1568 4391 vocando
1594 4338 1894 4393 suuctiﬁeas
1916 4381 1936 4406 ι
1971 4354 2096 4408 pec-

504 4425 720 4481 eatores
740 4428 1076 4485 coronandus
1105 4430 1434 4489 beatitudine
1462 4430 1661 4489 (eterna
1691 4432 1965 4488 sustdllas.
2016 4433 2052 4502 ti;
2077 4471 2093 4487 .

507 4520 702 4572 Anien.

578 4608 681 4665 Per
711 4611 1131 4668 misericordiam
1166 4624 1336 4684 tuarn,
1362 4626 1467 4673 etc.

573 4703 867 4773 Antiphoni:
887 4706 942 4763 2.
971 4708 1356 4765 Coniurtatuiui
1387 4712 1439 4765 in
1466 4709 1712 4782 deino,
1742 4720 1796 4767 et
1819 4712 1872 4767 in
1903 4707 2092 4782 pntén-

507 4797 579 4852 tia
618 4800 827 4854 virtutis
867 4799 984 4869 ejus
1015 4818 1109 4873 per
1132 4820 1345 4859 onmem
1378 4804 1676 4860 orationem
1701 4848 1716 4872 ,
1757 4817 1809 4861 et
1836 4807 2094 4863 obsecra-

507 4893 707 4947 tionem
745 4895 796 4947 in
831 4895 1129 4951 Adventum
1152 4898 1277 4953 Jesu
1307 4895 1502 4953 Christi
1529 4897 1737 4953 Durnini
1767 4900 1961 4955 nostri.
2013 4901 2045 4968 Ῡ
2074 4941 2087 4955 .

492 4985 716 5063 'Oriétur
739 4988 789 5045 in
813 4986 1000 5042 diebus
1020 4989 1134 5058 ejus
1152 4989 1356 5057 justitia
1381 5000 1435 5045 et
1455 4990 1776 5047 abundantia
1803 4990 1975 5059 pacis,
1993 4992 2091 5045 do-

507 5095 607 5135 nec
631 5082 919 5141 extollatur
960 5081 1105 5137 luua.
1142 5081 1210 5143 Ρ.
1257 5083 1357 5138 i‘er
1396 5100 1608 5139 omneru
1647 5084 1965 5140 nratidnem.
2014 5085 2081 5153 ᾗ.

507 5173 709 5239 Cldria,
742 5184 796 5228 et
819 5175 987 5232 honor
1009 5176 1172 5239 Patri,
1196 5187 1303 5231 etc.
1330 5174 1508 5235 P.i’er
1526 5192 1742 5231 omueru
1766 5176 2088 5231 oratidnem.

577 5269 779 5324 Oratio.
806 5268 910 5324 Fac
938 5285 1056 5335 nos,
1089 5268 1334 5334 Domine,
1365 5268 1528 5339 justé,
1553 5278 1607 5324 et
1624 5267 1823 5333 sobrie,
1852 5279 1904 5323 et
1927 5268 2012 5339 pié
2038 5269 2089 5324 in

503 5363 606 5419 hoc
623 5364 822 5420 szeculo
845 5364 1043 5429 vivere,
1074 5374 1131 5418 ut
1157 5364 1503 5436 expectantes
1528 5365 1735 5419 beatam
1765 5364 1905 5418 illam
1938 5380 2089 5432 Spem

500 5464 559 5512 et
603 5456 886 5512 adréntunt
928 5458 1183 5512 claritatis
1227 5457 1635 5526 magrriiicéntize
1677 5466 1781 5512 tute
1807 5498 1823 5523 ,
1872 5456 1950 5511 sic
1990 5471 2086 5525 per

486 5529 720 5604 ‘sérnitas
745 5552 1023 5605 curramus
1042 5550 1281 5618 justitize,
1300 5562 1372 5615 aut
1400 5551 1590 5608 me’rito
1617 5549 1875 5606 accedere
1907 5551 2051 5621 posst
2070 5576 2083 5590 -

500 5656 621 5706 mus
649 5641 715 5697 ad
744 5651 998 5697 :eternam
1028 5644 1399 5701 hereditatem.
1450 5644 1485 5715 πῆ
1512 5683 1527 5700 .
1552 5647 1740 5700 Arnen.

486 5800 497 5809 _
571 5738 673 5798 l’er
695 5736 1115 5793 miseriedrdiam
1148 5748 1312 5806 tuam,
1338 5744 1475 5796 Deirs
1503 5750 1706 5804 noSIer,
1738 5745 1856 5798 etc.~

566 5831 864 5903 Antiphone
896 5831 947 5890 5.
991 5833 1387 5903 Conwlamiui,
1425 5832 1815 5899 consulamini,
1850 5827 2084 5901 Ρὸνυῖυε

2216 1929 2431 1983 εείιΰδίι
2461 1930 2614 1985 nobis
2640 1930 2867 2000 justuru,
2898 1938 2953 1986 et
2982 1930 3097 2000 ipse
3126 1931 3333 1985 salvum
3366 1932 3525 1987 faciet
3553 1932 3802 2001 pupulum

2213 2032 2367 2075 suum
2397 2021 2428 2075 ἐι
2456 2023 2691 2092 peccatis
2717 2025 2924 2087 earum,
2967 2022 3035 2078 P.
3066 2023 3127 2077 Et
3167 2024 3236 2079 de
3273 2032 3463 2078 morte.
3488 2023 3519 2091 ᾗ·
3542 2062 3556 2076 .
3592 2022 3797 2088 Gloria,

2211 2125 2264 2170 et
2291 2116 2463 2171 honor
2493 2117 2658 2186 Patri,
2687 2126 2790 2173 etc.
2838 2118 3119 2171 lteiterétur
3176 2118 3211 2183 ἡ
3234 2157 3248 2172 .
3286 2116 3473 2173 Véniet
3513 2115 3791 2173 Dt‘iminus.

2815 2228 2876 2284 In
2899 2228 3180 2284 Laudibus.

2286 2341 2594 2407 Antiphone.
2632 2340 2827 2409 Fidelis
2853 2342 2956 2397 erit
2985 2343 3177 2411 domus
3205 2351 3312 2396 tua.
3341 2341 3387 2395 Ρ
3420 2382 3436 2398 .
3466 2342 3533 2398 Ει
3562 2358 3787 2415 regnum

2211 2442 2356 2488 tuum
2386 2450 2551 2504 usque
2579 2434 2631 2489 itt
2658 2434 2940 2501 maternum,
2970 2433 3099 2489 dicit
3129 2433 3407 2490 Duutiuus.

2665 2545 2933 2599 Canticum
2956 2542 3045 2617 (11
3073 2543 3205 2615 Reg.
3227 2544 3339 2611 vri).

2284 2655 2393 2725 Ego
2416 2655 2509 2711 tuli
2538 2663 2589 2711 te
2613 2658 2679 2710 de
2701 2655 2913 2725 pascuis
2941 2656 3253 2726 sequentem
3279 2669 3488 2727 greges,
3511 2655 3543 2691 “
3566 2664 3622 2710 ut
3640 2670 3789 2712 esses

2207 2746 2312 2801 dux
2345 2762 2505 2815 super
2531 2748 2782 2817 populum
2808 2764 2986 2802 meum
3012 2748 3176 2804 lsraél
3209 2765 3223 2803 :

2282 2841 2347 2895 Et
2385 2841 2457 2895 iui
2502 2852 2674 2896 tecum
2716 2843 2767 2896 in
2823 2842 3072 2896 omnibus
3125 2840 3447 2909 ubicumque
3485 2839 3790 2907 amhuIaSti,

2206 2933 2236 2968 ’
2264 2943 2317 2987 et
2340 2934 2463 2988 inter
2478 2933 2577 2988 ieci
2603 2948 2791 2989 omnes
2822 2934 3065 2988 inimicos
3096 2941 3213 2987 tuos
3238 2932 3268 2985 a
3300 2931 3437 2987 facie
3462 2943 3549 2986 tua
3578 2949 3591 2985 :

2278 3025 2509 3095 Fecique
2541 3026 2633 3081 tibi
2678 3041 2871 3082 nomen
2913 3026 3111 3097 grande
3149 3025 3299 3096 juxta
3337 3042 3530 3081 nomen
3560 3027 3791 3097 magno-

2208 3133 2325 3172 rum
2352 3119 2383 3152 “
2410 3119 2497 3187 qui
2525 3126 2651 3172 sunt
2681 3119 2733 3173 in
2767 3128 2929 3173 terra.

2279 3210 2343 3265 Et
2374 3226 2563 3278 ponam
2607 3212 2779 3267 locum
2813 3212 3011 3281 populo
3055 3226 3175 3267 meo
3219 3212 3376 3267 israél
3404 3255 3419 3280 ,
3451 3222 3503 3268 et
3536 3212 3789 3281 plantatio

2204 3316 2349 3370 eum,
2379 3310 2433 3357 et
2475 3302 2733 3358 habitabit
2782 3307 2881 3359 sub
2920 3320 3016 3372 eo,
3046 3306 3076 3339 “
3100 3312 3156 3361 et
3184 3320 3289 3359 non
3331 3305 3633 3359 turbabitur
3667 3305 3790 3358 am-

2202 3392 2344 3463 plius
2372 3409 2386 3445 :
2660 3408 2677 3417 ·

2275 3486 2383 3542 Nec
2412 3486 2610 3543 addent
2637 3490 2727 3543 ﬁlii
2760 3490 2981 3560 iniquita
3009 3490 3088 3554 is,
3130 3499 3187 3545 ut
3224 3489 3461 3558 afﬂigant
3498 3504 3621 3544 cum
3651 3489 3791 3544 sicut

2200 3578 2352 3649 prius
2376 3619 2392 3643 ,
2422 3581 2452 3615 “
2484 3596 2547 3634 es
2579 3580 2668 3636 die
2694 3581 2798 3651 qua
2839 3582 3084 3637 constitui
3104 3581 3313 3652 judice:
3337 3596 3505 3652 super
3531 3580 3786 3652 pupulum

2203 3684 2377 3724 meum
2412 3670 2566 3726 lsraél
2596 3688 2609 3725 :

2277 3762 2342 3817 Et
2386 3762 2624 3832 requiem
2659 3764 2797 3819 dabo
2834 3764 2927 3819 tibi
2967 3764 3041 3821 ab
3065 3764 3315 3820 omnibus
3360 3765 3590 3821 inimicis
3634 3766 3738 3821 tuis
3769 3781 3785 3821 :

2201 3854 2234 3890 δ’
2263 3853 2613 3926 Ριωάίοὲυιυο
2653 3856 2744 3911 tihi
2781 3856 3059 3925 Demittus,
3092 3857 3237 3929 quod
3263 3859 3479 3913 domum
3508 3858 3665 3914 faciat
3697 3859 3789 3913 tibi

2196 3948 2481 4005 ‘deinus.

2270 4040 2508 4111 Cumque
2542 4042 2794 4109 completi
2840 4042 3039 4098 fuerint
3072 4042 3189 4099 dies
3232 4044 3327 4107 tui,
3361 4043 3391 4078 "
3420 4053 3475 4099 et
3501 4043 3789 4098 dormieris

2200 4147 2319 4188 cum
2350 4131 2588 4201 patribus
2617 4133 2744 4197 tuis,

2270 4223 2553 4279 Suscitaho
2580 4239 2762 4278 semen
2795 4233 2940 4277 tuum
2966 4232 3081 4293 post
3120 4234 3190 4287 te,
3221 4224 3361 4295 quod
3384 4222 3695 4296 egredietur
3718 4239 3783 4279 es

2200 4316 2353 4371 t'ttero
2382 4325 2493 4381 tuo,
2524 4317 2556 4351 ³⁸
2578 4327 2632 4370 et
2662 4315 2887 4371 iirruabo
2907 4332 3127 4387 regnum
3154 4316 3270 4387 ejus
3298 4333 3313 4371 :

2269 4409 2387 4478 ipse
2409 4409 2692 4465 aediﬁcavit
2718 4410 2934 4464 domum
2977 4409 3177 4465 numini
3202 4425 3322 4464 meo
3340 4449 3358 4476 ,
3387 4410 3418 4444 ἰ
3444 4418 3498 4464 et
3523 4408 3789 4466 stultitiam

2200 4505 2446 4560 thronum
2472 4503 2620 4575 regni
2650 4503 2767 4573 ejus
2795 4520 2963 4575 usque
2991 4505 3043 4559 iu
3066 4502 3473 4574 sempiternum.

2123 4554 2175 4624 Ι)
2272 4596 2383 4665 Ego
2421 4609 2514 4651 ero
2533 4554 2589 4650 2i
2636 4554 2697 4650 it:
2738 4554 2981 4665 patrem,
3020 4596 3051 4631 "
3087 4604 3141 4651 et
3181 4554 3294 4666 ipse
3326 4594 3431 4650 erit
3467 4593 3595 4648 mihi
3636 4593 3687 4649 iu
3720 4592 3785 4647 ii-

2272 4803 2336 4857 Et
2366 4802 2533 4857 iidetis
2558 4803 2659 4857 erit
2684 4801 2874 4855 damus
2905 4814 2993 4856 tua
3016 4842 3032 4866 ,
3065 4802 3093 4835 ⁸
3120 4811 3173 4856 et
3194 4814 3415 4870 regnum
3448 4807 3602 4854 tuum
3620 4810 3785 4870 usque

2200 4896 2250 4952 in
2276 4894 2531 4950 retentum
2556 4905 2681 4949 ante
2703 4893 2892 4948 faciem
2918 4902 3086 4957 tuam,

2273 4985 2338 5040 Et
2364 4986 2584 5039 thronus
2614 4994 2732 5038 tuus
2752 4985 2854 5039 erit
2877 4983 3213 5039 ilrtuissimus
3238 4976 3454 5054 iugiter.

2268 5078 2333 5134 P.
2366 5079 2562 5134 Fidelis
2590 5077 2713 5135 erit.

2266 5172 2468 5237 Gloria,
2491 5181 2546 5228 et
2569 5173 2741 5227 honor
2771 5170 2937 5242 Patri,
2971 5184 3079 5227 etc.

2267 5264 2333 5319 Ρ.
2364 5264 2432 5320 Et
2459 5279 2681 5335 regnum
2712 5264 2853 5334 ejus.

2265 5356 2682 5417 Matutindrium.
2714 5355 3033 5425 Antiphone.
3067 5354 3260 5411 Emitte
3283 5354 3453 5410 lucem
3482 5363 3646 5416 tuam,
3682 5351 3779 5407 nr)-

2191 5454 2356 5521 mine,
2392 5456 2447 5508 et
2487 5451 2762 5507 t'eritiitem
2797 5460 2962 5505 tuam.
3012 5449 3047 5519 ᾖ
3071 5488 3086 5504 .
3127 5449 3240 5520 Ipsa
3283 5463 3368 5505 me
3403 5447 3772 5510 deduxerunt.

2190 5556 2239 5600 et
2258 5541 2592 5599 adduxerunt
2612 5541 2663 5596 in
2692 5550 2926 5597 rnoutem
2958 5547 3200 5596 sanctum
3231 5550 3401 5606 tuum,
3431 5548 3483 5593 et
3517 5540 3568 5592 in
3599 5539 3776 5592 taber-

2190 5636 2372 5693 nacula
2405 5647 2514 5692 tua.
2544 5633 2608 5690 Ρ.
2654 5634 2851 5692 Emitte
2879 5637 3072 5691 lucem.
3117 5635 3152 5705 ᾗ
3177 5677 3190 5690 .
3229 5634 3435 5702 Cidria,
3474 5636 3573 5706 12
3597 5640 3654 5687 et
3685 5633 3773 5686 ho-

2191 5748 2289 5787 nor
2314 5729 2482 5797 Patri,
2514 5740 2622 5785 etc.
2654 5727 2725 5784 Ρ.
2759 5729 2955 5784 Emitte
2983 5729 3176 5785 lucem.

2260 5825 2463 5881 Lauda.
2491 5822 2731 5881 Laudato
2769 5822 3049 5880 deinum
3094 5823 3146 5881 in
3187 5821 3386 5880 sanctis
3423 5836 3538 5894 ejus
3583 5839 3595 5877 z
3633 5822 3775 5878 Alite-
