4044 6382
303 412 372 472 65
1176 408 1386 468 FERIA
1427 409 1493 467 Vl
1532 410 1703 467 POST
1743 409 1905 466 DOM.
1946 408 1963 464 I
2001 409 2370 470 ADVENTUS
2409 411 2659 470 DOMINI.
3513 416 3579 472 38

302 529 433 596 luia,
470 527 706 584 alleluia.
750 526 987 583 Laudine
1025 541 1148 584 eum
1187 529 1239 584 in
1279 488 1616 582 ﬁrmamento
1646 526 1880 582 virtutis.
1911 526 1964 583 A
2063 523 2415 595 Supplictitio.
2449 527 2674 582 Oremus
2713 523 3129 595 RedemptOrem
3167 528 3349 585 mundi
3389 531 3579 587 Demi-

301 621 554 700 ‘Alleluia.
586 619 827 674 Psalnnts
857 636 946 675 CL.

376 709 656 780 Prop/retia
700 727 719 765 :
751 699 877 776 Fili,
920 711 1007 781 qui
1033 712 1175 766 audit
1217 727 1335 778 me,
1368 727 1475 768 non
1510 704 1886 768 confundetur.

299 803 522 874 Require
542 805 633 872 fol.
663 806 716 858 7.
742 803 1003 874 Hymnus.
1038 803 1267 857 Verbum
1295 803 1583 872 supernum
1609 801 1884 870 prodiens.

297 896 523 964 llcquire
561 896 656 964 fol.
705 895 792 951 10.
831 894 1178 967 Supplictitio.
1223 896 1448 950 Oremus
1477 884 1886 963 Redempturem

295 989 483 1042 mundi
508 988 790 1042 Duminum
819 997 1081 1042 nostrum.
1118 986 1340 1057 Require
1369 988 1463 1057 fol.
1486 986 1541 1040 2.

373 1078 633 1148 Capitula.
682 1077 855 1140 Dcits,
899 1078 980 1131 cui
1015 1079 1189 1130 omnis
1237 1087 1378 1130 terra
1407 1071 1887 1144 prmeonansjubi-

295 1173 374 1226 lat
405 1171 616 1226 laudem
645 1189 658 1238 ;
682 1173 837 1238 cujus
858 1171 1082 1243 gluriam
1107 1170 1306 1225 canora
1335 1171 1519 1237 psalmi
1551 1170 1887 1222 coticlumant

295 1280 466 1330 voce;
494 1265 751 1335 cujusque
773 1264 1064 1318 terribilem
1093 1265 1141 1316 in
1170 1263 1270 1316 tuis
1292 1261 1542 1330 opéribns
1566 1251 1756 1313 fatetur
1783 1262 1888 1311 vir-

226 1413 234 1427 '
296 1356 467 1408 tutem
491 1371 508 1421 ;
542 1363 725 1408 notum
758 1353 918 1407 [ιιρίιο
941 1353 1172 1408 salutare
1202 1363 1349 1405 tuum
1378 1353 1428 1404 in
1452 1350 1740 1416 conspectu
1769 1349 1888 1402 ὁιιι-

296 1449 444 1500 nium
470 1447 774 1500 nostrdr‘um
798 1481 812 1498 .
848 1438 1042 1499 Iievéla
1067 1443 1329 1513 justitiam
1363 1452 1502 1496 tuam
1524 1487 1537 1511 ,
1581 1441 1684 1512 qua
1715 1444 1887 1511 possi-

297 1522 419 1592 mus
443 1547 494 1592 te
517 1547 758 1591 nostrum
785 1536 1077 1607 agnuscere
1105 1531 1397 1590 creatorem
1427 1552 1438 1588 :
1464 1546 1516 1589 et
1541 1549 1659 1590 esto
1683 1550 1888 1589 memor

297 1627 683 1683 misericurdite
716 1637 820 1681 tua:
846 1670 861 1694 ,
897 1628 1001 1697 qua
1035 1628 1339 1682 nostrurum
1370 1621 1654 1682 criminum
1681 1623 1887 1681 mercu-

296 1734 418 1773 mur
467 1718 707 1773 invenire
762 1711 1135 1773 remissionem
1187 1736 1200 1772 :
1259 1728 1317 1772 ut
1361 1712 1607 1773 videntes
1655 1717 1888 1772 salnttue

293 1819 466 1878 tuum,
494 1804 780 1878 jubilétnus
813 1810 947 1876 tibi,
993 1809 1248 1880 hymnum
1276 1807 1555 1864 cantémus
1587 1811 1639 1864 in
1667 1813 1885 1864 exulta-

1993 630 2118 670 num
2142 626 2380 671 nostrum
2410 609 2591 672 Jesum
2619 615 2916 672 Christum.
2948 619 3166 689 nequire
3195 625 3288 692 fol.
3319 623 3377 677 2.

2063 701 2319 780 Capitula.
2361 707 2533 778 Deus,
2565 711 2717 779 cujus
2754 710 2945 765 faciem
2983 712 3166 766 videre
3202 707 3372 769 fidelis
3399 716 3576 770 omnis

1994 801 2238 867 intémlit,
2270 813 2343 869 et,
2371 818 2529 872 quem
2563 799 2767 867 venire,
2806 812 2916 857 toto
2945 804 3124 858 cordis
3154 797 3424 860 desiderio
3445 824 3578 863 con-

1992 892 2218 961 eupiscit
2252 910 2265 946 :
2306 902 2499 963 prtesta
2541 894 2697 948 nobis
2723 933 2737 959 ,
2781 902 2872 959 nt,
2905 909 3025 947 cum
3063 889 3197 948 visio
3226 887 3577 953 humanitatis

1995 993 2098 1036 tua:
2127 986 2457 1052 apparuerit,
2487 986 2694 1040 cunctis
2727 983 2864 1038 visio
2892 984 3184 1040 divinitatis
3207 996 3310 1039 tua;
3340 991 3437 1040 nes
3461 988 3573 1041 eri-

1995 1074 2098 1141 piat
2128 1074 2156 1127 ξι
2187 1070 2461 1130 tormentis
2484 1092 2498 1130 :
2524 1084 2601 1139 ιιι,
2628 1074 2926 1145 glurilicato
2948 1077 2998 1130 in
3020 1075 3252 1146 curpore
3279 1079 3575 1146 maiestatis

1994 1173 2095 1218 tua:
2121 1165 2458 1233 praesentiam
2488 1167 2824 1232 contuentes,
2861 1167 3123 1224 tartareos
3167 1168 3412 1239 supplicii
3443 1184 3575 1226 eva-

1991 1256 2180 1310 dt‘nnus
2204 1258 2444 1312 ardéres.

2064 1348 2221 1403 Pater
2252 1360 2453 1404 noster.

2062 1443 2104 1496 Α
2136 1441 2275 1494 malo
2302 1458 2398 1496 nos
2429 1443 2614 1498 libera.
2643 1443 2861 1513 Require
2891 1448 2984 1516 fol.
3017 1448 3104 1504 10.

2063 1532 2378 1588 Benedictio.
2408 1535 2730 1605 Redemptor
2760 1547 2944 1592 noster
2965 1548 3019 1594 et
3044 1538 3323 1605 Dominus,
3346 1541 3457 1610 qui,
3490 1556 3578 1598 tta-‘-

1991 1624 2188 1680 scéndo
2218 1626 2268 1680 in
2301 1643 2467 1682 carne
2491 1667 2506 1693 ,
2535 1629 2719 1696 jngnm
2743 1629 2772 1683 ξι
2803 1630 2958 1684 nobis
2980 1633 3196 1704 sustulit
3223 1634 3352 1704 legis
3377 1651 3392 1700 ;
3422 1634 3576 1688 cuin-

1991 1717 2132 1785 pleat
2178 1719 2229 1771 in
2270 1719 2424 1772 nobis
2463 1720 2722 1775 beneficia
2753 1737 2864 1775 sine
2899 1721 3136 1790 piett’ltis.
3183 1725 3218 1791 ιῆ
3240 1763 3254 1778 .
3285 1728 3476 1780 Amen.
3512 1727 3577 1781 Et

1991 1809 2078 1878 qui
2111 1808 2178 1862 de
2217 1810 2369 1864 nobis
2396 1811 2628 1882 suscepit
2655 1852 2670 1877 ,
2707 1813 2846 1882 quod
2890 1808 3156 1868 divinitati
3191 1830 3300 1870 sua:
3323 1819 3578 1873 conveni-

291 1902 440 1956 tiune
465 1902 755 1973 psalmum;
787 1912 843 1958 et
875 1901 1076 1972 perfrui
1109 1903 1412 1957 met-eumur
1444 1913 1548 1956 tua:
1589 1901 1876 1957 beatitudi-
1912 1901 1960 1962 B
1989 1911 2103 1966 ret;
2131 1901 2198 1955 de
2219 1918 2316 1955 suo
2338 1903 2600 1970 ediderat,
2630 1906 2772 1973 quod
2809 1906 2859 1959 in
2892 1920 2992 1960 nos
3030 1909 3365 1973 prtestolatus
3404 1910 3577 1964 muni-

291 1996 377 2049 nis
400 1995 645 2062 praemio.

365 2087 530 2143 Pater
554 2095 754 2142 noster.

368 2181 418 2232 Α
448 2175 593 2232 malo
617 2193 715 2232 nos
741 2177 931 2232 libera.
959 2177 1142 2243 Quare
1175 2177 1264 2245 fol.
1303 2177 1385 2231 lO.

367 2269 572 2323 Lauda.
607 2270 750 2324 Deus
780 2269 1062 2323 manifeste
1097 2269 1289 2324 veniet.
1325 2267 1545 2338 Reqnlre
1569 2270 1644 2338 fol
1695 2266 1749 2326 8.

366 2359 573 2412 Oratio.
602 2360 852 2413 Salvt‘uor
876 2359 1119 2424 Duinine,
1149 2360 1235 2426 qni
1261 2360 1311 2411 in
1339 2370 1518 2412 mente
1539 2352 1667 2414 Sion
1697 2353 1885 2414 ascen-

286 2451 446 2515 dens,
475 2451 798 2520 Redemptor
822 2450 1002 2504 mundi
1028 2467 1119 2519 per
1140 2442 1440 2519 susceptam
1465 2467 1678 2505 carnem
1704 2452 1883 2505 esten-

285 2557 378 2596 sus
404 2557 498 2596 es:
532 2541 699 2596 libera
740 2540 991 2610 pupulum
1037 2551 1182 2594 tuum
1231 2541 1388 2596 lsraél
1420 2543 1487 2595 ab
1526 2544 1669 2596 omni
1711 2543 1882 2611 inqui-

287 2632 540 2687 nainéuto
568 2633 818 2704 nequitiae
847 2651 858 2685 :
892 2644 969 2699 ut,
1001 2624 1154 2703 cujus
1188 2650 1379 2688 nomen
1407 2634 1460 2689 in
1489 2636 1687 2689 mundo
1717 2635 1880 2690 inno-

287 2729 390 2780 tuit
411 2726 701 2796 gloriﬁszim
721 2767 736 2790 ,
775 2726 888 2794 ejus
920 2725 1287 2780 misericordia
1314 2743 1416 2780 non
1442 2729 1674 2797 patiatur
1703 2729 1878 2797 perire

290 2817 497 2871 animas
519 2818 939 2885 redempturnm.
990 2817 1064 2884 πὶ.
1094 2820 1286 2871 Amen.

361 2912 464 2965 l‘er
486 2911 906 2965 miseriiordiam
939 2919 1100 2977 tuun,
1126 2911 1265 2963 Deus
1296 2920 1495 2976 noster,
1522 2910 1609 2980 qui
1627 2925 1687 2965 es
1710 2910 1845 2967 bene

289 3002 482 3070 dictus,
511 3011 566 3056 et
590 3001 747 3065 vivis,
781 3011 838 3056 et
857 3001 1039 3056 omnia
1069 3001 1231 3071 regis.

360 3095 807 3151 Commentortit'o.
841 3096 935 3164 fol.
963 3096 1017 3149 7.

885 3189 965 3242 Ad
995 3179 1265 3258 Vésperos.

1989 1992 2133 2046 licet.
2184 1994 2255 2060 ἡ.
2292 1996 2485 2049 Amen.
2527 1995 2594 2049 Ut
2630 2011 2815 2050 omnes
2841 2035 2856 2062 ,
2899 1997 2988 2066 qui
3032 1992 3118 2052 hic
3159 1998 3339 2067 priora
3382 1999 3575 2068 gaudia

1990 2080 2262 2139 Adventus
2298 2086 2413 2154 ejus
2455 2086 2609 2141 hilari
2655 2088 2942 2144 devotidne
2979 2092 3315 2158 excipimus;
3354 2093 3577 2148 secundi

1989 2177 2265 2232 Adventus
2304 2180 2384 2232 sui
2422 2177 2664 2248 tempore
2700 2196 2821 2235 cum
2853 2183 3066 2236 Sanctis
3091 2184 3340 2240 omnibus
3372 2186 3579 2240 exulte-

1989 2286 2126 2326 tnus.
2169 2272 2204 2338 ti)
2226 2310 2240 2324 .
2265 2271 2459 2326 Amen.
2487 2272 2586 2327 Per
2616 2274 3045 2329 misericurdiam
3073 2275 3240 2345 ipsius
3265 2279 3353 2333 Det
3382 2278 3577 2343 nostri,

1983 2363 2073 2430 qui
2103 2373 2185 2415 est
2215 2363 2554 2430 benedictus,
2586 2375 2642 2418 et
2667 2364 2848 2419 Omnia
2876 2368 3012 2436 regit
3040 2367 3091 2421 in
3122 2369 3316 2423 saecula
3345 2368 3576 2424 sarculo-

1986 2471 2126 2509 rum.
2168 2454 2202 2521 ιῆ
2229 2457 2456 2525 .fAnten.

2053 2545 2204 2600 Dicat
2229 2545 2521 2617 Presbyter.
2559 2545 2816 2603 Duminus
2842 2549 2912 2603 sit
2933 2561 3145 2620 semper
3168 2547 3462 2605 vobiscum.
3495 2550 3532 2620 ii)
3553 2587 3575 2608 .

1983 2632 2050 2688 Et
2072 2650 2191 2690 cuin
2214 2637 2403 2705 spiritu
2429 2647 2540 2691 tuo.

2051 2724 2259 2782 Lauda.
2295 2727 2434 2781 Deus
2460 2726 2742 2784 manifeste
2766 2727 2967 2796 veniet,
2996 2738 3052 2785 et
3079 2744 3186 2786 non
3212 2730 3409 2797 silebit,
3442 2731 3574 2786 alle-

1980 2815 2109 2870 luia.
2142 2815 2364 2886 Require
2391 2817 2486 2887 fol.
2513 2819 2566 2872 8.

2059 2908 2260 2965 υνάιὶο.
2289 2910 2428 2965 Deus
2457 2909 2614 2967 Pater
2634 2903 2997 2984 omnipotens,
3031 2916 3120 2986 qui
3153 2906 3318 2970 Eliam
3346 2916 3572 2985 prophe-

1979 3011 2085 3057 tatu
2109 3004 2175 3057 ad
2200 3004 2580 3060 confortandas
2604 3007 2811 3062 animas
2839 3009 3029 3063 dubias
3061 3010 3321 3065 missurus
3347 3024 3404 3065 es
3427 3029 3441 3078 ;
3476 3010 3575 3065 an-

1979 3103 2190 3164 tequam
2222 3095 2398 3151 véniat
2417 3096 2531 3153 dies
2570 3109 2690 3153 tuus
2723 3117 2966 3171 magnus,
2994 3103 3073 3156 fac
3098 3118 3194 3158 nos
3222 3115 3278 3158 ut
3301 3108 3350 3158 in
3374 3105 3573 3161 nostris

1983 3187 2369 3256 iniquitatibus,
2407 3205 2499 3256 per
2518 3206 2650 3259 quas
2671 3194 2907 3261 quotidie
2932 3193 3188 3258 lubimur,
3217 3195 3422 3248 fundati
3455 3194 3571 3248 ιιιὲ-

365 3284 561 3338 Lauda.
608 3284 650 3338 Α
693 3281 822 3336 solis
856 3293 976 3335 ortu
1010 3297 1176 3350 usque
1203 3281 1268 3332 ad
1308 3279 1578 3340 occasum,
1613 3270 1878 3332 laudubile
1910 3273 1956 3336 ϐ
1989 3277 2092 3332 ritu
2115 3278 2231 3333 sine
2263 3280 2367 3332 line
2398 3279 2657 3335 vivamus.
2699 3283 2735 3349 ri}
2760 3321 2776 3336 .
2808 3283 2998 3338 Amen.
3029 3284 3128 3339 Per
3150 3284 3573 3353 misericérdiam

297 3392 485 3431 nomen
515 3376 748 3430 Domini.
793 3376 865 3444 Ῡ.
899 3374 981 3430 Sil
1021 3389 1212 3426 nomen
1260 3372 1470 3424 Dt’unini
1517 3370 1878 3434 Ιθιιυιίίιῑιιιιι,

307 3467 510 3530 ξιιιιοιιὸ,
540 3476 594 3520 et
621 3481 788 3536 usque
816 3467 868 3519 in
897 3464 1179 3519 :rtérnuin.
1208 3461 1274 3516 Ρ.
1305 3461 1611 3517 Laudabi‘c.

377 3559 516 3611 Dicat
553 3557 842 3627 Présbyter.
902 3557 1158 3611 Durniuus
1204 3553 1275 3610 sit
1321 3569 1532 3624 semper
1582 3551 1874 3607 vobiscum.

316 3651 351 3720 ri
370 3692 382 3706 .
407 3664 461 3706 et
483 3668 600 3708 cum
622 3655 808 3724 spiritu
842 3661 952 3706 tuo.

363 3747 678 3816 Antiphone.
705 3748 890 3804 Véniet
919 3746 1178 3801 Duminus
1209 3762 1328 3799 cum
1362 3744 1603 3809 senibus,
1634 3753 1685 3798 ct
1727 3746 1875 3812 prin-

297 3837 520 3908 cipibus.

360 3929 563 3985 Lauda.
597 3930 883 3987 Déxtcrant
917 3941 1059 3983 tuam
1088 3930 1243 3983 Dens.
1281 3928 1500 3986 lleauire
1521 3925 1616 3994 fol.
1651 3923 1708 3980 8.

951 4021 1208 4091 Hymnus.

360 4117 470 4174 Vox
503 4120 649 4174 clara
679 4133 804 4175 ecce
825 4119 1032 4172 intonat
1064 4135 1076 4171 :

432 4213 675 4266 Obscura
708 4227 937 4281 qumque
965 4210 1230 4278 increpat,

430 4306 704 4364 Pellantur
729 4305 939 4361 éminits
969 4305 1200 4368 somnia,

429 4402 509 4453 Ab
530 4401 730 4454 aethere
753 4399 993 4454 Christus
1025 4398 1310 4466 proin'cat.

357 4493 504 4548 Meus
531 4496 640 4563 jam
668 4495 906 4561 resurgat
929 4493 1160 4560 turpida,

427 4587 558 4652 Ome
588 4586 746 4641 sorde
765 4596 908 4641 extat
933 4586 1110 4641 saucia
1143 4605 1154 4638 :

425 4679 587 4733 Sidus
621 4678 844 4748 refulget
868 4679 976 4747 jam
1010 4694 1230 4742 novum,

430 4770 498 4826 Ut.
529 4771 682 4826 tollat
707 4786 866 4825 omne
897 4771 1135 4829 noxium.

357 4861 436 4914 En
465 4861 678 4916 sursum
709 4876 879 4931 agnus
911 4860 1138 4913 mittitur

429 4953 635 5008 Laxhre
663 4953 832 5022 grutia
852 4952 1086 5007 débitutn
1124 4969 1139 5006 :

426 5044 629 5099 Omnes
653 5059 749 5111 pro
777 5044 1103 5113 indulgentia

429 5139 626 5194 Vocem
649 5138 842 5193 demus
861 5153 984 5193 cum
1007 5137 1295 5207 lachryinis
1325 5157 1338 5191 :

355 5229 606 5286 Secundo
635 5241 693 5284 ut
720 5245 842 5285 cum
873 5229 1105 5296 fulserit,

428 5323 792 5392 Nondumque
823 5324 1012 5375 horror
1033 5321 1256 5376 cinxerit
1283 5338 1295 5387 ;

427 5414 540 5470 Non
573 5431 669 5483 pro
695 5414 847 5470 reatu
880 5416 1080 5484 puniat,

428 5507 531 5562 Sed
563 5508 681 5576 pius
705 5517 834 5560 tunc
857 5521 952 5560 nos
974 5506 1234 5575 prt'itegat.

361 5597 581 5660 Praesta,
615 5598 770 5652 Pater
793 5596 1049 5664 piissime,

430 5690 678 5758 Patrique
706 5705 926 5759 compar
959 5689 1144 5755 Unice,

425 5780 557 5834 Cntu
588 5765 788 5848 Spiritu
822 5782 1090 5836 Paruclito

434 5873 487 5926 lu
513 5872 833 5943 sempiterna
858 5876 1076 5930 smeula.
1108 5877 1296 5929 Anien.

1988 3379 2152 3437 luant,
2186 3369 2327 3424 Deus
2358 3382 2560 3437 n08ler,
2586 3375 2672 3442 qui
2705 3390 2783 3428 es.

2060 3465 2158 3536 13
2183 3462 2334 3518 Dicat
2377 3463 2670 3535 Présbytcr.
2722 3467 2978 3522 Dutninus
3016 3469 3341 3539 sitsemper
3380 3467 3563 3524 vobis-

1979 3569 2125 3610 cum.
2170 3555 2205 3622 ἡ
2229 3595 2244 3608 .
2280 3555 2344 3609 Ει
2372 3571 2514 3610 ιιιιιιι.

2052 3647 2107 3703 lu
2141 3665 2173 3701 ιι
2194 3649 2357 3703 'mine
2387 3648 2596 3704 Durnini
2647 3653 2812 3706 nostri
2843 3650 2971 3709 Jesu
3003 3652 3198 3709 Christi
3229 3653 3572 3722 perﬁciamus

1977 3756 2098 3796 cum
2131 3756 2283 3810 pace.
2333 3743 2366 3809 ii;
2393 3782 2406 3794 .
2437 3743 2545 3797 Deo
2565 3743 2789 3812 gratias.

2048 3833 2169 3888 Fiat
2199 3834 2642 3901 Commeiuora‘tio,
2673 3846 2728 3889 ut
2758 3839 2808 3890 in
2839 3836 2933 3904 fol.
2962 3839 3012 3894 Ι.

2523 3933 2750 3986 SEXTA
2791 3932 3021 3988 FERIA.

2546 4024 2626 4075 Ad
2656 4023 2994 4078 Mattttimtm.

2051 4115 2368 4187 Antipltona.
2400 4115 2456 4170 In
2488 4125 2538 4171 te
2567 4117 2787 4170 conlidit
2812 4117 2987 4172 anima
3028 4132 3141 4173 mea
3171 4135 3184 4171 ς
3213 4126 3266 4173 et
3295 4119 3346 4174 in
3377 4120 3566 4174 umbra

1976 4207 2181 4262 olorum
2241 4210 2448 4263 tuarum
2489 4208 2752 4282 sperabo,
2779 4210 2954 4264 donec
3005 4209 3245 4265 trunseat
3291 4210 3565 4282 iniquitas.

1978 4297 2220 4353 Psolmus
2260 4315 2369 4356 LVI.

2051 4391 2254 4444 Oratio.
2299 4392 2462 4458 Deus,
2496 4391 2588 4445 Dei
2623 4392 2808 4457 Fiiins,
2849 4392 3003 4463 cujus
3045 4393 3098 4448 in
3145 4393 3407 4449 aeternum
3439 4393 3568 4464 pér-

1975 4493 2157 4536 manet
2189 4498 2405 4538 nomen.
2441 4484 2659 4549 lleqnire
2687 4485 2781 4552 fol.
2812 4486 2865 4539 5.

2046 4575 2346 4644 Antiphona
2371 4580 2422 4631 Ι.
2455 4576 2584 4632 Cum
2617 4577 2862 4634 Christus
2889 4579 3196 4648 apparuerit
3229 4579 3333 4635 vita
3362 4591 3564 4638 vestra.

1903 4642 1951 4703 θ
1978 4665 2044 4720 Ρ.
2067 4642 2214 4721 Tunc
2238 4679 2289 4722 et
2316 4685 2408 4724 vos
2436 4670 2760 4738 apparebieis
2786 4685 2905 4724 cum
2925 4642 3049 4739 ipso
3072 4673 3122 4725 in
3149 4672 3340 4736 pluria.
3363 4673 3396 4739 ᾗ
3422 4712 3437 4726 .
3458 4672 3564 4728 Ve-

1978 4755 2115 4823 nite,
2143 4763 2444 4815 exultcnius
2478 4762 2722 4827 D.’mtino,
2754 4762 3046 4831 jubilémus
3078 4763 3187 4818 Deo
3217 4765 3440 4819 salutari
3468 4781 3568 4820 no-

1977 4865 2095 4910 stro
2126 4873 2140 4905 :
2185 4855 2623 4924 prwoccnpemns
2671 4854 2858 4909 [ξιοῐριιι
2891 4854 3008 4924 ejus
3040 4858 3088 4911 in
3119 4858 3477 4920 confessione,
3510 4865 3566 4912 et

1975 4951 2029 5006 in
2061 4951 2279 5020 psalmis
2305 4952 2592 5018 jnbilémns
2623 4952 2696 5004 ei.
2735 4949 2797 5002 Ρ.
2830 4950 2981 5004 Tunc
3017 4960 3071 5004 et
3093 4966 3186 5005 vos
3210 4950 3562 5020 appare'bitis.

1992 5043 2024 5112 ᾗ
2053 5080 2065 5094 .
2102 5040 2306 5103 Gloria,
2340 5052 2392 5095 et
2423 5043 2590 5095 lionur
2620 5043 2779 5095 l‘atri.
2824 5040 2888 5094 Ρ.
2912 5041 3061 5098 Tunc
3091 5053 3147 5098 et
3177 5059 3291 5098 vos.
3554 5107 3558 5112 .

2051 5137 2253 5191 Ortitio.
2320 5137 2564 5191 Salvator
2622 5134 2888 5201 Dutnine,
2953 5139 3041 5205 qui
3101 5138 3151 5190 in
3192 5146 3372 5191 monte
3435 5133 3563 5189 Sion

1976 5231 2296 5299 ascendens,
2322 5230 2648 5299 Redemptor
2674 5230 2856 5285 tnundi
2893 5245 2984 5299 per
3013 5229 3313 5297 susceptam
3344 5242 3560 5301 carnem

1977 5325 2226 5380 ostensus
2269 5341 2358 5389 es;
2410 5325 2573 5378 libera
2615 5323 2867 5392 pupulum
2925 5334 3074 5378 tuum
3109 5321 3267 5375 lsriél
3313 5321 3381 5375 ab
3418 5323 3564 5375 ornni

1978 5417 2382 5486 inquinamento
2425 5417 2674 5484 nequitia:
2705 5433 2718 5469 ε
2755 5428 2831 5480 ιιι,
2865 5418 3018 5484 cujus
3046 5429 3235 5468 nomen
3283 5415 3335 5469 in
3367 5417 3565 5470 mundo

1979 5510 2214 5566 innotuit.
2255 5510 2580 5580 gbwidsum,
2626 5509 2740 5578 ejus
2770 5506 3139 5564 misericordia
3183 5522 3287 5562 non
3335 5510 3566 5577 patiatur

1977 5605 2148 5671 perire
2178 5602 2384 5656 unitnas
2411 5601 2830 5670 redempturutn.
2886 5599 2920 5664 Ii,
2943 5637 2957 5651 .
2989 5601 3172 5653 Amen.

2053 5697 2152 5749 l'er
2182 5693 2606 5748 misericurdiatn
2639 5701 2808 5758 tuam,
2839 5693 2978 5746 Dens
3012 5704 3210 5757 noster,
3243 5694 3332 5764 qui
3373 5707 3433 5746 es
3470 5693 3563 5758 be+

1976 5787 2241 5846 nedictns,
2272 5794 2325 5838 et
2349 5784 2499 5848 vivis,
2529 5793 2582 5837 et
2611 5783 2788 5835 umnia
2829 5783 2992 5854 regis.
3018 5783 3278 5838 Dutninus
3318 5786 3386 5838 sit
3417 5796 3558 5836 sem.

1979 5895 2075 5950 per
2102 5877 2403 5955 vobiscum.
2450 5876 2484 5943 ti}
2509 5914 2522 5928 .
2560 5874 2624 5928 Et
2653 5889 2773 5931 cum
2805 5877 2993 5948 spiritu
3023 5888 3131 5933 tuo.
