4044 6382
1085 393 1206 405 ηιμ-ι..

2971 377 3301 416 κ”“κ·’·δι”

454 454 532 517 v7
1085 397 1206 405 wn
1681 443 2110 504 DREVlARlUM
2148 426 2524 502 conticuit.
2936 397 2990 458 ⁷
3058 397 3068 404 ’
3114 397 3120 403 ’
3170 397 3200 415 “
3247 401 3256 413 ’
3666 441 3737 501 es

536 570 828 640 Antiphone
861 565 916 623 2.
959 563 1366 631 Confortumini,
1400 565 1802 637 pusillunimes:
1833 565 2043 620 confor-
2070 565 2126 623 Δ
2152 562 2172 582 ⁹
2194 571 2250 616 ιιι
2275 575 2492 633 gregem
2523 557 2706 631 populi
2738 559 2844 616 sui.
2889 555 2954 615 P.
2986 557 3228 616 Salvhmt
3257 571 3357 614 nos
3382 555 3661 616 Duutinus.

464 665 673 734 tumini,
699 675 753 722 et
782 665 948 720 nollte
977 663 1163 718 timere
1201 676 1216 714 :
1262 675 1389 716 ecce
1420 661 1559 716 Deus
1580 668 1761 715 vester
1788 659 2046 713 ultionem

462 757 677 812 adducit
721 756 1109 813 retributionis.
1161 752 1230 808 P.
1258 754 1397 809 Deus
1427 755 1542 823 ipse
1568 753 1764 813 veniet,
1797 764 1850 808 et
1874 751 2050 806 salvos

467 864 566 902 nos
596 849 779 904 faciet.
830 850 864 916 y
889 888 904 902 .
935 850 1134 902 Omnes
1161 855 1350 916 gentes
1380 844 1619 915 pluudite
1650 844 1896 898 munibus
1923 860 1936 896 :
1965 843 2052 910 ju-

465 941 630 994 hilate
651 940 760 995 Deo
805 941 855 996 in
882 955 1011 994 vince
1038 939 1400 994 exnitatiénis.
1441 936 1500 990 P.
1526 937 1661 992 Ecce
1690 935 1829 989 Deus
1853 943 2045 988 vester.

479 1032 513 1100 γ
541 1071 556 1085 .
584 1032 791 1099 Gloria,
835 1041 888 1087 et
936 1033 1107 1086 honor
1155 1029 1321 1100 Patri,
1355 1039 1409 1086 et
1448 1029 1607 1095 Filio,
1651 1037 1756 1083 etc.
1811 1024 1879 1078 P.
1913 1026 2050 1080 Deus

468 1123 605 1193 ipse.

543 1214 743 1268 Orcitio.
785 1213 956 1282 Super
987 1223 1220 1267 montem
1251 1211 1520 1266 Adventus
1555 1209 1625 1263 tui
1661 1201 1849 1277 gundia
1877 1214 2053 1263 evan-

473 1305 770 1376 gelizuntes
793 1304 1155 1368 ascendimus,
1195 1304 1320 1358 dum
1354 1304 1407 1356 in
1447 1301 1728 1356 altitudine
1759 1311 1869 1364 tua,
1899 1299 2054 1353 Citri-

467 1403 583 1459 ste,
616 1393 710 1448 Dei
743 1393 943 1459 Filius,
980 1393 1218 1457 fundati;
1263 1408 1354 1456 ea,
1388 1407 1508 1460 quze
1551 1391 1618 1445 de
1658 1399 1710 1445 te
1754 1404 1879 1444 vera
1907 1398 2050 1452 sunt,

463 1481 734 1536 credimus
765 1493 827 1536 ‘et
863 1482 1112 1536 fatemur.
1157 1482 1380 1535 Oremus
1423 1495 1586 1550 ergo,
1629 1489 1712 1544 ut,
1748 1479 1838 1548 qui
1881 1479 1946 1531 ad
1979 1482 2054 1532 la-

463 1568 713 1625 ciondum
733 1570 988 1639 judicium
1009 1585 1068 1625 es
1099 1573 1379 1637 venturus,
1409 1583 1508 1625 nos
1533 1567 1724 1638 ‘éspies
1751 1565 1786 1621 δ
1812 1565 2056 1622 crimini-

468 1659 572 1714 bus
603 1661 824 1715 nostris.
856 1662 1048 1715 Amen.

538 1753 643 1807 Per
671 1752 1117 1821 misericordiam,
1146 1761 1252 1808 etc.

543 1846 832 1916 Antiphon
866 1845 920 1898 5.
962 1845 1103 1900 Ecce
1129 1861 1231 1916 ego
1276 1846 1486 1900 mittam
1516 1844 1671 1899 vobis
1711 1844 1882 1899 Eliam
1913 1831 2048 1898 Pro-

466 1935 708 2007 phetam.
750 1936 820 1993 P.
851 1939 1151 2008 Antequam
1199 1937 1384 1992 veniat
1410 1937 1525 1992 dies
1552 1936 1762 1991 Domini
1805 1949 2047 2006 magnus.
2083 1919 2128 1980 Β

477 2029 514 2098 7
539 2066 555 2083 .
585 2028 781 2084 Audite
827 2029 964 2094 haec,
1007 2044 1197 2084 omnes
1240 2036 1468 2098 gentes:
1501 2029 1722 2082 auribus
1771 2027 2048 2097 percipite,

464 2122 556 2190 qui
586 2121 841 2176 habitatis
868 2122 1076 2177 orbem.
1130 2121 1195 2176 Ρ.
1219 2123 1517 2191 Antequam
1563 2119 1761 2175 veniat.
1823 2119 1855 2188 it
1883 2159 1898 2173 .
1921 2117 2051 2173 Glo-

462 2214 565 2281 ria,
599 2224 652 2270 et
684 2215 857 2270 honor
883 2214 1048 2270 Patri.
1087 2212 1153 2269 Ρ.
1177 2215 1502 2284 Antequam.

539 2306 742 2360 Oratio.
785 2307 926 2362 Deus
960 2305 1118 2361 Pater
1162 2304 1524 2374 omnipotens.
1573 2304 1794 2372 Require
1831 2305 1964 2358 retro
1995 2302 2051 2357 in

462 2398 686 2469 vésperis
715 2397 1119 2468 praecedentibus
1150 2398 1212 2453 de
1235 2397 1269 2449 4
1294 2399 1443 2468 féria,
1472 2398 1568 2467 fol.
1596 2397 1683 2453 i2.

552 2491 590 2559 [ἢ
611 2528 628 2545 .
654 2489 1038 2547 Consolubitur
1061 2505 1159 2546 nos
1184 2489 1444 2546 Dominus
1471 2491 1610 2546 Deus
1636 2499 1838 2545 noster.
1887 2485 1957 2543 P.
1986 2486 2052 2544 Et

465 2580 720 2637 ostendet
748 2581 1174 2638 misericordiam
1206 2597 1368 2653 super
1396 2596 1494 2637 nos
1525 2598 1539 2636 :
1569 2595 1675 2637 non
1718 2581 1865 2636 enim
1899 2581 2054 2635 dere-

467 2674 678 2744 linquet
716 2689 816 2730 nos
862 2675 917 2730 in
956 2677 1135 2730 ﬁnem.
1185 2675 1221 2744 Ῡ
1247 2716 1261 2730 .
1297 2674 1436 2730 Ecce
1467 2673 1728 2729 Dominus
1775 2672 1829 2727 in
1875 2670 2053 2726 modio

465 2765 641 2820 nostri
704 2764 906 2835 veniet,
970 2766 1124 2836 quasi
1191 2780 1303 2832 ros,
1368 2776 1424 2822 et
1488 2765 1630 2821 sicut
1672 2764 1831 2820 stillas
1891 2777 2052 2832 super

467 2857 714 2924 herbam,
741 2868 797 2914 et
823 2874 930 2915 non
969 2859 1223 2916 immittet
1250 2861 1392 2915 ultra
1434 2860 1676 2915 furorem
1713 2869 1902 2923 suum;
1953 2856 2050 2912 sed

466 2949 789 3016 revertetur,
835 2958 891 3007 et
938 2951 1280 3008 miserebitur
1331 2951 1506 3008 nobis.
1557 2951 1625 3006 Ρ.
1670 2950 1740 3005 Et
1780 2948 2048 3005 ostendet.

477 3038 558 3110 ’.
596 3041 821 3110 Gloria,
869 3050 926 3100 et
970 3043 1162 3100 honor.
1209 3043 1497 3100 Reiterétur
1552 3043 1628 3111 ii).
1673 3039 2053 3098 Consolabitur

465 3145 590 3190 nos.

1068 3223 1135 3281 In
1158 3225 1443 3282 Laudibus.

537 3315 618 3370 Ad
655 3315 942 3371 Cdmict'm.
1003 3316 1325 3386 Antiphone.
1364 3317 1601 3373 Salvubit
1651 3332 1749 3374 nos
1795 3315 2052 3376 Dominus

469 3405 613 3466 Deus
643 3418 826 3465 noster
857 3409 914 3464 in
950 3408 1038 3463 die
1067 3409 1191 3474 illa;
1224 3417 1283 3464 nt
1309 3424 1525 3480 gregem
1556 3410 1741 3482 populi
1767 3410 1873 3467 sui.

917 3501 1185 3556 comicum
1222 3501 1468 3571 (Zachar.
1501 3505 1604 3570 Ix).

540 3593 734 3647 Exulta
765 3592 898 3648 satis
923 3591 1026 3646 ﬁlia
1058 3592 1208 3658 Sion,
1242 3592 1460 3661 ‘jubila
1493 3593 1856 3648 Hierusalem:

538 3684 679 3739 Ecce
709 3683 822 3739 Rex
859 3692 980 3739 tuus
1007 3681 1185 3738 vc'niet
1216 3682 1309 3738 tibi
1330 3683 1581 3753 "justus,
1607 3692 1660 3738 et
1679 3684 1948 3738 salvétor:

539 3777 657 3843 lpse
697 3790 925 3845 pauper,
960 3775 1261 3831 ascendens
1287 3790 1450 3846 super
1475 3775 1701 3840 asinam,
1734 3776 1766 3810 "
1796 3785 1851 3830 et
1892 3789 2056 3846 super

464 3867 668 3936 pullum
700 3868 866 3921 lilium
897 3867 1085 3921 asinae.

538 3958 605 4012 Et
624 3957 930 4026 dispérdam
960 3957 1274 4029 quadrigam
1305 3957 1585 4028 Ephra‘im,
1615 3960 1646 3994 ⁸
1675 3967 1731 4014 et
1762 3973 1956 4028 equum
1986 3958 2055 4014 de

466 4049 830 4115 Hierusalem,

538 4141 608 4196 Et
647 4140 998 4211 dissipabitur
1040 4154 1200 4196 arcus
1227 4140 1354 4197 belli
1387 4157 1402 4196 :
1447 4141 1477 4177 ‘
1510 4151 1567 4199 et
1595 4141 1841 4212 loquetur
1869 4157 2053 4213 pacem

465 4231 736 4303 gentibus,

540 4327 608 4381 Et
628 4325 867 4398 potestas
895 4341 1013 4396 ejus
1042 4341 1072 4381 a
1098 4342 1232 4382 mart
1265 4342 1432 4398 usque
1460 4329 1526 4383 ad
1555 4342 1734 4396 mare;
1757 4330 1788 4364 “
1816 4319 1870 4385 et
1898 4328 1928 4383 it
1957 4328 2054 4384 llu-

465 4421 702 4478 minibus
732 4437 899 4492 usque
926 4422 989 4476 ad
1020 4422 1154 4478 ﬁnes
1189 4432 1368 4478 teme.

392 4510 398 4586 l
538 4514 618 4569 Tu
665 4531 876 4586 quoque
922 4517 974 4570 in
1017 4515 1280 4586 sanguine
1347 4517 1653 4573 testamenti
1703 4520 1778 4574 tul
1823 4517 2053 4575 emisisti

467 4607 678 4662 vinctos
707 4616 826 4662 tuos
852 4607 919 4660 de
951 4609 1088 4671 lacu,
1112 4610 1144 4643 ³⁵
1174 4609 1226 4662 in
1258 4624 1364 4678 quo
1395 4623 1501 4664 non
1532 4620 1615 4665 est
1643 4625 1800 4679 aqua.

2084 4653 2136 4713 D

2222 656 2424 722 Gloria,
2458 665 2513 712 et
2535 656 2705 710 honor
2728 655 2892 724 Patri,
2923 663 2978 711 et
3000 654 3158 723 Filio,
3188 661 3243 711 et
3262 651 3482 724 Spiritui
3507 653 3732 710 Sancto.

2223 748 2371 804 Sicut
2397 758 2530 812 erat,
2554 757 2659 802 etc.

2227 839 2291 894 P.
2326 840 2566 897 Salvhbit
2595 855 2710 894 nos.

2226 933 2640 987 Jlalulinairium.
2695 931 3008 1002 Antlpltoua.
3055 930 3326 986 Illuminas
3376 940 3432 986 tu
3473 929 3739 986 mirabilis

2153 1023 2183 1077 ὸ
2207 1024 2478 1078 montibus
2508 1023 2728 1080 :ntérnis
2757 1041 2771 1076 :
2803 1024 2998 1077 turbini
3027 1039 3210 1078 sumus
3247 1037 3433 1078 onmes
3473 1022 3739 1091 insipien-

2155 1124 2235 1172 tes
2265 1117 2448 1172 corde.
2498 1119 2531 1187 ᾖ
2558 1158 2571 1171 .
2621 1117 2790 1172 Notus
2823 1120 2873 1171 in
2901 1119 3084 1172 Judzea
3126 1118 3264 1174 Deus
3299 1136 3313 1173 :
3346 1117 3398 1172 in
3432 1117 3593 1172 lsraél
3622 1132 3741 1171 ma-

2153 1225 2316 1278 gnum
2368 1227 2560 1264 nomen
2589 1212 2726 1278 ejus.
2780 1209 2846 1263 P.
2880 1209 3154 1265 Illuminas
3210 1221 3264 1265 tu
3303 1210 3405 1282 15.
3447 1209 3739 1266 mirabilis.

2169 1303 2243 1373 y.
2270 1301 2476 1366 Gloria,
2512 1315 2567 1356 et
2601 1304 2770 1356 honor
2797 1303 2962 1357 Patri.
2996 1302 3061 1356 Ρ.
3095 1303 3368 1356 "luminas
3401 1313 3478 1356 tu.

2225 1390 2428 1444 Lauda.
2457 1391 2694 1447 Laudare
2718 1392 3001 1446 Duntinum
3029 1393 3080 1445 in
3102 1393 3300 1447 sanctis
3321 1393 3438 1462 ejus
3461 1408 3478 1448 ε
3499 1392 3737 1460 alleluia,

2153 1487 2388 1542 alleluia.
2444 1486 2678 1541 Laudine
2727 1502 2848 1541 eum
2895 1487 2948 1542 in
2981 1485 3321 1541 ﬁrmamento
3352 1487 3565 1540 virtutis
3596 1485 3736 1556 ejus,

2153 1581 2389 1637 alleluia.
2419 1581 2655 1634 Psalmus
2681 1595 2766 1634 CL.

2229 1670 2532 1742 Prophelia.
2590 1671 2712 1733 Fili,
2745 1672 2833 1740 qui
2881 1669 3030 1724 audit
3055 1683 3164 1733 me,
3219 1683 3324 1723 non
3356 1667 3738 1722 conlundétur.

2155 1767 2376 1837 Require
2403 1768 2537 1821 retro
2560 1765 2653 1834 fol.
2679 1767 2732 1820 7.
2757 1765 3020 1836 Hymnus.
3052 1762 3167 1817 Vox
3187 1763 3330 1817 clara
3354 1776 3483 1816 ecce
3512 1762 3739 1814 intonat.

2159 1861 2377 1932 Require
2405 1861 2458 1914 in
2485 1858 2724 1926 Vésperis
2751 1857 2785 1910 4
2815 1857 2945 1927 féria
2986 1856 3081 1925 fol.
3108 1854 3196 1908 12.
3232 1852 3578 1922 Supplicdtio.
3609 1852 3744 1905 Ore.

2155 1969 2278 2010 mus
2300 1952 2715 2021 Redemptorem
2756 1949 2939 2004 mundi
2964 1947 3247 2002 Dominum
3285 1955 3527 2000 nostrum
3555 1943 3742 2000 Iesum

2155 2045 2452 2104 Christum.
2479 2043 2698 2113 Require
2727 2043 2818 2112 fol.
2843 2040 2901 2094 2.

2232 2135 2495 2206 Capitula.
2545 2133 2770 2188 Domine
2815 2132 3090 2194 virtutum,
3137 2128 3410 2184 orationes
3461 2128 3742 2183 servOrum

2158 2228 2369 2282 taurum
2405 2225 2642 2296 placitus
2669 2222 2873 2290 uccipe,
2905 2231 2960 2278 et
3001 2219 3128 2290 quid
3175 2235 3272 2274 nos
3301 2221 3455 2274 orare
3503 2220 3740 2288 Oportet,

2157 2317 2380 2388 dignare
2400 2315 2700 2370 monstrare
2725 2329 2738 2366 :
2763 2314 2966 2381 eosque
2988 2309 3306 2365 (eterniwtis
3329 2309 3450 2365 cibo
3473 2309 3740 2374 conlurta,

2157 2421 2296 2476 quos
2326 2405 2476 2474 panis
2509 2403 2902 2474 lachrymarum
2934 2401 3218 2455 conturbat
3246 2417 3258 2452 :
3292 2410 3348 2454 et
3377 2409 3485 2454 tam
3520 2399 3744 2454 miseru-

2159 2495 2250 2552 bili
2285 2495 2410 2550 ﬁetu
2441 2493 2661 2548 ﬁumina
2693 2492 3086 2563 lachrymhrum
3111 2489 3251 2545 oculi
3275 2489 3462 2555 ﬂuant,
3494 2500 3554 2544 ut
3580 2489 3744 2543 mise-

2159 2591 2428 2644 rationum
2459 2589 2671 2640 tuarum
2701 2585 2911 2654 copiam
2942 2583 3256 2640 criminibus
3285 2581 3434 2638 elisis
3466 2582 3744 2652 implecta-

2159 2695 2317 2736 mur:
2345 2679 2541 2750 quique
2566 2677 2943 2746 Redemptoris
2987 2679 3154 2732 nostri
3211 2675 3526 2731 Adventum
3581 2676 3742 2744 pave-

2159 2787 2280 2827 mus
2305 2813 2321 2838 ,
2366 2770 2484 2841 ejus
2527 2770 2823 2841 gloriosum
2875 2769 3223 2840 conspectum
3264 2769 3380 2839 ipso
3423 2767 3744 2824 adveniente

2159 2862 2560 2938 pacatissimam
2583 2861 3035 2933 contemplemur.

2229 2953 2389 3009 Pater
2417 2962 2625 3009 noster.

2229 3045 2276 3101 Α
2307 3044 2448 3100 malo
2481 3059 2578 3099 nos
2607 3044 2795 3100 libera.
2825 3043 3046 3113 Require
3073 3045 3168 3114 fol.
3200 3043 3288 3099 10.
3557 3105 3576 3118 ,

2229 3137 2434 3192 Lauda.
2468 3137 2610 3194 Deus
2636 3135 2918 3194 manifeste
2960 3137 3160 3192 veniet.
3209 3139 3306 3206 fol.
3336 3136 3391 3193 8.
3421 3135 3738 3193 Benedictio.

2159 3229 2488 3300 Redemptor
2522 3239 2705 3285 noster
2730 3239 2787 3286 et
2815 3230 3092 3285 Dominus.
3124 3229 3221 3299 fol.
3257 3227 3346 3283 l2.

2228 3322 2287 3378 in
2315 3321 2534 3378 nomine
2562 3321 2797 3377 Domini.
2855 3322 2892 3390 ἢ
2914 3360 2928 3374 .
2958 3321 3069 3377 Deo
3093 3320 3316 3392 gratias.

2229 3413 2352 3468 Fiat
2381 3416 2795 3469 commemoratio
2824 3414 2918 3485 fol.
2956 3415 3008 3469 1.

2156 3503 2222 3561 ιιι
2261 3503 2580 3561 SECUNDO
2621 3502 2943 3569 DOMINICO
2984 3503 3072 3558 DE
3113 3501 3437 3560 ADVENTU
3478 3493 3738 3558 DOMINI.

2751 3599 2830 3652 Ad
2875 3597 3148 3666 Vesperas.

2230 3688 2434 3744 Lauda.
2483 3689 2528 3744 A
2568 3688 2700 3744 solis
2737 3701 2856 3745 ortu
2903 3705 3092 3760 usque.
3147 3689 3346 3744 Oratio.
3379 3689 3542 3756 Deus,
3593 3690 3747 3760 cujus

2157 3795 2375 3836 nomen.
2409 3780 2628 3850 Require
2655 3781 2747 3850 fol.
2781 3783 2833 3835 1.

2233 3873 2393 3930 Sono.
2425 3872 2679 3930 Alleluia.
2723 3871 3049 3929 Gaudébunt
3073 3875 3270 3942 campi,
3303 3884 3358 3929 et
3387 3873 3592 3940 omnia,
3623 3886 3747 3942 qua:

2159 3969 2214 4023 in
2244 3967 2326 4023 eis
2352 3975 2496 4021 sunt.
2531 3966 2681 4022 Tunc
2722 3966 3040 4022 exultubunt
3079 3967 3259 4022 omnia
3311 3967 3452 4036 ligna
3485 3968 3747 4022 silvarum

2157 4068 2282 4116 ante
2332 4058 2522 4115 lociem
2567 4058 2798 4114 Domini.
2849 4058 2919 4113 Ρ.
2947 4059 3212 4125 Quoniam
3258 4060 3400 4114 venit
3447 4076 3458 4111 :
3503 4058 3745 4113 alleluia.

2173 4152 2207 4220 7
2231 4188 2248 4206 .
2277 4151 2502 4206 Caritate
2542 4149 2770 4204 Domino
2813 4150 3079 4205 canticum
3128 4164 3324 4204 novum
3356 4167 3367 4202 :
3394 4151 3608 4204 cantate
3637 4149 3750 4202 Du-

2159 4243 2307 4297 mino
2347 4241 2524 4298 omnis
2581 4253 2746 4296 terra.
2805 4240 3028 4296 Psallite
3060 4241 3190 4305 Deo,
3223 4250 3279 4296 et
3308 4240 3612 4296 benedicite
3642 4254 3750 4295 no-

2157 4347 2282 4388 men
2339 4331 2500 4401 ejus:
2546 4331 2870 4387 annuncihte
2919 4331 3062 4387 inter
3109 4341 3300 4401 gentes
3328 4330 3556 4401 gloriam
3601 4329 3744 4402 ejus.

2159 4425 2229 4480 ι).
2259 4426 2522 4494 Quoniam
2548 4427 2694 4480 venit
2717 4440 2733 4480 :
2759 4425 2995 4480 alleluia.

2239 4516 2391 4572 Dicat
2420 4517 2713 4587 Présbyter.
2747 4515 3008 4572 Dominus
3034 4515 3105 4570 sit
3131 4529 3364 4584 semper.
3402 4514 3441 4582 ἡ
3461 4551 3477 4568 .
3506 4514 3572 4568 Et
3599 4527 3748 4569 cum.

2230 4610 2547 4678 Antlplwna.
2595 4609 2734 4665 Ecce
2759 4608 3087 4666 revelabitur
3125 4607 3296 4678 gloria
3326 4605 3537 4661 Domini
3561 4604 3754 4660 Genti-

541 4698 932 4754 Convertimini
968 4699 1032 4752 ad
1067 4698 1418 4753 munitidnem
1448 4701 1608 4755 vincti
1653 4702 1798 4771 spei;
1836 4702 1864 4735 ⁸⁵
1893 4701 2053 4758 hodie
2084 4698 2132 4713 ”’
2162 4705 2278 4761 bus.
2307 4703 2375 4759 Ρ.
2403 4705 2470 4760 Ει
2497 4703 2703 4760 videbit
2727 4704 2901 4760 omnis
2926 4717 3074 4769 caro,
3097 4703 3240 4772 quod
3263 4717 3326 4757 os
3357 4701 3571 4756 Domini
3598 4701 3755 4755 locus

467 4803 681 4861 quoque
707 4791 1041 4845 adnuncians
1065 4789 1296 4858 duplicia
1326 4791 1545 4846 reddam
1575 4792 1695 4848 tibi.

540 4882 803 4948 Quoniam
853 4881 1069 4938 exte’ndi
1119 4881 1249 4937 mihi
1280 4881 1471 4937 ludam
1504 4882 1658 4952 quasi
1703 4899 1909 4950 arcum,
1959 4886 2054 4940 im-

468 4974 618 5046 plevi
669 4975 923 5046 Ephraim
951 4994 962 5030 :
987 4976 1018 5010 *
1044 4984 1099 5032 et
1125 4975 1397 5032 suscitabo
1429 4975 1562 5032 ﬁlios
1591 4988 1712 5034 tuos
1741 4979 1869 5035 Sion
1897 4994 2057 5050 super

471 5072 608 5127 ﬁlios
639 5079 760 5126 tuos
783 5067 1026 5125 Grzecia:

544 5165 610 5219 Et
638 5175 830 5233 ponam
859 5171 912 5217 te
936 5162 1086 5234 quasi
1113 5161 1349 5230 gludium
1377 5161 1626 5219 fortium.
1648 5165 1676 5199 “
1703 5163 1769 5219 Et
1799 5163 2057 5222 Dominus

473 5257 615 5314 Deus
641 5272 804 5326 super
837 5271 931 5311 eos
962 5256 1255 5322 videbitur;

548 5351 615 5406 Et
641 5350 804 5406 exibit
837 5358 905 5404 .ut
946 5349 1144 5419 fulgur,
1185 5350 1426 5419 jaculum
1476 5351 1592 5420 ejus
1621 5367 1635 5405 :
1663 5351 1683 5374 ‘
1711 5359 1766 5406 et
1797 5352 2056 5408 Dominus

475 5443 618 5498 Dens
647 5441 701 5496 in
733 5443 858 5498 tuba
887 5451 1066 5506 canet,
1094 5451 1145 5497 et
1175 5442 1334 5498 vadet
1363 5443 1415 5498 in
1448 5444 1660 5498 turbine
1685 5445 1886 5499 Austri.

548 5532 806 5589 Dominus
834 5534 1165 5589 exercituum
1191 5534 1437 5605 proteget
1465 5549 1559 5590 eos
1594 5553 1605 5586 :
1639 5543 1693 5591 et
1719 5536 2054 5593 devorabunt

475 5632 551 5689 te,
579 5632 634 5680 et
660 5624 946 5694 subjicient
970 5627 1237 5694 lapidibus
1270 5626 1447 5682 funda:
1473 5645 1486 5680 :
1513 5629 1531 5648 '
1559 5637 1615 5682 et
1654 5626 1899 5683 bibentes
1930 5630 2055 5684 ine-

474 5715 813 5787 briabuntur,
842 5721 994 5790 quasi
1024 5721 1052 5776 a
1080 5721 1204 5779 vino
1265 5731 1321 5778 et
1367 5721 1720 5791 replcbuntur
1748 5733 1805 5779 ut
1834 5723 2050 5791 phialze,

475 5819 531 5864 et
556 5813 706 5881 quasi
736 5829 902 5869 cornu
932 5813 1139 5872 altaris.

548 5903 617 5958 Et
647 5905 870 5964 sanabit
909 5921 1004 5967 eos
1034 5907 1286 5971 Dominus
1321 5910 1460 5972 Dens
1489 5913 1676 5972 cOrum
1726 5914 1776 5972 in
1817 5913 1900 5971 die
1944 5913 2053 5987 illa,

2159 4807 2270 4852 tum
2294 4806 2398 4852 est.
2447 4797 2480 4864 ᾗ
2508 4836 2519 4848 .
2550 4796 2691 4851 Deus
2722 4793 3009 4850 manifesto
3037 4793 3212 4850 veniet
3233 4833 3247 4857 ,
3288 4802 3342 4849 et
3366 4793 3510 4848 Deus
3539 4802 3751 4854 noeter,

2159 4897 2214 4944 et
2242 4904 2348 4944 non
2375 4888 2574 4942 silebit.
2611 4885 2677 4940 P.
2705 4886 2772 4941 Et
2800 4886 3020 4942 videbit.
3054 4883 3123 4940 Ρ.
3153 4870 3336 4941 Gloria
3367 4894 3423 4940 ct
3448 4885 3620 4939 honor
3645 4883 3756 4939 Pa-

2162 4981 2249 5036 tri.
2298 4981 2330 5050 ᾖ
2358 5018 2372 5034 .
2406 4979 2474 5034 Et
2501 4980 2723 5035 videbit.

2233 5071 2433 5127 Lauda.
2469 5071 2725 5126 Dominus
2750 5070 2893 5126 enim
2931 5070 3082 5125 dabit
3108 5068 3539 5125 benedictionem
3569 5064 3749 5120 :alle-

2162 5163 2290 5218 Iuia.
2325 5162 2387 5220 1’.
2429 5163 2496 5218 Et
2527 5173 2667 5218 terra
2699 5172 2880 5218 nostra
2920 5160 3072 5218 dabit
3115 5161 3344 5217 fructum
3375 5175 3531 5215 suum
3559 5176 3574 5211 :
3606 5158 3755 5220 alle-

2161 5254 2292 5320 luia,
2328 5253 2565 5309 alleluia.
2612 5254 2646 5322 7
2673 5293 2687 5308 .
2719 5253 3102 5309 Verumtamen
3137 5251 3302 5323 prope
3341 5251 3591 5306 timentes
3622 5263 3752 5305 eum

2159 5349 2394 5405 salutare
2444 5350 2631 5417 ipsius,
2665 5357 2723 5402 ut
2765 5347 3032 5402 inhubitet
3073 5346 3126 5399 in
3159 5355 3301 5400 terra
3342 5355 3546 5400 nostra.
3579 5341 3649 5396 Ρ.
3680 5341 3755 5397 Et

2161 5449 2324 5497 terra.
2371 5441 2404 5509 Ῡ
2433 5479 2444 5493 .
2473 5439 2674 5507 Gloria,
2705 5448 2759 5494 et
2784 5439 2957 5494 honor
2979 5438 3144 5492 Patri.
3179 5436 3247 5491 P.
3279 5435 3346 5491 Et
3375 5446 3539 5491 terra.

2229 5535 2490 5606 Hymnus.
2521 5533 2721 5590 Christi
2749 5533 2984 5590 caterva.
3018 5531 3364 5602 Supplicdtio.
3389 5527 3618 5584 Oremus
3645 5525 3755 5580 Re-

2159 5626 2493 5696 demptt‘irem
2525 5625 2727 5680 mundi.
2760 5625 2978 5695 nequire
3003 5624 3141 5680 retro
3179 5623 3234 5676 in
3268 5621 3365 5692 fol.
3409 5621 3433 5673 1
3471 5628 3517 5675 et
3544 5618 3602 5672 2.
3642 5613 3751 5671 Ca-

2164 5722 2346 5788 pitula.
2399 5720 2561 5788 Deus,
2595 5720 2679 5774 cui
2707 5720 2886 5775 omnis
2935 5727 3100 5773 terra.
3133 5716 3318 5782 Quare
3345 5713 3442 5785 fol.
3471 5711 3562 5766 i2.
3588 5709 3755 5766 Pater

2165 5826 2366 5872 noster.
2397 5815 2632 5872 Liberuti
2675 5816 2704 5869 ξι
2734 5816 2895 5871 malo.
2925 5815 3020 5884 fol.
3054 5812 3106 5867 2.

2238 5909 2550 5966 Bona-fictio.
2597 5909 2758 5975 Deus,
2789 5908 2882 5965 Dei
2912 5908 3084 5965 Patris
3116 5905 3303 5976 Filiu=,
3335 5908 3423 5975 qui
3457 5904 3580 5961 olim
3607 5900 3752 5959 P10-
