4044 6382
320 374 387 431 oo
1236 364 1243 368 ’
1398 380 1717 442 nummos
1761 385 1804 441 ιι
1844 381 2209 443 navemus
2247 386 2490 444 omnm.
3511 403 3575 471 rc

297 460 599 560 ipltelﬁrltm
648 495 902 550 vaticinio
947 495 1000 550 in
1046 509 1207 551 carne
1237 497 1526 566 praedictus
1571 513 1631 553 es
1668 500 1901 554 nascito-
1931 496 1981 556 Α
2008 497 2261 552 νὶῐιθιυιη
2286 514 2305 554 ι
2327 497 2581 555 εοηνέτιο
2608 513 2728 567 008,
2770 508 2826 557 οι
2864 501 3086 561 οεῑέιιάθ
3108 504 3298 562 ῐέιοὶθω
3329 518 3494 578 tuam,
3523 530 3578 570 et

317 599 431 651 rus,
462 583 732 639 nascentia
764 585 817 639 in
847 599 946 639 nos
971 585 1222 639 virtutum
1246 586 1584 643 corrobores.
1605 588 1644 657 [ἦ
1666 626 1681 641 .
1707 588 1894 643 Amen.

2002 588 2132 644 salvi
2161 588 2361 646 ér'imus
2386 606 2399 643 :
2424 606 2529 661 quo
2557 592 2846 661 praebente,
2869 593 3044 665 dignze
3080 599 3405 666 pmniténtize
3430 604 3577 661 dono

318 676 573 743 Quosque
614 674 874 747 mySIerio
917 678 1302 733 incarnationis
1344 693 1457 734 suae
1492 680 1769 749 adoptavit
1793 680 1896 736 sibi
2001 680 2307 749 puriﬁcati.
2364 682 2418 738 in
2478 691 2569 739 tuo
2623 686 2927 743 mercemur
2990 688 3181 746 adesse
3226 690 3451 762 judicio.
3495 696 3573 764 ἡ.

298 766 369 833 ,ἰιι
401 766 562 833 ﬁlios,
596 782 699 821 non
733 768 959 836 patiatur
984 783 1278 837 quosquam
1316 768 1348 823 ἐι
1388 784 1449 825 se
1488 769 1628 826 éllici
1667 770 1896 826 alienos.

296 932 303 941 .
330 857 369 925 ἢ
399 895 413 910 .
440 860 630 913 Amen.
674 858 742 914 Ut
769 858 1043 928 gaudium,
1069 861 1208 931 quod
1236 860 1522 931 aliquando
1549 863 1617 918 de
1646 863 1767 933 ‘ejus
1793 863 1897 920 ﬁde

316 948 600 1012 sinnimus,
630 963 722 1016 per
748 948 1135 1005 exhibitiénem
1167 950 1388 1020 operum
1420 954 1681 1006 bonorum
1709 952 1893 1007 muttit

318 1038 508 1105 plicius
536 1041 889 1094 cumulemus.
928 1042 964 1108 ἢ
989 1080 1002 1095 .
1027 1044 1215 1095 Amen.
1247 1042 1348 1096 Per
1377 1042 1821 1098 misericordiam.

2000 770 2193 827 Amen.

2069 860 2172 915 Per
2201 861 2618 919 misericordiam
2651 873 2816 931 tuam,
2845 876 2951 925 etc.

2067 951 2361 1019 Antipliona
2387 953 2441 1009 5.
2485 954 2639 1023 Veni,
2688 957 2933 1023 Domine.
2979 969 3035 1016 et
3074 961 3183 1017 noli
3213 964 3570 1026 tardArezre-

2000 1040 2124 1097 taxa
2156 1043 2394 1100 facinora
2424 1047 2565 1117 plebi
2609 1059 2734 1105 ture.
2778 1048 2846 1105 P.
2880 1051 2946 1105 Et
2994 1051 3187 1108 revoca
3216 1053 3489 1125 disporsos
3516 1059 3573 1116 in

390 1127 593 1183 Lauda.
652 1129 791 1185 Deus
841 1147 1105 1197 summus,
1159 1133 1413 1188 terribilis
1468 1150 1627 1204 super
1677 1143 1891 1192 omnem
1996 1141 2195 1187 terram
2244 1150 2418 1190 suam.
2476 1138 2551 1206 7.
2600 1138 2745 1194 Deus
2801 1142 3076 1208 virtutum,
3117 1144 3371 1201 converte
3425 1162 3569 1214 nos,

316 1230 512 1274 terram
540 1237 555 1274 :
588 1221 817 1276 alleluia.
860 1222 926 1278 P.
954 1224 1195 1294 Snbjécit
1223 1224 1447 1293 populos
1474 1227 1646 1291 nobis,
1676 1239 1729 1283 et
1756 1244 1890 1299 gen-

294 1301 396 1366 'tes
437 1312 536 1366 sub
562 1312 787 1382 pedibus
832 1317 1049 1371 nostris.
1081 1316 1150 1369 P.
1195 1317 1366 1390 Elegit
1416 1334 1515 1374 nos
1542 1321 1888 1377 hereditAtem

314 1402 437 1467 sibi,
468 1419 628 1471 quam
654 1404 844 1461 dilexit
874 1423 887 1458 :
912 1408 1147 1473 alleh’ria,
1172 1408 1403 1466 alleluia.
1438 1410 1473 1479 ᾗ
1497 1450 1514 1465 .
1544 1412 1739 1468 Omnes
1760 1429 1890 1483 gen-

320 1504 418 1558 tes,
450 1495 682 1563 plaudite
721 1498 968 1554 monibns
1000 1512 1016 1554 :
1054 1500 1275 1567 iubilate
1302 1503 1409 1556 Deo
1437 1504 1489 1557 in
1518 1519 1651 1560 voce
1676 1507 1885 1560 exulta-

1993 1228 2217 1283 ostende
2246 1229 2439 1285 faciem
2471 1240 2639 1297 tuam,
2669 1241 2723 1287 et
2749 1233 2884 1289 salvi
2906 1235 3125 1292 erimus.
3156 1236 3223 1291 Ρ.
3255 1238 3321 1293 Et
3347 1238 3567 1303 revoca.

2006 1317 2041 1388 ᾗ
2066 1360 2081 1375 .
2108 1319 2311 1390 Gloria,
2341 1331 2397 1377 et
2426 1323 2596 1377 honor
2641 1324 2806 1378 Patri.
2844 1324 2912 1380 P.
2941 1327 3007 1382 Et
3052 1327 3241 1385 revoca
3269 1329 3564 1400 dispersos.

2063 1409 2262 1465 Oratio.
2309 1412 2466 1478 Veni,
2508 1413 2731 1471 Domine
2752 1456 2767 1480 ,
2795 1417 2905 1472 noli
2956 1419 3168 1476 tardare
3189 1458 3207 1486 ,
3235 1420 3413 1477 relitxa
3452 1422 3569 1492 jam

1994 1500 2229 1558 facinora
2261 1504 2434 1573 plebis
2462 1514 2566 1560 tua:
2588 1535 2607 1573 δ
2632 1516 2689 1561 ut
2729 1507 3112 1578 dispersidnem
3142 1521 3378 1568 nostrain
3407 1514 3457 1569 in
3495 1530 3566 1568 tt:-

323 1585 499 1641 tionis.
556 1586 624 1641 P.
668 1588 907 1656 subjecit
948 1592 1194 1663 populus.
1239 1594 1275 1663 ᾗ
1300 1632 1315 1649 ,
1351 1595 1531 1651 Gloria
1554 1639 1571 1660 ,
1625 1607 1679 1655 ει
1716 1598 1886 1657 bono;-
1988 1591 2153 1648 térnis
2181 1594 2387 1663 gaudiis
2414 1596 2537 1651 dum
2570 1600 2893 1666 expectatis,
2920 1603 3205 1657 convertas
3243 1604 3311 1658 ad
3355 1614 3559 1676 votum,

290 1656 486 1731 'Patri.
518 1676 585 1733 I’.
617 1679 792 1750 Elegit
821 1698 937 1737 nos.

1988 1684 2343 1755 occurrasque
2375 1686 2527 1742 nobis
2567 1688 2632 1741 ad
2652 1687 2910 1757 judicium
2938 1691 3007 1745 ad
3049 1693 3413 1749 subventiOnis
3438 1709 3562 1763 om:

387 1766 585 1823 omne.
634 1770 803 1839 Deus,
846 1774 934 1843 qui
982 1775 1263 1833 manifeste
1291 1788 1568 1839 venturus.
1620 1783 1871 1850 Quarein

1989 1774 2219 1831 nimodte
2245 1778 2715 1848 complementum.
2761 1782 2798 1850 ti]
2821 1820 2837 1836 .
2866 1783 3059 1839 Amen.

310 1857 582 1918 Hatulinis
609 1866 944 1935 sequentibus.

287 1936 297 1945 ’
873 1959 953 2012 Ad
983 1958 1321 2019 Matutinum.

385 2044 645 2115 Hymnus.
675 2047 902 2105 Aitérne
928 2066 1100 2107 rerum
1129 2052 1399 2110 conditor.
1427 2056 1521 2126 fol.
1545 2057 1598 2113 3.

391 2135 896 2195 0rdtio.&2térnum
924 2151 977 2197 te
994 2142 1291 2213 Dominum,
1325 2149 1611 2218 rerumque
1643 2148 1880 2207 omnium

1910 1838 1962 1899 Β
2057 1865 2161 1921 Per
2187 1838 2609 1924 misericordiam
2639 1838 2805 1935 tuam,
2834 1877 2937 1926 etc-

2071 1955 2108 2019 ἡ
2132 1994 2146 2009 .
2182 1956 2305 2012 llaec
2327 1957 2459 2014 dicit
2483 1958 2739 2015 Dominus
2766 1977 2781 2014 :
2812 1960 3094 2017 Suscith
3113 1963 3262 2018 vobis
3283 1964 3563 2022 Pastorem

1985 2046 2053 2102 de
2080 2048 2384 2103 civitatibus
2411 2049 2572 2115 ludit,
2595 2060 2649 2107 et
2683 2051 2923 2121 regnabit
2950 2054 3243 2123 vobiscum,
3276 2056 3412 2111 sicut
3436 2073 3565 2119 cum,

1980 2139 2231 2209 potribus
2269 2142 2483 2197 vestris.
2512 2140 2580 2196 P.
2623 2143 2692 2199 Et
2735 2143 3075 2200 miserébitur
3118 2155 3272 2202 terrae
3322 2161 3434 2201 suae
3464 2157 3558 2212 ,et

310 2227 674 2295 conditorem,
722 2234 1035 2289 cunctérum
1088 2252 1188 2292 vox
1229 2240 1373 2294 canit
1401 2240 1658 2310 ﬁdelium,
1707 2246 1796 2313 qui
1826 2254 1871 2301 el

1979 2228 2089 2299 jam
2122 2246 2230 2285 non
2278 2230 2428 2287 éritis
2458 2232 2511 2287 in
2558 2232 2825 2287 tristitiam
2871 2232 3117 2303 amplids.
3166 2236 3239 2306 Ῡ.
3288 2237 3425 2292 Ecce
3450 2236 3556 2293 Do-

302 2327 488 2373 certos
538 2321 830 2390 temporum
871 2324 1065 2383 limites
1092 2330 1207 2400 ligis
1235 2342 1290 2387 et
1321 2345 1521 2400 metas,
1552 2338 1746 2406 quibus
1772 2353 1880 2395 nox

298 2414 638 2483 secernatur,
671 2426 723 2470 et
752 2415 885 2484 dies,
924 2422 1128 2476 aeterna
1162 2423 1281 2492 lege
1309 2425 1609 2483 constituis.
1640 2430 1879 2500 Abyssus

296 2501 500 2559 étenim
544 2505 819 2576 sapientia":
861 2518 984 2579 tute,
1017 2522 1075 2567 ut
1121 2515 1427 2571 mortalium
1475 2520 1680 2576 levaret
1729 2522 1877 2580 fasti,

297 2596 481 2661 dium,
531 2596 677 2653 aliud
720 2600 889 2657 labori
919 2604 1204 2676 concessit,
1235 2608 1382 2665 aliud
1411 2612 1578 2681 quieti
1620 2615 1873 2672 servavit.

299 2687 501 2742 Przesta
532 2704 682 2759 ergo,
724 2694 1066 2765 omnipotens
1098 2698 1260 2766 Deus,
1304 2709 1363 2755 ut
1396 2718 1549 2760 mens
1594 2721 1734 2776 aegra
1780 2723 1877 2762 so-

299 2794 454 2848 pore,
481 2780 606 2836 dum
635 2783 779 2852 gallo
826 2788 1053 2846 eanénte
1089 2791 1426 2862 admonetur,
1452 2796 1705 2855 alacriter
1743 2814 1877 2855 cur-

299 2885 425 2926 rens
454 2874 519 2926 ad
550 2890 700 2943 spem
730 2878 915 2935 rédeat
955 2881 1112 2949 locis,
1144 2895 1199 2940 et
1225 2887 1485 2953 primitias
1510 2889 1685 2946 diurni
1726 2891 1876 2950 labo-

286 2962 372 3025 ris
396 2963 448 3017 in
483 2964 586 3020 tuis
608 2979 819 3037 semper
846 2971 1121 3042 impendat
1148 2974 1364 3034 ofﬁciis.
1410 2978 1447 3049 ιῆ
1471 3018 1487 3033 .
1516 2981 1709 3038 Amen.

375 3053 468 3109 Per
491 3056 936 3121 misericordiam.

1987 2324 2165 2376 minus
2194 2322 2444 2384 ultiénem
2472 2322 2698 2378 adducet
2726 2324 3084 2379 retributionis
3108 2341 3123 2380 :
3155 2325 3296 2381 Deus
3324 2326 3437 2396 ipse
3460 2327 3555 2382 νό-

1982 2411 2112 2475 niet,
2137 2420 2192 2466 et
2220 2413 2444 2467 salvabit
2473 2427 2590 2467 nos.
2617 2411 2688 2469 P.
2730 2413 2796 2469 Et
2841 2414 3198 2474 miserebitur.
3240 2419 3275 2488 Ῡ
3298 2455 3315 2473 .
3352 2418 3552 2486 Gloria,

1978 2512 2031 2559 et
2060 2504 2230 2559 honor
2254 2504 2420 2560 Patri.
2453 2503 2736 2559 Reiterétur
2772 2506 2809 2575 Ii}
2830 2548 2844 2563 .
2875 2506 2997 2563 Haec
3017 2508 3145 2564 dicit
3173 2508 3448 2565 Dominus.

2054 2594 2261 2651 υνάιὶο.
2294 2596 2517 2651 Domine
2546 2596 2685 2653 Deus
2707 2598 3065 2668 omnipotens,
3096 2602 3182 2671 qni
3207 2616 3302 2671 pro
3334 2600 3557 2658 humoni

1975 2685 2187 2756 generis
2227 2688 2594 2758 redemptidne
2641 2687 2965 2745 coaetérnum
2997 2690 3087 2745 tibi
3116 2691 3550 2762 coasqualémque

1976 2776 2172 2833 Filium
2194 2776 2383 2847 Angeli
2417 2778 2827 2834 annuneiatidne
2851 2794 2944 2849 per
2966 2779 3147 2835 Maria:
3177 2779 3405 2851 Virginis
3430 2783 3551 2837 tite-

1974 2882 2091 2923 rum
2123 2883 2291 2939 usque
2332 2868 2400 2923 ad
2449 2883 2547 2924 nos
2603 2868 2815 2925 voluisti
2843 2870 3244 2938 transmittere;
3276 2873 3342 2926 da
3392 2872 3547 2928 nobis

1975 2958 2080 3014 hoc
2108 2959 2350 3029 tempore
2391 2959 2663 3015 Adventus
2710 2960 2785 3015 tui
2820 2958 3084 3029 Unigeniti
3119 2961 3361 3018 eomdem
3401 2962 3548 3032 pacis

1972 3049 2222 3121 grotiam,
2252 3066 2410 3120 quam
2458 3052 2511 3106 in
2541 3050 2809 3121 praeterita
2841 3052 3036 3124 largire
3064 3053 3307 3123 dignatus
3348 3068 3407 3109 es
3444 3069 3550 3109 sa:-

378 3146 690 3217 Antipliona.
740 3152 885 3209 Multi
932 3157 1116 3214 dicunt
1165 3160 1361 3218 innima:
1407 3178 1542 3221 mete
1584 3182 1597 3217 :
1643 3163 1761 3221 Non
1788 3172 1874 3222 est
1901 3184 1947 3248 Ο
1975 3144 2115 3197 0013.
2145 3143 2213 3196 Et
2240 3142 2318 3196 illi
2361 3158 2459 3198 nos
2489 3143 2542 3198 in
2574 3144 2857 3198 occursum
2890 3144 3015 3198 lidei
3045 3144 3220 3199 soeies
3257 3144 3546 3247 numeron-

304 3237 445 3291 salus
476 3239 574 3307 ipsi
606 3242 659 3296 in
692 3241 799 3298 Deo
824 3247 959 3313 ejus.
991 3246 1233 3304 Psalmus
1258 3266 1335 3307 Ill.

278 3379 283 3385 .
364 3330 676 3399 Antiphone.
711 3333 940 3392 Lavabis
967 3353 1052 3394 me
1080 3344 1148 3394 ab
1174 3340 1471 3412 iniquitate.
1505 3341 1749 3399 Psalmus
1775 3360 1827 3401 ι..

363 3418 683 3489 Antipliona.
726 3425 975 3482 Exaltare
1018 3444 1182 3499 super
1218 3433 1407 3498 ctelos,
1436 3433 1595 3501 Deus,
1625 3443 1681 3490 et
1705 3450 1869 3507 super

287 3525 505 3566 omnem
538 3522 758 3582 terram,
783 3517 1008 3588 gloriam
1041 3530 1208 3579 tuam.
1242 3521 1488 3580 Psalmus
1511 3542 1618 3582 Lvt.

368 3602 571 3658 (Initio.
614 3602 1043 3668 Clementissime
1070 3612 1311 3682 Domine,
1343 3617 1432 3686 qui
1474 3632 1534 3673 es
1564 3618 1863 3676 animérum

289 3693 551 3762 perpetua
575 3698 745 3767 salus,
776 3711 831 3754 et
855 3700 1026 3756 valida
1059 3702 1313 3759 debilium
1342 3708 1545 3774 virtus;
1577 3708 1743 3765 libera
1768 3725 1865 3766 nos

286 3782 358 3836 de
379 3784 504 3837 viris
526 3773 865 3856 songninum,
896 3799 949 3844 et
974 3790 1003 3844 ξι
1031 3793 1149 3847 telis
1172 3792 1406 3849 hostium
1425 3796 1650 3852 defende
1677 3798 1865 3868 clypeo

286 3885 381 3929 tuo
425 3894 439 3929 :
480 3878 634 3935 mitte
682 3881 836 3936 nobis
892 3882 958 3938 de
986 3884 1137 3939 caelis
1188 3885 1439 3942 ini-ictum
1493 3887 1770 3955 auxilium,
1811 3899 1867 3944 et

284 3974 665 4030 conculcantes
712 3991 811 4031 nos
856 3978 1040 4048 rédige
1082 3978 1134 4034 in
1188 3981 1571 4050 opprobrium:
1603 3982 1865 4050 quatenus

292 4066 398 4135 15
436 4066 503 4119 ad
535 4066 768 4122 ofﬁcium
817 4072 1138 4125 matutinum
1179 4070 1331 4127 liberi
1377 4076 1779 4144 consurgamus,
1809 4083 1866 4130 et

288 4165 412 4208 vota
440 4165 622 4212 nostra
650 4169 741 4212 tuo
762 4167 948 4217 sancto
977 4161 1184 4217 nomini
1214 4161 1442 4220 iidéliter
1468 4165 1859 4236 impendamus.

299 4245 341 4313 at
364 4284 381 4298 .
406 4248 600 4304 Amen.

358 4338 460 4393 Per
490 4343 639 4397 miset
654 4342 929 4402 icordiam.

359 4430 654 4500 Antiphonti
688 4436 737 4489 l.
774 4437 911 4491 Deus
955 4438 1232 4495 manifeste
1264 4440 1460 4506 veniet,
1507 4450 1561 4499 et
1602 4445 1739 4501 Deus
1777 4462 1861 4501 no-

1975 3232 2099 3297 dos,
2130 3247 2262 3302 quos
2292 3234 2345 3287 in
2384 3232 2504 3286 tidei
2544 3232 2835 3302 primordia
2880 3231 2912 3286 ὲ
2938 3232 3182 3288 Johanne
3222 3233 3545 3302 pceniténtia:

1971 3321 2132 3376 undis
2157 3321 2416 3391 aquarum
2444 3321 2676 3387 ablotos,
2705 3322 2734 3375 ξι
2766 3331 2818 3375 te
2850 3321 3121 3390 postremo
3151 3337 3244 3391 per
3269 3321 3457 3378 Filium
3488 3324 3543 3378 in

1971 3414 2173 3484 Spiritu
2216 3412 2414 3471 Sancto
2459 3422 2515 3471 et
2545 3413 2653 3485 igni
2695 3411 3071 3484 cognoscimus
3100 3414 3416 3485 baptizﬂtos.
3460 3416 3497 3485 ti
3523 3457 3538 3472 .

1970 3508 2164 3563 Amen.

2558 3596 2624 3652 In
2662 3596 2943 3653 Laudibus.

2037 3689 2119 3744 Ad
2148 3688 2435 3747 Cdnticum.
2481 3690 2794 3760 Antiphone.
2823 3687 3171 3759 Expectetur,
3202 3689 3341 3743 sicut
3366 3687 3539 3758 plovia

1968 3782 2243 3852 eloquium
2297 3796 2472 3836 meum
2507 3790 2605 3834 :ct
2651 3779 2998 3843 descendant,
3047 3778 3183 3831 sicut
3227 3792 3336 3846 ros,
3379 3777 3538 3832 verba

1968 3886 2111 3939 mea,
2144 3873 2266 3942 quia
2295 3887 2486 3927 nomen
2521 3870 2733 3926 Domini
2759 3868 3035 3925 invocavi:
3070 3869 3192 3923 date
3221 3868 3540 3935 magnitudi-

1965 3981 2085 4020 nem
2115 3966 2222 4020 Deo
2248 3973 2446 4021 vestro.

2037 4060 2326 4114 Cdnticum.
2384 4058 2648 4124 Attende,
2697 4059 2925 4125 coelum,
2982 4056 3168 4125 loquar
3208 4066 3307 4112 :et
3356 4056 3538 4111 audiat

1967 4159 2131 4207 terra.
2166 4150 2381 4219 liequire
2407 4150 2502 4220 fol.
2533 4150 2587 4204 4.

2035 4242 2118 4296 Ad
2149 4241 2477 4307 Benedictus,
2525 4240 2840 4308 Antiphone.
2882 4238 3190 4294 Benedicite
3229 4239 3535 4309 Dominum,

1964 4333 2167 4402 pusilli,
2195 4343 2247 4388 et
2276 4335 2450 4409 magni
2495 4347 2703 4404 omnes,
2748 4333 2836 4407 qui
2891 4333 3182 4405 expectans
3228 4331 3523 4390 Adventu»

1965 4426 2151 4502 ipsius.

284 4534 419 4589 ster.
447 4540 502 4583 et
529 4546 631 4585 non
662 4528 859 4588 silebit.
901 4528 965 4591 I’.
998 4530 1061 4589 Et
1092 4532 1141 4591 in
1171 4534 1392 4592 cirmiitu
1425 4535 1541 4611 ejus
1572 4539 1858 4613 tempestas
1888 4546 1938 4609 Β
2036 4547 2324 4602 comicum.
2380 4544 2699 4601 Benedictus
2744 4558 2824 4609 es,
2867 4542 3114 4612 Domine,
3156 4543 3295 4599 Deus
3324 4552 3532 4614 patrum

285 4618 483 4671 vizlida.
528 4620 563 4689 Ῡ
588 4659 602 4674 .
632 4624 927 4680 Advoeavit
968 4629 1134 4682 caslos
1181 4644 1414 4698 sursum,
1469 4644 1522 4687 et
1550 4645 1745 4689 terram
1776 4637 1856 4691 di-

285 4708 537 4764 scernere
567 4712 818 4782 populum
848 4730 1023 4772 suum.
1056 4718 1123 4773 Ρ.
1158 4721 1222 4775 Et
1248 4723 1300 4775 in
1338 4725 1564 4799 circuitu
1597 4727 1734 4796 ejus.
1779 4728 1815 4798 ᾗ
1837 4768 1854 4783 .

287 4796 496 4864 Gloria,
522 4810 578 4856 et
607 4803 778 4858 honor
808 4805 972 4874 Patri,
1006 4821 1112 4863 etc.
1143 4810 1210 4866 Ρ.
1244 4813 1310 4867 Ει
1337 4814 1391 4869 in
1412 4796 1660 4875 circoitu.

350 4890 555 4945 Urdtio.
592 4893 752 4963 Deus,
790 4901 878 4964 qui
922 4902 1205 4958 manifeste
1232 4910 1486 4962 venturus
1510 4910 1577 4963 ad
1599 4911 1855 4979 judicium

281 4980 525 5037 créderis
554 5022 572 5050 ,
644 4987 977 5045 manifestam
1048 4993 1338 5064 potentiam
1397 5006 1540 5055 tuam
1602 5003 1655 5057 in
1706 5003 1861 5060 nobis

279 5073 509 5130 ostende
531 5087 634 5133 tua
660 5080 1011 5139 salvati6nis:
1042 5097 1115 5153 ut,
1145 5091 1239 5159 qui
1270 5091 1522 5147 terribilis
1550 5097 1855 5155 sustineris.

278 5166 625 5239 mitissimus,
658 5187 777 5228 eum
804 5176 1105 5246 adveneris,
1131 5184 1400 5238 sentiaris.
1439 5185 1476 5254 ιῆ
1498 5222 1515 5241 .
1541 5185 1733 5244 Amen.

356 5258 461 5314 Per
490 5263 911 5320 misericordiam
936 5277 1107 5334 tuam,
1138 5272 1277 5327 Dens
1307 5283 1508 5341 noster,
1538 5285 1643 5331 etc.

354 5352 654 5423 Antiphone
684 5355 741 5411 2.
775 5358 910 5415 Veni
961 5363 1026 5414 ad
1073 5362 1407 5420 liberandum
1455 5382 1592 5421 nos:
1636 5368 1859 5425 Domine

279 5442 429 5499 Deus
464 5447 716 5503 virtutum
764 5451 1019 5508 converte
1058 5467 1175 5508 nos.
1209 5450 1277 5511 Ρ.
1308 5457 1371 5511 Et
1415 5458 1637 5514 osténde
1666 5458 1857 5514 faciem

277 5546 453 5605 tuam,
482 5551 536 5595 et
562 5541 694 5596 salvi
723 5542 943 5600 erimus.
991 5546 1025 5615 7
1050 5583 1063 5598 .
1090 5545 1189 5612 Qui
1220 5547 1360 5618 regis
1392 5548 1575 5615 lsraél,
1606 5549 1856 5611 intende:

274 5630 375 5701 qui
403 5630 643 5697 deducis.
672 5635 819 5693 velut
843 5651 1020 5704 ovem,
1052 5637 1274 5709 Joseph.
1302 5632 1368 5696 Ρ.
1403 5642 1469 5697 Et
1495 5642 1734 5702 ostende.
1782 5647 1816 5716 ᾖ
1841 5686 1856 5702 .

273 5728 491 5797 Gloria,
521 5740 578 5787 et
618 5732 790 5790 honor
814 5736 979 5792 Patri.
1005 5732 1072 5793 Ρ.
1107 5737 1176 5792 Ει
1216 5735 1437 5792 osténde
1463 5735 1653 5791 faciem
1691 5746 1856 5794 tuam.

352 5822 556 5878 Ονάιίο.
604 5825 733 5883 Veni
787 5828 850 5884 ad
905 5827 1234 5885 liberondum
1283 5842 1400 5897 nos,
1452 5827 1675 5885 Domine
1722 5828 1857 5887 Deus

1352 5962 1420 5971 ..π

2930 4642 2937 4651 ι

1963 4641 2293 4698 nostrorum.
2328 4639 2422 4706 [οἱ.
2451 4636 2505 4691 6.

2033 4731 2197 4788 Sono.
2223 4730 2470 4786 Alleluia.
2505 4728 2821 4786 Gaudébunt
2847 4727 3041 4796 campi.
3077 4724 3290 4796 ﬁequire
3319 4728 3410 4798 fol.
3446 4727 3533 4781 M.

2034 4822 2237 4877 Lauda.
2264 4821 2498 4876 Laudate
2520 4820 2801 4874 Dominum
2826 4821 2894 4873 de
2919 4818 3071 4874 cmlis
3101 4834 3118 4874 :
3144 4820 3374 4873 alleluia.
3412 4817 3537 4873 Lan-

1962 4914 2087 4970 date
2147 4929 2269 4969 eum
2332 4914 2387 4969 in
2451 4912 2716 4981 excelsis,
2782 4911 3051 4967 alleluia:
3098 4910 3336 4967 alleluia.
3379 4909 3536 4965 Psal-

1962 5019 2073 5061 mus
2100 5014 2318 5062 chvnn

2158 5096 2330 5151 Ustio
2356 5095 2474 5150 libri
2496 5094 2669 5150 Esaia:
2692 5086 2968 5165 Prophetas
2992 5094 3146 5167 (Cap.
3179 5096 3334 5165 χιιι).

2049 5190 2086 5252 Ii}
2114 5231 2127 5245 .
2159 5186 2272 5244 Deo
2299 5187 2516 5258 gratias.

2033 5280 2159 5337 Hac
2184 5281 2312 5337 dicit
2342 5278 2602 5336 Dominus
2627 5299 2640 5333 :
2675 5280 2842 5347 Vade,
2874 5280 3153 5351 ingredere
3181 5279 3246 5333 ad
3274 5293 3419 5344 eum,
3442 5277 3537 5348 qui

1963 5372 2167 5427 habitat
2194 5372 2245 5425 in
2279 5370 2646 5435 tabernaculo,
2677 5370 2743 5424 ad
2763 5372 2995 5426 Sobnam
3026 5368 3367 5440 prapositum
3400 5378 3531 5423 tem-

1961 5466 2054 5536 pli,
2085 5474 2140 5521 et
2168 5466 2312 5519 dices
2333 5463 2401 5518 ad
2426 5479 2546 5518 eum
2565 5481 2577 5516 :
2597 5463 2733 5531 Quid
2756 5470 2811 5517 tu
2842 5463 2946 5531 hic,
2980 5472 3071 5517 aut
3098 5461 3249 5530 quasi
3270 5461 3388 5531 quis
3409 5462 3533 5547 hic?

1963 5560 2085 5630 quia
2112 5557 2364 5613 excidisti
2399 5552 2493 5611 tibi
2514 5556 2614 5639 hic
2658 5557 3024 5626 sepulchrum,
3057 5554 3301 5609 excidisti
3332 5571 3537 5610 memo-

1964 5650 2095 5705 riale
2137 5650 2189 5705 in
2234 5647 2447 5703 excelsa
2494 5646 2799 5717 diligenter,
2858 5646 2909 5699 in
2950 5653 3097 5713 petra
3133 5644 3531 5700 tabernaculum

1964 5741 2077 5796 tibi.
2105 5740 2241 5795 Ecce
2268 5737 2522 5798 Dominus
2560 5733 2817 5803 asportéri
2845 5742 2897 5788 te
2928 5731 3107 5802 fociet,
3140 5736 3277 5791 sicut
3297 5735 3537 5797 aSporto-

1970 5841 2053 5887 tnr
2079 5833 2247 5903 gallos
2290 5830 2633 5900 gallinaceus,
2668 5836 2720 5882 et
2758 5826 2908 5896 quasi
2939 5825 3189 5883 amictum
3240 5824 3545 5888 sublevabit
