  <div class='ocr_page' id='page_1' title='image "/cluster/home/n/w/nwhite01/storage/ocr_20150623/86/hvd.32044015469463/041.png"; bbox 0 0 4044 6382; ppageno 0'>
   <div class='ocr_carea' id='block_1_1' title="bbox 481 386 2079 465">
    <p class='ocr_par' dir='ltr' id='par_1_1' title="bbox 481 386 2079 465">
     <span class='ocr_line' id='line_1_1' title="bbox 481 386 2079 465; baseline -0.005 0"><span class='ocrx_word' id='word_1_1' title='bbox 481 405 544 465; x_wconf 77' lang='lat' dir='ltr'><strong>7t</strong></span> <span class='ocrx_word' id='word_1_2' title='bbox 1728 386 2079 458; x_wconf 72' lang='lat' dir='ltr'><strong>nnevumt</strong></span> 
     </span>
    </p>
   </div>
   <div class='ocr_carea' id='block_1_2' title="bbox 2184 386 3762 465">
    <p class='ocr_par' dir='ltr' id='par_1_2' title="bbox 2195 388 3762 463">
     <span class='ocr_line' id='line_1_2' title="bbox 2195 388 3762 463; baseline 0.004 -7"><span class='ocrx_word' id='word_1_3' title='bbox 2195 396 2570 459; x_wconf 73' lang='grc' dir='ltr'><strong>σοτιιῐςως.</strong></span> <span class='ocrx_word' id='word_1_4' title='bbox 3690 388 3762 463; x_wconf 75' lang='lat'><strong>&#39;72</strong></span> 
     </span>
    </p>
   </div>
   <div class='ocr_carea' id='block_1_3' title="bbox 481 511 3760 586">
    <p class='ocr_par' dir='ltr' id='par_1_3' title="bbox 481 511 3760 586">
     <span class='ocr_line' id='line_1_3' title="bbox 481 511 3760 586; baseline -0.001 -9"><span class='ocrx_word' id='word_1_5' title='bbox 481 533 555 578; x_wconf 86' lang='lat' dir='ltr'><strong>te.</strong></span> <span class='ocrx_word' id='word_1_6' title='bbox 585 517 866 578; x_wconf 73' lang='lat' dir='ltr'><strong>Corunans</strong></span> <span class='ocrx_word' id='word_1_7' title='bbox 915 516 1197 574; x_wconf 69' lang='lat' dir='ltr'><strong>coronabit</strong></span> <span class='ocrx_word' id='word_1_8' title='bbox 1241 523 1294 572; x_wconf 92' lang='lat' dir='ltr'><strong>te</strong></span> <span class='ocrx_word' id='word_1_9' title='bbox 1331 514 1694 582; x_wconf 70' lang='lat' dir='ltr'><strong>tribulatione,</strong></span> <span class='ocrx_word' id='word_1_10' title='bbox 1723 516 1873 586; x_wconf 90' lang='lat' dir='ltr'><strong>quasi</strong></span> <span class='ocrx_word' id='word_1_11' title='bbox 1906 515 2065 584; x_wconf 83' lang='lat' dir='ltr'><strong>pilam</strong></span> <span class='ocrx_word' id='word_1_12' title='bbox 2095 521 2145 578; x_wconf 84' lang='grc' dir='ltr'><strong>Α</strong></span> <span class='ocrx_word' id='word_1_13' title='bbox 2168 513 2280 584; x_wconf 86' lang='lat' dir='ltr'><strong>jam</strong></span> <span class='ocrx_word' id='word_1_14' title='bbox 2309 516 2361 570; x_wconf 91' lang='lat' dir='ltr'><strong>in</strong></span> <span class='ocrx_word' id='word_1_15' title='bbox 2386 515 2570 584; x_wconf 75' lang='lat' dir='ltr'><strong>junuis</strong></span> <span class='ocrx_word' id='word_1_16' title='bbox 2597 520 2683 570; x_wconf 91' lang='lat' dir='ltr'><strong>est</strong></span> <span class='ocrx_word' id='word_1_17' title='bbox 2731 511 2990 568; x_wconf 68' lang='lat' dir='ltr'><strong>terribilis</strong></span> <span class='ocrx_word' id='word_1_18' title='bbox 3037 511 3122 567; x_wconf 88' lang='lat' dir='ltr'><strong>illa</strong></span> <span class='ocrx_word' id='word_1_19' title='bbox 3171 511 3301 568; x_wconf 91' lang='lat' dir='ltr'><strong>hora</strong></span> <span class='ocrx_word' id='word_1_20' title='bbox 3330 513 3539 582; x_wconf 76' lang='lat' dir='ltr'><strong>iudicii.</strong></span> <span class='ocrx_word' id='word_1_21' title='bbox 3590 515 3760 573; x_wconf 86' lang='lat' dir='ltr'><strong>Sileat</strong></span> 
     </span>
    </p>
   </div>
   <div class='ocr_carea' id='block_1_4' title="bbox 478 607 2066 677">
    <p class='ocr_par' dir='ltr' id='par_1_4' title="bbox 478 607 2066 677">
     <span class='ocr_line' id='line_1_4' title="bbox 478 607 2066 677; baseline -0.004 -9"><span class='ocrx_word' id='word_1_22' title='bbox 478 614 659 668; x_wconf 90' lang='lat' dir='ltr'><strong>mittet</strong></span> <span class='ocrx_word' id='word_1_23' title='bbox 685 619 738 666; x_wconf 91' lang='lat' dir='ltr'><strong>te</strong></span> <span class='ocrx_word' id='word_1_24' title='bbox 762 612 813 665; x_wconf 93' lang='lat' dir='ltr'><strong>in</strong></span> <span class='ocrx_word' id='word_1_25' title='bbox 842 621 1038 665; x_wconf 86' lang='lat' dir='ltr'><strong>terram</strong></span> <span class='ocrx_word' id='word_1_26' title='bbox 1069 610 1229 664; x_wconf 87' lang='lat' dir='ltr'><strong>latam</strong></span> <span class='ocrx_word' id='word_1_27' title='bbox 1259 617 1314 663; x_wconf 89' lang='lat' dir='ltr'><strong>et</strong></span> <span class='ocrx_word' id='word_1_28' title='bbox 1337 609 1625 677; x_wconf 73' lang='lat' dir='ltr'><strong>spatidsam</strong></span> <span class='ocrx_word' id='word_1_29' title='bbox 1652 625 1666 662; x_wconf 87' lang='lat'><strong>:</strong></span> <span class='ocrx_word' id='word_1_30' title='bbox 1695 608 1766 662; x_wconf 87' lang='lat' dir='ltr'><strong>ibi</strong></span> <span class='ocrx_word' id='word_1_31' title='bbox 1801 607 2066 674; x_wconf 77' lang='lat' dir='ltr'><strong>morieris,</strong></span> 
     </span>
    </p>
   </div>
   <div class='ocr_carea' id='block_1_5' title="bbox 477 698 2069 770">
    <p class='ocr_par' dir='ltr' id='par_1_5' title="bbox 477 698 2069 770">
     <span class='ocr_line' id='line_1_5' title="bbox 477 698 2069 770; baseline -0.006 -10"><span class='ocrx_word' id='word_1_32' title='bbox 477 713 534 760; x_wconf 90' lang='lat' dir='ltr'><strong>et</strong></span> <span class='ocrx_word' id='word_1_33' title='bbox 556 705 628 758; x_wconf 90' lang='lat' dir='ltr'><strong>ibi</strong></span> <span class='ocrx_word' id='word_1_34' title='bbox 659 708 763 758; x_wconf 88' lang='lat' dir='ltr'><strong>erit</strong></span> <span class='ocrx_word' id='word_1_35' title='bbox 789 716 979 757; x_wconf 85' lang='lat' dir='ltr'><strong>currus</strong></span> <span class='ocrx_word' id='word_1_36' title='bbox 1006 701 1196 770; x_wconf 63' lang='lat' dir='ltr'><strong>gleriaa</strong></span> <span class='ocrx_word' id='word_1_37' title='bbox 1228 710 1353 768; x_wconf 72' lang='lat' dir='ltr'><strong>tute,</strong></span> <span class='ocrx_word' id='word_1_38' title='bbox 1400 700 1693 769; x_wconf 72' lang='lat' dir='ltr'><strong>ignominia</strong></span> <span class='ocrx_word' id='word_1_39' title='bbox 1725 701 1916 754; x_wconf 82' lang='lat' dir='ltr'><strong>domus</strong></span> <span class='ocrx_word' id='word_1_40' title='bbox 1959 698 2069 753; x_wconf 84' lang='lat' dir='ltr'><strong>Do-</strong></span> 
     </span>
    </p>
   </div>
   <div class='ocr_carea' id='block_1_6' title="bbox 477 788 2070 862">
    <p class='ocr_par' dir='ltr' id='par_1_6' title="bbox 477 788 2070 862">
     <span class='ocr_line' id='line_1_6' title="bbox 477 788 2070 862; baseline -0.003 -14"><span class='ocrx_word' id='word_1_41' title='bbox 477 792 607 848; x_wconf 86' lang='lat' dir='ltr'><strong>mini</strong></span> <span class='ocrx_word' id='word_1_42' title='bbox 640 793 750 848; x_wconf 47' lang='lat' dir='ltr'><strong>Dei‘</strong></span> <span class='ocrx_word' id='word_1_43' title='bbox 782 793 878 847; x_wconf 92' lang='lat' dir='ltr'><strong>tui.</strong></span> <span class='ocrx_word' id='word_1_44' title='bbox 913 792 978 847; x_wconf 86' lang='lat' dir='ltr'><strong>Et</strong></span> <span class='ocrx_word' id='word_1_45' title='bbox 1007 791 1275 862; x_wconf 81' lang='lat' dir='ltr'><strong>expellam</strong></span> <span class='ocrx_word' id='word_1_46' title='bbox 1309 800 1361 845; x_wconf 92' lang='lat' dir='ltr'><strong>te</strong></span> <span class='ocrx_word' id='word_1_47' title='bbox 1390 790 1458 846; x_wconf 85' lang='lat' dir='ltr'><strong>de</strong></span> <span class='ocrx_word' id='word_1_48' title='bbox 1503 792 1734 845; x_wconf 77' lang='lat' dir='ltr'><strong>statidne</strong></span> <span class='ocrx_word' id='word_1_49' title='bbox 1760 801 1870 854; x_wconf 88' lang='lat' dir='ltr'><strong>tua,</strong></span> <span class='ocrx_word' id='word_1_50' title='bbox 1913 799 1966 844; x_wconf 91' lang='lat' dir='ltr'><strong>et</strong></span> <span class='ocrx_word' id='word_1_51' title='bbox 2002 788 2070 844; x_wconf 89' lang='lat' dir='ltr'><strong>de</strong></span> 
     </span>
    </p>
   </div>
   <div class='ocr_carea' id='block_1_7' title="bbox 477 879 2071 952">
    <p class='ocr_par' dir='ltr' id='par_1_7' title="bbox 477 879 2071 952">
     <span class='ocr_line' id='line_1_7' title="bbox 477 879 2071 952; baseline -0.003 -13"><span class='ocrx_word' id='word_1_52' title='bbox 477 883 782 939; x_wconf 78' lang='lat' dir='ltr'><strong>ministerio</strong></span> <span class='ocrx_word' id='word_1_53' title='bbox 811 893 902 938; x_wconf 91' lang='lat' dir='ltr'><strong>tuo</strong></span> <span class='ocrx_word' id='word_1_54' title='bbox 930 883 1200 952; x_wconf 77' lang='lat' dir='ltr'><strong>deponam</strong></span> <span class='ocrx_word' id='word_1_55' title='bbox 1233 894 1305 938; x_wconf 91' lang='lat' dir='ltr'><strong>te.</strong></span> <span class='ocrx_word' id='word_1_56' title='bbox 1339 881 1406 937; x_wconf 84' lang='lat' dir='ltr'><strong>Et</strong></span> <span class='ocrx_word' id='word_1_57' title='bbox 1447 883 1550 938; x_wconf 91' lang='lat' dir='ltr'><strong>erit</strong></span> <span class='ocrx_word' id='word_1_58' title='bbox 1575 882 1627 936; x_wconf 91' lang='lat' dir='ltr'><strong>in</strong></span> <span class='ocrx_word' id='word_1_59' title='bbox 1677 882 1765 936; x_wconf 89' lang='lat' dir='ltr'><strong>die</strong></span> <span class='ocrx_word' id='word_1_60' title='bbox 1794 881 1885 936; x_wconf 83' lang='lat' dir='ltr'><strong>illa</strong></span> <span class='ocrx_word' id='word_1_61' title='bbox 1917 897 1932 935; x_wconf 89' lang='lat'><strong>:</strong></span> <span class='ocrx_word' id='word_1_62' title='bbox 1966 879 2071 935; x_wconf 77' lang='lat' dir='ltr'><strong>Vo-</strong></span> 
     </span>
    </p>
   </div>
   <div class='ocr_carea' id='block_1_8' title="bbox 483 972 2071 1037">
    <p class='ocr_par' dir='ltr' id='par_1_8' title="bbox 483 972 2071 1037">
     <span class='ocr_line' id='line_1_8' title="bbox 483 972 2071 1037; baseline -0.002 -9"><span class='ocrx_word' id='word_1_63' title='bbox 483 975 622 1029; x_wconf 74' lang='lat' dir='ltr'><strong>ca‘bo</strong></span> <span class='ocrx_word' id='word_1_64' title='bbox 652 989 866 1029; x_wconf 85' lang='lat' dir='ltr'><strong>servum</strong></span> <span class='ocrx_word' id='word_1_65' title='bbox 911 983 1089 1030; x_wconf 80' lang='lat' dir='ltr'><strong>meum</strong></span> <span class='ocrx_word' id='word_1_66' title='bbox 1138 973 1402 1029; x_wconf 85' lang='lat' dir='ltr'><strong>Eliachitn</strong></span> <span class='ocrx_word' id='word_1_67' title='bbox 1437 973 1602 1028; x_wconf 84' lang='lat' dir='ltr'><strong>tilium</strong></span> <span class='ocrx_word' id='word_1_68' title='bbox 1635 973 1851 1037; x_wconf 74' lang='lat' dir='ltr'><strong>Helcize,</strong></span> <span class='ocrx_word' id='word_1_69' title='bbox 1896 982 1949 1025; x_wconf 89' lang='lat' dir='ltr'><strong>et</strong></span> <span class='ocrx_word' id='word_1_70' title='bbox 1992 972 2071 1025; x_wconf 85' lang='lat' dir='ltr'><strong>in-</strong></span> 
     </span>
    </p>
   </div>
   <div class='ocr_carea' id='block_1_9' title="bbox 476 1063 2071 1135">
    <p class='ocr_par' dir='ltr' id='par_1_9' title="bbox 476 1063 2071 1135">
     <span class='ocr_line' id='line_1_9' title="bbox 476 1063 2071 1135; baseline -0.001 -15"><span class='ocrx_word' id='word_1_71' title='bbox 476 1065 640 1120; x_wconf 81' lang='lat' dir='ltr'><strong>duam</strong></span> <span class='ocrx_word' id='word_1_72' title='bbox 672 1065 818 1120; x_wconf 85' lang='lat' dir='ltr'><strong>illum</strong></span> <span class='ocrx_word' id='word_1_73' title='bbox 851 1066 1085 1120; x_wconf 86' lang='lat' dir='ltr'><strong>tunicam</strong></span> <span class='ocrx_word' id='word_1_74' title='bbox 1109 1073 1276 1130; x_wconf 85' lang='lat' dir='ltr'><strong>tuam,</strong></span> <span class='ocrx_word' id='word_1_75' title='bbox 1305 1076 1360 1120; x_wconf 89' lang='lat' dir='ltr'><strong>et</strong></span> <span class='ocrx_word' id='word_1_76' title='bbox 1388 1065 1604 1135; x_wconf 75' lang='lat' dir='ltr'><strong>cingulo</strong></span> <span class='ocrx_word' id='word_1_77' title='bbox 1631 1077 1722 1120; x_wconf 88' lang='lat' dir='ltr'><strong>tuo</strong></span> <span class='ocrx_word' id='word_1_78' title='bbox 1751 1063 2071 1120; x_wconf 62' lang='lat' dir='ltr'><strong>confortbbo</strong></span> 
     </span>
    </p>
   </div>
   <div class='ocr_carea' id='block_1_10' title="bbox 478 1155 2072 1225">
    <p class='ocr_par' dir='ltr' id='par_1_10' title="bbox 478 1155 2072 1225">
     <span class='ocr_line' id='line_1_10' title="bbox 478 1155 2072 1225; baseline -0.001 -15"><span class='ocrx_word' id='word_1_79' title='bbox 478 1170 628 1222; x_wconf 89' lang='lat' dir='ltr'><strong>eum,</strong></span> <span class='ocrx_word' id='word_1_80' title='bbox 661 1165 716 1211; x_wconf 89' lang='lat' dir='ltr'><strong>et</strong></span> <span class='ocrx_word' id='word_1_81' title='bbox 744 1158 1062 1225; x_wconf 71' lang='lat' dir='ltr'><strong>potestatem</strong></span> <span class='ocrx_word' id='word_1_82' title='bbox 1089 1163 1233 1210; x_wconf 87' lang='lat' dir='ltr'><strong>tuam</strong></span> <span class='ocrx_word' id='word_1_83' title='bbox 1261 1156 1402 1211; x_wconf 85' lang='lat' dir='ltr'><strong>dabo</strong></span> <span class='ocrx_word' id='word_1_84' title='bbox 1433 1157 1485 1210; x_wconf 89' lang='lat' dir='ltr'><strong>in</strong></span> <span class='ocrx_word' id='word_1_85' title='bbox 1513 1166 1671 1211; x_wconf 90' lang='lat' dir='ltr'><strong>manu</strong></span> <span class='ocrx_word' id='word_1_86' title='bbox 1699 1155 1814 1224; x_wconf 79' lang='lat' dir='ltr'><strong>ejus</strong></span> <span class='ocrx_word' id='word_1_87' title='bbox 1842 1196 1858 1220; x_wconf 96' lang='lat'><strong>,</strong></span> <span class='ocrx_word' id='word_1_88' title='bbox 1887 1163 1942 1210; x_wconf 91' lang='lat' dir='ltr'><strong>et</strong></span> <span class='ocrx_word' id='word_1_89' title='bbox 1969 1156 2072 1210; x_wconf 90' lang='lat' dir='ltr'><strong>erit</strong></span> 
     </span>
    </p>
   </div>
   <div class='ocr_carea' id='block_1_11' title="bbox 478 1247 2070 1319">
    <p class='ocr_par' dir='ltr' id='par_1_11' title="bbox 478 1247 2070 1319">
     <span class='ocr_line' id='line_1_11' title="bbox 478 1247 2070 1319; baseline 0 -17"><span class='ocrx_word' id='word_1_90' title='bbox 478 1251 633 1319; x_wconf 85' lang='lat' dir='ltr'><strong>quasi</strong></span> <span class='ocrx_word' id='word_1_91' title='bbox 684 1259 836 1318; x_wconf 75' lang='lat' dir='ltr'><strong>pater</strong></span> <span class='ocrx_word' id='word_1_92' title='bbox 883 1249 1250 1303; x_wconf 75' lang='lat' dir='ltr'><strong>habituntibus</strong></span> <span class='ocrx_word' id='word_1_93' title='bbox 1300 1250 1352 1303; x_wconf 92' lang='lat' dir='ltr'><strong>in</strong></span> <span class='ocrx_word' id='word_1_94' title='bbox 1409 1249 1744 1303; x_wconf 88' lang='lat' dir='ltr'><strong>Hierusalem</strong></span> <span class='ocrx_word' id='word_1_95' title='bbox 1791 1257 1847 1303; x_wconf 83' lang='lat' dir='ltr'><strong>et</strong></span> <span class='ocrx_word' id='word_1_96' title='bbox 1887 1247 2070 1302; x_wconf 84' lang='lat' dir='ltr'><strong>domui</strong></span> 
     </span>
    </p>
   </div>
   <div class='ocr_carea' id='block_1_12' title="bbox 480 1341 2073 1410">
    <p class='ocr_par' dir='ltr' id='par_1_12' title="bbox 480 1341 2073 1410">
     <span class='ocr_line' id='line_1_12' title="bbox 480 1341 2073 1410; baseline -0.003 -13"><span class='ocrx_word' id='word_1_97' title='bbox 480 1342 642 1397; x_wconf 74' lang='lat' dir='ltr'><strong>Ju‘du.</strong></span> <span class='ocrx_word' id='word_1_98' title='bbox 678 1341 744 1396; x_wconf 83' lang='lat' dir='ltr'><strong>Et</strong></span> <span class='ocrx_word' id='word_1_99' title='bbox 775 1341 916 1396; x_wconf 86' lang='lat' dir='ltr'><strong>dabo</strong></span> <span class='ocrx_word' id='word_1_100' title='bbox 959 1355 1167 1397; x_wconf 66' lang='lat' dir='ltr'><strong>clavem</strong></span> <span class='ocrx_word' id='word_1_101' title='bbox 1196 1342 1389 1396; x_wconf 88' lang='lat' dir='ltr'><strong>domus</strong></span> <span class='ocrx_word' id='word_1_102' title='bbox 1420 1342 1582 1396; x_wconf 81' lang='lat' dir='ltr'><strong>David</strong></span> <span class='ocrx_word' id='word_1_103' title='bbox 1613 1356 1778 1410; x_wconf 85' lang='lat' dir='ltr'><strong>super</strong></span> <span class='ocrx_word' id='word_1_104' title='bbox 1817 1341 2073 1394; x_wconf 90' lang='lat' dir='ltr'><strong>humeros</strong></span> 
     </span>
    </p>
   </div>
   <div class='ocr_carea' id='block_1_13' title="bbox 479 1430 2074 1504">
    <p class='ocr_par' dir='ltr' id='par_1_13' title="bbox 479 1430 2074 1504">
     <span class='ocr_line' id='line_1_13' title="bbox 479 1430 2074 1504; baseline -0.004 -16"><span class='ocrx_word' id='word_1_105' title='bbox 479 1433 599 1504; x_wconf 77' lang='lat' dir='ltr'><strong>ejus</strong></span> <span class='ocrx_word' id='word_1_106' title='bbox 619 1475 635 1500; x_wconf 91' lang='lat'><strong>,</strong></span> <span class='ocrx_word' id='word_1_107' title='bbox 658 1443 716 1488; x_wconf 81' lang='lat' dir='ltr'><strong>et</strong></span> <span class='ocrx_word' id='word_1_108' title='bbox 738 1433 965 1502; x_wconf 76' lang='lat' dir='ltr'><strong>ap‘et-iet,</strong></span> <span class='ocrx_word' id='word_1_109' title='bbox 989 1440 1042 1487; x_wconf 89' lang='lat' dir='ltr'><strong>et</strong></span> <span class='ocrx_word' id='word_1_110' title='bbox 1077 1433 1180 1503; x_wconf 68' lang='grc' dir='ltr'><strong>ιϐ</strong></span> <span class='ocrx_word' id='word_1_111' title='bbox 1201 1447 1306 1486; x_wconf 85' lang='lat' dir='ltr'><strong>non</strong></span> <span class='ocrx_word' id='word_1_112' title='bbox 1330 1431 1432 1486; x_wconf 90' lang='lat' dir='ltr'><strong>erit</strong></span> <span class='ocrx_word' id='word_1_113' title='bbox 1455 1433 1544 1500; x_wconf 87' lang='lat' dir='ltr'><strong>qui</strong></span> <span class='ocrx_word' id='word_1_114' title='bbox 1574 1431 1828 1494; x_wconf 77' lang='lat' dir='ltr'><strong>claudat,</strong></span> <span class='ocrx_word' id='word_1_115' title='bbox 1853 1437 1907 1483; x_wconf 86' lang='lat' dir='ltr'><strong>et</strong></span> <span class='ocrx_word' id='word_1_116' title='bbox 1927 1430 2074 1483; x_wconf 83' lang='lat' dir='ltr'><strong>clau-</strong></span> 
     </span>
    </p>
   </div>
   <div class='ocr_carea' id='block_1_14' title="bbox 485 1519 2072 1593">
    <p class='ocr_par' dir='ltr' id='par_1_14' title="bbox 485 1519 2072 1593">
     <span class='ocr_line' id='line_1_14' title="bbox 485 1519 2072 1593; baseline -0.004 -15"><span class='ocrx_word' id='word_1_117' title='bbox 485 1525 601 1588; x_wconf 78' lang='lat' dir='ltr'><strong>det,</strong></span> <span class='ocrx_word' id='word_1_118' title='bbox 629 1533 688 1579; x_wconf 82' lang='lat' dir='ltr'><strong>et</strong></span> <span class='ocrx_word' id='word_1_119' title='bbox 732 1539 838 1578; x_wconf 87' lang='lat' dir='ltr'><strong>non</strong></span> <span class='ocrx_word' id='word_1_120' title='bbox 868 1524 976 1578; x_wconf 86' lang='lat' dir='ltr'><strong>erit</strong></span> <span class='ocrx_word' id='word_1_121' title='bbox 1024 1525 1113 1593; x_wconf 75' lang='lat' dir='ltr'><strong>qui</strong></span> <span class='ocrx_word' id='word_1_122' title='bbox 1153 1521 1376 1592; x_wconf 74' lang='lat' dir='ltr'><strong>aperiat.</strong></span> <span class='ocrx_word' id='word_1_123' title='bbox 1412 1521 1482 1575; x_wconf 86' lang='lat' dir='ltr'><strong>Et</strong></span> <span class='ocrx_word' id='word_1_124' title='bbox 1522 1523 1678 1590; x_wconf 87' lang='lat' dir='ltr'><strong>iigam</strong></span> <span class='ocrx_word' id='word_1_125' title='bbox 1724 1519 1980 1590; x_wconf 73' lang='lat' dir='ltr'><strong>paxillum</strong></span> <span class='ocrx_word' id='word_1_126' title='bbox 2019 1519 2072 1573; x_wconf 92' lang='lat' dir='ltr'><strong>in</strong></span> 
     </span>
    </p>
   </div>
   <div class='ocr_carea' id='block_1_15' title="bbox 481 1611 2069 1683">
    <p class='ocr_par' dir='ltr' id='par_1_15' title="bbox 481 1611 2069 1683">
     <span class='ocr_line' id='line_1_15' title="bbox 481 1611 2069 1683; baseline -0.002 -14"><span class='ocrx_word' id='word_1_127' title='bbox 481 1615 602 1669; x_wconf 82' lang='lat' dir='ltr'><strong>loco</strong></span> <span class='ocrx_word' id='word_1_128' title='bbox 641 1615 812 1678; x_wconf 76' lang='lat' dir='ltr'><strong>ﬁdeli.</strong></span> <span class='ocrx_word' id='word_1_129' title='bbox 863 1624 918 1669; x_wconf 90' lang='lat' dir='ltr'><strong>et</strong></span> <span class='ocrx_word' id='word_1_130' title='bbox 953 1616 1060 1670; x_wconf 89' lang='lat' dir='ltr'><strong>erit</strong></span> <span class='ocrx_word' id='word_1_131' title='bbox 1107 1614 1159 1667; x_wconf 92' lang='lat' dir='ltr'><strong>in</strong></span> <span class='ocrx_word' id='word_1_132' title='bbox 1214 1613 1412 1668; x_wconf 78' lang='lat' dir='ltr'><strong>sulium</strong></span> <span class='ocrx_word' id='word_1_133' title='bbox 1461 1613 1649 1683; x_wconf 72' lang='lat' dir='ltr'><strong>gluria:</strong></span> <span class='ocrx_word' id='word_1_134' title='bbox 1677 1613 1870 1666; x_wconf 84' lang='lat' dir='ltr'><strong>domus</strong></span> <span class='ocrx_word' id='word_1_135' title='bbox 1902 1611 2069 1681; x_wconf 80' lang='lat' dir='ltr'><strong>patris</strong></span> 
     </span>
    </p>
   </div>
   <div class='ocr_carea' id='block_1_16' title="bbox 487 1704 2074 1777">
    <p class='ocr_par' dir='ltr' id='par_1_16' title="bbox 487 1704 2074 1777">
     <span class='ocr_line' id='line_1_16' title="bbox 487 1704 2074 1777; baseline -0.003 -15"><span class='ocrx_word' id='word_1_136' title='bbox 487 1707 595 1762; x_wconf 87' lang='lat' dir='ltr'><strong>sui.</strong></span> <span class='ocrx_word' id='word_1_137' title='bbox 631 1707 698 1761; x_wconf 87' lang='lat' dir='ltr'><strong>Et</strong></span> <span class='ocrx_word' id='word_1_138' title='bbox 723 1706 1047 1776; x_wconf 81' lang='lat' dir='ltr'><strong>suspendam</strong></span> <span class='ocrx_word' id='word_1_139' title='bbox 1097 1720 1259 1775; x_wconf 84' lang='lat' dir='ltr'><strong>super</strong></span> <span class='ocrx_word' id='word_1_140' title='bbox 1287 1721 1412 1762; x_wconf 88' lang='lat' dir='ltr'><strong>eum</strong></span> <span class='ocrx_word' id='word_1_141' title='bbox 1462 1720 1675 1762; x_wconf 87' lang='lat' dir='ltr'><strong>omnem</strong></span> <span class='ocrx_word' id='word_1_142' title='bbox 1717 1705 1945 1777; x_wconf 85' lang='lat' dir='ltr'><strong>gloriam</strong></span> <span class='ocrx_word' id='word_1_143' title='bbox 1976 1704 2074 1759; x_wconf 86' lang='lat' dir='ltr'><strong>do-</strong></span> 
     </span>
    </p>
   </div>
   <div class='ocr_carea' id='block_1_17' title="bbox 488 1796 1312 1866">
    <p class='ocr_par' dir='ltr' id='par_1_17' title="bbox 488 1796 1312 1866">
     <span class='ocr_line' id='line_1_17' title="bbox 488 1796 1312 1866; baseline -0.001 -15"><span class='ocrx_word' id='word_1_144' title='bbox 488 1799 611 1851; x_wconf 83' lang='lat' dir='ltr'><strong>tuus</strong></span> <span class='ocrx_word' id='word_1_145' title='bbox 637 1798 803 1866; x_wconf 87' lang='lat' dir='ltr'><strong>patris</strong></span> <span class='ocrx_word' id='word_1_146' title='bbox 827 1797 961 1865; x_wconf 84' lang='lat' dir='ltr'><strong>ejus.</strong></span> <span class='ocrx_word' id='word_1_147' title='bbox 1013 1796 1048 1863; x_wconf 54' lang='lat' dir='ltr'><strong>Ii</strong></span> <span class='ocrx_word' id='word_1_148' title='bbox 1075 1837 1089 1852; x_wconf 97' lang='lat'><strong>.</strong></span> <span class='ocrx_word' id='word_1_149' title='bbox 1120 1799 1312 1851; x_wconf 81' lang='lat' dir='ltr'><strong>Amen.</strong></span> 
     </span>
    </p>
   </div>
   <div class='ocr_carea' id='block_1_18' title="bbox 2169 604 3762 675">
    <p class='ocr_par' dir='ltr' id='par_1_18' title="bbox 2169 604 3762 675">
     <span class='ocr_line' id='line_1_18' title="bbox 2169 604 3762 675; baseline 0.001 -15"><span class='ocrx_word' id='word_1_150' title='bbox 2169 620 2300 675; x_wconf 87' lang='lat' dir='ltr'><strong>ergo</strong></span> <span class='ocrx_word' id='word_1_151' title='bbox 2327 605 2507 661; x_wconf 85' lang='lat' dir='ltr'><strong>omnis</strong></span> <span class='ocrx_word' id='word_1_152' title='bbox 2534 620 2661 661; x_wconf 92' lang='lat' dir='ltr'><strong>caro</strong></span> <span class='ocrx_word' id='word_1_153' title='bbox 2686 605 2716 659; x_wconf 73' lang='lat' dir='ltr'><strong>it</strong></span> <span class='ocrx_word' id='word_1_154' title='bbox 2744 604 2883 659; x_wconf 76' lang='lat' dir='ltr'><strong>fucie</strong></span> <span class='ocrx_word' id='word_1_155' title='bbox 2913 615 3022 668; x_wconf 89' lang='lat' dir='ltr'><strong>tua,</strong></span> <span class='ocrx_word' id='word_1_156' title='bbox 3052 614 3106 659; x_wconf 91' lang='lat' dir='ltr'><strong>et</strong></span> <span class='ocrx_word' id='word_1_157' title='bbox 3132 605 3487 674; x_wconf 76' lang='lat' dir='ltr'><strong>prolapsidnis</strong></span> <span class='ocrx_word' id='word_1_158' title='bbox 3513 622 3625 662; x_wconf 64' lang='lat' dir='ltr'><strong>suae</strong></span> <span class='ocrx_word' id='word_1_159' title='bbox 3645 609 3762 662; x_wconf 88' lang='lat' dir='ltr'><strong>cnl-</strong></span> 
     </span>
    </p>
   </div>
   <div class='ocr_carea' id='block_1_19' title="bbox 2168 694 3759 765">
    <p class='ocr_par' dir='ltr' id='par_1_19' title="bbox 2168 694 3759 765">
     <span class='ocr_line' id='line_1_19' title="bbox 2168 694 3759 765; baseline 0.006 -19"><span class='ocrx_word' id='word_1_160' title='bbox 2168 708 2292 764; x_wconf 84' lang='lat' dir='ltr'><strong>pam</strong></span> <span class='ocrx_word' id='word_1_161' title='bbox 2326 694 2539 750; x_wconf 83' lang='lat' dir='ltr'><strong>ﬂetibus</strong></span> <span class='ocrx_word' id='word_1_162' title='bbox 2559 695 2746 750; x_wconf 80' lang='lat' dir='ltr'><strong>diluat.</strong></span> <span class='ocrx_word' id='word_1_163' title='bbox 2791 696 2876 761; x_wconf 82' lang='lat' dir='ltr'><strong>Et,</strong></span> <span class='ocrx_word' id='word_1_164' title='bbox 2907 694 3030 764; x_wconf 89' lang='lat' dir='ltr'><strong>quia</strong></span> <span class='ocrx_word' id='word_1_165' title='bbox 3062 709 3160 749; x_wconf 90' lang='lat' dir='ltr'><strong>nos</strong></span> <span class='ocrx_word' id='word_1_166' title='bbox 3187 695 3286 750; x_wconf 86' lang='lat' dir='ltr'><strong>ista</strong></span> <span class='ocrx_word' id='word_1_167' title='bbox 3314 712 3410 765; x_wconf 86' lang='lat' dir='ltr'><strong>per</strong></span> <span class='ocrx_word' id='word_1_168' title='bbox 3447 712 3545 754; x_wconf 86' lang='lat' dir='ltr'><strong>nos</strong></span> <span class='ocrx_word' id='word_1_169' title='bbox 3575 698 3759 756; x_wconf 72' lang='lat' dir='ltr'><strong>lucem</strong></span> 
     </span>
    </p>
   </div>
   <div class='ocr_carea' id='block_1_20' title="bbox 2169 786 3760 860">
    <p class='ocr_par' dir='ltr' id='par_1_20' title="bbox 2169 786 3760 860">
     <span class='ocr_line' id='line_1_20' title="bbox 2169 786 3760 860; baseline 0.003 -22"><span class='ocrx_word' id='word_1_170' title='bbox 2169 799 2279 838; x_wconf 69' lang='lat' dir='ltr'><strong>non</strong></span> <span class='ocrx_word' id='word_1_171' title='bbox 2311 786 2574 854; x_wconf 79' lang='lat' dir='ltr'><strong>valemus,</strong></span> <span class='ocrx_word' id='word_1_172' title='bbox 2618 801 2716 855; x_wconf 88' lang='lat' dir='ltr'><strong>per</strong></span> <span class='ocrx_word' id='word_1_173' title='bbox 2746 795 2797 839; x_wconf 90' lang='lat' dir='ltr'><strong>te</strong></span> <span class='ocrx_word' id='word_1_174' title='bbox 2827 786 2881 840; x_wconf 81' lang='lat' dir='ltr'><strong>id</strong></span> <span class='ocrx_word' id='word_1_175' title='bbox 2925 786 3085 854; x_wconf 75' lang='lat' dir='ltr'><strong>agere</strong></span> <span class='ocrx_word' id='word_1_176' title='bbox 3112 786 3451 842; x_wconf 85' lang='lat' dir='ltr'><strong>conti&#39;dimus.</strong></span> <span class='ocrx_word' id='word_1_177' title='bbox 3484 788 3608 845; x_wconf 79' lang='lat' dir='ltr'><strong>ideo</strong></span> <span class='ocrx_word' id='word_1_178' title='bbox 3656 791 3760 860; x_wconf 72' lang='lat' dir='ltr'><strong>pu-</strong></span> 
     </span>
    </p>
   </div>
   <div class='ocr_carea' id='block_1_21' title="bbox 2170 874 3761 949">
    <p class='ocr_par' dir='ltr' id='par_1_21' title="bbox 2170 874 3761 949">
     <span class='ocr_line' id='line_1_21' title="bbox 2170 874 3761 949; baseline 0.004 -19"><span class='ocrx_word' id='word_1_179' title='bbox 2170 875 2394 939; x_wconf 79' lang='lat' dir='ltr'><strong>scimus,</strong></span> <span class='ocrx_word' id='word_1_180' title='bbox 2431 884 2510 944; x_wconf 88' lang='lat' dir='ltr'><strong>ut,</strong></span> <span class='ocrx_word' id='word_1_181' title='bbox 2557 878 2646 946; x_wconf 88' lang='lat' dir='ltr'><strong>qui</strong></span> <span class='ocrx_word' id='word_1_182' title='bbox 2688 875 2894 931; x_wconf 86' lang='lat' dir='ltr'><strong>electos</strong></span> <span class='ocrx_word' id='word_1_183' title='bbox 2939 877 3007 930; x_wconf 78' lang='lat' dir='ltr'><strong>ad</strong></span> <span class='ocrx_word' id='word_1_184' title='bbox 3060 885 3112 932; x_wconf 90' lang='lat' dir='ltr'><strong>te</strong></span> <span class='ocrx_word' id='word_1_185' title='bbox 3142 874 3385 932; x_wconf 75' lang='lat' dir='ltr'><strong>vocando</strong></span> <span class='ocrx_word' id='word_1_186' title='bbox 3429 881 3761 949; x_wconf 62' lang='lat' dir='ltr'><strong>sanctiﬁcat,</strong></span> 
     </span>
    </p>
   </div>
   <div class='ocr_carea' id='block_1_22' title="bbox 2171 967 3759 1033">
    <p class='ocr_par' dir='ltr' id='par_1_22' title="bbox 2171 967 3759 1033">
     <span class='ocr_line' id='line_1_22' title="bbox 2171 967 3759 1033; baseline 0.008 -13"><span class='ocrx_word' id='word_1_187' title='bbox 2171 967 2484 1033; x_wconf 79' lang='lat' dir='ltr'><strong>peccatores</strong></span> <span class='ocrx_word' id='word_1_188' title='bbox 2513 967 2850 1024; x_wconf 76' lang='lat' dir='ltr'><strong>coronimdos</strong></span> <span class='ocrx_word' id='word_1_189' title='bbox 2891 969 3225 1024; x_wconf 84' lang='lat' dir='ltr'><strong>beatitudine</strong></span> <span class='ocrx_word' id='word_1_190' title='bbox 3255 970 3454 1026; x_wconf 70' lang='lat' dir='ltr'><strong>aeterna</strong></span> <span class='ocrx_word' id='word_1_191' title='bbox 3481 974 3759 1032; x_wconf 81' lang='lat' dir='ltr'><strong>sustullas.</strong></span> 
     </span>
    </p>
   </div>
   <div class='ocr_carea' id='block_1_23' title="bbox 2187 1058 2484 1125">
    <p class='ocr_par' dir='ltr' id='par_1_23' title="bbox 2187 1058 2484 1125">
     <span class='ocr_line' id='line_1_23' title="bbox 2187 1058 2484 1125; baseline 0.003 -14"><span class='ocrx_word' id='word_1_192' title='bbox 2187 1058 2224 1125; x_wconf 62' lang='lat' dir='ltr'><strong>Ii</strong></span> <span class='ocrx_word' id='word_1_193' title='bbox 2247 1095 2260 1111; x_wconf 98' lang='lat'><strong>.</strong></span> <span class='ocrx_word' id='word_1_194' title='bbox 2296 1058 2484 1113; x_wconf 80' lang='lat' dir='ltr'><strong>Amen.</strong></span> 
     </span>
    </p>
   </div>
   <div class='ocr_carea' id='block_1_24' title="bbox 2243 1151 3126 1223">
    <p class='ocr_par' dir='ltr' id='par_1_24' title="bbox 2243 1151 3126 1223">
     <span class='ocr_line' id='line_1_24' title="bbox 2243 1151 3126 1223; baseline 0.003 -17"><span class='ocrx_word' id='word_1_195' title='bbox 2243 1151 2346 1207; x_wconf 85' lang='lat' dir='ltr'><strong>Per</strong></span> <span class='ocrx_word' id='word_1_196' title='bbox 2373 1151 2793 1208; x_wconf 78' lang='lat' dir='ltr'><strong>misericordiam</strong></span> <span class='ocrx_word' id='word_1_197' title='bbox 2825 1165 2990 1223; x_wconf 85' lang='lat' dir='ltr'><strong>tuam,</strong></span> <span class='ocrx_word' id='word_1_198' title='bbox 3021 1163 3126 1210; x_wconf 85' lang='lat' dir='ltr'><strong>etc.</strong></span> 
     </span>
    </p>
   </div>
   <div class='ocr_carea' id='block_1_25' title="bbox 2172 1244 3759 1309">
    <p class='ocr_par' dir='ltr' id='par_1_25' title="bbox 2172 1244 3759 1309">
     <span class='ocr_line' id='line_1_25' title="bbox 2172 1244 3759 1309; baseline 0.006 -9"><span class='ocrx_word' id='word_1_199' title='bbox 2172 1244 2234 1300; x_wconf 78' lang='lat' dir='ltr'><strong>IN</strong></span> <span class='ocrx_word' id='word_1_200' title='bbox 2276 1244 2589 1302; x_wconf 78' lang='lat' dir='ltr'><strong>SECUNDA</strong></span> <span class='ocrx_word' id='word_1_201' title='bbox 2631 1246 3232 1305; x_wconf 65' lang='lat' dir='ltr'><strong>FEBIA-SECUNDAS</strong></span> <span class='ocrx_word' id='word_1_202' title='bbox 3282 1247 3759 1309; x_wconf 61' lang='lat' dir='ltr'><strong>IIEBDOHADIE.</strong></span> 
     </span>
    </p>
   </div>
   <div class='ocr_carea' id='block_1_26' title="bbox 2739 1337 3189 1394">
    <p class='ocr_par' dir='ltr' id='par_1_26' title="bbox 2739 1337 3189 1394">
     <span class='ocr_line' id='line_1_26' title="bbox 2739 1337 3189 1394; baseline 0.007 -3"><span class='ocrx_word' id='word_1_203' title='bbox 2739 1337 2820 1392; x_wconf 77' lang='lat' dir='ltr'><strong>Ad</strong></span> <span class='ocrx_word' id='word_1_204' title='bbox 2851 1338 2906 1392; x_wconf 83' lang='grc' dir='ltr'><em>Μ</em></span> <span class='ocrx_word' id='word_1_205' title='bbox 2910 1340 3189 1394; x_wconf 79' lang='lat' dir='ltr'><strong>atutinum.</strong></span> 
     </span>
    </p>
   </div>
   <div class='ocr_carea' id='block_1_27' title="bbox 2245 1424 3759 1505">
    <p class='ocr_par' dir='ltr' id='par_1_27' title="bbox 2245 1424 3759 1505">
     <span class='ocr_line' id='line_1_27' title="bbox 2245 1424 3759 1505; baseline 0.005 -24"><span class='ocrx_word' id='word_1_206' title='bbox 2245 1429 2564 1496; x_wconf 80' lang='lat' dir='ltr'><strong>Antiphona.</strong></span> <span class='ocrx_word' id='word_1_207' title='bbox 2609 1424 2870 1495; x_wconf 77' lang='lat' dir='ltr'><strong>Domine,</strong></span> <span class='ocrx_word' id='word_1_208' title='bbox 2910 1430 3038 1500; x_wconf 85' lang='lat' dir='ltr'><strong>quid</strong></span> <span class='ocrx_word' id='word_1_209' title='bbox 3088 1429 3428 1499; x_wconf 65' lang='lat' dir='ltr'><strong>multiplicati</strong></span> <span class='ocrx_word' id='word_1_210' title='bbox 3476 1438 3623 1501; x_wconf 78' lang='lat' dir='ltr'><strong>sunt,</strong></span> <span class='ocrx_word' id='word_1_211' title='bbox 3667 1436 3759 1505; x_wconf 80' lang='lat' dir='ltr'><strong>qui</strong></span> 
     </span>
    </p>
   </div>
   <div class='ocr_carea' id='block_1_28' title="bbox 2173 1522 3762 1596">
    <p class='ocr_par' dir='ltr' id='par_1_28' title="bbox 2173 1522 3762 1596">
     <span class='ocr_line' id='line_1_28' title="bbox 2173 1522 3762 1596; baseline 0.005 -20"><span class='ocrx_word' id='word_1_212' title='bbox 2173 1522 2432 1577; x_wconf 84' lang='lat' dir='ltr'><strong>tribulam</strong></span> <span class='ocrx_word' id='word_1_213' title='bbox 2459 1523 2585 1577; x_wconf 69' lang='lat' dir='ltr'><strong>me?</strong></span> <span class='ocrx_word' id='word_1_214' title='bbox 2616 1535 2668 1577; x_wconf 93' lang='lat' dir='ltr'><strong>tu</strong></span> <span class='ocrx_word' id='word_1_215' title='bbox 2693 1531 2894 1590; x_wconf 88' lang='lat' dir='ltr'><strong>autem,</strong></span> <span class='ocrx_word' id='word_1_216' title='bbox 2927 1523 3173 1590; x_wconf 79' lang='lat' dir='ltr'><strong>Domine,</strong></span> <span class='ocrx_word' id='word_1_217' title='bbox 3196 1526 3474 1596; x_wconf 73' lang='lat' dir='ltr'><strong>susceptor</strong></span> <span class='ocrx_word' id='word_1_218' title='bbox 3497 1543 3651 1584; x_wconf 83' lang='lat' dir='ltr'><strong>meus</strong></span> <span class='ocrx_word' id='word_1_219' title='bbox 3679 1543 3762 1584; x_wconf 86' lang='lat' dir='ltr'><strong>es.</strong></span> 
     </span>
    </p>
   </div>
   <div class='ocr_carea' id='block_1_29' title="bbox 2174 1611 3764 1684">
    <p class='ocr_par' dir='ltr' id='par_1_29' title="bbox 2174 1611 3764 1684">
     <span class='ocr_line' id='line_1_29' title="bbox 2174 1611 3764 1684; baseline 0.005 -19"><span class='ocrx_word' id='word_1_220' title='bbox 2174 1611 2418 1666; x_wconf 75' lang='lat' dir='ltr'><strong>Pmlmus</strong></span> <span class='ocrx_word' id='word_1_221' title='bbox 2441 1629 2518 1667; x_wconf 91' lang='lat' dir='ltr'><strong>Ill.</strong></span> <span class='ocrx_word' id='word_1_222' title='bbox 2549 1629 2662 1667; x_wconf 83' lang='lat' dir='ltr'><strong>cum</strong></span> <span class='ocrx_word' id='word_1_223' title='bbox 2691 1623 2785 1668; x_wconf 70' lang='lat' dir='ltr'><strong>sua</strong></span> <span class='ocrx_word' id='word_1_224' title='bbox 2815 1613 3081 1670; x_wconf 75' lang='lat' dir='ltr'><strong>Oratitine.</strong></span> <span class='ocrx_word' id='word_1_225' title='bbox 3115 1614 3449 1684; x_wconf 73' lang='lat' dir='ltr'><strong>Multiplicati</strong></span> <span class='ocrx_word' id='word_1_226' title='bbox 3476 1626 3620 1683; x_wconf 78' lang='lat' dir='ltr'><strong>Sunt,</strong></span> <span class='ocrx_word' id='word_1_227' title='bbox 3653 1617 3764 1673; x_wconf 77' lang='lat' dir='ltr'><strong>D6-</strong></span> 
     </span>
    </p>
   </div>
   <div class='ocr_carea' id='block_1_30' title="bbox 2174 1704 2554 1774">
    <p class='ocr_par' dir='ltr' id='par_1_30' title="bbox 2174 1704 2554 1774">
     <span class='ocr_line' id='line_1_30' title="bbox 2174 1704 2554 1774; baseline 0 -15"><span class='ocrx_word' id='word_1_228' title='bbox 2174 1704 2340 1770; x_wconf 88' lang='lat' dir='ltr'><strong>mine,</strong></span> <span class='ocrx_word' id='word_1_229' title='bbox 2373 1704 2468 1774; x_wconf 89' lang='lat' dir='ltr'><strong>fol.</strong></span> <span class='ocrx_word' id='word_1_230' title='bbox 2502 1704 2554 1759; x_wconf 88' lang='lat'><strong>8.</strong></span> 
     </span>
    </p>
   </div>
   <div class='ocr_carea' id='block_1_31' title="bbox 2247 1793 3764 1860">
    <p class='ocr_par' dir='ltr' id='par_1_31' title="bbox 2247 1793 3764 1860">
     <span class='ocr_line' id='line_1_31' title="bbox 2247 1793 3764 1860; baseline 0.006 -13"><span class='ocrx_word' id='word_1_231' title='bbox 2247 1793 2542 1860; x_wconf 75' lang='lat' dir='ltr'><strong>Anttpltona</strong></span> <span class='ocrx_word' id='word_1_232' title='bbox 2581 1797 2634 1849; x_wconf 81' lang='lat' dir='ltr'><strong>l.</strong></span> <span class='ocrx_word' id='word_1_233' title='bbox 2681 1795 2885 1851; x_wconf 83' lang='lat' dir='ltr'><strong>Montes</strong></span> <span class='ocrx_word' id='word_1_234' title='bbox 2933 1806 2987 1852; x_wconf 91' lang='lat' dir='ltr'><strong>et</strong></span> <span class='ocrx_word' id='word_1_235' title='bbox 3041 1798 3210 1853; x_wconf 86' lang='lat' dir='ltr'><strong>colles</strong></span> <span class='ocrx_word' id='word_1_236' title='bbox 3249 1798 3541 1855; x_wconf 72' lang='lat' dir='ltr'><strong>cantubunt</strong></span> <span class='ocrx_word' id='word_1_237' title='bbox 3581 1815 3764 1856; x_wconf 80' lang='lat' dir='ltr'><strong>coram</strong></span> 
     </span>
    </p>
   </div>
   <div class='ocr_carea' id='block_1_32' title="bbox 565 1872 3763 1958">
    <p class='ocr_par' dir='ltr' id='par_1_32' title="bbox 565 1872 3763 1958">
     <span class='ocr_line' id='line_1_32' title="bbox 565 1872 3763 1958; baseline 0.002 -17"><span class='ocrx_word' id='word_1_238' title='bbox 565 1887 817 1957; x_wconf 75' lang='lat' dir='ltr'><strong>Hymnus.</strong></span> <span class='ocrx_word' id='word_1_239' title='bbox 842 1887 1169 1942; x_wconf 72' lang='lat' dir='ltr'><strong>Cunctdrnm</strong></span> <span class='ocrx_word' id='word_1_240' title='bbox 1195 1886 1306 1940; x_wconf 80' lang='lat' dir='ltr'><strong>Rex</strong></span> <span class='ocrx_word' id='word_1_241' title='bbox 1335 1885 1694 1955; x_wconf 85' lang='lat' dir='ltr'><strong>omnipotens.</strong></span> <span class='ocrx_word' id='word_1_242' title='bbox 1731 1884 1951 1953; x_wconf 76' lang='lat' dir='ltr'><strong>nequire</strong></span> <span class='ocrx_word' id='word_1_243' title='bbox 1974 1883 2070 1953; x_wconf 87' lang='lat' dir='ltr'><strong>fol.</strong></span> <span class='ocrx_word' id='word_1_244' title='bbox 2104 1872 2153 1935; x_wconf 81' lang='grc' dir='ltr'><strong>Β</strong></span> <span class='ocrx_word' id='word_1_245' title='bbox 2180 1883 2312 1948; x_wconf 85' lang='lat' dir='ltr'><strong>Deo.</strong></span> <span class='ocrx_word' id='word_1_246' title='bbox 2341 1892 2396 1939; x_wconf 90' lang='lat' dir='ltr'><strong>et</strong></span> <span class='ocrx_word' id='word_1_247' title='bbox 2426 1884 2605 1939; x_wconf 81' lang='lat' dir='ltr'><strong>umnia</strong></span> <span class='ocrx_word' id='word_1_248' title='bbox 2644 1887 2783 1956; x_wconf 91' lang='lat' dir='ltr'><strong>ligna</strong></span> <span class='ocrx_word' id='word_1_249' title='bbox 2814 1888 3066 1943; x_wconf 74' lang='lat' dir='ltr'><strong>silvarum</strong></span> <span class='ocrx_word' id='word_1_250' title='bbox 3103 1889 3353 1958; x_wconf 88' lang='lat' dir='ltr'><strong>plandent</strong></span> <span class='ocrx_word' id='word_1_251' title='bbox 3395 1890 3665 1947; x_wconf 74' lang='lat' dir='ltr'><strong>manibus.</strong></span> <span class='ocrx_word' id='word_1_252' title='bbox 3694 1878 3763 1946; x_wconf 72' lang='grc' dir='ltr'><strong>Ρ.</strong></span> 
     </span>
    </p>
   </div>
   <div class='ocr_carea' id='block_1_33' title="bbox 483 1976 2066 2047">
    <p class='ocr_par' dir='ltr' id='par_1_33' title="bbox 483 1976 2066 2047">
     <span class='ocr_line' id='line_1_33' title="bbox 483 1976 2066 2047; baseline -0.003 -13"><span class='ocrx_word' id='word_1_253' title='bbox 483 1979 542 2034; x_wconf 88' lang='grc'><strong>’1.</strong></span> <span class='ocrx_word' id='word_1_254' title='bbox 589 1977 938 2046; x_wconf 77' lang='lat' dir='ltr'><strong>Supplictitio.</strong></span> <span class='ocrx_word' id='word_1_255' title='bbox 989 1979 1220 2033; x_wconf 80' lang='lat' dir='ltr'><strong>Oremus</strong></span> <span class='ocrx_word' id='word_1_256' title='bbox 1267 1976 1679 2047; x_wconf 75' lang='lat' dir='ltr'><strong>Redempttirem</strong></span> <span class='ocrx_word' id='word_1_257' title='bbox 1726 1976 1932 2031; x_wconf 89' lang='lat' dir='ltr'><strong>mundi.</strong></span> <span class='ocrx_word' id='word_1_258' title='bbox 1964 1976 2066 2030; x_wconf 75' lang='lat' dir='ltr'><strong>Re-</strong></span> 
     </span>
    </p>
   </div>
   <div class='ocr_carea' id='block_1_34' title="bbox 482 2065 964 2141">
    <p class='ocr_par' dir='ltr' id='par_1_34' title="bbox 482 2065 964 2141">
     <span class='ocr_line' id='line_1_34' title="bbox 482 2065 964 2141; baseline 0 -17"><span class='ocrx_word' id='word_1_259' title='bbox 482 2071 626 2141; x_wconf 81' lang='lat' dir='ltr'><strong>quire</strong></span> <span class='ocrx_word' id='word_1_260' title='bbox 657 2071 750 2140; x_wconf 90' lang='lat' dir='ltr'><strong>fol.</strong></span> <span class='ocrx_word' id='word_1_261' title='bbox 781 2070 840 2125; x_wconf 71' lang='lat'><strong>2-.</strong></span> <span class='ocrx_word' id='word_1_262' title='bbox 959 2065 964 2070; x_wconf 69' lang='grc'><strong>’</strong></span> 
     </span>
    </p>
   </div>
   <div class='ocr_carea' id='block_1_35' title="bbox 551 2161 2078 2233">
    <p class='ocr_par' dir='ltr' id='par_1_35' title="bbox 551 2161 2078 2233">
     <span class='ocr_line' id='line_1_35' title="bbox 551 2161 2078 2233; baseline -0.001 -16"><span class='ocrx_word' id='word_1_263' title='bbox 551 2165 816 2232; x_wconf 78' lang='lat' dir='ltr'><strong>Capitula.</strong></span> <span class='ocrx_word' id='word_1_264' title='bbox 842 2162 1111 2227; x_wconf 84' lang='lat' dir='ltr'><strong>Christus,</strong></span> <span class='ocrx_word' id='word_1_265' title='bbox 1142 2163 1254 2233; x_wconf 85' lang='lat' dir='ltr'><strong>qui,</strong></span> <span class='ocrx_word' id='word_1_266' title='bbox 1283 2162 1589 2217; x_wconf 84' lang='lat' dir='ltr'><strong>nasciturus</strong></span> <span class='ocrx_word' id='word_1_267' title='bbox 1621 2161 1672 2217; x_wconf 90' lang='lat' dir='ltr'><strong>in</strong></span> <span class='ocrx_word' id='word_1_268' title='bbox 1706 2169 1894 2227; x_wconf 89' lang='lat' dir='ltr'><strong>carne,</strong></span> <span class='ocrx_word' id='word_1_269' title='bbox 1926 2176 2078 2216; x_wconf 79' lang='lat' dir='ltr'><strong>com-</strong></span> 
     </span>
    </p>
   </div>
   <div class='ocr_carea' id='block_1_36' title="bbox 485 2253 2075 2325">
    <p class='ocr_par' dir='ltr' id='par_1_36' title="bbox 485 2253 2075 2325">
     <span class='ocr_line' id='line_1_36' title="bbox 485 2253 2075 2325; baseline -0.002 -15"><span class='ocrx_word' id='word_1_270' title='bbox 485 2256 818 2324; x_wconf 77' lang='lat' dir='ltr'><strong>plementum</strong></span> <span class='ocrx_word' id='word_1_271' title='bbox 865 2253 1039 2310; x_wconf 76' lang='lat' dir='ltr'><strong>factus</strong></span> <span class='ocrx_word' id='word_1_272' title='bbox 1085 2269 1146 2309; x_wconf 88' lang='lat' dir='ltr'><strong>es</strong></span> <span class='ocrx_word' id='word_1_273' title='bbox 1194 2257 1360 2325; x_wconf 89' lang='lat' dir='ltr'><strong>legis;</strong></span> <span class='ocrx_word' id='word_1_274' title='bbox 1391 2254 1773 2324; x_wconf 77' lang='lat' dir='ltr'><strong>periectidnem</strong></span> <span class='ocrx_word' id='word_1_275' title='bbox 1819 2254 1870 2309; x_wconf 93' lang='lat' dir='ltr'><strong>in</strong></span> <span class='ocrx_word' id='word_1_276' title='bbox 1918 2255 2075 2308; x_wconf 89' lang='lat' dir='ltr'><strong>nobis</strong></span> 
     </span>
    </p>
   </div>
   <div class='ocr_carea' id='block_1_37' title="bbox 488 2356 2075 2426">
    <p class='ocr_par' dir='ltr' id='par_1_37' title="bbox 488 2356 2075 2426">
     <span class='ocr_line' id='line_1_37' title="bbox 488 2356 2075 2426; baseline -0.003 -14"><span class='ocrx_word' id='word_1_277' title='bbox 488 2359 666 2414; x_wconf 85' lang='lat' dir='ltr'><strong>tribue</strong></span> <span class='ocrx_word' id='word_1_278' title='bbox 717 2356 1057 2411; x_wconf 72' lang='lat' dir='ltr'><strong>sanctitatis:</strong></span> <span class='ocrx_word' id='word_1_279' title='bbox 1091 2361 1168 2421; x_wconf 81' lang='lat' dir='ltr'><strong>et,</strong></span> <span class='ocrx_word' id='word_1_280' title='bbox 1217 2357 1306 2426; x_wconf 89' lang='lat' dir='ltr'><strong>qui</strong></span> <span class='ocrx_word' id='word_1_281' title='bbox 1356 2357 1485 2410; x_wconf 90' lang='lat' dir='ltr'><strong>olim</strong></span> <span class='ocrx_word' id='word_1_282' title='bbox 1517 2357 1759 2411; x_wconf 81' lang='lat' dir='ltr'><strong>Adventu</strong></span> <span class='ocrx_word' id='word_1_283' title='bbox 1809 2367 1899 2411; x_wconf 93' lang='lat' dir='ltr'><strong>tuo</strong></span> <span class='ocrx_word' id='word_1_284' title='bbox 1930 2356 2075 2412; x_wconf 71' lang='lat' dir='ltr'><strong>redi-</strong></span> 
     </span>
    </p>
   </div>
   <div class='ocr_carea' id='block_1_38' title="bbox 484 2447 2080 2519">
    <p class='ocr_par' dir='ltr' id='par_1_38' title="bbox 484 2447 2080 2519">
     <span class='ocr_line' id='line_1_38' title="bbox 484 2447 2080 2519; baseline -0.001 -14"><span class='ocrx_word' id='word_1_285' title='bbox 484 2459 635 2506; x_wconf 85' lang='lat' dir='ltr'><strong>mere</strong></span> <span class='ocrx_word' id='word_1_286' title='bbox 654 2449 905 2519; x_wconf 66' lang='lat' dir='ltr'><strong>dignbtus</strong></span> <span class='ocrx_word' id='word_1_287' title='bbox 928 2465 987 2504; x_wconf 89' lang='lat' dir='ltr'><strong>es</strong></span> <span class='ocrx_word' id='word_1_288' title='bbox 1019 2447 1501 2517; x_wconf 79' lang='lat' dir='ltr'><strong>titttttdum.jttdicii</strong></span> <span class='ocrx_word' id='word_1_289' title='bbox 1531 2449 1606 2503; x_wconf 90' lang='lat' dir='ltr'><strong>tui</strong></span> <span class='ocrx_word' id='word_1_290' title='bbox 1629 2447 1874 2519; x_wconf 72' lang='lat' dir='ltr'><strong>tempore</strong></span> <span class='ocrx_word' id='word_1_291' title='bbox 1903 2447 1934 2503; x_wconf 67' lang='grc' dir='ltr'><strong>ὲ</strong></span> <span class='ocrx_word' id='word_1_292' title='bbox 1963 2463 2080 2519; x_wconf 88' lang='lat' dir='ltr'><strong>sup-</strong></span> 
     </span>
    </p>
   </div>
   <div class='ocr_carea' id='block_1_39' title="bbox 485 2542 1554 2616">
    <p class='ocr_par' dir='ltr' id='par_1_39' title="bbox 485 2542 1554 2616">
     <span class='ocr_line' id='line_1_39' title="bbox 485 2542 1554 2616; baseline -0.004 -17"><span class='ocrx_word' id='word_1_293' title='bbox 485 2544 665 2616; x_wconf 83' lang='lat' dir='ltr'><strong>pliciis</strong></span> <span class='ocrx_word' id='word_1_294' title='bbox 692 2559 844 2600; x_wconf 84' lang='lat' dir='ltr'><strong>serva</strong></span> <span class='ocrx_word' id='word_1_295' title='bbox 877 2543 1088 2598; x_wconf 74' lang='lat' dir='ltr'><strong>ultimas</strong></span> <span class='ocrx_word' id='word_1_296' title='bbox 1127 2542 1554 2611; x_wconf 79' lang='lat' dir='ltr'><strong>redempturum.</strong></span> 
     </span>
    </p>
   </div>
   <div class='ocr_carea' id='block_1_40' title="bbox 561 2635 1434 2706">
    <p class='ocr_par' dir='ltr' id='par_1_40' title="bbox 561 2635 1434 2706">
     <span class='ocr_line' id='line_1_40' title="bbox 561 2635 1434 2706; baseline -0.007 -14"><span class='ocrx_word' id='word_1_297' title='bbox 561 2638 723 2692; x_wconf 76' lang='lat' dir='ltr'><strong>Pa&#39;t&#39;er</strong></span> <span class='ocrx_word' id='word_1_298' title='bbox 755 2648 960 2702; x_wconf 87' lang='lat' dir='ltr'><strong>noster,</strong></span> <span class='ocrx_word' id='word_1_299' title='bbox 984 2635 1071 2706; x_wconf 88' lang='lat' dir='ltr'><strong>qui</strong></span> <span class='ocrx_word' id='word_1_300' title='bbox 1101 2649 1160 2692; x_wconf 89' lang='lat' dir='ltr'><strong>es</strong></span> <span class='ocrx_word' id='word_1_301' title='bbox 1189 2637 1240 2691; x_wconf 92' lang='lat' dir='ltr'><strong>in</strong></span> <span class='ocrx_word' id='word_1_302' title='bbox 1263 2637 1434 2690; x_wconf 66' lang='lat' dir='ltr'><strong>caelis.</strong></span> 
     </span>
    </p>
   </div>
   <div class='ocr_carea' id='block_1_41' title="bbox 558 2727 1632 2798">
    <p class='ocr_par' dir='ltr' id='par_1_41' title="bbox 558 2727 1632 2798">
     <span class='ocr_line' id='line_1_41' title="bbox 558 2727 1632 2798; baseline -0.004 -12"><span class='ocrx_word' id='word_1_303' title='bbox 558 2727 794 2786; x_wconf 78' lang='lat' dir='ltr'><strong>Liberuti</strong></span> <span class='ocrx_word' id='word_1_304' title='bbox 822 2729 853 2783; x_wconf 70' lang='lat' dir='ltr'><strong>it</strong></span> <span class='ocrx_word' id='word_1_305' title='bbox 882 2727 1044 2794; x_wconf 88' lang='lat' dir='ltr'><strong>malo,</strong></span> <span class='ocrx_word' id='word_1_306' title='bbox 1073 2737 1180 2784; x_wconf 90' lang='lat' dir='ltr'><strong>etc.</strong></span> <span class='ocrx_word' id='word_1_307' title='bbox 1215 2727 1438 2798; x_wconf 74' lang='lat' dir='ltr'><strong>nequire</strong></span> <span class='ocrx_word' id='word_1_308' title='bbox 1458 2728 1551 2798; x_wconf 86' lang='lat' dir='ltr'><strong>fol.</strong></span> <span class='ocrx_word' id='word_1_309' title='bbox 1579 2728 1632 2782; x_wconf 92' lang='lat'><strong>2.</strong></span> 
     </span>
    </p>
   </div>
   <div class='ocr_carea' id='block_1_42' title="bbox 557 2815 2076 2888">
    <p class='ocr_par' dir='ltr' id='par_1_42' title="bbox 557 2815 2076 2888">
     <span class='ocr_line' id='line_1_42' title="bbox 557 2815 2076 2888; baseline 0 -13"><span class='ocrx_word' id='word_1_310' title='bbox 557 2817 761 2875; x_wconf 84' lang='lat' dir='ltr'><strong>Lauda.</strong></span> <span class='ocrx_word' id='word_1_311' title='bbox 788 2821 927 2876; x_wconf 88' lang='lat' dir='ltr'><strong>Deus</strong></span> <span class='ocrx_word' id='word_1_312' title='bbox 957 2835 1220 2887; x_wconf 87' lang='lat' dir='ltr'><strong>summus,</strong></span> <span class='ocrx_word' id='word_1_313' title='bbox 1251 2820 1523 2876; x_wconf 84' lang='lat' dir='ltr'><strong>terribilis.</strong></span> <span class='ocrx_word' id='word_1_314' title='bbox 1564 2819 1886 2877; x_wconf 74' lang='lat' dir='ltr'><strong>Benedictio.</strong></span> <span class='ocrx_word' id='word_1_315' title='bbox 1912 2815 2076 2888; x_wconf 88' lang='lat' dir='ltr'><strong>Deus,</strong></span> 
     </span>
    </p>
   </div>
   <div class='ocr_carea' id='block_1_43' title="bbox 494 2909 1472 2982">
    <p class='ocr_par' dir='ltr' id='par_1_43' title="bbox 494 2909 1472 2982">
     <span class='ocr_line' id='line_1_43' title="bbox 494 2909 1472 2982; baseline -0.001 -15"><span class='ocrx_word' id='word_1_316' title='bbox 494 2911 589 2969; x_wconf 81' lang='lat' dir='ltr'><strong>Dei</strong></span> <span class='ocrx_word' id='word_1_317' title='bbox 622 2909 795 2967; x_wconf 85' lang='lat' dir='ltr'><strong>Patris</strong></span> <span class='ocrx_word' id='word_1_318' title='bbox 821 2912 1010 2966; x_wconf 88' lang='lat' dir='ltr'><strong>Filius.</strong></span> <span class='ocrx_word' id='word_1_319' title='bbox 1046 2909 1227 2976; x_wconf 69' lang='lat' dir='ltr'><strong>Quaere</strong></span> <span class='ocrx_word' id='word_1_320' title='bbox 1257 2912 1350 2982; x_wconf 92' lang='lat' dir='ltr'><strong>fol.</strong></span> <span class='ocrx_word' id='word_1_321' title='bbox 1384 2910 1472 2966; x_wconf 73' lang='lat' dir='ltr'><strong>ﬂ.</strong></span> 
     </span>
    </p>
   </div>
   <div class='ocr_carea' id='block_1_44' title="bbox 561 3001 2080 3074">
    <p class='ocr_par' dir='ltr' id='par_1_44' title="bbox 561 3001 2080 3074">
     <span class='ocr_line' id='line_1_44' title="bbox 561 3001 2080 3074; baseline -0.001 -15"><span class='ocrx_word' id='word_1_322' title='bbox 561 3006 797 3060; x_wconf 75' lang='lat' dir='ltr'><strong>Exeunte</strong></span> <span class='ocrx_word' id='word_1_323' title='bbox 841 3005 1092 3072; x_wconf 70' lang='lat' dir='ltr'><strong>l&#39;ésperd.</strong></span> <span class='ocrx_word' id='word_1_324' title='bbox 1127 3002 1333 3058; x_wconf 82' lang='lat' dir='ltr'><strong>Lauda.</strong></span> <span class='ocrx_word' id='word_1_325' title='bbox 1385 3002 1432 3060; x_wconf 83' lang='lat' dir='ltr'><strong>A</strong></span> <span class='ocrx_word' id='word_1_326' title='bbox 1481 3003 1611 3059; x_wconf 87' lang='lat' dir='ltr'><strong>solis</strong></span> <span class='ocrx_word' id='word_1_327' title='bbox 1638 3014 1760 3059; x_wconf 90' lang='lat' dir='ltr'><strong>ortu</strong></span> <span class='ocrx_word' id='word_1_328' title='bbox 1801 3017 1968 3074; x_wconf 91' lang='lat' dir='ltr'><strong>usque</strong></span> <span class='ocrx_word' id='word_1_329' title='bbox 2013 3001 2080 3057; x_wconf 92' lang='lat' dir='ltr'><strong>ad</strong></span> 
     </span>
    </p>
   </div>
   <div class='ocr_carea' id='block_1_45' title="bbox 490 3095 1225 3166">
    <p class='ocr_par' dir='ltr' id='par_1_45' title="bbox 490 3095 1225 3166">
     <span class='ocr_line' id='line_1_45' title="bbox 490 3095 1225 3166; baseline -0.004 -14"><span class='ocrx_word' id='word_1_330' title='bbox 490 3098 766 3152; x_wconf 70' lang='lat' dir='ltr'><strong>occasum.</strong></span> <span class='ocrx_word' id='word_1_331' title='bbox 795 3095 1016 3166; x_wconf 80' lang='lat' dir='ltr'><strong>Iiequire</strong></span> <span class='ocrx_word' id='word_1_332' title='bbox 1044 3096 1137 3166; x_wconf 90' lang='lat' dir='ltr'><strong>fol.</strong></span> <span class='ocrx_word' id='word_1_333' title='bbox 1171 3095 1225 3150; x_wconf 81' lang='grc'><em>1.</em></span> 
     </span>
    </p>
   </div>
   <div class='ocr_carea' id='block_1_46' title="bbox 566 3178 1823 3262">
    <p class='ocr_par' dir='ltr' id='par_1_46' title="bbox 566 3178 1823 3262">
     <span class='ocr_line' id='line_1_46' title="bbox 566 3178 1823 3262; baseline 0.001 -16"><span class='ocrx_word' id='word_1_334' title='bbox 566 3190 734 3246; x_wconf 87' lang='lat' dir='ltr'><strong>Sono.</strong></span> <span class='ocrx_word' id='word_1_335' title='bbox 759 3191 1009 3246; x_wconf 81' lang='lat' dir='ltr'><strong>Alleluia.</strong></span> <span class='ocrx_word' id='word_1_336' title='bbox 1037 3189 1359 3246; x_wconf 85' lang='lat' dir='ltr'><strong>Gaudébunt</strong></span> <span class='ocrx_word' id='word_1_337' title='bbox 1387 3178 1581 3259; x_wconf 75' lang='lat' dir='ltr'><strong>campi.</strong></span> <span class='ocrx_word' id='word_1_338' title='bbox 1611 3190 1706 3262; x_wconf 88' lang='lat' dir='ltr'><strong>fol.</strong></span> <span class='ocrx_word' id='word_1_339' title='bbox 1733 3179 1823 3247; x_wconf 71' lang='grc' dir='ltr'><em>η.</em></span> 
     </span>
    </p>
   </div>
   <div class='ocr_carea' id='block_1_47' title="bbox 562 3271 2080 3354">
    <p class='ocr_par' dir='ltr' id='par_1_47' title="bbox 562 3271 2080 3354">
     <span class='ocr_line' id='line_1_47' title="bbox 562 3271 2080 3354; baseline 0 -16"><span class='ocrx_word' id='word_1_340' title='bbox 562 3284 878 3354; x_wconf 74' lang='lat' dir='ltr'><strong>Antiphona.</strong></span> <span class='ocrx_word' id='word_1_341' title='bbox 927 3283 1044 3339; x_wconf 85' lang='lat' dir='ltr'><strong>Erit</strong></span> <span class='ocrx_word' id='word_1_342' title='bbox 1092 3271 1352 3339; x_wconf 77' lang='lat' dir='ltr'><strong>Duuiinus</strong></span> <span class='ocrx_word' id='word_1_343' title='bbox 1406 3284 1607 3339; x_wconf 66' lang='lat' dir='ltr'><strong>cortina</strong></span> <span class='ocrx_word' id='word_1_344' title='bbox 1653 3283 1837 3354; x_wconf 68' lang='lat' dir='ltr'><strong>gluriae</strong></span> <span class='ocrx_word' id='word_1_345' title='bbox 1887 3283 1941 3338; x_wconf 91' lang='lat' dir='ltr'><strong>in</strong></span> <span class='ocrx_word' id='word_1_346' title='bbox 1990 3282 2080 3339; x_wconf 89' lang='lat' dir='ltr'><strong>die</strong></span> 
     </span>
    </p>
   </div>
   <div class='ocr_carea' id='block_1_48' title="bbox 489 3371 2084 3445">
    <p class='ocr_par' dir='ltr' id='par_1_48' title="bbox 489 3371 2084 3445">
     <span class='ocr_line' id='line_1_48' title="bbox 489 3371 2084 3445; baseline -0.001 -13"><span class='ocrx_word' id='word_1_347' title='bbox 489 3377 605 3432; x_wconf 89' lang='lat' dir='ltr'><strong>illa.</strong></span> <span class='ocrx_word' id='word_1_348' title='bbox 635 3376 698 3429; x_wconf 85' lang='grc' dir='ltr'><strong>Ρ.</strong></span> <span class='ocrx_word' id='word_1_349' title='bbox 734 3375 800 3429; x_wconf 84' lang='lat' dir='ltr'><strong>Et</strong></span> <span class='ocrx_word' id='word_1_350' title='bbox 826 3375 1200 3430; x_wconf 80' lang='lat' dir='ltr'><strong>ornamentum</strong></span> <span class='ocrx_word' id='word_1_351' title='bbox 1225 3371 1426 3430; x_wconf 61' lang='lat' dir='ltr'><strong>laetitia:</strong></span> <span class='ocrx_word' id='word_1_352' title='bbox 1469 3374 1743 3430; x_wconf 87' lang='lat' dir='ltr'><strong>residuum</strong></span> <span class='ocrx_word' id='word_1_353' title='bbox 1787 3373 1969 3445; x_wconf 73' lang='lat' dir='ltr'><strong>pepuli</strong></span> <span class='ocrx_word' id='word_1_354' title='bbox 1998 3376 2084 3431; x_wconf 90' lang='lat' dir='ltr'><strong>sui</strong></span> 
     </span>
    </p>
   </div>
   <div class='ocr_carea' id='block_1_49' title="bbox 492 3467 2084 3539">
    <p class='ocr_par' dir='ltr' id='par_1_49' title="bbox 492 3467 2084 3539">
     <span class='ocr_line' id='line_1_49' title="bbox 492 3467 2084 3539; baseline 0 -15"><span class='ocrx_word' id='word_1_355' title='bbox 492 3469 685 3526; x_wconf 82' lang='lat' dir='ltr'><strong>lsraél.</strong></span> <span class='ocrx_word' id='word_1_356' title='bbox 732 3471 767 3539; x_wconf 54' lang='grc' dir='ltr'><em>ᾖ</em></span> <span class='ocrx_word' id='word_1_357' title='bbox 791 3508 806 3523; x_wconf 94' lang='grc'><strong>.</strong></span> <span class='ocrx_word' id='word_1_358' title='bbox 859 3469 927 3524; x_wconf 85' lang='lat' dir='ltr'><strong>Et</strong></span> <span class='ocrx_word' id='word_1_359' title='bbox 970 3468 1333 3524; x_wconf 73' lang='lat' dir='ltr'><strong>dominabitur</strong></span> <span class='ocrx_word' id='word_1_360' title='bbox 1372 3467 1403 3522; x_wconf 75' lang='grc' dir='ltr'>ξι</span> <span class='ocrx_word' id='word_1_361' title='bbox 1434 3467 1568 3522; x_wconf 87' lang='lat' dir='ltr'><strong>mari</strong></span> <span class='ocrx_word' id='word_1_362' title='bbox 1599 3483 1766 3538; x_wconf 87' lang='lat' dir='ltr'><strong>usque</strong></span> <span class='ocrx_word' id='word_1_363' title='bbox 1795 3467 1862 3522; x_wconf 87' lang='lat' dir='ltr'><strong>ad</strong></span> <span class='ocrx_word' id='word_1_364' title='bbox 1910 3482 2084 3536; x_wconf 85' lang='lat' dir='ltr'><strong>mare,</strong></span> 
     </span>
    </p>
   </div>
   <div class='ocr_carea' id='block_1_50' title="bbox 492 3558 2086 3630">
    <p class='ocr_par' dir='ltr' id='par_1_50' title="bbox 492 3558 2086 3630">
     <span class='ocr_line' id='line_1_50' title="bbox 492 3558 2086 3630; baseline 0 -16"><span class='ocrx_word' id='word_1_365' title='bbox 492 3570 551 3614; x_wconf 86' lang='lat' dir='ltr'><strong>et</strong></span> <span class='ocrx_word' id='word_1_366' title='bbox 572 3576 740 3629; x_wconf 88' lang='lat' dir='ltr'><strong>usque</strong></span> <span class='ocrx_word' id='word_1_367' title='bbox 766 3559 832 3615; x_wconf 87' lang='lat' dir='ltr'><strong>ad</strong></span> <span class='ocrx_word' id='word_1_368' title='bbox 863 3559 1066 3616; x_wconf 85' lang='lat' dir='ltr'><strong>ﬂumen</strong></span> <span class='ocrx_word' id='word_1_369' title='bbox 1090 3559 1415 3630; x_wconf 74' lang='lat' dir='ltr'><strong>propagines</strong></span> <span class='ocrx_word' id='word_1_370' title='bbox 1444 3559 1586 3629; x_wconf 79' lang='lat' dir='ltr'><strong>ejus.</strong></span> <span class='ocrx_word' id='word_1_371' title='bbox 1612 3558 1678 3613; x_wconf 98' lang='grc' dir='ltr'><strong>Ρ.</strong></span> <span class='ocrx_word' id='word_1_372' title='bbox 1703 3558 1770 3614; x_wconf 84' lang='grc' dir='ltr'>Ει</span> <span class='ocrx_word' id='word_1_373' title='bbox 1798 3560 2086 3614; x_wconf 86' lang='lat' dir='ltr'><strong>ornamen-</strong></span> 
     </span>
    </p>
   </div>
   <div class='ocr_carea' id='block_1_51' title="bbox 492 3648 2087 3721">
    <p class='ocr_par' dir='ltr' id='par_1_51' title="bbox 492 3648 2087 3721">
     <span class='ocr_line' id='line_1_51' title="bbox 492 3648 2087 3721; baseline -0.001 -16"><span class='ocrx_word' id='word_1_374' title='bbox 492 3660 605 3706; x_wconf 91' lang='lat' dir='ltr'><strong>tum</strong></span> <span class='ocrx_word' id='word_1_375' title='bbox 638 3651 863 3707; x_wconf 63' lang='lat' dir='ltr'><strong>laetitiae.</strong></span> <span class='ocrx_word' id='word_1_376' title='bbox 909 3651 943 3721; x_wconf 60' lang='grc' dir='ltr'><em>ᾖ</em></span> <span class='ocrx_word' id='word_1_377' title='bbox 968 3688 984 3706; x_wconf 92' lang='grc'><strong>.</strong></span> <span class='ocrx_word' id='word_1_378' title='bbox 1012 3649 1217 3719; x_wconf 81' lang='lat' dir='ltr'><strong>Gloria,</strong></span> <span class='ocrx_word' id='word_1_379' title='bbox 1244 3661 1300 3706; x_wconf 90' lang='lat' dir='ltr'><strong>et</strong></span> <span class='ocrx_word' id='word_1_380' title='bbox 1327 3651 1499 3705; x_wconf 87' lang='lat' dir='ltr'><strong>honor</strong></span> <span class='ocrx_word' id='word_1_381' title='bbox 1525 3650 1689 3706; x_wconf 85' lang='lat' dir='ltr'><strong>Patri.</strong></span> <span class='ocrx_word' id='word_1_382' title='bbox 1724 3648 1792 3706; x_wconf 82' lang='grc' dir='ltr'><strong>Ρ.</strong></span> <span class='ocrx_word' id='word_1_383' title='bbox 1829 3650 1894 3706; x_wconf 84' lang='lat' dir='ltr'><strong>Et</strong></span> <span class='ocrx_word' id='word_1_384' title='bbox 1933 3666 2087 3707; x_wconf 84' lang='lat' dir='ltr'><strong>orna-</strong></span> 
     </span>
    </p>
   </div>
   <div class='ocr_carea' id='block_1_52' title="bbox 491 3743 991 3800">
    <p class='ocr_par' dir='ltr' id='par_1_52' title="bbox 491 3743 991 3800">
     <span class='ocr_line' id='line_1_52' title="bbox 491 3743 991 3800; baseline -0.004 0"><span class='ocrx_word' id='word_1_385' title='bbox 491 3744 732 3800; x_wconf 82' lang='lat' dir='ltr'><strong>mentum</strong></span> <span class='ocrx_word' id='word_1_386' title='bbox 768 3743 991 3798; x_wconf 71' lang='lat' dir='ltr'><strong>lmtitite.</strong></span> 
     </span>
    </p>
   </div>
   <div class='ocr_carea' id='block_1_53' title="bbox 563 3833 2086 3906">
    <p class='ocr_par' dir='ltr' id='par_1_53' title="bbox 563 3833 2086 3906">
     <span class='ocr_line' id='line_1_53' title="bbox 563 3833 2086 3906; baseline 0 -16"><span class='ocrx_word' id='word_1_387' title='bbox 563 3837 768 3892; x_wconf 72' lang='lat' dir='ltr'><strong>Lauda.</strong></span> <span class='ocrx_word' id='word_1_388' title='bbox 813 3838 1096 3904; x_wconf 80' lang='lat' dir='ltr'><strong>Exultent,</strong></span> <span class='ocrx_word' id='word_1_389' title='bbox 1144 3846 1202 3893; x_wconf 91' lang='lat' dir='ltr'><strong>et</strong></span> <span class='ocrx_word' id='word_1_390' title='bbox 1243 3836 1490 3892; x_wconf 70' lang='lat' dir='ltr'><strong>laetentur</strong></span> <span class='ocrx_word' id='word_1_391' title='bbox 1535 3835 1589 3890; x_wconf 92' lang='lat' dir='ltr'><strong>in</strong></span> <span class='ocrx_word' id='word_1_392' title='bbox 1639 3843 1692 3891; x_wconf 88' lang='lat' dir='ltr'><strong>te</strong></span> <span class='ocrx_word' id='word_1_393' title='bbox 1737 3850 1947 3902; x_wconf 87' lang='lat' dir='ltr'><strong>omnes,</strong></span> <span class='ocrx_word' id='word_1_394' title='bbox 1996 3833 2086 3906; x_wconf 91' lang='lat' dir='ltr'><strong>qui</strong></span> 
     </span>
    </p>
   </div>
   <div class='ocr_carea' id='block_1_54' title="bbox 491 3926 2083 3999">
    <p class='ocr_par' dir='ltr' id='par_1_54' title="bbox 491 3926 2083 3999">
     <span class='ocr_line' id='line_1_54' title="bbox 491 3926 2083 3999; baseline 0.002 -18"><span class='ocrx_word' id='word_1_395' title='bbox 491 3938 741 3999; x_wconf 75' lang='lat' dir='ltr'><strong>qurcrunt</strong></span> <span class='ocrx_word' id='word_1_396' title='bbox 789 3937 863 3997; x_wconf 90' lang='lat' dir='ltr'><strong>te,</strong></span> <span class='ocrx_word' id='word_1_397' title='bbox 907 3929 1170 3994; x_wconf 79' lang='lat' dir='ltr'><strong>Dumine,</strong></span> <span class='ocrx_word' id='word_1_398' title='bbox 1205 3928 1440 3984; x_wconf 87' lang='lat' dir='ltr'><strong>alleluia.</strong></span> <span class='ocrx_word' id='word_1_399' title='bbox 1472 3926 1540 3983; x_wconf 89' lang='lat' dir='ltr'><strong>P.</strong></span> <span class='ocrx_word' id='word_1_400' title='bbox 1572 3927 1639 3982; x_wconf 83' lang='lat' dir='ltr'><strong>Et</strong></span> <span class='ocrx_word' id='word_1_401' title='bbox 1679 3927 1897 3984; x_wconf 86' lang='lat' dir='ltr'><strong>dicant:</strong></span> <span class='ocrx_word' id='word_1_402' title='bbox 1926 3927 2083 3984; x_wconf 86' lang='lat' dir='ltr'><strong>Sem-</strong></span> 
     </span>
    </p>
   </div>
   <div class='ocr_carea' id='block_1_55' title="bbox 493 4019 2083 4091">
    <p class='ocr_par' dir='ltr' id='par_1_55' title="bbox 493 4019 2083 4091">
     <span class='ocr_line' id='line_1_55' title="bbox 493 4019 2083 4091; baseline 0.003 -17"><span class='ocrx_word' id='word_1_403' title='bbox 493 4034 591 4088; x_wconf 85' lang='lat' dir='ltr'><strong>per</strong></span> <span class='ocrx_word' id='word_1_404' title='bbox 621 4019 993 4090; x_wconf 81' lang='lat' dir='ltr'><strong>magniticetur</strong></span> <span class='ocrx_word' id='word_1_405' title='bbox 1019 4061 1034 4088; x_wconf 94' lang='lat'><strong>,</strong></span> <span class='ocrx_word' id='word_1_406' title='bbox 1058 4021 1297 4088; x_wconf 90' lang='lat' dir='ltr'><strong>alleluia,</strong></span> <span class='ocrx_word' id='word_1_407' title='bbox 1342 4020 1582 4075; x_wconf 83' lang='lat' dir='ltr'><strong>alleluia.</strong></span> <span class='ocrx_word' id='word_1_408' title='bbox 1631 4021 1666 4091; x_wconf 63' lang='grc' dir='ltr'><em>ᾗ</em></span> <span class='ocrx_word' id='word_1_409' title='bbox 1691 4059 1704 4073; x_wconf 96' lang='grc'><strong>.</strong></span> <span class='ocrx_word' id='word_1_410' title='bbox 1738 4020 1986 4088; x_wconf 81' lang='lat' dir='ltr'><strong>Dumine,</strong></span> <span class='ocrx_word' id='word_1_411' title='bbox 2030 4024 2083 4079; x_wconf 89' lang='lat' dir='ltr'><strong>in</strong></span> 
     </span>
    </p>
   </div>
   <div class='ocr_carea' id='block_1_56' title="bbox 495 4111 2086 4178">
    <p class='ocr_par' dir='ltr' id='par_1_56' title="bbox 495 4111 2086 4178">
     <span class='ocr_line' id='line_1_56' title="bbox 495 4111 2086 4178; baseline 0.004 -12"><span class='ocrx_word' id='word_1_412' title='bbox 495 4111 705 4166; x_wconf 84' lang='lat' dir='ltr'><strong>lumine</strong></span> <span class='ocrx_word' id='word_1_413' title='bbox 753 4113 931 4168; x_wconf 86' lang='lat' dir='ltr'><strong>vultus</strong></span> <span class='ocrx_word' id='word_1_414' title='bbox 975 4113 1048 4167; x_wconf 90' lang='lat' dir='ltr'><strong>tui</strong></span> <span class='ocrx_word' id='word_1_415' title='bbox 1097 4113 1469 4178; x_wconf 74' lang='lat' dir='ltr'><strong>ambulabunt,</strong></span> <span class='ocrx_word' id='word_1_416' title='bbox 1526 4121 1581 4168; x_wconf 91' lang='lat' dir='ltr'><strong>et</strong></span> <span class='ocrx_word' id='word_1_417' title='bbox 1630 4112 1684 4168; x_wconf 90' lang='lat' dir='ltr'><strong>in</strong></span> <span class='ocrx_word' id='word_1_418' title='bbox 1734 4114 1954 4171; x_wconf 78' lang='lat' dir='ltr'><strong>numine</strong></span> <span class='ocrx_word' id='word_1_419' title='bbox 1995 4128 2086 4172; x_wconf 92' lang='lat' dir='ltr'><strong>tuo</strong></span> 
     </span>
    </p>
   </div>
   <div class='ocr_carea' id='block_1_57' title="bbox 496 4203 2086 4276">
    <p class='ocr_par' dir='ltr' id='par_1_57' title="bbox 496 4203 2086 4276">
     <span class='ocr_line' id='line_1_57' title="bbox 496 4203 2086 4276; baseline 0.004 -18"><span class='ocrx_word' id='word_1_420' title='bbox 496 4204 898 4259; x_wconf 76' lang='lat' dir='ltr'><strong>exaltabuntur.</strong></span> <span class='ocrx_word' id='word_1_421' title='bbox 939 4203 1010 4259; x_wconf 88' lang='grc' dir='ltr'><strong>Ρ.</strong></span> <span class='ocrx_word' id='word_1_422' title='bbox 1066 4205 1136 4260; x_wconf 86' lang='lat' dir='ltr'><strong>Et</strong></span> <span class='ocrx_word' id='word_1_423' title='bbox 1183 4207 1384 4266; x_wconf 85' lang='lat' dir='ltr'><strong>dicant.</strong></span> <span class='ocrx_word' id='word_1_424' title='bbox 1429 4209 1504 4276; x_wconf 59' lang='grc' dir='ltr'><em>ᾖ.</em></span> <span class='ocrx_word' id='word_1_425' title='bbox 1555 4205 1756 4273; x_wconf 82' lang='lat' dir='ltr'><strong>Gloria,</strong></span> <span class='ocrx_word' id='word_1_426' title='bbox 1806 4217 1863 4264; x_wconf 90' lang='lat' dir='ltr'><strong>et</strong></span> <span class='ocrx_word' id='word_1_427' title='bbox 1911 4209 2086 4265; x_wconf 89' lang='lat' dir='ltr'><strong>honor</strong></span> 
     </span>
    </p>
   </div>
   <div class='ocr_carea' id='block_1_58' title="bbox 496 4297 1603 4374">
    <p class='ocr_par' dir='ltr' id='par_1_58' title="bbox 496 4297 1603 4374">
     <span class='ocr_line' id='line_1_58' title="bbox 496 4297 1603 4374; baseline 0.006 -21"><span class='ocrx_word' id='word_1_428' title='bbox 496 4297 664 4364; x_wconf 86' lang='lat' dir='ltr'><strong>Patri,</strong></span> <span class='ocrx_word' id='word_1_429' title='bbox 697 4308 753 4352; x_wconf 89' lang='lat' dir='ltr'><strong>et</strong></span> <span class='ocrx_word' id='word_1_430' title='bbox 781 4298 938 4354; x_wconf 83' lang='lat' dir='ltr'><strong>Filio.</strong></span> <span class='ocrx_word' id='word_1_431' title='bbox 972 4297 1040 4353; x_wconf 87' lang='lat' dir='ltr'><strong>P.</strong></span> <span class='ocrx_word' id='word_1_432' title='bbox 1070 4297 1139 4354; x_wconf 87' lang='lat' dir='ltr'><strong>Et</strong></span> <span class='ocrx_word' id='word_1_433' title='bbox 1161 4299 1340 4356; x_wconf 85' lang='lat' dir='ltr'><strong>dicant</strong></span> <span class='ocrx_word' id='word_1_434' title='bbox 1369 4317 1603 4374; x_wconf 82' lang='lat' dir='ltr'><strong>semper.</strong></span> 
     </span>
    </p>
   </div>
   <div class='ocr_carea' id='block_1_59' title="bbox 579 4386 2084 4464">
    <p class='ocr_par' dir='ltr' id='par_1_59' title="bbox 579 4386 2084 4464">
     <span class='ocr_line' id='line_1_59' title="bbox 579 4386 2084 4464; baseline 0.005 -25"><span class='ocrx_word' id='word_1_435' title='bbox 579 4387 839 4458; x_wconf 77' lang='lat' dir='ltr'><strong>Hymnus.</strong></span> <span class='ocrx_word' id='word_1_436' title='bbox 895 4386 1096 4444; x_wconf 85' lang='lat' dir='ltr'><strong>Christi</strong></span> <span class='ocrx_word' id='word_1_437' title='bbox 1149 4390 1361 4445; x_wconf 83' lang='lat' dir='ltr'><strong>caterva</strong></span> <span class='ocrx_word' id='word_1_438' title='bbox 1420 4392 1678 4448; x_wconf 79' lang='lat' dir='ltr'><strong>clamitet.</strong></span> <span class='ocrx_word' id='word_1_439' title='bbox 1739 4391 2084 4464; x_wconf 69' lang='lat' dir='ltr'><strong>Supplicdtio.</strong></span> 
     </span>
    </p>
   </div>
   <div class='ocr_carea' id='block_1_60' title="bbox 495 4481 2086 4553">
    <p class='ocr_par' dir='ltr' id='par_1_60' title="bbox 495 4481 2086 4553">
     <span class='ocr_line' id='line_1_60' title="bbox 495 4481 2086 4553; baseline 0.002 -17"><span class='ocrx_word' id='word_1_440' title='bbox 495 4482 727 4537; x_wconf 81' lang='lat' dir='ltr'><strong>Oremus</strong></span> <span class='ocrx_word' id='word_1_441' title='bbox 749 4481 1165 4553; x_wconf 71' lang='lat' dir='ltr'><strong>Redemptdrem</strong></span> <span class='ocrx_word' id='word_1_442' title='bbox 1197 4484 1381 4539; x_wconf 90' lang='lat' dir='ltr'><strong>mundi</strong></span> <span class='ocrx_word' id='word_1_443' title='bbox 1409 4484 1692 4541; x_wconf 81' lang='lat' dir='ltr'><strong>Dominum</strong></span> <span class='ocrx_word' id='word_1_444' title='bbox 1731 4498 1998 4549; x_wconf 90' lang='lat' dir='ltr'><strong>nostrum,</strong></span> <span class='ocrx_word' id='word_1_445' title='bbox 2029 4494 2086 4539; x_wconf 85' lang='lat' dir='ltr'><strong>ut</strong></span> 
     </span>
    </p>
   </div>
   <div class='ocr_carea' id='block_1_61' title="bbox 2175 1975 3766 2054">
    <p class='ocr_par' dir='ltr' id='par_1_61' title="bbox 2175 1975 3766 2054">
     <span class='ocr_line' id='line_1_61' title="bbox 2175 1975 3766 2054; baseline 0.006 -26"><span class='ocrx_word' id='word_1_446' title='bbox 2175 1975 2439 2043; x_wconf 82' lang='lat' dir='ltr'><strong>Quoniam</strong></span> <span class='ocrx_word' id='word_1_447' title='bbox 2467 1977 2646 2032; x_wconf 72' lang='lat' dir='ltr'><strong>veniet</strong></span> <span class='ocrx_word' id='word_1_448' title='bbox 2673 1977 3263 2037; x_wconf 73' lang='lat' dir='ltr'><strong>Dominusdominlitor</strong></span> <span class='ocrx_word' id='word_1_449' title='bbox 3286 1984 3337 2038; x_wconf 91' lang='lat' dir='ltr'><strong>in</strong></span> <span class='ocrx_word' id='word_1_450' title='bbox 3369 1983 3579 2054; x_wconf 81' lang='lat' dir='ltr'><strong>signum</strong></span> <span class='ocrx_word' id='word_1_451' title='bbox 3606 1984 3766 2038; x_wconf 72' lang='lat' dir='ltr'><strong>arter-</strong></span> 
     </span>
    </p>
   </div>
   <div class='ocr_carea' id='block_1_62' title="bbox 2180 2069 3768 2142">
    <p class='ocr_par' dir='ltr' id='par_1_62' title="bbox 2180 2069 3768 2142">
     <span class='ocr_line' id='line_1_62' title="bbox 2180 2069 3768 2142; baseline 0.004 -20"><span class='ocrx_word' id='word_1_452' title='bbox 2180 2084 2346 2132; x_wconf 88' lang='lat' dir='ltr'><strong>num,</strong></span> <span class='ocrx_word' id='word_1_453' title='bbox 2406 2069 2548 2138; x_wconf 89' lang='lat' dir='ltr'><strong>quod</strong></span> <span class='ocrx_word' id='word_1_454' title='bbox 2610 2085 2902 2141; x_wconf 89' lang='lat' dir='ltr'><strong>numquam</strong></span> <span class='ocrx_word' id='word_1_455' title='bbox 2959 2073 3254 2128; x_wconf 79' lang='lat' dir='ltr'><strong>auferetur.</strong></span> <span class='ocrx_word' id='word_1_456' title='bbox 3318 2075 3393 2142; x_wconf 58' lang='grc' dir='ltr'><em>ᾗ.</em></span> <span class='ocrx_word' id='word_1_457' title='bbox 3448 2073 3768 2129; x_wconf 74' lang='lat' dir='ltr'><strong>Gaudebant</strong></span> 
     </span>
    </p>
   </div>
   <div class='ocr_carea' id='block_1_63' title="bbox 2175 2164 3764 2235">
    <p class='ocr_par' dir='ltr' id='par_1_63' title="bbox 2175 2164 3764 2235">
     <span class='ocr_line' id='line_1_63' title="bbox 2175 2164 3764 2235; baseline 0.001 -18"><span class='ocrx_word' id='word_1_458' title='bbox 2175 2164 2374 2233; x_wconf 90' lang='lat' dir='ltr'><strong>campi,</strong></span> <span class='ocrx_word' id='word_1_459' title='bbox 2403 2173 2458 2219; x_wconf 86' lang='lat' dir='ltr'><strong>et</strong></span> <span class='ocrx_word' id='word_1_460' title='bbox 2487 2164 2666 2228; x_wconf 88' lang='lat' dir='ltr'><strong>omnia</strong></span> <span class='ocrx_word' id='word_1_461' title='bbox 2698 2165 2838 2235; x_wconf 88' lang='lat' dir='ltr'><strong>ligna</strong></span> <span class='ocrx_word' id='word_1_462' title='bbox 2875 2165 3022 2220; x_wconf 89' lang='lat' dir='ltr'><strong>cedri</strong></span> <span class='ocrx_word' id='word_1_463' title='bbox 3055 2165 3266 2228; x_wconf 80' lang='lat' dir='ltr'><strong>Libani,</strong></span> <span class='ocrx_word' id='word_1_464' title='bbox 3306 2180 3443 2234; x_wconf 83' lang='lat' dir='ltr'><strong>quas</strong></span> <span class='ocrx_word' id='word_1_465' title='bbox 3483 2165 3764 2235; x_wconf 75' lang='lat' dir='ltr'><strong>plantavit.</strong></span> 
     </span>
    </p>
   </div>
   <div class='ocr_carea' id='block_1_64' title="bbox 2176 2250 3767 2322">
    <p class='ocr_par' dir='ltr' id='par_1_64' title="bbox 2176 2250 3767 2322">
     <span class='ocr_line' id='line_1_64' title="bbox 2176 2250 3767 2322; baseline 0.002 -16"><span class='ocrx_word' id='word_1_466' title='bbox 2176 2250 2286 2307; x_wconf 86' lang='lat' dir='ltr'><strong>Illic</strong></span> <span class='ocrx_word' id='word_1_467' title='bbox 2317 2253 2565 2322; x_wconf 73' lang='lat' dir='ltr'><strong>pusseres</strong></span> <span class='ocrx_word' id='word_1_468' title='bbox 2587 2254 2954 2309; x_wconf 80' lang='lat' dir='ltr'><strong>nidillcubunt.</strong></span> <span class='ocrx_word' id='word_1_469' title='bbox 2989 2253 3056 2308; x_wconf 87' lang='grc' dir='ltr'><strong>Ρ.</strong></span> <span class='ocrx_word' id='word_1_470' title='bbox 3087 2254 3349 2322; x_wconf 77' lang='lat' dir='ltr'><strong>Quéniam</strong></span> <span class='ocrx_word' id='word_1_471' title='bbox 3378 2256 3553 2310; x_wconf 81' lang='lat' dir='ltr'><strong>veniet</strong></span> <span class='ocrx_word' id='word_1_472' title='bbox 3583 2250 3767 2309; x_wconf 81' lang='lat' dir='ltr'><strong>Domi-</strong></span> 
     </span>
    </p>
   </div>
   <div class='ocr_carea' id='block_1_65' title="bbox 2177 2343 3584 2414">
    <p class='ocr_par' dir='ltr' id='par_1_65' title="bbox 2177 2343 3584 2414">
     <span class='ocr_line' id='line_1_65' title="bbox 2177 2343 3584 2414; baseline 0.002 -16"><span class='ocrx_word' id='word_1_473' title='bbox 2177 2357 2299 2399; x_wconf 90' lang='lat' dir='ltr'><strong>nus.</strong></span> <span class='ocrx_word' id='word_1_474' title='bbox 2346 2344 2417 2414; x_wconf 64' lang='grc' dir='ltr'><em>ὶ.</em></span> <span class='ocrx_word' id='word_1_475' title='bbox 2449 2344 2650 2409; x_wconf 81' lang='lat' dir='ltr'><strong>Gloria,</strong></span> <span class='ocrx_word' id='word_1_476' title='bbox 2682 2355 2736 2400; x_wconf 89' lang='lat' dir='ltr'><strong>et</strong></span> <span class='ocrx_word' id='word_1_477' title='bbox 2773 2344 2962 2399; x_wconf 89' lang='lat' dir='ltr'><strong>honor.</strong></span> <span class='ocrx_word' id='word_1_478' title='bbox 3000 2343 3065 2398; x_wconf 85' lang='lat' dir='ltr'><strong>P.</strong></span> <span class='ocrx_word' id='word_1_479' title='bbox 3096 2345 3356 2412; x_wconf 74' lang='lat' dir='ltr'><strong>Qudniam</strong></span> <span class='ocrx_word' id='word_1_480' title='bbox 3385 2345 3584 2401; x_wconf 81' lang='lat' dir='ltr'><strong>veniet.</strong></span> 
     </span>
    </p>
   </div>
   <div class='ocr_carea' id='block_1_66' title="bbox 2254 2436 3769 2508">
    <p class='ocr_par' dir='ltr' id='par_1_66' title="bbox 2254 2436 3769 2508">
     <span class='ocr_line' id='line_1_66' title="bbox 2254 2436 3769 2508; baseline 0.003 -18"><span class='ocrx_word' id='word_1_481' title='bbox 2254 2437 2458 2492; x_wconf 71' lang='lat' dir='ltr'><strong>Oratio.</strong></span> <span class='ocrx_word' id='word_1_482' title='bbox 2493 2436 2806 2492; x_wconf 61' lang='lat' dir='ltr'><strong>Dominhtor</strong></span> <span class='ocrx_word' id='word_1_483' title='bbox 2847 2437 3094 2501; x_wconf 78' lang='lat' dir='ltr'><strong>Dumine,</strong></span> <span class='ocrx_word' id='word_1_484' title='bbox 3143 2437 3233 2506; x_wconf 86' lang='lat' dir='ltr'><strong>qui</strong></span> <span class='ocrx_word' id='word_1_485' title='bbox 3265 2439 3316 2492; x_wconf 87' lang='lat' dir='ltr'><strong>in</strong></span> <span class='ocrx_word' id='word_1_486' title='bbox 3357 2439 3568 2508; x_wconf 82' lang='lat' dir='ltr'><strong>signum</strong></span> <span class='ocrx_word' id='word_1_487' title='bbox 3609 2439 3769 2495; x_wconf 60' lang='grc' dir='ltr'><strong>πιέν-</strong></span> 
     </span>
    </p>
   </div>
   <div class='ocr_carea' id='block_1_67' title="bbox 2179 2528 3767 2594">
    <p class='ocr_par' dir='ltr' id='par_1_67' title="bbox 2179 2528 3767 2594">
     <span class='ocr_line' id='line_1_67' title="bbox 2179 2528 3767 2594; baseline 0.001 -10"><span class='ocrx_word' id='word_1_488' title='bbox 2179 2545 2306 2585; x_wconf 89' lang='lat' dir='ltr'><strong>num</strong></span> <span class='ocrx_word' id='word_1_489' title='bbox 2338 2528 2595 2584; x_wconf 69' lang='lat' dir='ltr'><strong>Iiberutor</strong></span> <span class='ocrx_word' id='word_1_490' title='bbox 2637 2528 2820 2584; x_wconf 88' lang='lat' dir='ltr'><strong>mundi</strong></span> <span class='ocrx_word' id='word_1_491' title='bbox 2865 2529 3180 2594; x_wconf 81' lang='lat' dir='ltr'><strong>adveniens,</strong></span> <span class='ocrx_word' id='word_1_492' title='bbox 3233 2538 3447 2584; x_wconf 85' lang='lat' dir='ltr'><strong>montes</strong></span> <span class='ocrx_word' id='word_1_493' title='bbox 3493 2539 3548 2584; x_wconf 87' lang='lat' dir='ltr'><strong>et</strong></span> <span class='ocrx_word' id='word_1_494' title='bbox 3591 2531 3767 2586; x_wconf 77' lang='lat' dir='ltr'><strong>colles</strong></span> 
     </span>
    </p>
   </div>
   <div class='ocr_carea' id='block_1_68' title="bbox 2179 2621 3766 2686">
    <p class='ocr_par' dir='ltr' id='par_1_68' title="bbox 2179 2621 3766 2686">
     <span class='ocr_line' id='line_1_68' title="bbox 2179 2621 3766 2686; baseline -0.001 -10"><span class='ocrx_word' id='word_1_495' title='bbox 2179 2637 2360 2677; x_wconf 92' lang='lat' dir='ltr'><strong>coram</strong></span> <span class='ocrx_word' id='word_1_496' title='bbox 2393 2631 2446 2677; x_wconf 89' lang='lat' dir='ltr'><strong>te</strong></span> <span class='ocrx_word' id='word_1_497' title='bbox 2472 2621 2682 2676; x_wconf 91' lang='lat' dir='ltr'><strong>laudem</strong></span> <span class='ocrx_word' id='word_1_498' title='bbox 2721 2621 2890 2677; x_wconf 79' lang='lat' dir='ltr'><strong>iecisti</strong></span> <span class='ocrx_word' id='word_1_499' title='bbox 2919 2622 3177 2686; x_wconf 78' lang='lat' dir='ltr'><strong>clamare,</strong></span> <span class='ocrx_word' id='word_1_500' title='bbox 3205 2635 3326 2675; x_wconf 90' lang='lat' dir='ltr'><strong>cum</strong></span> <span class='ocrx_word' id='word_1_501' title='bbox 3365 2629 3472 2676; x_wconf 88' lang='lat' dir='ltr'><strong>tota</strong></span> <span class='ocrx_word' id='word_1_502' title='bbox 3502 2621 3554 2676; x_wconf 92' lang='lat' dir='ltr'><strong>in</strong></span> <span class='ocrx_word' id='word_1_503' title='bbox 3584 2629 3640 2676; x_wconf 91' lang='lat' dir='ltr'><strong>te</strong></span> <span class='ocrx_word' id='word_1_504' title='bbox 3681 2621 3766 2675; x_wconf 85' lang='lat' dir='ltr'><strong>vi-</strong></span> 
     </span>
    </p>
   </div>
   <div class='ocr_carea' id='block_1_69' title="bbox 2179 2711 3768 2782">
    <p class='ocr_par' dir='ltr' id='par_1_69' title="bbox 2179 2711 3768 2782">
     <span class='ocr_line' id='line_1_69' title="bbox 2179 2711 3768 2782; baseline 0.001 -16"><span class='ocrx_word' id='word_1_505' title='bbox 2179 2712 2360 2768; x_wconf 83' lang='lat' dir='ltr'><strong>ventia</strong></span> <span class='ocrx_word' id='word_1_506' title='bbox 2403 2711 2753 2782; x_wconf 74' lang='lat' dir='ltr'><strong>approbusti;</strong></span> <span class='ocrx_word' id='word_1_507' title='bbox 2801 2713 3037 2768; x_wconf 82' lang='lat' dir='ltr'><strong>concede</strong></span> <span class='ocrx_word' id='word_1_508' title='bbox 3086 2712 3259 2777; x_wconf 90' lang='lat' dir='ltr'><strong>nobis,</strong></span> <span class='ocrx_word' id='word_1_509' title='bbox 3285 2721 3342 2767; x_wconf 90' lang='lat' dir='ltr'><strong>ut</strong></span> <span class='ocrx_word' id='word_1_510' title='bbox 3387 2712 3596 2776; x_wconf 86' lang='lat' dir='ltr'><strong>laudes,</strong></span> <span class='ocrx_word' id='word_1_511' title='bbox 3631 2727 3768 2782; x_wconf 88' lang='lat' dir='ltr'><strong>quas</strong></span> 
     </span>
    </p>
   </div>
   <div class='ocr_carea' id='block_1_70' title="bbox 2179 2803 3768 2877">
    <p class='ocr_par' dir='ltr' id='par_1_70' title="bbox 2179 2803 3768 2877">
     <span class='ocr_line' id='line_1_70' title="bbox 2179 2803 3768 2877; baseline 0 -18"><span class='ocrx_word' id='word_1_512' title='bbox 2179 2806 2416 2877; x_wconf 74' lang='lat' dir='ltr'><strong>gloriéso</strong></span> <span class='ocrx_word' id='word_1_513' title='bbox 2442 2805 2644 2861; x_wconf 80' lang='lat' dir='ltr'><strong>nomini</strong></span> <span class='ocrx_word' id='word_1_514' title='bbox 2690 2814 2879 2860; x_wconf 88' lang='lat' dir='ltr'><strong>sancto</strong></span> <span class='ocrx_word' id='word_1_515' title='bbox 2915 2814 3006 2859; x_wconf 91' lang='lat' dir='ltr'><strong>tuo</strong></span> <span class='ocrx_word' id='word_1_516' title='bbox 3040 2803 3335 2868; x_wconf 71' lang='lat' dir='ltr'><strong>offerimus,</strong></span> <span class='ocrx_word' id='word_1_517' title='bbox 3372 2805 3625 2875; x_wconf 82' lang='lat' dir='ltr'><strong>acceptas</strong></span> <span class='ocrx_word' id='word_1_518' title='bbox 3668 2804 3768 2859; x_wconf 87' lang='lat' dir='ltr'><strong>tibi</strong></span> 
     </span>
    </p>
   </div>
   <div class='ocr_carea' id='block_1_71' title="bbox 2182 2897 3768 2969">
    <p class='ocr_par' dir='ltr' id='par_1_71' title="bbox 2182 2897 3768 2969">
     <span class='ocr_line' id='line_1_71' title="bbox 2182 2897 3768 2969; baseline -0.004 -13"><span class='ocrx_word' id='word_1_519' title='bbox 2182 2913 2400 2969; x_wconf 84' lang='lat' dir='ltr'><strong>semper</strong></span> <span class='ocrx_word' id='word_1_520' title='bbox 2437 2897 2781 2962; x_wconf 79' lang='lat' dir='ltr'><strong>emciaszut,</strong></span> <span class='ocrx_word' id='word_1_521' title='bbox 2819 2897 2912 2966; x_wconf 89' lang='lat' dir='ltr'><strong>qui</strong></span> <span class='ocrx_word' id='word_1_522' title='bbox 2963 2897 3220 2952; x_wconf 88' lang='lat' dir='ltr'><strong>mundum</strong></span> <span class='ocrx_word' id='word_1_523' title='bbox 3268 2897 3665 2966; x_wconf 84' lang='lat' dir='ltr'><strong>redempturus,</strong></span> <span class='ocrx_word' id='word_1_524' title='bbox 3714 2897 3768 2951; x_wconf 91' lang='lat' dir='ltr'><strong>in</strong></span> 
     </span>
    </p>
   </div>
   <div class='ocr_carea' id='block_1_72' title="bbox 2179 2987 3770 3060">
    <p class='ocr_par' dir='ltr' id='par_1_72' title="bbox 2179 2987 3770 3060">
     <span class='ocr_line' id='line_1_72' title="bbox 2179 2987 3770 3060; baseline -0.002 -15"><span class='ocrx_word' id='word_1_525' title='bbox 2179 2990 2375 3046; x_wconf 84' lang='lat' dir='ltr'><strong>salutis</strong></span> <span class='ocrx_word' id='word_1_526' title='bbox 2398 2990 2550 3060; x_wconf 77' lang='lat' dir='ltr'><strong>signo</strong></span> <span class='ocrx_word' id='word_1_527' title='bbox 2586 2989 2834 3044; x_wconf 82' lang='lat' dir='ltr'><strong>ostensus</strong></span> <span class='ocrx_word' id='word_1_528' title='bbox 2859 3002 2953 3054; x_wconf 84' lang='lat' dir='ltr'><strong>es;</strong></span> <span class='ocrx_word' id='word_1_529' title='bbox 2978 2989 3233 3042; x_wconf 87' lang='lat' dir='ltr'><strong>mundmn</strong></span> <span class='ocrx_word' id='word_1_530' title='bbox 3272 2987 3464 3042; x_wconf 85' lang='lat' dir='ltr'><strong>iterum</strong></span> <span class='ocrx_word' id='word_1_531' title='bbox 3491 2988 3770 3058; x_wconf 52' lang='lat' dir='ltr'><strong>judicatus</strong></span> 
     </span>
    </p>
   </div>
   <div class='ocr_carea' id='block_1_73' title="bbox 2181 3079 3771 3148">
    <p class='ocr_par' dir='ltr' id='par_1_73' title="bbox 2181 3079 3771 3148">
     <span class='ocr_line' id='line_1_73' title="bbox 2181 3079 3771 3148; baseline -0.002 -11"><span class='ocrx_word' id='word_1_532' title='bbox 2181 3095 2298 3148; x_wconf 92' lang='lat' dir='ltr'><strong>rus,</strong></span> <span class='ocrx_word' id='word_1_533' title='bbox 2332 3096 2439 3136; x_wconf 93' lang='lat' dir='ltr'><strong>non</strong></span> <span class='ocrx_word' id='word_1_534' title='bbox 2483 3079 2738 3147; x_wconf 73' lang='lat' dir='ltr'><strong>ultdrem,</strong></span> <span class='ocrx_word' id='word_1_535' title='bbox 2773 3079 2868 3135; x_wconf 83' lang='lat' dir='ltr'><strong>sed</strong></span> <span class='ocrx_word' id='word_1_536' title='bbox 2903 3079 3248 3136; x_wconf 76' lang='lat' dir='ltr'><strong>liberatdrem</strong></span> <span class='ocrx_word' id='word_1_537' title='bbox 3279 3090 3331 3134; x_wconf 90' lang='lat' dir='ltr'><strong>te</strong></span> <span class='ocrx_word' id='word_1_538' title='bbox 3362 3079 3562 3135; x_wconf 83' lang='lat' dir='ltr'><strong>nostris</strong></span> <span class='ocrx_word' id='word_1_539' title='bbox 3601 3079 3771 3135; x_wconf 70' lang='lat' dir='ltr'><strong>Oculis</strong></span> 
     </span>
    </p>
   </div>
   <div class='ocr_carea' id='block_1_74' title="bbox 2183 3172 2869 3242">
    <p class='ocr_par' dir='ltr' id='par_1_74' title="bbox 2183 3172 2869 3242">
     <span class='ocr_line' id='line_1_74' title="bbox 2183 3172 2869 3242; baseline -0.006 -12"><span class='ocrx_word' id='word_1_540' title='bbox 2183 3174 2520 3230; x_wconf 83' lang='lat' dir='ltr'><strong>maniléstes.</strong></span> <span class='ocrx_word' id='word_1_541' title='bbox 2564 3173 2602 3242; x_wconf 70' lang='grc' dir='ltr'><strong>ἡ</strong></span> <span class='ocrx_word' id='word_1_542' title='bbox 2628 3213 2640 3226; x_wconf 92' lang='grc'><strong>.</strong></span> <span class='ocrx_word' id='word_1_543' title='bbox 2673 3172 2869 3228; x_wconf 78' lang='lat' dir='ltr'><strong>Amen.</strong></span> 
     </span>
    </p>
   </div>
   <div class='ocr_carea' id='block_1_75' title="bbox 2206 3267 3009 3323">
    <p class='ocr_par' dir='ltr' id='par_1_75' title="bbox 2206 3267 3009 3323">
     <span class='ocr_line' id='line_1_75' title="bbox 2206 3267 3009 3323; baseline -0.004 -1"><span class='ocrx_word' id='word_1_544' title='bbox 2206 3306 2227 3314; x_wconf 60' lang='grc' dir='ltr'><strong>ς</strong></span> <span class='ocrx_word' id='word_1_545' title='bbox 2260 3267 2363 3323; x_wconf 84' lang='lat' dir='ltr'><strong>Per</strong></span> <span class='ocrx_word' id='word_1_546' title='bbox 2390 3267 2812 3322; x_wconf 84' lang='lat' dir='ltr'><strong>misericordiam</strong></span> <span class='ocrx_word' id='word_1_547' title='bbox 2845 3275 3009 3320; x_wconf 89' lang='lat' dir='ltr'><strong>tuam.</strong></span> 
     </span>
    </p>
   </div>
   <div class='ocr_carea' id='block_1_76' title="bbox 2261 3354 3775 3427">
    <p class='ocr_par' dir='ltr' id='par_1_76' title="bbox 2261 3354 3775 3427">
     <span class='ocr_line' id='line_1_76' title="bbox 2261 3354 3775 3427; baseline -0.001 -14"><span class='ocrx_word' id='word_1_548' title='bbox 2261 3358 2558 3427; x_wconf 78' lang='lat' dir='ltr'><strong>Antipltona</strong></span> <span class='ocrx_word' id='word_1_549' title='bbox 2586 3358 2639 3411; x_wconf 79' lang='lat'><strong>2.</strong></span> <span class='ocrx_word' id='word_1_550' title='bbox 2673 3358 2863 3412; x_wconf 81' lang='lat' dir='ltr'><strong>Adhuc</strong></span> <span class='ocrx_word' id='word_1_551' title='bbox 2906 3357 3174 3413; x_wconf 84' lang='lat' dir='ltr'><strong>modicum</strong></span> <span class='ocrx_word' id='word_1_552' title='bbox 3213 3366 3269 3412; x_wconf 87' lang='lat' dir='ltr'><strong>et</strong></span> <span class='ocrx_word' id='word_1_553' title='bbox 3313 3354 3775 3413; x_wconf 78' lang='lat' dir='ltr'><strong>consummabitur</strong></span> 
     </span>
    </p>
   </div>
   <div class='ocr_carea' id='block_1_77' title="bbox 2187 3447 3778 3520">
    <p class='ocr_par' dir='ltr' id='par_1_77' title="bbox 2187 3447 3778 3520">
     <span class='ocr_line' id='line_1_77' title="bbox 2187 3447 3778 3520; baseline -0.003 -12"><span class='ocrx_word' id='word_1_554' title='bbox 2187 3449 2504 3520; x_wconf 74' lang='lat' dir='ltr'><strong>indignatio.</strong></span> <span class='ocrx_word' id='word_1_555' title='bbox 2539 3448 2604 3504; x_wconf 89' lang='grc' dir='ltr'><strong>Ρ.</strong></span> <span class='ocrx_word' id='word_1_556' title='bbox 2657 3448 2724 3503; x_wconf 85' lang='lat' dir='ltr'><strong>Et</strong></span> <span class='ocrx_word' id='word_1_557' title='bbox 2755 3449 2805 3502; x_wconf 94' lang='lat' dir='ltr'><strong>in</strong></span> <span class='ocrx_word' id='word_1_558' title='bbox 2839 3450 2926 3504; x_wconf 89' lang='lat' dir='ltr'><strong>illa</strong></span> <span class='ocrx_word' id='word_1_559' title='bbox 2955 3449 3043 3504; x_wconf 91' lang='lat' dir='ltr'><strong>die</strong></span> <span class='ocrx_word' id='word_1_560' title='bbox 3092 3447 3367 3504; x_wconf 78' lang='lat' dir='ltr'><strong>auferetur</strong></span> <span class='ocrx_word' id='word_1_561' title='bbox 3392 3464 3529 3504; x_wconf 86' lang='lat' dir='ltr'><strong>onus</strong></span> <span class='ocrx_word' id='word_1_562' title='bbox 3565 3448 3634 3504; x_wconf 91' lang='lat' dir='ltr'><strong>de</strong></span> <span class='ocrx_word' id='word_1_563' title='bbox 3674 3450 3778 3505; x_wconf 82' lang='lat' dir='ltr'><strong>hu-</strong></span> 
     </span>
    </p>
   </div>
   <div class='ocr_carea' id='block_1_78' title="bbox 2189 3538 3777 3610">
    <p class='ocr_par' dir='ltr' id='par_1_78' title="bbox 2189 3538 3777 3610">
     <span class='ocr_line' id='line_1_78' title="bbox 2189 3538 3777 3610; baseline -0.002 -13"><span class='ocrx_word' id='word_1_564' title='bbox 2189 3556 2342 3597; x_wconf 88' lang='lat' dir='ltr'><strong>mero</strong></span> <span class='ocrx_word' id='word_1_565' title='bbox 2369 3549 2576 3605; x_wconf 88' lang='lat' dir='ltr'><strong>noslro,</strong></span> <span class='ocrx_word' id='word_1_566' title='bbox 2604 3547 2660 3595; x_wconf 90' lang='lat' dir='ltr'><strong>et</strong></span> <span class='ocrx_word' id='word_1_567' title='bbox 2682 3538 2867 3610; x_wconf 81' lang='lat' dir='ltr'><strong>jugnm</strong></span> <span class='ocrx_word' id='word_1_568' title='bbox 2896 3539 2965 3594; x_wconf 88' lang='lat' dir='ltr'><strong>de</strong></span> <span class='ocrx_word' id='word_1_569' title='bbox 3004 3540 3146 3594; x_wconf 91' lang='lat' dir='ltr'><strong>collo</strong></span> <span class='ocrx_word' id='word_1_570' title='bbox 3187 3547 3393 3595; x_wconf 90' lang='lat' dir='ltr'><strong>nostro.</strong></span> <span class='ocrx_word' id='word_1_571' title='bbox 3437 3541 3470 3609; x_wconf 60' lang='grc' dir='ltr'><em>ᾗ</em></span> <span class='ocrx_word' id='word_1_572' title='bbox 3498 3579 3512 3593; x_wconf 94' lang='grc'><strong>.</strong></span> <span class='ocrx_word' id='word_1_573' title='bbox 3546 3538 3777 3594; x_wconf 80' lang='lat' dir='ltr'><strong>Videant</strong></span> 
     </span>
    </p>
   </div>
   <div class='ocr_carea' id='block_1_79' title="bbox 2187 3631 3777 3706">
    <p class='ocr_par' dir='ltr' id='par_1_79' title="bbox 2187 3631 3777 3706">
     <span class='ocr_line' id='line_1_79' title="bbox 2187 3631 3777 3706; baseline -0.001 -18"><span class='ocrx_word' id='word_1_574' title='bbox 2187 3634 2477 3706; x_wconf 80' lang='lat' dir='ltr'><strong>puuperes,</strong></span> <span class='ocrx_word' id='word_1_575' title='bbox 2525 3642 2580 3689; x_wconf 86' lang='lat' dir='ltr'><strong>et</strong></span> <span class='ocrx_word' id='word_1_576' title='bbox 2610 3633 2894 3688; x_wconf 75' lang='lat' dir='ltr'><strong>lzeténtur:</strong></span> <span class='ocrx_word' id='word_1_577' title='bbox 2923 3633 3147 3702; x_wconf 66' lang='lat' dir='ltr'><strong>quaerite</strong></span> <span class='ocrx_word' id='word_1_578' title='bbox 3191 3631 3502 3699; x_wconf 75' lang='lat' dir='ltr'><strong>Demittunt,</strong></span> <span class='ocrx_word' id='word_1_579' title='bbox 3546 3642 3600 3686; x_wconf 92' lang='lat' dir='ltr'><strong>et</strong></span> <span class='ocrx_word' id='word_1_580' title='bbox 3630 3632 3777 3686; x_wconf 81' lang='lat' dir='ltr'><strong>vivet</strong></span> 
     </span>
    </p>
   </div>
   <div class='ocr_carea' id='block_1_80' title="bbox 2190 3725 3828 3796">
    <p class='ocr_par' dir='ltr' id='par_1_80' title="bbox 2190 3725 3828 3796">
     <span class='ocr_line' id='line_1_80' title="bbox 2190 3725 3828 3796; baseline -0.004 -12"><span class='ocrx_word' id='word_1_581' title='bbox 2190 3729 2366 3784; x_wconf 56' lang='lat' dir='ltr'><strong>{mima</strong></span> <span class='ocrx_word' id='word_1_582' title='bbox 2395 3738 2594 3784; x_wconf 81' lang='lat' dir='ltr'><strong>vestra.</strong></span> <span class='ocrx_word' id='word_1_583' title='bbox 2627 3725 2697 3783; x_wconf 91' lang='grc' dir='ltr'><strong>Ρ.</strong></span> <span class='ocrx_word' id='word_1_584' title='bbox 2731 3728 2797 3782; x_wconf 83' lang='lat' dir='ltr'><strong>Et</strong></span> <span class='ocrx_word' id='word_1_585' title='bbox 2817 3728 2869 3782; x_wconf 91' lang='lat' dir='ltr'><strong>in</strong></span> <span class='ocrx_word' id='word_1_586' title='bbox 2896 3727 2982 3783; x_wconf 90' lang='lat' dir='ltr'><strong>illa</strong></span> <span class='ocrx_word' id='word_1_587' title='bbox 3011 3726 3116 3782; x_wconf 91' lang='lat' dir='ltr'><strong>die.</strong></span> <span class='ocrx_word' id='word_1_588' title='bbox 3161 3727 3195 3796; x_wconf 57' lang='grc' dir='ltr'><em>ᾗ</em></span> <span class='ocrx_word' id='word_1_589' title='bbox 3221 3766 3234 3781; x_wconf 95' lang='grc'><strong>.</strong></span> <span class='ocrx_word' id='word_1_590' title='bbox 3259 3726 3462 3790; x_wconf 82' lang='lat' dir='ltr'><strong>Cluria,</strong></span> <span class='ocrx_word' id='word_1_591' title='bbox 3495 3734 3550 3781; x_wconf 90' lang='lat' dir='ltr'><strong>et</strong></span> <span class='ocrx_word' id='word_1_592' title='bbox 3579 3725 3772 3780; x_wconf 86' lang='lat' dir='ltr'><strong>honor.</strong></span> <span class='ocrx_word' id='word_1_593' title='bbox 3821 3785 3828 3790; x_wconf 96' lang='lat'>_</span> 
     </span>
    </p>
   </div>
   <div class='ocr_carea' id='block_1_81' title="bbox 2191 3819 2699 3876">
    <p class='ocr_par' dir='ltr' id='par_1_81' title="bbox 2191 3819 2699 3876">
     <span class='ocr_line' id='line_1_81' title="bbox 2191 3819 2699 3876; baseline -0.004 -2"><span class='ocrx_word' id='word_1_594' title='bbox 2191 3819 2257 3874; x_wconf 87' lang='grc' dir='ltr'><em>Ρ.</em></span> <span class='ocrx_word' id='word_1_595' title='bbox 2295 3821 2362 3876; x_wconf 87' lang='lat' dir='ltr'><strong>Et</strong></span> <span class='ocrx_word' id='word_1_596' title='bbox 2395 3821 2444 3874; x_wconf 90' lang='lat' dir='ltr'><strong>in</strong></span> <span class='ocrx_word' id='word_1_597' title='bbox 2477 3821 2563 3874; x_wconf 90' lang='lat' dir='ltr'><strong>illa</strong></span> <span class='ocrx_word' id='word_1_598' title='bbox 2593 3819 2699 3875; x_wconf 89' lang='lat' dir='ltr'><strong>die.</strong></span> 
     </span>
    </p>
   </div>
   <div class='ocr_carea' id='block_1_82' title="bbox 2271 3906 3774 3979">
    <p class='ocr_par' dir='ltr' id='par_1_82' title="bbox 2271 3906 3774 3979">
     <span class='ocr_line' id='line_1_82' title="bbox 2271 3906 3774 3979; baseline -0.005 -11"><span class='ocrx_word' id='word_1_599' title='bbox 2271 3915 2473 3968; x_wconf 69' lang='lat' dir='ltr'><strong>Oratio.</strong></span> <span class='ocrx_word' id='word_1_600' title='bbox 2513 3911 2638 3968; x_wconf 82' lang='lat' dir='ltr'><strong>.lesu</strong></span> <span class='ocrx_word' id='word_1_601' title='bbox 2691 3912 2940 3969; x_wconf 76' lang='lat' dir='ltr'><strong>Salvator</strong></span> <span class='ocrx_word' id='word_1_602' title='bbox 2968 3920 3149 3967; x_wconf 89' lang='lat' dir='ltr'><strong>noster</strong></span> <span class='ocrx_word' id='word_1_603' title='bbox 3196 3921 3248 3966; x_wconf 88' lang='lat' dir='ltr'><strong>et</strong></span> <span class='ocrx_word' id='word_1_604' title='bbox 3297 3909 3542 3975; x_wconf 80' lang='lat' dir='ltr'><strong>Domine,</strong></span> <span class='ocrx_word' id='word_1_605' title='bbox 3575 3906 3774 3979; x_wconf 87' lang='lat' dir='ltr'><strong>quiju-</strong></span> 
     </span>
    </p>
   </div>
   <div class='ocr_carea' id='block_1_83' title="bbox 2189 4003 3776 4078">
    <p class='ocr_par' dir='ltr' id='par_1_83' title="bbox 2189 4003 3776 4078">
     <span class='ocr_line' id='line_1_83' title="bbox 2189 4003 3776 4078; baseline -0.005 -16"><span class='ocrx_word' id='word_1_606' title='bbox 2189 4023 2311 4078; x_wconf 90' lang='lat' dir='ltr'><strong>gum</strong></span> <span class='ocrx_word' id='word_1_607' title='bbox 2339 4005 2469 4076; x_wconf 81' lang='lat' dir='ltr'><strong>legis</strong></span> <span class='ocrx_word' id='word_1_608' title='bbox 2499 4005 2528 4061; x_wconf 74' lang='lat' dir='ltr'><strong>it</strong></span> <span class='ocrx_word' id='word_1_609' title='bbox 2557 4004 2694 4060; x_wconf 92' lang='lat' dir='ltr'><strong>collo</strong></span> <span class='ocrx_word' id='word_1_610' title='bbox 2724 4015 2908 4060; x_wconf 87' lang='lat' dir='ltr'><strong>nostro</strong></span> <span class='ocrx_word' id='word_1_611' title='bbox 2939 4005 3353 4075; x_wconf 81' lang='lat' dir='ltr'><strong>praedicaménto</strong></span> <span class='ocrx_word' id='word_1_612' title='bbox 3382 4003 3569 4072; x_wconf 78' lang='lat' dir='ltr'><strong>grutize</strong></span> <span class='ocrx_word' id='word_1_613' title='bbox 3598 4012 3776 4055; x_wconf 89' lang='lat' dir='ltr'><strong>sustu-</strong></span> 
     </span>
    </p>
   </div>
   <div class='ocr_carea' id='block_1_84' title="bbox 2191 4091 3778 4163">
    <p class='ocr_par' dir='ltr' id='par_1_84' title="bbox 2191 4091 3778 4163">
     <span class='ocr_line' id='line_1_84' title="bbox 2191 4091 3778 4163; baseline -0.003 -13"><span class='ocrx_word' id='word_1_614' title='bbox 2191 4096 2320 4163; x_wconf 89' lang='lat' dir='ltr'><strong>listi,</strong></span> <span class='ocrx_word' id='word_1_615' title='bbox 2345 4105 2400 4151; x_wconf 90' lang='lat' dir='ltr'><strong>et</strong></span> <span class='ocrx_word' id='word_1_616' title='bbox 2428 4110 2562 4150; x_wconf 84' lang='lat' dir='ltr'><strong>unus</strong></span> <span class='ocrx_word' id='word_1_617' title='bbox 2611 4096 2779 4150; x_wconf 82' lang='lat' dir='ltr'><strong>nostri</strong></span> <span class='ocrx_word' id='word_1_618' title='bbox 2825 4094 3034 4150; x_wconf 89' lang='lat' dir='ltr'><strong>humeri</strong></span> <span class='ocrx_word' id='word_1_619' title='bbox 3064 4095 3115 4150; x_wconf 92' lang='lat' dir='ltr'><strong>in</strong></span> <span class='ocrx_word' id='word_1_620' title='bbox 3147 4096 3253 4150; x_wconf 90' lang='lat' dir='ltr'><strong>tuis</strong></span> <span class='ocrx_word' id='word_1_621' title='bbox 3297 4094 3534 4149; x_wconf 90' lang='lat' dir='ltr'><strong>humeris</strong></span> <span class='ocrx_word' id='word_1_622' title='bbox 3563 4091 3778 4161; x_wconf 79' lang='lat' dir='ltr'><strong>excepi-</strong></span> 
     </span>
    </p>
   </div>
   <div class='ocr_carea' id='block_1_85' title="bbox 2190 4186 3776 4258">
    <p class='ocr_par' dir='ltr' id='par_1_85' title="bbox 2190 4186 3776 4258">
     <span class='ocr_line' id='line_1_85' title="bbox 2190 4186 3776 4258; baseline -0.003 -14"><span class='ocrx_word' id='word_1_623' title='bbox 2190 4189 2290 4254; x_wconf 82' lang='lat' dir='ltr'><strong>sti;</strong></span> <span class='ocrx_word' id='word_1_624' title='bbox 2321 4189 2558 4243; x_wconf 79' lang='lat' dir='ltr'><strong>concede</strong></span> <span class='ocrx_word' id='word_1_625' title='bbox 2600 4186 2850 4258; x_wconf 83' lang='lat' dir='ltr'><strong>precibus</strong></span> <span class='ocrx_word' id='word_1_626' title='bbox 2894 4186 3150 4243; x_wconf 67' lang='lat' dir='ltr'><strong>Ecclesiae</strong></span> <span class='ocrx_word' id='word_1_627' title='bbox 3187 4197 3313 4254; x_wconf 71' lang='lat' dir='ltr'><strong>tute,</strong></span> <span class='ocrx_word' id='word_1_628' title='bbox 3352 4196 3430 4249; x_wconf 87' lang='lat' dir='ltr'><strong>ut,</strong></span> <span class='ocrx_word' id='word_1_629' title='bbox 3462 4201 3602 4257; x_wconf 63' lang='lat' dir='ltr'><strong>qum,</strong></span> <span class='ocrx_word' id='word_1_630' title='bbox 3645 4201 3776 4240; x_wconf 89' lang='lat' dir='ltr'><strong>con-</strong></span> 
     </span>
    </p>
   </div>
   <div class='ocr_carea' id='block_1_86' title="bbox 2190 4278 3772 4350">
    <p class='ocr_par' dir='ltr' id='par_1_86' title="bbox 2190 4278 3772 4350">
     <span class='ocr_line' id='line_1_86' title="bbox 2190 4278 3772 4350; baseline -0.003 -15"><span class='ocrx_word' id='word_1_631' title='bbox 2190 4281 2454 4336; x_wconf 71' lang='lat' dir='ltr'><strong>summata</strong></span> <span class='ocrx_word' id='word_1_632' title='bbox 2485 4278 2869 4350; x_wconf 69' lang='lat' dir='ltr'><strong>indignatidne,</strong></span> <span class='ocrx_word' id='word_1_633' title='bbox 2906 4278 3032 4334; x_wconf 81' lang='lat' dir='ltr'><strong>tidei</strong></span> <span class='ocrx_word' id='word_1_634' title='bbox 3064 4289 3168 4333; x_wconf 71' lang='lat' dir='ltr'><strong>tua:</strong></span> <span class='ocrx_word' id='word_1_635' title='bbox 3216 4278 3484 4349; x_wconf 71' lang='lat' dir='ltr'><strong>prmce&#39;pto</strong></span> <span class='ocrx_word' id='word_1_636' title='bbox 3534 4279 3772 4340; x_wconf 70' lang='lat' dir='ltr'><strong>refulslt;</strong></span> 
     </span>
    </p>
   </div>
   <div class='ocr_carea' id='block_1_87' title="bbox 2191 4369 3776 4442">
    <p class='ocr_par' dir='ltr' id='par_1_87' title="bbox 2191 4369 3776 4442">
     <span class='ocr_line' id='line_1_87' title="bbox 2191 4369 3776 4442; baseline -0.003 -15"><span class='ocrx_word' id='word_1_637' title='bbox 2191 4373 2260 4429; x_wconf 83' lang='lat' dir='ltr'><strong>de</strong></span> <span class='ocrx_word' id='word_1_638' title='bbox 2302 4373 2670 4428; x_wconf 75' lang='lat' dir='ltr'><strong>consummata</strong></span> <span class='ocrx_word' id='word_1_639' title='bbox 2690 4371 2898 4442; x_wconf 87' lang='lat' dir='ltr'><strong>justitia</strong></span> <span class='ocrx_word' id='word_1_640' title='bbox 2940 4372 3208 4426; x_wconf 75' lang='lat' dir='ltr'><strong>mereatur</strong></span> <span class='ocrx_word' id='word_1_641' title='bbox 3250 4370 3280 4424; x_wconf 70' lang='grc' dir='ltr'>ξι</span> <span class='ocrx_word' id='word_1_642' title='bbox 3315 4379 3386 4437; x_wconf 86' lang='lat' dir='ltr'><strong>te,</strong></span> <span class='ocrx_word' id='word_1_643' title='bbox 3420 4369 3485 4424; x_wconf 90' lang='lat' dir='ltr'><strong>ad</strong></span> <span class='ocrx_word' id='word_1_644' title='bbox 3512 4369 3776 4440; x_wconf 83' lang='lat' dir='ltr'><strong>judicium</strong></span> 
     </span>
    </p>
   </div>
   <div class='ocr_carea' id='block_1_88' title="bbox 2198 4461 3776 4538">
    <p class='ocr_par' dir='ltr' id='par_1_88' title="bbox 2198 4461 3776 4538">
     <span class='ocr_line' id='line_1_88' title="bbox 2198 4461 3776 4538; baseline -0.004 -17"><span class='ocrx_word' id='word_1_645' title='bbox 2198 4467 2297 4538; x_wconf 80' lang='lat'><strong>17</strong></span> <span class='ocrx_word' id='word_1_646' title='bbox 2326 4465 2595 4530; x_wconf 78' lang='lat' dir='ltr'><strong>veniente,</strong></span> <span class='ocrx_word' id='word_1_647' title='bbox 2617 4464 2788 4520; x_wconf 83' lang='lat' dir='ltr'><strong>attolli</strong></span> <span class='ocrx_word' id='word_1_648' title='bbox 2813 4481 2828 4517; x_wconf 82' lang='lat'><strong>:</strong></span> <span class='ocrx_word' id='word_1_649' title='bbox 2859 4471 2917 4518; x_wconf 93' lang='lat' dir='ltr'><strong>ut</strong></span> <span class='ocrx_word' id='word_1_650' title='bbox 2942 4474 2997 4519; x_wconf 90' lang='lat' dir='ltr'><strong>et</strong></span> <span class='ocrx_word' id='word_1_651' title='bbox 3024 4463 3108 4519; x_wconf 81' lang='lat' dir='ltr'><strong>hic</strong></span> <span class='ocrx_word' id='word_1_652' title='bbox 3135 4461 3356 4517; x_wconf 78' lang='lat' dir='ltr'><strong>feliciter</strong></span> <span class='ocrx_word' id='word_1_653' title='bbox 3381 4463 3544 4527; x_wconf 86' lang='lat' dir='ltr'><strong>vivat,</strong></span> <span class='ocrx_word' id='word_1_654' title='bbox 3575 4470 3629 4516; x_wconf 90' lang='lat' dir='ltr'><strong>et</strong></span> <span class='ocrx_word' id='word_1_655' title='bbox 3657 4469 3776 4529; x_wconf 83' lang='lat' dir='ltr'><strong>post</strong></span> 
     </span>
    </p>
   </div>
   <div class='ocr_carea' id='block_1_89' title="bbox 496 4553 2079 4666">
    <p class='ocr_par' dir='ltr' id='par_1_89' title="bbox 496 4575 2079 4649">
     <span class='ocr_line' id='line_1_89' title="bbox 496 4575 2079 4649; baseline 0.002 -18"><span class='ocrx_word' id='word_1_656' title='bbox 496 4578 653 4647; x_wconf 65' lang='lat' dir='ltr'><strong>supra</strong></span> <span class='ocrx_word' id='word_1_657' title='bbox 682 4577 736 4629; x_wconf 88' lang='lat' dir='ltr'><strong>in</strong></span> <span class='ocrx_word' id='word_1_658' title='bbox 773 4579 939 4641; x_wconf 83' lang='lat' dir='ltr'><strong>primo</strong></span> <span class='ocrx_word' id='word_1_659' title='bbox 969 4576 1247 4633; x_wconf 82' lang='lat' dir='ltr'><strong>Dominico</strong></span> <span class='ocrx_word' id='word_1_660' title='bbox 1286 4582 1350 4634; x_wconf 81' lang='lat' dir='ltr'><strong>de</strong></span> <span class='ocrx_word' id='word_1_661' title='bbox 1379 4575 1612 4634; x_wconf 74' lang='lat' dir='ltr'><strong>Adventu</strong></span> <span class='ocrx_word' id='word_1_662' title='bbox 1657 4581 1866 4634; x_wconf 80' lang='lat' dir='ltr'><strong>deini</strong></span> <span class='ocrx_word' id='word_1_663' title='bbox 1899 4580 1996 4649; x_wconf 90' lang='lat' dir='ltr'><strong>fol.</strong></span> <span class='ocrx_word' id='word_1_664' title='bbox 2030 4581 2079 4634; x_wconf 79' lang='lat' dir='ltr'><strong>l.</strong></span> 
     </span>
    </p>
   </div>
   <div class='ocr_carea' id='block_1_90' title="bbox 2184 4553 3773 4666">
    <p class='ocr_par' dir='ltr' id='par_1_90' title="bbox 2195 4553 3773 4627">
     <span class='ocr_line' id='line_1_90' title="bbox 2195 4553 3773 4627; baseline -0.002 -17"><span class='ocrx_word' id='word_1_665' title='bbox 2195 4556 2420 4612; x_wconf 78' lang='lat' dir='ltr'><strong>feliciuri</strong></span> <span class='ocrx_word' id='word_1_666' title='bbox 2453 4556 2743 4627; x_wconf 85' lang='lat' dir='ltr'><strong>prospectu</strong></span> <span class='ocrx_word' id='word_1_667' title='bbox 2773 4555 2963 4611; x_wconf 76' lang='lat' dir='ltr'><strong>luciem</strong></span> <span class='ocrx_word' id='word_1_668' title='bbox 3015 4553 3310 4610; x_wconf 63' lang='lat' dir='ltr'><strong>divinitétis</strong></span> <span class='ocrx_word' id='word_1_669' title='bbox 3338 4563 3442 4609; x_wconf 72' lang='lat' dir='ltr'><strong>tute</strong></span> <span class='ocrx_word' id='word_1_670' title='bbox 3473 4553 3773 4610; x_wconf 64' lang='lat' dir='ltr'><strong>laetabunda</strong></span> 
     </span>
    </p>
   </div>
   <div class='ocr_carea' id='block_1_91' title="bbox 497 4668 2081 4742">
    <p class='ocr_par' dir='ltr' id='par_1_91' title="bbox 497 4668 2081 4742">
     <span class='ocr_line' id='line_1_91' title="bbox 497 4668 2081 4742; baseline 0.001 -19"><span class='ocrx_word' id='word_1_671' title='bbox 497 4678 546 4723; x_wconf 86' lang='lat' dir='ltr'><strong>et</strong></span> <span class='ocrx_word' id='word_1_672' title='bbox 587 4668 642 4722; x_wconf 90' lang='lat'><strong>2.</strong></span> <span class='ocrx_word' id='word_1_673' title='bbox 687 4668 948 4740; x_wconf 80' lang='lat' dir='ltr'><strong>Capitula.</strong></span> <span class='ocrx_word' id='word_1_674' title='bbox 1000 4669 1215 4741; x_wconf 81' lang='lat' dir='ltr'><strong>Exurge</strong></span> <span class='ocrx_word' id='word_1_675' title='bbox 1267 4671 1426 4738; x_wconf 53' lang='lat' dir='ltr'><strong>Deus,</strong></span> <span class='ocrx_word' id='word_1_676' title='bbox 1470 4673 1561 4742; x_wconf 89' lang='lat' dir='ltr'><strong>qui</strong></span> <span class='ocrx_word' id='word_1_677' title='bbox 1605 4673 1814 4740; x_wconf 84' lang='lat' dir='ltr'><strong>judicas</strong></span> <span class='ocrx_word' id='word_1_678' title='bbox 1863 4682 2081 4726; x_wconf 89' lang='lat' dir='ltr'><strong>terram.</strong></span> 
     </span>
    </p>
   </div>
   <div class='ocr_carea' id='block_1_92' title="bbox 503 4757 2082 4833">
    <p class='ocr_par' dir='ltr' id='par_1_92' title="bbox 503 4757 2082 4833">
     <span class='ocr_line' id='line_1_92' title="bbox 503 4757 2082 4833; baseline 0.003 -19"><span class='ocrx_word' id='word_1_679' title='bbox 503 4761 686 4827; x_wconf 74' lang='lat' dir='ltr'><strong>Quaere</strong></span> <span class='ocrx_word' id='word_1_680' title='bbox 711 4757 807 4833; x_wconf 85' lang='lat' dir='ltr'><strong>fol.</strong></span> <span class='ocrx_word' id='word_1_681' title='bbox 843 4765 931 4818; x_wconf 78' lang='grc'><strong>10.</strong></span> <span class='ocrx_word' id='word_1_682' title='bbox 982 4763 1142 4817; x_wconf 84' lang='lat' dir='ltr'><strong>Pater</strong></span> <span class='ocrx_word' id='word_1_683' title='bbox 1191 4776 1396 4820; x_wconf 89' lang='lat' dir='ltr'><strong>noster.</strong></span> <span class='ocrx_word' id='word_1_684' title='bbox 1446 4765 1680 4821; x_wconf 71' lang='lat' dir='ltr'><strong>Libet-uti</strong></span> <span class='ocrx_word' id='word_1_685' title='bbox 1711 4766 1741 4819; x_wconf 72' lang='grc' dir='ltr'><strong>ει</strong></span> <span class='ocrx_word' id='word_1_686' title='bbox 1769 4765 1934 4830; x_wconf 90' lang='lat' dir='ltr'><strong>malo,</strong></span> <span class='ocrx_word' id='word_1_687' title='bbox 1977 4775 2082 4819; x_wconf 90' lang='lat' dir='ltr'><strong>etc.</strong></span> 
     </span>
    </p>
   </div>
   <div class='ocr_carea' id='block_1_93' title="bbox 502 4849 2084 4928">
    <p class='ocr_par' dir='ltr' id='par_1_93' title="bbox 502 4849 2084 4928">
     <span class='ocr_line' id='line_1_93' title="bbox 502 4849 2084 4928; baseline 0.001 -19"><span class='ocrx_word' id='word_1_688' title='bbox 502 4853 688 4924; x_wconf 76' lang='lat' dir='ltr'><strong>Quwre</strong></span> <span class='ocrx_word' id='word_1_689' title='bbox 711 4854 808 4924; x_wconf 88' lang='lat' dir='ltr'><strong>fol.</strong></span> <span class='ocrx_word' id='word_1_690' title='bbox 834 4857 890 4911; x_wconf 86' lang='lat'><strong>2.</strong></span> <span class='ocrx_word' id='word_1_691' title='bbox 922 4849 1241 4912; x_wconf 80' lang='lat' dir='ltr'><strong>Benedictio.</strong></span> <span class='ocrx_word' id='word_1_692' title='bbox 1274 4857 1523 4911; x_wconf 89' lang='lat' dir='ltr'><strong>Christus</strong></span> <span class='ocrx_word' id='word_1_693' title='bbox 1571 4857 1850 4921; x_wconf 82' lang='lat' dir='ltr'><strong>Dominus,</strong></span> <span class='ocrx_word' id='word_1_694' title='bbox 1897 4857 1986 4928; x_wconf 90' lang='lat' dir='ltr'><strong>qui</strong></span> <span class='ocrx_word' id='word_1_695' title='bbox 2017 4855 2084 4911; x_wconf 80' lang='lat' dir='ltr'><strong>atl</strong></span> 
     </span>
    </p>
   </div>
   <div class='ocr_carea' id='block_1_94' title="bbox 501 4939 1731 5021">
    <p class='ocr_par' dir='ltr' id='par_1_94' title="bbox 501 4939 1731 5021">
     <span class='ocr_line' id='line_1_94' title="bbox 501 4939 1731 5021; baseline 0 -14"><span class='ocrx_word' id='word_1_696' title='bbox 501 4952 604 5007; x_wconf 91' lang='lat' dir='ltr'><strong>hoc</strong></span> <span class='ocrx_word' id='word_1_697' title='bbox 631 4939 798 5016; x_wconf 83' lang='lat' dir='ltr'><strong>venit,</strong></span> <span class='ocrx_word' id='word_1_698' title='bbox 821 4958 927 5005; x_wconf 91' lang='lat' dir='ltr'><strong>etc.</strong></span> <span class='ocrx_word' id='word_1_699' title='bbox 959 4950 1142 5018; x_wconf 77' lang='lat' dir='ltr'><strong>0mm</strong></span> <span class='ocrx_word' id='word_1_700' title='bbox 1166 4951 1260 5021; x_wconf 88' lang='lat' dir='ltr'><strong>fol.</strong></span> <span class='ocrx_word' id='word_1_701' title='bbox 1295 4950 1382 5006; x_wconf 81' lang='grc'><strong>10.</strong></span> <span class='ocrx_word' id='word_1_702' title='bbox 1428 4952 1464 5020; x_wconf 74' lang='lat' dir='ltr'><strong>ti,-</strong></span> <span class='ocrx_word' id='word_1_703' title='bbox 1489 4991 1503 5006; x_wconf 92' lang='lat'><strong>.</strong></span> <span class='ocrx_word' id='word_1_704' title='bbox 1537 4953 1731 5008; x_wconf 81' lang='lat' dir='ltr'><strong>Amen.</strong></span> 
     </span>
    </p>
   </div>
   <div class='ocr_carea' id='block_1_95' title="bbox 575 5042 1484 5114">
    <p class='ocr_par' dir='ltr' id='par_1_95' title="bbox 575 5042 1484 5114">
     <span class='ocr_line' id='line_1_95' title="bbox 575 5042 1484 5114; baseline 0.001 -16"><span class='ocrx_word' id='word_1_705' title='bbox 575 5045 678 5099; x_wconf 89' lang='lat' dir='ltr'><strong>Per</strong></span> <span class='ocrx_word' id='word_1_706' title='bbox 704 5042 1130 5098; x_wconf 81' lang='lat' dir='ltr'><strong>misericordiam</strong></span> <span class='ocrx_word' id='word_1_707' title='bbox 1157 5045 1346 5114; x_wconf 87' lang='lat' dir='ltr'><strong>ipsius,</strong></span> <span class='ocrx_word' id='word_1_708' title='bbox 1379 5053 1484 5099; x_wconf 90' lang='lat' dir='ltr'><strong>etc.</strong></span> 
     </span>
    </p>
   </div>
   <div class='ocr_carea' id='block_1_96' title="bbox 570 5133 2088 5204">
    <p class='ocr_par' dir='ltr' id='par_1_96' title="bbox 570 5133 2088 5204">
     <span class='ocr_line' id='line_1_96' title="bbox 570 5133 2088 5204; baseline 0 -14"><span class='ocrx_word' id='word_1_709' title='bbox 570 5133 769 5190; x_wconf 82' lang='lat' dir='ltr'><strong>Lauda.</strong></span> <span class='ocrx_word' id='word_1_710' title='bbox 805 5134 976 5204; x_wconf 87' lang='lat' dir='ltr'><strong>Super</strong></span> <span class='ocrx_word' id='word_1_711' title='bbox 1001 5134 1233 5191; x_wconf 73' lang='lat' dir='ltr'><strong>salutare</strong></span> <span class='ocrx_word' id='word_1_712' title='bbox 1276 5143 1448 5201; x_wconf 89' lang='lat' dir='ltr'><strong>tuum,</strong></span> <span class='ocrx_word' id='word_1_713' title='bbox 1499 5134 1739 5202; x_wconf 88' lang='lat' dir='ltr'><strong>alleluia,</strong></span> <span class='ocrx_word' id='word_1_714' title='bbox 1787 5135 2088 5192; x_wconf 83' lang='lat' dir='ltr'><strong>exultémus</strong></span> 
     </span>
    </p>
   </div>
   <div class='ocr_carea' id='block_1_97' title="bbox 501 5227 2089 5298">
    <p class='ocr_par' dir='ltr' id='par_1_97' title="bbox 501 5227 2089 5298">
     <span class='ocr_line' id='line_1_97' title="bbox 501 5227 2089 5298; baseline 0.001 -16"><span class='ocrx_word' id='word_1_715' title='bbox 501 5227 853 5284; x_wconf 82' lang='lat' dir='ltr'><strong>vehementer</strong></span> <span class='ocrx_word' id='word_1_716' title='bbox 877 5270 896 5297; x_wconf 91' lang='lat'><strong>,</strong></span> <span class='ocrx_word' id='word_1_717' title='bbox 919 5229 1080 5282; x_wconf 85' lang='lat' dir='ltr'><strong>vitam</strong></span> <span class='ocrx_word' id='word_1_718' title='bbox 1125 5228 1358 5298; x_wconf 83' lang='lat' dir='ltr'><strong>petimus</strong></span> <span class='ocrx_word' id='word_1_719' title='bbox 1383 5273 1400 5298; x_wconf 89' lang='lat'><strong>,</strong></span> <span class='ocrx_word' id='word_1_720' title='bbox 1425 5230 1622 5298; x_wconf 87' lang='lat' dir='ltr'><strong>tribue,</strong></span> <span class='ocrx_word' id='word_1_721' title='bbox 1656 5230 1884 5286; x_wconf 70' lang='lat' dir='ltr'><strong>Domine</strong></span> <span class='ocrx_word' id='word_1_722' title='bbox 1914 5272 1928 5298; x_wconf 91' lang='lat'><strong>,</strong></span> <span class='ocrx_word' id='word_1_723' title='bbox 1958 5231 2089 5286; x_wconf 88' lang='lat' dir='ltr'><strong>alle-</strong></span> 
     </span>
    </p>
   </div>
   <div class='ocr_carea' id='block_1_98' title="bbox 504 5306 2092 5392">
    <p class='ocr_par' dir='ltr' id='par_1_98' title="bbox 504 5306 2092 5392">
     <span class='ocr_line' id='line_1_98' title="bbox 504 5306 2092 5392; baseline 0.002 -20"><span class='ocrx_word' id='word_1_724' title='bbox 504 5315 636 5385; x_wconf 90' lang='lat' dir='ltr'><strong>luia,</strong></span> <span class='ocrx_word' id='word_1_725' title='bbox 668 5319 904 5376; x_wconf 90' lang='lat' dir='ltr'><strong>alleluia.</strong></span> <span class='ocrx_word' id='word_1_726' title='bbox 938 5306 1008 5375; x_wconf 76' lang='grc' dir='ltr'><strong>Ρ.</strong></span> <span class='ocrx_word' id='word_1_727' title='bbox 1041 5312 1097 5374; x_wconf 82' lang='lat' dir='ltr'><strong>in</strong></span> <span class='ocrx_word' id='word_1_728' title='bbox 1135 5320 1525 5392; x_wconf 84' lang='lat' dir='ltr'><strong>longitudinem</strong></span> <span class='ocrx_word' id='word_1_729' title='bbox 1557 5322 1786 5388; x_wconf 83' lang='lat' dir='ltr'><strong>dierum,</strong></span> <span class='ocrx_word' id='word_1_730' title='bbox 1836 5323 1886 5376; x_wconf 91' lang='lat' dir='ltr'><strong>in</strong></span> <span class='ocrx_word' id='word_1_731' title='bbox 1935 5320 2092 5377; x_wconf 72' lang='lat' dir='ltr'><strong>teter-</strong></span> 
     </span>
    </p>
   </div>
   <div class='ocr_carea' id='block_1_99' title="bbox 508 5403 2089 5484">
    <p class='ocr_par' dir='ltr' id='par_1_99' title="bbox 508 5403 2089 5484">
     <span class='ocr_line' id='line_1_99' title="bbox 508 5403 2089 5484; baseline 0.003 -19"><span class='ocrx_word' id='word_1_732' title='bbox 508 5427 660 5476; x_wconf 88' lang='lat' dir='ltr'><strong>num,</strong></span> <span class='ocrx_word' id='word_1_733' title='bbox 698 5421 754 5467; x_wconf 89' lang='lat' dir='ltr'><strong>et</strong></span> <span class='ocrx_word' id='word_1_734' title='bbox 784 5411 837 5466; x_wconf 91' lang='lat' dir='ltr'><strong>in</strong></span> <span class='ocrx_word' id='word_1_735' title='bbox 884 5413 1140 5468; x_wconf 72' lang='lat' dir='ltr'><strong>saeculum</strong></span> <span class='ocrx_word' id='word_1_736' title='bbox 1189 5414 1393 5480; x_wconf 70' lang='lat' dir='ltr'><strong>saeculi,</strong></span> <span class='ocrx_word' id='word_1_737' title='bbox 1439 5405 1685 5480; x_wconf 87' lang='lat' dir='ltr'><strong>alleluia,</strong></span> <span class='ocrx_word' id='word_1_738' title='bbox 1737 5409 1974 5470; x_wconf 88' lang='lat' dir='ltr'><strong>alleluia.</strong></span> 
     </span>
    </p>
   </div>
   <div class='ocr_carea' id='block_1_100' title="bbox 505 5496 2092 5578">
    <p class='ocr_par' dir='ltr' id='par_1_100' title="bbox 505 5496 2092 5578">
     <span class='ocr_line' id='line_1_100' title="bbox 505 5496 2092 5578; baseline 0.003 -21"><span class='ocrx_word' id='word_1_739' title='bbox 505 5502 693 5574; x_wconf 77' lang='lat' dir='ltr'><strong>Magna</strong></span> <span class='ocrx_word' id='word_1_740' title='bbox 724 5507 806 5560; x_wconf 87' lang='lat' dir='ltr'><strong>est</strong></span> <span class='ocrx_word' id='word_1_741' title='bbox 833 5501 1003 5577; x_wconf 84' lang='lat' dir='ltr'><strong>gloria</strong></span> <span class='ocrx_word' id='word_1_742' title='bbox 1021 5496 1138 5578; x_wconf 69' lang='lat' dir='ltr'><strong>eius</strong></span> <span class='ocrx_word' id='word_1_743' title='bbox 1163 5507 1216 5562; x_wconf 93' lang='lat' dir='ltr'><strong>in</strong></span> <span class='ocrx_word' id='word_1_744' title='bbox 1239 5506 1460 5561; x_wconf 74' lang='lat' dir='ltr'><strong>saluturi</strong></span> <span class='ocrx_word' id='word_1_745' title='bbox 1491 5515 1581 5561; x_wconf 89' lang='lat' dir='ltr'><strong>tuo</strong></span> <span class='ocrx_word' id='word_1_746' title='bbox 1607 5547 1623 5572; x_wconf 88' lang='lat'><strong>,</strong></span> <span class='ocrx_word' id='word_1_747' title='bbox 1653 5501 1875 5576; x_wconf 81' lang='lat' dir='ltr'><strong>gloriam</strong></span> <span class='ocrx_word' id='word_1_748' title='bbox 1900 5516 1955 5562; x_wconf 92' lang='lat' dir='ltr'><strong>et</strong></span> <span class='ocrx_word' id='word_1_749' title='bbox 1980 5523 2092 5561; x_wconf 83' lang='lat' dir='ltr'><strong>ma-</strong></span> 
     </span>
    </p>
   </div>
   <div class='ocr_carea' id='block_1_101' title="bbox 506 5593 2094 5666">
    <p class='ocr_par' dir='ltr' id='par_1_101' title="bbox 506 5593 2094 5666">
     <span class='ocr_line' id='line_1_101' title="bbox 506 5593 2094 5666; baseline 0.002 -19"><span class='ocrx_word' id='word_1_750' title='bbox 506 5609 665 5665; x_wconf 90' lang='lat' dir='ltr'><strong>gnum</strong></span> <span class='ocrx_word' id='word_1_751' title='bbox 697 5594 947 5652; x_wconf 78' lang='lat' dir='ltr'><strong>decdrem</strong></span> <span class='ocrx_word' id='word_1_752' title='bbox 981 5596 1225 5666; x_wconf 76' lang='lat' dir='ltr'><strong>importes</strong></span> <span class='ocrx_word' id='word_1_753' title='bbox 1250 5609 1411 5666; x_wconf 89' lang='lat' dir='ltr'><strong>super</strong></span> <span class='ocrx_word' id='word_1_754' title='bbox 1434 5610 1580 5650; x_wconf 90' lang='lat' dir='ltr'><strong>eum.</strong></span> <span class='ocrx_word' id='word_1_755' title='bbox 1618 5593 1682 5650; x_wconf 87' lang='grc' dir='ltr'><strong>Ρ.</strong></span> <span class='ocrx_word' id='word_1_756' title='bbox 1714 5595 1772 5650; x_wconf 87' lang='grc' dir='ltr'><strong>1η</strong></span> <span class='ocrx_word' id='word_1_757' title='bbox 1807 5595 2094 5666; x_wconf 88' lang='lat' dir='ltr'><strong>longitudi-</strong></span> 
     </span>
    </p>
   </div>
   <div class='ocr_carea' id='block_1_102' title="bbox 504 5677 2093 5757">
    <p class='ocr_par' dir='ltr' id='par_1_102' title="bbox 504 5677 2093 5757">
     <span class='ocr_line' id='line_1_102' title="bbox 504 5677 2093 5757; baseline 0.003 -17"><span class='ocrx_word' id='word_1_758' title='bbox 504 5699 625 5741; x_wconf 86' lang='lat' dir='ltr'><strong>nem</strong></span> <span class='ocrx_word' id='word_1_759' title='bbox 655 5686 884 5742; x_wconf 81' lang='lat' dir='ltr'><strong>diérum.</strong></span> <span class='ocrx_word' id='word_1_760' title='bbox 925 5689 958 5757; x_wconf 62' lang='grc' dir='ltr'><em>ᾗ</em></span> <span class='ocrx_word' id='word_1_761' title='bbox 986 5729 998 5742; x_wconf 94' lang='grc'><strong>.</strong></span> <span class='ocrx_word' id='word_1_762' title='bbox 1029 5687 1238 5756; x_wconf 83' lang='lat' dir='ltr'><strong>Gloria,</strong></span> <span class='ocrx_word' id='word_1_763' title='bbox 1283 5698 1339 5744; x_wconf 90' lang='lat' dir='ltr'><strong>et</strong></span> <span class='ocrx_word' id='word_1_764' title='bbox 1368 5687 1540 5744; x_wconf 85' lang='lat' dir='ltr'><strong>honor</strong></span> <span class='ocrx_word' id='word_1_765' title='bbox 1584 5687 1749 5746; x_wconf 83' lang='lat' dir='ltr'><strong>Patri.</strong></span> <span class='ocrx_word' id='word_1_766' title='bbox 1784 5677 1853 5744; x_wconf 78' lang='grc' dir='ltr'><strong>Ρ.</strong></span> <span class='ocrx_word' id='word_1_767' title='bbox 1887 5689 1942 5746; x_wconf 92' lang='lat' dir='ltr'><strong>lu</strong></span> <span class='ocrx_word' id='word_1_768' title='bbox 1977 5689 2093 5747; x_wconf 90' lang='lat' dir='ltr'><strong>Ion-</strong></span> 
     </span>
    </p>
   </div>
   <div class='ocr_carea' id='block_1_103' title="bbox 503 5779 1063 5849">
    <p class='ocr_par' dir='ltr' id='par_1_103' title="bbox 503 5779 1063 5849">
     <span class='ocr_line' id='line_1_103' title="bbox 503 5779 1063 5849; baseline 0 -15"><span class='ocrx_word' id='word_1_769' title='bbox 503 5779 798 5849; x_wconf 77' lang='lat' dir='ltr'><strong>gitudinem</strong></span> <span class='ocrx_word' id='word_1_770' title='bbox 829 5781 1063 5835; x_wconf 81' lang='lat' dir='ltr'><strong>dierum.</strong></span> 
     </span>
    </p>
   </div>
   <div class='ocr_carea' id='block_1_104' title="bbox 573 5870 2088 5954">
    <p class='ocr_par' dir='ltr' id='par_1_104' title="bbox 573 5870 2088 5954">
     <span class='ocr_line' id='line_1_104' title="bbox 573 5870 2088 5954; baseline 0.01 -31"><span class='ocrx_word' id='word_1_771' title='bbox 573 5870 772 5925; x_wconf 73' lang='lat' dir='ltr'><strong>Oratio.</strong></span> <span class='ocrx_word' id='word_1_772' title='bbox 805 5872 958 5926; x_wconf 76' lang='lat' dir='ltr'><strong>Juxta</strong></span> <span class='ocrx_word' id='word_1_773' title='bbox 1000 5882 1106 5938; x_wconf 84' lang='lat' dir='ltr'><strong>est,</strong></span> <span class='ocrx_word' id='word_1_774' title='bbox 1155 5872 1397 5939; x_wconf 72' lang='lat' dir='ltr'><strong>numine,</strong></span> <span class='ocrx_word' id='word_1_775' title='bbox 1431 5874 1548 5933; x_wconf 79' lang='lat' dir='ltr'><strong>dies</strong></span> <span class='ocrx_word' id='word_1_776' title='bbox 1592 5876 1862 5936; x_wconf 65' lang='lat' dir='ltr'><strong>Adventus</strong></span> <span class='ocrx_word' id='word_1_777' title='bbox 1903 5884 2004 5954; x_wconf 83' lang='lat' dir='ltr'><strong>ttii,</strong></span> <span class='ocrx_word' id='word_1_778' title='bbox 2037 5896 2088 5942; x_wconf 89' lang='lat' dir='ltr'><strong>ct</strong></span> 
     </span>
    </p>
   </div>
   <div class='ocr_carea' id='block_1_105' title="bbox 2189 4647 2774 4718">
    <p class='ocr_par' dir='ltr' id='par_1_105' title="bbox 2189 4647 2774 4718">
     <span class='ocr_line' id='line_1_105' title="bbox 2189 4647 2774 4718; baseline 0 -16"><span class='ocrx_word' id='word_1_779' title='bbox 2189 4647 2428 4718; x_wconf 76' lang='lat' dir='ltr'><strong>aspiciat.</strong></span> <span class='ocrx_word' id='word_1_780' title='bbox 2477 4649 2515 4716; x_wconf 68' lang='grc' dir='ltr'><strong>ἡ</strong></span> <span class='ocrx_word' id='word_1_781' title='bbox 2537 4687 2553 4704; x_wconf 93' lang='grc'><strong>.</strong></span> <span class='ocrx_word' id='word_1_782' title='bbox 2584 4650 2774 4703; x_wconf 81' lang='lat' dir='ltr'><strong>Amen.</strong></span> 
     </span>
    </p>
   </div>
   <div class='ocr_carea' id='block_1_106' title="bbox 2263 4739 3359 4806">
    <p class='ocr_par' dir='ltr' id='par_1_106' title="bbox 2263 4739 3359 4806">
     <span class='ocr_line' id='line_1_106' title="bbox 2263 4739 3359 4806; baseline 0.001 -14"><span class='ocrx_word' id='word_1_783' title='bbox 2263 4739 2366 4794; x_wconf 88' lang='lat' dir='ltr'><strong>Per</strong></span> <span class='ocrx_word' id='word_1_784' title='bbox 2395 4739 2823 4794; x_wconf 80' lang='lat' dir='ltr'><strong>misericordiam</strong></span> <span class='ocrx_word' id='word_1_785' title='bbox 2856 4749 3024 4806; x_wconf 88' lang='lat' dir='ltr'><strong>tuam,</strong></span> <span class='ocrx_word' id='word_1_786' title='bbox 3059 4739 3220 4804; x_wconf 86' lang='lat' dir='ltr'><strong>Deus,</strong></span> <span class='ocrx_word' id='word_1_787' title='bbox 3253 4745 3359 4795; x_wconf 89' lang='lat' dir='ltr'><strong>etc.</strong></span> 
     </span>
    </p>
   </div>
   <div class='ocr_carea' id='block_1_107' title="bbox 2262 4827 3772 4902">
    <p class='ocr_par' dir='ltr' id='par_1_107' title="bbox 2262 4827 3772 4902">
     <span class='ocr_line' id='line_1_107' title="bbox 2262 4827 3772 4902; baseline -0.005 -15"><span class='ocrx_word' id='word_1_788' title='bbox 2262 4831 2557 4902; x_wconf 80' lang='lat' dir='ltr'><strong>Antiphona</strong></span> <span class='ocrx_word' id='word_1_789' title='bbox 2620 4832 2671 4885; x_wconf 80' lang='grc'><em>5.</em></span> <span class='ocrx_word' id='word_1_790' title='bbox 2727 4832 2839 4900; x_wconf 84' lang='lat' dir='ltr'><strong>Ego</strong></span> <span class='ocrx_word' id='word_1_791' title='bbox 2879 4842 3002 4886; x_wconf 86' lang='lat' dir='ltr'><strong>ante</strong></span> <span class='ocrx_word' id='word_1_792' title='bbox 3042 4841 3093 4886; x_wconf 89' lang='lat' dir='ltr'><strong>te</strong></span> <span class='ocrx_word' id='word_1_793' title='bbox 3132 4831 3252 4897; x_wconf 90' lang='lat' dir='ltr'><strong>ibo,</strong></span> <span class='ocrx_word' id='word_1_794' title='bbox 3314 4830 3442 4885; x_wconf 91' lang='lat' dir='ltr'><strong>dicit</strong></span> <span class='ocrx_word' id='word_1_795' title='bbox 3495 4827 3772 4884; x_wconf 79' lang='lat' dir='ltr'><strong>Dominus.</strong></span> 
     </span>
    </p>
   </div>
   <div class='ocr_carea' id='block_1_108' title="bbox 2196 4923 3773 4996">
    <p class='ocr_par' dir='ltr' id='par_1_108' title="bbox 2196 4923 3773 4996">
     <span class='ocr_line' id='line_1_108' title="bbox 2196 4923 3773 4996; baseline -0.003 -16"><span class='ocrx_word' id='word_1_796' title='bbox 2196 4927 2260 4980; x_wconf 88' lang='lat' dir='ltr'><strong>P.</strong></span> <span class='ocrx_word' id='word_1_797' title='bbox 2299 4927 2365 4980; x_wconf 87' lang='lat' dir='ltr'><strong>Et</strong></span> <span class='ocrx_word' id='word_1_798' title='bbox 2393 4925 2659 4996; x_wconf 80' lang='lat' dir='ltr'><strong>gloriusos</strong></span> <span class='ocrx_word' id='word_1_799' title='bbox 2691 4934 2850 4980; x_wconf 80' lang='lat' dir='ltr'><strong>terra:</strong></span> <span class='ocrx_word' id='word_1_800' title='bbox 2879 4925 3192 4979; x_wconf 65' lang='lat' dir='ltr'><strong>humilihbo.</strong></span> <span class='ocrx_word' id='word_1_801' title='bbox 3242 4925 3274 4993; x_wconf 60' lang='grc' dir='ltr'><em>ᾗ</em></span> <span class='ocrx_word' id='word_1_802' title='bbox 3303 4965 3314 4977; x_wconf 93' lang='grc'><strong>.</strong></span> <span class='ocrx_word' id='word_1_803' title='bbox 3352 4925 3522 4986; x_wconf 87' lang='lat' dir='ltr'><strong>Deus,</strong></span> <span class='ocrx_word' id='word_1_804' title='bbox 3551 4923 3773 4976; x_wconf 76' lang='lat' dir='ltr'><strong>deorum</strong></span> 
     </span>
    </p>
   </div>
   <div class='ocr_carea' id='block_1_109' title="bbox 2192 5015 3776 5084">
    <p class='ocr_par' dir='ltr' id='par_1_109' title="bbox 2192 5015 3776 5084">
     <span class='ocr_line' id='line_1_109' title="bbox 2192 5015 3776 5084; baseline -0.005 -9"><span class='ocrx_word' id='word_1_805' title='bbox 2192 5020 2482 5084; x_wconf 75' lang='lat' dir='ltr'><strong>Dominus,</strong></span> <span class='ocrx_word' id='word_1_806' title='bbox 2516 5019 2722 5072; x_wconf 84' lang='lat' dir='ltr'><strong>locutus</strong></span> <span class='ocrx_word' id='word_1_807' title='bbox 2748 5028 2862 5082; x_wconf 87' lang='lat' dir='ltr'><strong>est,</strong></span> <span class='ocrx_word' id='word_1_808' title='bbox 2897 5027 2950 5072; x_wconf 90' lang='lat' dir='ltr'><strong>et</strong></span> <span class='ocrx_word' id='word_1_809' title='bbox 2980 5017 3189 5072; x_wconf 77' lang='lat' dir='ltr'><strong>vocavit</strong></span> <span class='ocrx_word' id='word_1_810' title='bbox 3219 5025 3436 5071; x_wconf 86' lang='lat' dir='ltr'><strong>terram.</strong></span> <span class='ocrx_word' id='word_1_811' title='bbox 3469 5015 3537 5069; x_wconf 83' lang='grc' dir='ltr'><strong>Ρ.</strong></span> <span class='ocrx_word' id='word_1_812' title='bbox 3570 5015 3637 5068; x_wconf 85' lang='lat' dir='ltr'><strong>Et</strong></span> <span class='ocrx_word' id='word_1_813' title='bbox 3661 5015 3776 5084; x_wconf 87' lang='lat' dir='ltr'><strong>glo-</strong></span> 
     </span>
    </p>
   </div>
   <div class='ocr_carea' id='block_1_110' title="bbox 2190 5105 3779 5182">
    <p class='ocr_par' dir='ltr' id='par_1_110' title="bbox 2190 5105 3779 5182">
     <span class='ocr_line' id='line_1_110' title="bbox 2190 5105 3779 5182; baseline -0.005 -14"><span class='ocrx_word' id='word_1_814' title='bbox 2190 5113 2386 5169; x_wconf 83' lang='lat' dir='ltr'><strong>riusos.</strong></span> <span class='ocrx_word' id='word_1_815' title='bbox 2435 5113 2469 5182; x_wconf 59' lang='grc' dir='ltr'><em>ᾗ</em></span> <span class='ocrx_word' id='word_1_816' title='bbox 2504 5152 2517 5165; x_wconf 95' lang='grc'><strong>.</strong></span> <span class='ocrx_word' id='word_1_817' title='bbox 2543 5111 2752 5176; x_wconf 82' lang='lat' dir='ltr'><strong>Gloria,</strong></span> <span class='ocrx_word' id='word_1_818' title='bbox 2796 5118 2851 5165; x_wconf 92' lang='lat' dir='ltr'><strong>et</strong></span> <span class='ocrx_word' id='word_1_819' title='bbox 2888 5110 3060 5165; x_wconf 91' lang='lat' dir='ltr'><strong>honor</strong></span> <span class='ocrx_word' id='word_1_820' title='bbox 3099 5110 3282 5178; x_wconf 81' lang='lat' dir='ltr'><strong>Patri,</strong></span> <span class='ocrx_word' id='word_1_821' title='bbox 3321 5122 3374 5166; x_wconf 90' lang='lat' dir='ltr'><strong>et</strong></span> <span class='ocrx_word' id='word_1_822' title='bbox 3412 5108 3568 5164; x_wconf 81' lang='lat' dir='ltr'><strong>Filio.</strong></span> <span class='ocrx_word' id='word_1_823' title='bbox 3613 5105 3680 5161; x_wconf 89' lang='grc' dir='ltr'><strong>Ρ.</strong></span> <span class='ocrx_word' id='word_1_824' title='bbox 3715 5106 3779 5161; x_wconf 85' lang='lat' dir='ltr'><strong>Et</strong></span> 
     </span>
    </p>
   </div>
   <div class='ocr_carea' id='block_1_111' title="bbox 2191 5203 2998 5275">
    <p class='ocr_par' dir='ltr' id='par_1_111' title="bbox 2191 5203 2998 5275">
     <span class='ocr_line' id='line_1_111' title="bbox 2191 5203 2998 5275; baseline 0.002 -19"><span class='ocrx_word' id='word_1_825' title='bbox 2191 5203 2464 5275; x_wconf 83' lang='lat' dir='ltr'><strong>gloriosos</strong></span> <span class='ocrx_word' id='word_1_826' title='bbox 2496 5214 2652 5259; x_wconf 76' lang='lat' dir='ltr'><strong>terra:</strong></span> <span class='ocrx_word' id='word_1_827' title='bbox 2685 5203 2998 5258; x_wconf 74' lang='lat' dir='ltr'><strong>humiliabo.</strong></span> 
     </span>
    </p>
   </div>
   <div class='ocr_carea' id='block_1_112' title="bbox 2268 5313 3777 5389">
    <p class='ocr_par' dir='ltr' id='par_1_112' title="bbox 2268 5313 3777 5389">
     <span class='ocr_line' id='line_1_112' title="bbox 2268 5313 3777 5389; baseline 0 -19"><span class='ocrx_word' id='word_1_828' title='bbox 2268 5318 2468 5372; x_wconf 73' lang='lat' dir='ltr'><strong>Urdtio.</strong></span> <span class='ocrx_word' id='word_1_829' title='bbox 2496 5318 2623 5374; x_wconf 80' lang='lat' dir='ltr'><strong>Esto</strong></span> <span class='ocrx_word' id='word_1_830' title='bbox 2653 5318 2830 5384; x_wconf 86' lang='lat' dir='ltr'><strong>nobis,</strong></span> <span class='ocrx_word' id='word_1_831' title='bbox 2859 5313 3108 5386; x_wconf 77' lang='lat' dir='ltr'><strong>Domine,</strong></span> <span class='ocrx_word' id='word_1_832' title='bbox 3136 5318 3335 5375; x_wconf 73' lang='lat' dir='ltr'><strong>corona</strong></span> <span class='ocrx_word' id='word_1_833' title='bbox 3367 5317 3551 5389; x_wconf 71' lang='lat' dir='ltr'><strong>gloriae</strong></span> <span class='ocrx_word' id='word_1_834' title='bbox 3580 5317 3635 5371; x_wconf 87' lang='lat' dir='ltr'><strong>in</strong></span> <span class='ocrx_word' id='word_1_835' title='bbox 3667 5315 3777 5382; x_wconf 81' lang='lat' dir='ltr'><strong>die,</strong></span> 
     </span>
    </p>
   </div>
   <div class='ocr_carea' id='block_1_113' title="bbox 2193 5400 3783 5484">
    <p class='ocr_par' dir='ltr' id='par_1_113' title="bbox 2193 5400 3783 5484">
     <span class='ocr_line' id='line_1_113' title="bbox 2193 5400 3783 5484; baseline -0.001 -18"><span class='ocrx_word' id='word_1_836' title='bbox 2193 5412 2299 5482; x_wconf 72' lang='lat' dir='ltr'><strong>qua</strong></span> <span class='ocrx_word' id='word_1_837' title='bbox 2339 5407 2554 5467; x_wconf 81' lang='lat' dir='ltr'><strong>veneris</strong></span> <span class='ocrx_word' id='word_1_838' title='bbox 2592 5413 2789 5467; x_wconf 65' lang='lat' dir='ltr'><strong>saecula</strong></span> <span class='ocrx_word' id='word_1_839' title='bbox 2826 5403 3075 5484; x_wconf 78' lang='lat' dir='ltr'><strong>judicare</strong></span> <span class='ocrx_word' id='word_1_840' title='bbox 3104 5427 3201 5481; x_wconf 91' lang='lat' dir='ltr'><strong>per</strong></span> <span class='ocrx_word' id='word_1_841' title='bbox 3230 5400 3406 5482; x_wconf 89' lang='lat' dir='ltr'><strong>ignem</strong></span> <span class='ocrx_word' id='word_1_842' title='bbox 3437 5427 3453 5465; x_wconf 86' lang='lat'><strong>:</strong></span> <span class='ocrx_word' id='word_1_843' title='bbox 3484 5420 3541 5465; x_wconf 92' lang='lat' dir='ltr'><strong>ut</strong></span> <span class='ocrx_word' id='word_1_844' title='bbox 3567 5410 3652 5464; x_wconf 84' lang='lat' dir='ltr'><strong>hic</strong></span> <span class='ocrx_word' id='word_1_845' title='bbox 3682 5424 3783 5465; x_wconf 89' lang='lat' dir='ltr'><strong>nos</strong></span> 
     </span>
    </p>
   </div>
   <div class='ocr_carea' id='block_1_114' title="bbox 2195 5491 3782 5576">
    <p class='ocr_par' dir='ltr' id='par_1_114' title="bbox 2195 5491 3782 5576">
     <span class='ocr_line' id='line_1_114' title="bbox 2195 5491 3782 5576; baseline 0.002 -20"><span class='ocrx_word' id='word_1_846' title='bbox 2195 5505 2311 5574; x_wconf 90' lang='lat' dir='ltr'><strong>pius</strong></span> <span class='ocrx_word' id='word_1_847' title='bbox 2363 5502 2564 5559; x_wconf 86' lang='lat' dir='ltr'><strong>vestias</strong></span> <span class='ocrx_word' id='word_1_848' title='bbox 2613 5499 2931 5562; x_wconf 81' lang='lat' dir='ltr'><strong>indumento</strong></span> <span class='ocrx_word' id='word_1_849' title='bbox 2978 5505 3236 5574; x_wconf 72' lang='lat' dir='ltr'><strong>justitiae,</strong></span> <span class='ocrx_word' id='word_1_850' title='bbox 3287 5517 3342 5562; x_wconf 89' lang='lat' dir='ltr'><strong>et</strong></span> <span class='ocrx_word' id='word_1_851' title='bbox 3382 5505 3502 5576; x_wconf 65' lang='lat' dir='ltr'><strong>post</strong></span> <span class='ocrx_word' id='word_1_852' title='bbox 3540 5491 3782 5576; x_wconf 71' lang='lat' dir='ltr'><strong>perlecta</strong></span> 
     </span>
    </p>
   </div>
   <div class='ocr_carea' id='block_1_115' title="bbox 2195 5599 3024 5669">
    <p class='ocr_par' dir='ltr' id='par_1_115' title="bbox 2195 5599 3024 5669">
     <span class='ocr_line' id='line_1_115' title="bbox 2195 5599 3024 5669; baseline 0.002 -16"><span class='ocrx_word' id='word_1_853' title='bbox 2195 5599 2379 5669; x_wconf 74' lang='lat' dir='ltr'><strong>gloria:</strong></span> <span class='ocrx_word' id='word_1_854' title='bbox 2410 5600 2674 5658; x_wconf 67' lang='lat' dir='ltr'><strong>libertate.</strong></span> <span class='ocrx_word' id='word_1_855' title='bbox 2723 5601 2760 5669; x_wconf 62' lang='grc' dir='ltr'><strong>ἡ</strong></span> <span class='ocrx_word' id='word_1_856' title='bbox 2785 5641 2800 5655; x_wconf 96' lang='grc'><strong>.</strong></span> <span class='ocrx_word' id='word_1_857' title='bbox 2827 5602 3024 5658; x_wconf 72' lang='lat' dir='ltr'><strong>Amen.</strong></span> 
     </span>
    </p>
   </div>
   <div class='ocr_carea' id='block_1_116' title="bbox 2267 5691 3176 5757">
    <p class='ocr_par' dir='ltr' id='par_1_116' title="bbox 2267 5691 3176 5757">
     <span class='ocr_line' id='line_1_116' title="bbox 2267 5691 3176 5757; baseline -0.001 -10"><span class='ocrx_word' id='word_1_858' title='bbox 2267 5691 2371 5747; x_wconf 88' lang='lat' dir='ltr'><strong>Per</strong></span> <span class='ocrx_word' id='word_1_859' title='bbox 2402 5692 2828 5748; x_wconf 83' lang='lat' dir='ltr'><strong>misericurdiam</strong></span> <span class='ocrx_word' id='word_1_860' title='bbox 2859 5701 3032 5757; x_wconf 87' lang='lat' dir='ltr'><strong>tuam,</strong></span> <span class='ocrx_word' id='word_1_861' title='bbox 3065 5701 3176 5747; x_wconf 87' lang='lat' dir='ltr'><strong>etc.</strong></span> 
     </span>
    </p>
   </div>
   <div class='ocr_carea' id='block_1_117' title="bbox 2283 5777 3784 5853">
    <p class='ocr_par' dir='ltr' id='par_1_117' title="bbox 2283 5777 3784 5853">
     <span class='ocr_line' id='line_1_117' title="bbox 2283 5777 3784 5853; baseline -0.001 -16"><span class='ocrx_word' id='word_1_862' title='bbox 2283 5785 2318 5853; x_wconf 62' lang='grc' dir='ltr'><strong>ἡ</strong></span> <span class='ocrx_word' id='word_1_863' title='bbox 2344 5822 2356 5838; x_wconf 94' lang='grc'><strong>.</strong></span> <span class='ocrx_word' id='word_1_864' title='bbox 2403 5777 2574 5851; x_wconf 83' lang='lat' dir='ltr'><strong>Ecce,</strong></span> <span class='ocrx_word' id='word_1_865' title='bbox 2613 5785 2778 5847; x_wconf 88' lang='lat' dir='ltr'><strong>Sion,</strong></span> <span class='ocrx_word' id='word_1_866' title='bbox 2812 5784 3117 5840; x_wconf 67' lang='lat' dir='ltr'><strong>dominetur</strong></span> <span class='ocrx_word' id='word_1_867' title='bbox 3146 5795 3270 5838; x_wconf 86' lang='lat' dir='ltr'><strong>tuus</strong></span> <span class='ocrx_word' id='word_1_868' title='bbox 3301 5798 3420 5838; x_wconf 88' lang='lat' dir='ltr'><strong>cum</strong></span> <span class='ocrx_word' id='word_1_869' title='bbox 3450 5777 3784 5853; x_wconf 73' lang='lat' dir='ltr'><strong>jocunditate</strong></span> 
     </span>
    </p>
   </div>
   <div class='ocr_carea' id='block_1_118' title="bbox 2196 5869 3782 5947">
    <p class='ocr_par' dir='ltr' id='par_1_118' title="bbox 2196 5869 3782 5947">
     <span class='ocr_line' id='line_1_118' title="bbox 2196 5869 3782 5947; baseline -0.01 -7"><span class='ocrx_word' id='word_1_870' title='bbox 2196 5887 2393 5940; x_wconf 41' lang='lat' dir='ltr'><strong>vti-uici.</strong></span> <span class='ocrx_word' id='word_1_871' title='bbox 2433 5879 2494 5932; x_wconf 83' lang='grc' dir='ltr'><strong>Ρ.</strong></span> <span class='ocrx_word' id='word_1_872' title='bbox 2533 5876 2593 5934; x_wconf 84' lang='lat' dir='ltr'><strong>Et</strong></span> <span class='ocrx_word' id='word_1_873' title='bbox 2626 5888 2812 5934; x_wconf 81' lang='lat' dir='ltr'><strong>mnncs</strong></span> <span class='ocrx_word' id='word_1_874' title='bbox 2841 5877 3012 5932; x_wconf 84' lang='lat' dir='ltr'><strong>sancti</strong></span> <span class='ocrx_word' id='word_1_875' title='bbox 3046 5870 3354 5947; x_wconf 81' lang='lat' dir='ltr'><strong>gaudebunt</strong></span> <span class='ocrx_word' id='word_1_876' title='bbox 3386 5889 3547 5946; x_wconf 78' lang='lat' dir='ltr'><strong>super</strong></span> <span class='ocrx_word' id='word_1_877' title='bbox 3581 5869 3632 5930; x_wconf 84' lang='lat' dir='ltr'><strong>te</strong></span> <span class='ocrx_word' id='word_1_878' title='bbox 3665 5885 3782 5927; x_wconf 72' lang='lat' dir='ltr'><strong>cun‘</strong></span> 
     </span>
    </p>
   </div>
  </div>
