4044 6382
186 466 247 525 73
1050 466 1249 522 Ftittta
1296 468 1358 523 tv
1402 468 1572 525 PosT
1613 468 1769 525 DOM.

1897 468 2263 525 ADVENTUS
2306 468 2559 523 DUMlNl.
3368 471 3436 524 τι

183 579 361 636 laetitia
392 588 449 635 et
473 578 666 651 gaudio
695 579 1046 650 scmpitérno.
1087 582 1157 649 Ῡ.
1184 578 1351 644 Veni,
1375 578 1625 647 Domine,
1649 580 1758 635 noli
1787 582 1838 643 Α
1862 580 1951 635 ιίο.
1986 580 2091 636 Fac
2121 596 2254 647 nos,
2326 582 2502 647 Pater,
2537 586 2587 635 in
2643 581 2808 651 gratia
2831 625 2846 647 ,
2878 590 2933 636 nl
2963 585 3103 653 infra
3132 586 3310 640 eodem
3341 584 3436 653 fol.

183 673 428 727 tardAre:
458 671 635 726 relaxa
665 672 898 727 facinora
932 673 1068 739 plebi
1099 683 1221 727 tuae.
1250 673 1316 727 P.
1343 675 1408 728 Et
1434 690 1638 730 omnes.
1682 676 1716 744 ᾗ
1738 713 1750 727 .

180 760 396 827 Clbria,
431 771 481 815 et
515 761 688 816 honor
724 761 886 816 Patri.
924 762 1209 817 lleiterélur
1253 763 1290 831 ἡ
1313 802 1327 818 .
1361 763 1539 828 Ecce,
1569 763 1718 818 Sion.

781 851 845 906 In
877 853 1160 908 Laudibus.

244 944 328 998 Ad
356 942 643 997 canticum.
667 945 976 1014 Antiphonti.
1008 945 1145 1001 Ecce
1172 946 1316 1000 enim
1346 946 1486 1001 Deus
1512 942 1763 1002 Salvitor

178 1051 329 1092 mens
358 1051 375 1092 :
410 1035 730 1090 liducialiter
756 1052 910 1105 agant
945 1038 995 1089 in
1026 1052 1122 1101 co,
1156 1044 1211 1091 et
1240 1053 1345 1092 non
1392 1037 1611 1093 timebo.

584 1127 850 1181 Csinticum
885 1126 970 1194 (11
1014 1127 1255 1181 Hac/tab.
1291 1130 1351 1194 ι).

245 1212 506 1272 Dominus
560 1218 697 1271 Deus
748 1217 984 1272 ὁιῐιιιίιιιιι
1036 1219 1269 1284 creator,
1322 1218 1354 1253 ³⁸
1404 1217 1661 1273 terribilis
1708 1225 1763 1273 et

177 1305 336 1359 fortis
359 1349 374 1371 ,
403 1304 581 1376 justus
609 1316 663 1360 et
692 1305 1001 1361 titiséricors
1021 1351 1035 1373 ,

244 1398 407 1452 Solus
438 1415 529 1453 rex
569 1399 737 1453 bonus
758 1442 771 1466 ,
805 1401 894 1470 qui
924 1401 1068 1455 solus
1103 1410 1361 1470 praestans
1382 1442 1397 1467 ,
1428 1398 1459 1435 "
1491 1401 1637 1457 solus
1670 1401 1759 1472 ju-

177 1502 288 1546 stus
308 1532 324 1556 ,
355 1492 700 1561 omnipotens
719 1534 732 1557 ,

244 1584 348 1650 Qui
380 1583 578 1638 liberas
606 1583 769 1639 lsraél
800 1586 867 1640 de
898 1587 1041 1640 omni
1074 1586 1248 1652 malo,
1278 1588 1308 1621 "
1340 1585 1431 1658 qui
1464 1585 1637 1643 fecisti
1669 1603 1763 1656 pa-

180 1681 291 1727 tres
319 1672 559 1739 electos,
595 1683 647 1730 et
676 1676 1021 1731 sanctilicitsti
1053 1691 1149 1731 eos
1176 1693 1191 1728 :

244 1767 446 1835 Accipe
506 1767 823 1822 sacriﬁcium
885 1768 953 1823 ab
1000 1768 1254 1825 universo
1318 1768 1517 1840 populo
1560 1768 1759 1835 lsraél,

172 1856 202 1890 ’
231 1866 285 1912 et
314 1858 522 1913 custt'idi
556 1859 763 1929 plebem
797 1872 961 1926 luam,
994 1871 1046 1915 et
1073 1861 1367 1915 sanctiﬁca.

246 1946 558 2021 COngrega,
595 1951 852 2015 Duminc,
887 1951 1250 2020 dispersiones
1279 1962 1489 2007 nustras
1528 1954 1556 1985 “
1605 1962 1661 2007 et
1703 1954 1760 2008 li-
1794 1932 1841 1991 Β

96 2074 99 2079 ι
172 2040 305 2096 hera
345 2056 439 2098 eos
488 2042 579 2111 qui
630 2043 871 2097 se’rtinnt
910 2043 1174 2099 Gentibus
1216 2044 1684 2100 contemnentibus
1714 2055 1768 2099 et

168 2131 620 2187 abominantibus

244 2220 517 2289 Respice:
551 2219 620 2275 Ut
646 2221 817 2299 sciant
842 2220 1042 2277 Gentes
1068 2222 1187 2292 quia
1222 2233 1273 2276 tu
1299 2238 1357 2277 es
1378 2223 1521 2279 Deus
1550 2235 1766 2291 noster;

164 2321 367 2382 totque
415 2313 814 2382 Oppriméntes,
867 2325 921 2370 ct
968 2318 1348 2374 contumeliam
1398 2317 1665 2376 facientes
1714 2322 1766 2376 in

164 2401 426 2471 supérhia
450 2443 465 2467 ,
499 2403 529 2438 “
552 2413 607 2458 et
633 2407 903 2460 constitue
937 2405 1190 2477 ptipuhun
1225 2418 1372 2463 tuum
1404 2411 1456 2465 in
1489 2411 1608 2466 loco
1638 2428 1764 2468 san-

166 2505 259 2548 cto
292 2502 407 2547 tuo.

244 2583 316 2638 Ρ.
352 2586 491 2642 Ecce
517 2587 682 2641 enim.

243 2677 432 2733 Gloria
455 2719 468 2742 ,
501 2689 551 2733 et
586 2680 760 2733 honor
789 2678 957 2735 Patri.

248 2768 316 2822 Ρ.
348 2769 715 2825 Fiducialitcr.

763 2864 1177 2920 .llatutindrium.

250 2951 330 3006 Sit
383 2952 644 3024 splendor
689 2956 899 3012 Démini
952 2958 1042 3014 Dei
1096 2961 1263 3015 nostri
1311 2976 1474 3033 super
1523 2979 1663 3019 nos:
1713 2975 1769 3021 et

186 3040 340 3111 opera
371 3045 624 3101 manuum
655 3049 862 3103 tuArum
890 3048 1059 3115 dirige
1087 3067 1248 3122 super
1274 3068 1392 3109 nos.
1437 3056 1471 3126 Ῡ
1495 3093 1511 3110 .
1540 3055 1616 3113 Bé
1649 3057 1767 3126 pice

191 3131 241 3186 in
276 3149 462 3190 servos
494 3146 614 3193 tuos
636 3180 651 3198 .
682 3148 734 3193 et
765 3138 819 3193 in
851 3140 1015 3210 opera
1058 3150 1146 3197 tua
1169 3184 1184 3210 ,
1220 3154 1273 3200 et
1305 3144 1475 3215 dirige
1507 3147 1645 3203 ﬁlios
1675 3149 1767 3203 co-

198 3238 325 3278 rum.
375 3227 441 3283 Ρ.
485 3228 548 3283 Et
592 3230 761 3300 (Spera
805 3230 1080 3289 manuum.
1128 3235 1200 3304 ᾖ.
1244 3234 1459 3306 Gloria,
1501 3247 1555 3292 et
1594 3238 1768 3294 honor

196 3313 351 3373 Patri.
386 3319 454 3377 P.
488 3321 554 3377 Et
585 3322 749 3392 opera
782 3325 1061 3379 manuum.

261 3408 457 3465 Lauda.
500 3412 739 3469 Laudate
769 3414 1053 3470 Dominum
1096 3418 1154 3471 in
1197 3420 1401 3474 sanctis
1445 3416 1561 3490 ejus
1593 3436 1606 3473 :
1640 3421 1769 3475 alle-

192 3497 336 3563 lt’tia,
376 3504 601 3558 alleluia.
647 3505 886 3561 Laudate
926 3522 1048 3561 eum
1096 3510 1145 3563 in
1180 3508 1520 3566 lirmaménto
1549 3511 1768 3567 virtutis

198 3587 316 3656 ejus
346 3608 360 3643 :
390 3593 613 3651 alleluia.
643 3595 889 3652 Psalmu:
914 3613 1142 3655 cxcvm.

268 3681 564 3756 Proprietla.
593 3688 721 3746 Hac
747 3690 881 3746 dicit
910 3691 1169 3747 Dominus
1200 3710 1212 3746 :
1246 3692 1393 3748 Vade
1414 3736 1427 3758 ,
1463 3693 1765 3764 ingredere.

191 3776 284 3851 rgt.
322 3781 403 3836 ιδ.

843 3878 1102 3949 Hymnus.

544 3967 686 4024 Ecce
715 3969 957 4024 salvator
983 3970 1223 4026 omnium

469 4057 818 4114 Desideratus
848 4059 1113 4131 optimus,

470 4147 748 4205 Adventus
777 4151 934 4219 cujus
963 4151 1277 4221 praedictus,

467 4238 739 4297 Venturos
768 4251 852 4298 est
879 4241 1219 4312 quantécit‘ts.

544 4334 865 4390 Mundemus
892 4336 1055 4392 corda
1084 4336 1117 4390 ὲ
1147 4336 1397 4393 sordibus

474 4424 736 4481 Parantes
765 4427 908 4481 viam
943 4428 1171 4484 Domino

471 4517 777 4574 Clamémus
807 4520 987 4576 cordis
1013 4520 1219 4592 organo
1250 4540 1263 4575 :

478 4608 651 4679 Veni,
685 4611 1036 4683 Redemptor,
1068 4614 1213 4671 salva
1247 4631 1363 4670 nos.

544 4704 655 4760 Deo
685 4706 829 4761 Patri
862 4706 933 4762 sit
960 4708 1130 4780 gloria
1154 4751 1171 4773 ,

472 4796 709 4868 Eiusque
739 4799 839 4855 soli
870 4798 1010 4855 Filio
1030 4842 1046 4867 ,

470 4888 603 4945 Cum
638 4890 836 4960 Spiritu
869 4891 1139 4947 Paraclito

483 4987 537 5039 In
570 4985 897 5056 sempiterna
928 4988 1145 5042 stectila.

550 5082 745 5132 Amen.

255 5171 612 5244 Qupplicdtio.
656 5172 887 5226 Ot'émus
922 5168 1336 5241 Rcdemptdrcm
1371 5170 1552 5225 mundi
1590 5170 1773 5225 Dami-

182 5276 302 5316 nnm
337 5272 609 5318 nostrum.
644 5262 740 5331 fol.
769 5262 826 5315 2.

248 5356 523 5429 Cdpitula.
557 5356 763 5413 Memor
788 5364 929 5424 esto,
964 5356 1220 5421 Domine,
1253 5356 1507 5412 Ecclesia‘
1541 5365 1675 5420 tute.
1706 5371 1773 5411 ex

181 5448 439 5506 Gentium
496 5449 812 5506 diversitate
858 5447 1145 5505 collecta:
1188 5448 1348 5520 eique
1388 5448 1775 5506 niisericérdite

183 5542 430 5600 veritz'itis
483 5552 589 5599 tum
621 5543 907 5599 thesauros
937 5542 1111 5613 pande
1142 5559 1157 5597 :
1188 5552 1248 5597 ut
1275 5552 1331 5598 et
1359 5543 1570 5598 venisse
1601 5553 1650 5599 te
1681 5558 1775 5612 pro

182 5650 271 5694 sua
304 5637 691 5704 redetnptiOne
719 5636 930 5691 ltetétur
960 5652 975 5701 ;
1006 5646 1058 5691 et
1091 5649 1190 5705 pro
1219 5649 1315 5691 sua
1343 5634 1776 5690 remuneratidne

184 5732 479 5785 venturum
511 5728 563 5782 in
595 5726 948 5783 exultatidnis
972 5726 1144 5798 iubilo
1168 5724 1534 5797 praestolétur.

252 5821 423 5877 Pater
453 5828 665 5874 noster.
698 5820 737 5873 A
770 5819 917 5873 malo
949 5834 1046 5873 nos
1074 5818 1241 5874 libera
1264 5858 1279 5881 .
1311 5826 1416 5872 etc.
1451 5817 1542 5887 fol.
1578 5816 1663 5872 10.

253 5915 467 5977 Lauda.
498 5913 636 5970 Deus
664 5910 944 5965 manifesti".
974 5911 1170 5966 veniet.
1203 5908 1417 5982 nequire
1441 5910 1535 5982 fol.
1564 5909 1613 5963 8.
1644 5910 1778 5963 0rd-

476 6008 745 6069 Ps'rnoc.
794 6005 901 6066 LX
918 6004 965 6064 ’Χ
981 6005 1030 6064 Χ
1046 6004 1153 6067 Vl.

1786 3286 1838 3349 ϐ

2457 675 2536 727 Ad
2573 673 2843 743 Vésperos.

1937 763 2134 817 Lauda.
2172 766 2210 818 Α
2242 764 2370 818 solis
2398 778 2517 818 ortu
2548 780 2716 834 usque
2745 766 2809 819 ad
2838 766 3108 844 occasum.
3139 768 3232 831 fol.
3268 766 3313 819 Ι,
3344 772 3442 820 An-

1864 856 2101 923 tiphone.
2140 855 2327 909 Veniet
2360 856 2614 911 Dt'nninns
2644 872 2765 909 cum
2798 856 3038 913 senibus.
3073 856 3275 912 Lauda.
3307 857 3444 915 Déx-

1867 956 2035 1001 teram
2079 956 2222 1001 tuam
2292 947 2454 1002 Deus.
2490 946 2709 1015 Requlre
2737 948 2829 1016 fol.
2864 950 2916 1002 ὃ.

2526 1034 2788 1106 Hymnus.

2228 1126 2265 1178 A
2302 1124 2460 1180 Patre
2477 1167 2492 1191 ,
2527 1125 2836 1197 Unigénite.

2150 1217 2230 1271 Ad
2266 1230 2364 1269 nos
2393 1217 2544 1271 venis
2576 1234 2672 1288 per
2710 1217 3016 1287 Virginem,

2154 1308 2411 1377 Baptismi
2443 1324 2565 1364 rore
2595 1309 2919 1366 censecrans
2938 1353 2953 1376 ,

2153 1400 2389 1454 CunCtos
2422 1399 2526 1456 lide
2553 1402 2897 1471 regénerans.

2226 1491 2300 1545 De
2332 1492 2470 1546 caelo
2499 1493 2681 1547 celsus
2712 1494 2963 1563 prédiens

2158 1582 2384 1654 Excepit
2413 1585 2638 1640 formam
2672 1585 2904 1641 heminis

2158 1675 2343 1732 Victor
2374 1677 2403 1732 it
2435 1689 2611 1734 morte
2640 1680 2886 1745 rediens,

2155 1768 2364 1825 Gaudia
2398 1773 2519 1827 vitae
2548 1772 2804 1843 largiens.

2229 1866 2341 1920 lloc
2368 1873 2426 1922 te
2448 1908 2464 1933 ,
2499 1866 2852 1938 Redemptor,
2886 1882 3228 1938 quaesumus,

2157 1952 2384 2010 "labere
2413 1957 2675 2027 propitius
2702 1976 2717 2023 ;

2158 2044 2492 2117 Clarumque
2521 2050 2718 2103 nostris
2746 2050 2999 2106 cordibus

2154 2134 2355 2194 Lumen
2390 2141 2567 2207 praebe
2596 2142 2874 2199 deiﬁcum.

2236 2229 2343 2284 Deo
2376 2230 2523 2287 Patri
2550 2232 2619 2286 sit
2646 2233 2820 2303 gleria
2843 2276 2860 2302 ,
2891 2244 2997 2291 etc.

1944 2314 2297 2387 Supplicdtio.
2329 2320 2557 2377 Oremus
2588 2322 3005 2399 Redemp'drem
3048 2325 3230 2380 mundi
3277 2326 3458 2381 Domi-

1870 2419 1997 2459 num
2039 2418 2280 2464 nostrum
2309 2410 2492 2467 Jesum
2524 2414 2818 2471 Christum.
2853 2417 3036 2484 Qumrc
3067 2418 3162 2488 fol.
3194 2419 3251 2476 2.

1937 2495 2201 2570 Capitula.
2252 2501 2329 2557 Te
2374 2505 2727 2574 expectantes
2775 2523 3121 2577 quesumus,
3176 2509 3452 2567 Duntine:

1868 2588 2014 2641 salva
2056 2605 2156 2644 nos
2193 2592 2474 2660 sperantes
2515 2596 2568 2652 in
2610 2606 2706 2653 te:
2762 2602 2963 2671 tu‘que
3004 2616 3103 2656 nos
3146 2600 3457 2669 redemptos

1868 2676 2167 2745 sanguine,
2220 2682 2358 2738 sicut
2403 2699 2463 2740 es
2516 2686 2820 2755 pollicitus,
2871 2690 3196 2745 consultirc:
3235 2704 3329 2759 ac,
3372 2706 3457 2746 re-

1869 2767 2018 2822 moto
2040 2771 2243 2840 gemitu
2266 2814 2280 2840 ,
2308 2776 2640 2847 expulsdque
2671 2778 2887 2847 doldre,
2926 2782 3029 2851 18
3070 2781 3455 2852 sempiternum

1869 2861 2116 2929 gaudium
2150 2868 2511 2939 :cternz'imque
2543 2870 2780 2926 laetitiam
2811 2888 2910 2927 nos
2944 2873 2990 2926 fit
3030 2877 3101 2928 ito
3130 2874 3399 2931 obtinere.

1945 2955 2101 3010 Pater
2142 2972 2343 3015 noSter.
2396 2962 2458 3017 Et
2506 2979 2594 3019 ne.
2646 2965 2774 3019 Sed.
2827 2966 2869 3018 A
2924 2966 3064 3019 man
3118 2980 3214 3020 nos
3264 2965 3454 3022 libera.

1874 3046 2058 3114 Quave
2086 3051 2177 3119 fol.
2217 3053 2304 3108 10.

1942 3137 2257 3197 Benedictio.
2302 3147 2483 3213 Agnus
2538 3144 2665 3214 Dci,
2713 3146 2804 3213 qui
2856 3147 2981 3199 olim
3039 3148 3176 3199 venit
3236 3148 3454 3216 pecchta

1872 3230 2062 3287 tollere
2090 3234 2309 3298 mundi,
2340 3234 2546 3289 auferat
2573 3234 2602 3289 ξι
2643 3236 2799 3291 nobis
2840 3251 3053 3290 omnem
3095 3236 3455 3291 colluvidnetn

1872 3317 2071 3373 delicti.
2120 3320 2192 3388 ἠ.
2226 3321 2420 3376 Amen.
2470 3322 2575 3387 Et,
2636 3324 2727 3392 Qui
2779 3324 2925 3378 venit
2970 3323 3271 3389 redimere,
3315 3326 3460 3395 quod

1873 3411 2149 3478 perierat;
2181 3412 2247 3465 ad
2279 3412 2383 3467 hoc
2425 3413 2619 3467 iterum
2663 3413 2884 3481 véniat,
2927 3424 2985 3469 ιιι
3028 3415 3304 3485 redempta
3351 3432 3460 3471 non

1872 3502 2079 3571 pitn’at.
2141 3503 2214 3565 ri.
2264 3504 2459 3560 Amen.
2507 3504 2627 3572 Quo
2679 3520 2799 3560 cum
2856 3507 2985 3572 illo,
3038 3508 3091 3562 in
3143 3522 3251 3578 quo
3300 3507 3461 3564 [idem

1871 3603 2111 3648 nostram
2144 3593 2455 3662 dirigimus,
2487 3594 2741 3663 gaudium
2790 3597 3137 3669 perpétuuttt,
3181 3612 3307 3655 cum
3358 3614 3452 3655 ve-

1872 3685 2011 3741 nerit
2042 3728 2059 3753 ,
2110 3686 2421 3742 habeamus.
2489 3688 2563 3757 ιῆ.
2616 3692 2809 3744 Amen.

1944 3779 2049 3834 l’er
2100 3779 2525 3835 misericordiam
2580 3781 2747 3850 ipsius
2802 3783 2892 3837 Dei
2949 3783 3164 3848 nostri,
3213 3793 3321 3841 etc.

1944 3871 2150 3928 Lauda.
2207 3872 2347 3927 Dens
2397 3873 2682 3930 manifeste
2732 3873 2931 3931 véniet.
2991 3874 3210 3945 ﬂequire
3255 3877 3352 3947 fol.
3399 3875 3454 3929 4.

1872 3963 2074 4018 Oratio.
2130 3964 2234 4020 Fac
2266 4001 2283 4029 ς
2332 3978 2430 4019 nos
2459 4007 2472 4027 ,
2524 3966 2703 4021 Pater.
2754 3967 2820 4021 Ul
2868 3967 3027 4036 infrt‘z.

2385 4057 2672 4125 QUARTA
2724 4058 2949 4113 FEBIA.

2448 4147 2527 4200 Ad
2552 4145 2886 4202 Matutinum.

1948 4241 2266 4313 Antiphone.
2302 4239 2444 4295 Lava
2476 4255 2600 4307 me,
2632 4241 2891 4307 Demine,
2925 4243 2990 4296 ab
3022 4240 3281 4311 iniustitia
3311 4256 3459 4297 mea:

1871 4348 1927 4394 et
1955 4338 1984 4392 ἐι
2014 4337 2251 4408 peccatis
2276 4338 2413 4392 meis
2441 4336 2636 4391 munda
2677 4350 2771 4389 cor
2811 4351 3008 4390 meum.
3055 4334 3296 4390 I’salmus
3338 4350 3387 4391 ι..

1948 4430 2151 4485 Oratio.
2210 4430 2397 4495 Deus,
2458 4429 2550 4483 Dei
2605 4427 2769 4484 Filius
2802 4469 2817 4493 .
2876 4429 3028 4498 cujus
3096 4429 3149 4484 in
3202 4429 3463 4484 :ctérnntn

1876 4525 2173 4596 permanet.
2232 4522 2453 4595 Requlre
2506 4524 2599 4595 fol.
2652 4525 2706 4581 3.

1950 4617 2272 4684 Antiphona.
2308 4616 2591 4671 Ambulate
2629 4631 2725 4686 per
2773 4626 2956 4686 portas
3003 4631 3189 4681 meas,
3240 4625 3293 4672 et
3324 4617 3465 4671 viam

1882 4709 2042 4763 facite
2072 4708 2217 4779 plehi
2250 4724 2382 4763 mea:
2416 4726 2428 4761 :
2463 4708 2701 4778 lapides,
2733 4709 2825 4777 qui
2853 4719 2977 4773 sunt
3025 4710 3075 4764 in
3122 4711 3243 4775 via,
3282 4709 3468 4764 revol-

1878 4802 2006 4855 vite.
2044 4798 2107 4854 Ρ.
2145 4800 2285 4855 Ecce
2314 4799 2572 4854 Dominus
2601 4799 2779 4856 véniet
2807 4813 2929 4855 cum
2960 4800 3155 4857 Sainte.
3202 4801 3272 4869 Ῡ.
3306 4800 3469 4856 Exul-

1879 4894 1985 4948 tate
2020 4892 2147 4961 justi
2187 4892 2239 4945 in
2279 4892 2546 4946 Domino:
2591 4900 2767 4947 rectos
2805 4891 2963 4947 decet
3006 4891 3352 4947 collaudatio.
3384 4889 3439 4944 P.

1882 4986 2019 5039 Ecce
2050 4983 2304 5038 Deminus
2334 4980 2524 5038 veniet.
2572 4984 2602 5051 ᾖ
2634 5024 2645 5034 .
2675 4981 2890 5047 Gloria,
2918 4992 2971 5038 et
3004 4982 3174 5037 honor
3198 4981 3379 5046 Patri,
3409 4989 3470 5037 et.

1883 5078 1920 5133 Ρ
1928 5078 2059 5144 ilio,
2095 5085 2199 5131 etc.
2236 5073 2302 5129 Ρ.
2333 5076 2473 5131 Ecce
2503 5075 2759 5131 Deminns
2791 5075 2968 5133 véniet
2997 5092 3115 5132 cum
3147 5077 3343 5132 salute.

1958 5172 2156 5226 Oratio.
2202 5169 2348 5237 Fac,
2389 5184 2522 5233 nos.
2564 5170 2753 5239 Pater,
2794 5169 2847 5227 in
2885 5170 3059 5244 gratia
3099 5181 3155 5227 et
3194 5168 3471 5243 agnitione

1886 5260 2007 5319 Jesu
2037 5260 2237 5318 Christi
2281 5262 2371 5317 lilii
2416 5262 2522 5328 tui,
2570 5262 2783 5319 Demini
2823 5264 3025 5328 nostri,
3068 5262 3305 5322 dilatatis
3342 5257 3468 5315 sett-

1884 5355 2033 5411 sihus
2071 5353 2360 5410 crescere:
2414 5363 2502 5418 ut,
2551 5353 2898 5422 expectantes
2953 5352 3252 5410 Adventum
3309 5348 3463 5419 ejus.

1884 5445 2238 5502 itnmacnlatis
2276 5444 2512 5516 vestigiis
2550 5446 2616 5499 ad
2656 5436 2796 5500 diem
2838 5444 3023 5515 judicii
3070 5440 3461 5521 properemus;

1883 5556 1991 5609 quo
2028 5538 2145 5608 ejus
2182 5536 2354 5608 grana
2395 5538 2484 5593 hic
2521 5537 2599 5592 sic
2636 5553 2759 5594 reos
2796 5536 3075 5601 absélvat,
3103 5542 3163 5588 ut
3193 5534 3244 5588 in
3285 5533 3466 5589 loturo

1883 5632 2094 5701 culpam
2124 5629 2483 5687 intereuntem
2517 5645 2621 5686 non
2653 5631 2858 5698 puniat.
2901 5628 2937 5697 ἢ
2958 5668 2972 5681 .
3006 5630 3195 5682 Amen.

1956 5724 2256 5797 ΑιιιίρΙιοηα
2292 5723 2350 5779 2.
2393 5723 2539 5779 Mitte
2578 5723 2769 5791 nobis,
2813 5720 3038 5779 Demine
3062 5763 3075 5782 ,
3105 5719 3359 5776 auxilium
3398 5717 3463 5771 de

1886 5826 2105 5883 sancto,
2137 5813 2202 5872 P.
2236 5814 2297 5871 Et
2331 5814 2401 5869 de
2429 5814 2556 5867 Sion
2599 5812 2750 5868 tuére
2780 5826 2897 5867 nos.
2948 5813 2978 5879 ἲ
3007 5854 3017 5865 .
3055 5811 3312 5873 Domine,
3354 5805 3463 5860 sal—

1888 5921 1984 5962 vus
2028 5920 2125 5962 nos
2156 5904 2238 5961 la'c
2271 5924 2280 5958 :
2317 5908 2349 5959 ὸ
2381 5903 2632 5971 Dbmine,
2683 5902 2814 5959 bene
2857 5904 3172 5977 prosperare
3201 5918 3214 5957 :
3247 5895 3464 5954 benedi-
