4044 6382
224 428 286 486 ’Π
772 490 773 493 η
1096 423 1299 480 FERIA
1343 422 1405 478 γι
1447 422 1616 480 POST
1657 420 1810 478 DOM.
1860 419 1898 475 ll
1938 419 2307 477 ADVENTUS
2347 420 2597 477 DOMINI.
3423 420 3491 477 78

224 541 434 608 milia,
485 547 615 608 tum,
668 551 1006 610 quaesumus,
1055 537 1297 593 scientiae
1350 535 1575 591 irriadics
1623 534 1803 604 splen-
1831 533 1877 593 Α
1980 528 2180 585 Oratio.
2205 529 2430 587 Venisse
2455 539 2507 586 te
2534 531 2818 586 Dominum
2850 532 2902 586 in
2926 531 3075 597 Sion,
3113 548 3233 588 cum
3257 530 3412 587 laude
3433 541 3487 587 et

224 634 372 689 dure.

294 726 453 781 Pater
502 735 706 782 noster.
763 724 833 779 Et
880 738 948 781 ne
996 738 1114 779 nos.
1171 724 1211 778 A
1262 722 1402 776 malo
1446 736 1545 778 nos
1599 721 1797 777 libera.

245 818 317 873 δι.
350 819 437 873 10.

245 820 317 873 οι.
350 820 437 873 10.

222 820 249 890 Ῑ
282 909 571 966 Ηυηιίιὶξιιθ
614 923 711 965 vos
750 905 1135 964 benedictioui.
1186 906 1444 961 Dominus
1483 908 1553 960 sit
1584 920 1799 981 semper

217 999 512 1055 vobiscum.
553 1000 592 1067 ἡ
634 1000 861 1055 Etcum.

283 1088 603 1160 Benedictio.
648 1089 855 1144 Gaudio
900 1089 1178 1145 Adventus
1206 1090 1288 1144 sui
1312 1105 1410 1144 nos
1436 1090 1681 1145 Christus
1708 1090 1798 1143 lae-

218 1179 401 1244 tiiicet,
435 1188 490 1234 et
520 1179 681 1235 corda
706 1189 891 1235 nostra
916 1180 1210 1234 divinitatis
1242 1196 1352 1234 suae
1378 1180 1550 1250 graus
1582 1182 1813 1250 semper'

214 1272 498 1328 lllﬁminet.
562 1272 639 1341 ἢ.
684 1274 876 1328 Amen.
935 1272 1209 1327 Desideria
1263 1284 1443 1327 npstra
1496 1272 1796 1343 praesentia:

212 1376 321 1416 sua:
362 1362 695 1418 exhibitione
742 1362 1027 1433 gratiticct,
1084 1372 1136 1417 et
1182 1361 1524 1417 devotionem
1557 1370 1794 1417 nostram

214 1452 473 1521 propitius
523 1453 786 1526 accéptet.
842 1454 918 1523 ii}.
970 1455 1165 1510 Amen.
1223 1453 1291 1509 Ut
1338 1456 1657 1510 accensiéne
1712 1455 1794 1509 sui

210 1549 411 1603 amoris
440 1550 511 1603 ita
535 1564 628 1603 cor
652 1560 895 1604 nostrum
921 1564 1135 1618 semper
1155 1547 1433 1615 efiérveat,
1466 1558 1525 1603 ut
1552 1546 1796 1602 veniente

209 1639 301 1693 illo
327 1640 396 1693 ad
418 1640 679 1710 judicium
708 1656 805 1710 pro
831 1640 1032 1696 méritis
1061 1657 1166 1695 non
1192 1640 1448 1697 tabescat.
1490 1640 1526 1700 ἡ
1550 1678 1564 1694 .
1599 1641 1790 1694 Amen.

274 1729 381 1786 Per
411 1732 840 1787 misericérdiam
872 1734 1039 1803 ipsius
1072 1728 1384 1795 Dei-nostri,
1414 1733 1525 1801 qui,
1558 1745 1663 1787 etc.

275 1822 481 1880 Lauda.
516 1824 656 1879 Deus
684 1823 966 1880 manifeste
996 1823 1195 1880 véuiet.
1230 1824 1414 1889 Quave
1446 1824 1539 1893 [οι.
1575 1822 1628 1879 8.
1659 1822 1793 1877 0νά-

205 1912 296 1972 tio.
327 1914 489 1980 Deus,
517 1915 605 1984 qui
636 1918 815 1969 tubam
844 1915 894 1968 in
924 1915 1077 1979 Sion,
1108 1915 1160 1969 iit
1182 1915 1339 1983 infra.

364 2004 593 2061 SEXTA
634 2005 845 2060 FER-1A
880 2006 944 2060 IN
987 2004 1311 2061 ADVENTU
1359 2001 1615 2059 ῡΟΜΙΝΙ.

777 2098 856 2150 Aa
895 2096 949 2150 Μ
955 2096 1228 2151 atutinum.

271 2180 597 2255 An'tipltona.
632 2184 689 2239 lu
720 2195 771 2239 te
794 2186 1012 2240 conlidit
1050 2185 1229 2241 anima
1271 2200 1412 2252 mea,
1438 2192 1495 2241 et
1522 2186 1576 2239 in
1604 2184 1793 2240 umbra

196 2272 414 2328 alArum
459 2276 667 2329 tuarum
711 2278 959 2345 sperabo,
1016 2277 1188 2332 donec
1232 2272 1467 2332 transeat
1513 2272 1789 2347 iniquitas.

197 2360 456 2419 Palmm
485 2381 590 2420 Lvt.
649 2366 901 2423 Miserere
949 2368 1077 2434 mei,
1134 2367 1276 2422 Deus
1306 2382 1322 2424 :
1356 2368 1614 2423 miserere
1661 2367 1787 2436 mei,

196 2454 454 2526 qubniam
484 2457 705 2512 confidit
732 2460 781 2513 in
816 2467 886 2526 te,
914 2470 1018 2516 etc.
1053 2459 1252 2514 0rdtia.
1282 2457 1446 2529 Deus,
1476 2460 1567 2515 Dei
1599 2459 1782 2529 Filius,

198 2551 348 2624 cujus
377 2553 429 2609 in
453 2555 715 2610 aeternum
749 2554 1025 2624 permanet
1053 2570 1270 2622 nomen.
1307 2555 1491 2623 Qumre
1515 2556 1613 2626 [οι.
1644 2558 1697 2612 5.

267 2646 568 2715 Antiphone
602 2649 652 2703 t.
688 2648 826 2703 Ecce
856 2647 1119 2703 Dominus
1165 2648 1290 2704 tuba
1333 2661 1487 2703 cauet
1538 2650 1589 2703 in
1631 2648 1782 2706 SiOu.

203 2736 269 2793 P.
297 2740 362 2795 Et
393 2740 570 2798 véuiet
597 2741 651 2795 in
681 2742 894 2797 turbine
922 2742 1103 2797 Austri
1133 2758 1148 2796 :
1179 2742 1293 2811 ipso
1322 2742 1580 2797 Duminus
1610 2744 1787 2799 omni-

205 2840 390 2898 potens
432 2832 681 2904 prtiteget
730 2848 851 2889 nos.
905 2836 938 2903 9
967 2876 980 2889 .
1015 2834 1213 2891 Fidelis
1238 2834 1497 2891 Duminus
1528 2838 1579 2891 in
1607 2839 1786 2894 verbis

207 2923 331 2988 suis,
356 2934 411 2979 et
437 2936 653 2981 sanctus
684 2926 736 2981 in
764 2926 1015 2982 omnibus
1045 2927 1303 2997 operibus
1333 2931 1461 2984 suis.
1498 2926 1566 2984 P.
1595 2930 1661 2986 Et
1689 2920 1785 2989 νέξ

1821 1889 1870 1949 Β

1901 619 2084 675 lzctitia
2111 623 2285 677 omnis
2312 622 2578 677 cathélica
2608 623 2947 693 prtecoumur
2972 624 3210 679 Ecclesia
3238 642 3253 679 :
3282 631 3338 679 et
3362 624 3486 679 ideo

1901 714 2130 782 pétimus
2154 757 2171 782 ,
2216 728 2295 777 ut.
2324 718 2414 787 qui
2446 715 2747 773 Adventum
2791 728 2937 773 tuum
2983 716 3273 788 gloriosum
3305 717 3356 772 in
3389 716 3488 788 po-

1900 807 2036 876 pulis
2073 809 2409 875 nunciimus,
2462 808 2492 862 it
2524 809 2722 864 nostris
2752 809 3098 875 l‘acint'iribus,
3130 818 3181 865 te
3207 807 3481 880 expiaule,

1898 896 2207 969 purgentur.
2251 901 2321 969 ιῆ.
2360 906 2549 957 Amen.

1973 991 2075 1047 Per
2097 994 2518 1050 misericordiam
2545 1004 2707 1059 tuam,
2747 995 2888 1050 Deus
2917 1004 3120 1051 noster.

1970 1076 2122 1135 Dicat
2149 1081 2444 1155 Presbyter.
2501 1084 2757 1140 Dominus
2806 1088 2876 1141 sit
2923 1097 3137 1156 semper
3180 1083 3481 1141 vobiscum.

1914 1170 1951 1240 ιῆ
1974 1210 1987 1223 .
2021 1173 2087 1225 Et
2116 1188 2234 1227 cum
2261 1176 2450 1243 spiritu
2485 1186 2596 1231 tuo.

1986 1268 2059 1336 ιῆ.
2108 1268 2457 1337 Exspectatur
2506 1273 2780 1341 Dominus,
2834 1281 2887 1328 ut
2934 1272 3250 1329 misereétur
3300 1272 3478 1328 nobis.

1900 1357 1962 1414 P.
1998 1362 2134 1429 Quia
2168 1362 2306 1419 Deus
2334 1365 2516 1436 judicii
2551 1360 2810 1424 Dominus
2840 1376 2920 1423 est
2946 1386 2958 1421 :
2987 1367 3127 1421 hcati
3158 1382 3368 1431 omnes,
3390 1367 3481 1436 qui

1896 1453 2183 1521 expectant
2219 1471 2360 1510 cum.
2413 1458 2445 1526 9
2473 1497 2487 1511 .
2521 1457 2637 1512 Non
2677 1460 2970 1514 secimdiun
3002 1458 3265 1513 visibilem
3290 1458 3484 1513 oculo-

1898 1561 2015 1599 rum
2055 1545 2342 1616 judicabit,
2374 1564 2547 1620 neque
2575 1551 2869 1606 secundum
2898 1552 3132 1606 auditum
3162 1548 3371 1606 aurium
3395 1547 3484 1602 ar-

1861 1646 2059 1719 oguet;
2108 1638 2201 1692 scd
2245 1638 2508 1705 judichhit
2556 1642 2608 1694 in
2649 1640 2853 1711 justitia
2900 1642 3182 1711 pauperes.
3232 1640 3300 1698 Ρ.
3348 1639 3481 1711 Quia

1898 1730 2039 1786 Deus
2060 1731 2197 1801 judit
2215 1733 2245 1786 ii
2274 1733 2528 1789 Dominus
2550 1744 2650 1788 est.
2701 1735 2734 1803 9
2762 1774 2775 1791 .
2810 1734 3015 1802 Gloria,
3039 1743 3093 1792 et
3120 1736 3291 1792 honor
3313 1730 3477 1792 Patri.

1903 1822 2186 1879 Reiterétur
2230 1825 2268 1894 ιῆ
2289 1864 2303 1879 .
2336 1826 2660 1895 Ειρεοιὸιιιιν
2692 1816 2971 1882 Dominus.

2500 1916 2562 1971 In
2591 1917 2874 1975 Laudibus.
2900 1974 2903 1977 .

1962 2009 2044 2063 Ad
2070 2008 2362 2066 Cdnticunt.
2394 2012 2706 2081 Antiphone.
2741 2012 2952 2069 Dirécta
2986 2013 3121 2070 facta
3151 2023 3234 2070 est
3266 2015 3351 2068 via
3375 2016 3481 2084 pio-

1894 2090 2036 2163 rum,
2062 2108 2119 2154 et
2146 2102 2502 2171 praepeditum
2526 2114 2608 2157 est
2635 2104 2736 2157 iter
2765 2106 3095 2159 Sanctorum.

2334 2190 2604 2247 Cduticum
2634 2190 2766 2263 (Esa
2779 2199 2834 2250 ’ω
2859 2196 3032 2266 xxvi).

1966 2281 2105 2339 Ecce
2126 2284 2314 2339 civitas
2340 2284 2532 2351 virtus,
2566 2295 2619 2341 ct
2648 2287 2875 2342 salvatio
2908 2298 3111 2353 nostra,
3136 2287 3168 2321 ⁸
3189 2305 3328 2360 pone
3360 2305 3482 2345 mu-

1893 2388 2035 2440 rum,
2061 2383 2116 2431 et
2145 2370 2287 2431 circa
2318 2391 2527 2431 murum
2551 2379 2898 2434 munitit’mcm
2933 2383 3089 2435 muri.

1964 2467 2098 2524 Post
2124 2477 2399 2540 sceptrum
2446 2468 2545 2524 viri
2585 2472 2792 2540 aperite
2840 2481 3042 2542 portas,
3071 2471 3090 2493 ‘
3117 2472 3282 2529 intret
3330 2476 3482 2545 plebs

1889 2560 2201 2617 custodiens
2239 2562 2546 2633 justitiam:
2581 2563 2869 2635 participes
2917 2568 3006 2636 qui
3045 2578 3169 2623 sunt
3200 2571 3478 2638 veritétis,
3556 2562 3563 2569 ’

1891 2653 2261 2712 custodiéutes
2292 2671 2474 2727 pacem
2502 2673 2517 2711 :
2940 2660 2945 2663 ’

1961 2746 2225 2814 Quoniam
2244 2749 2294 2807 iu
2318 2758 2369 2803 te
2386 2747 2757 2819 speravérunt,
2784 2749 3028 2818 Domine,
3050 2766 3217 2824 usque
3244 2753 3296 2809 in
3321 2753 3478 2811 a-tér-

1890 2852 2040 2892 num.
2068 2836 2087 2859 ⁵
2115 2834 2256 2893 Deus
2286 2854 2509 2911 magnus
2538 2851 2592 2896 et
2621 2840 2875 2912 tetérnus,

1962 2930 2244 2998 Quomodo
2288 2932 2607 2998 humiliasti,
2635 2940 2690 2988 et
2717 2933 2985 2989 deduxisti
3012 2950 3126 3003 eos,
3153 2937 3173 2957 ‘
3202 2936 3293 3008 qui
3324 2952 3476 2993 com-

206 3013 310 3069 niet
337 3015 392 3070 iu
422 3017 635 3072 turbine
665 3018 865 3073 Austri.
915 3020 986 3089 9.
1022 3018 1225 3086 Gloria,
1258 3030 1313 3077 et
1340 3020 1510 3078 honor
1537 3022 1700 3091 Patri,
1733 3034 1787 3082 et
1890 3023 2235 3079 morabantur
2264 3024 2318 3083 iu
2351 3025 2662 3092 altissimis;

210 3102 356 3173 Filio,
374 3112 492 3163 etc.
521 3106 589 3162 P.
616 3108 734 3180 lpse
757 3108 1033 3166 Dominus.

1960 3112 2218 3169 Civitates
2242 3114 2575 3171 ﬁrmissimas
2598 3116 2839 3185 dejictes,
2863 3124 2918 3172 et
2936 3116 3170 3173 dedoces
3195 3132 3285 3174 eas
3306 3134 3476 3185 usque

283 3198 473 3254 Ortitio.
526 3201 691 3270 Deus,
723 3203 811 3273 qui
853 3205 1032 3260 tubam
1063 3206 1115 3262 in
1145 3208 1272 3264 Sion
1313 3192 1614 3279 continens,
1663 3211 1781 3267 sat-
1808 3250 1854 3279 η
1890 3204 1956 3259 ad
1988 3205 2229 3259 humum.
2264 3204 2284 3226 '
2317 3206 2381 3259 Et
2410 3206 2807 3261 conculcabuut
2836 3223 2929 3262 cas
2961 3210 3124 3278 pedes
3158 3214 3476 3266 mansueto-

214 3288 326 3344 vére
358 3291 549 3347 venisti
581 3293 634 3346 in
668 3293 852 3349 Austri
883 3296 1096 3353 turbine
1126 3300 1453 3368 peccatores,
1484 3300 1608 3356 dum
1644 3302 1778 3358 alios
1808 3288 1855 3314 υ
1887 3310 2028 3358 ταίην
2061 3304 2118 3348 ει
2148 3296 2452 3350 humilium-

212 3378 409 3435 terrote
436 3383 730 3452 signérum,
778 3385 914 3442 alios
956 3389 1355 3457 prmdicatiénis
1383 3392 1556 3462 gratia
1581 3392 1783 3449 éxcitas

213 3469 279 3521 ad
328 3473 684 3543 credendum;
728 3476 954 3548 protege
1000 3494 1098 3535 uos
1145 3481 1213 3536 ab
1264 3482 1408 3537 omni
1454 3484 1722 3541 adversita
1750 3502 1782 3542 e

220 3562 669 3623 tentatidnummt
714 3569 839 3625 tuba
887 3572 1034 3627 verbi
1077 3574 1153 3628 tui
1196 3573 1266 3629 sit
1308 3590 1524 3648 semper
1552 3578 1781 3636 salvatio

212 3648 392 3705 anima:
416 3657 522 3728 20
548 3667 599 3712 et
627 3657 872 3731 corporis
904 3664 1095 3719 nostri.
1142 3665 1180 3734 fi
1201 3704 1216 3719 .
1248 3668 1437 3723 Amen.

208 3794 219 3803 .
276 3745 376 3803 Per
402 3752 827 3810 misericérdiam
862 3764 1025 3824 tuam,
1058 3752 1201 3814 Deus
1228 3770 1432 3827 uoster,
1465 3772 1574 3816 etc.

272 3846 417 3905 Dicat
466 3851 761 3925 Presbyter.
813 3850 1068 3912 Dominus
1117 3857 1189 3913 sit
1238 3872 1450 3929 semper
1481 3859 1773 3916 vobiscum.

216 3938 250 4006 ti
273 3977 289 3993 .
320 3940 528 3997 Etcum
561 3945 751 4014 spiritu
774 3955 885 4002 tuo.

267 4034 564 4106 Anttpliona
589 4035 645 4091 2.
678 4038 1035 4111 Cougrcgam
1083 4040 1337 4098 Dominus
1386 4043 1774 4115 dispersiOuem

198 4120 374 4192 populi
420 4127 505 4181 sui
537 4127 593 4183 in
620 4129 1010 4185 misericértlia.
1054 4130 1122 4186 P.
1156 4133 1221 4187 Et
1250 4132 1515 4190 videbitur
1561 4135 1775 4192 claritas

196 4210 309 4282 ejus
335 4215 386 4271 iu
415 4218 580 4286 nube,
609 4221 751 4275 sicut
800 4222 1133 4291 tempbribus
1183 4224 1378 4295 ltloysi.
1412 4224 1479 4280 P.
1514 4227 1579 4283 Et
1606 4225 1776 4281 maui-

194 4304 475 4366 iestabitur
514 4311 964 4382 quemadmodum
1018 4315 1320 4371 Salomdnis
1372 4317 1535 4387 regis.
1599 4318 1672 4387 9.
1709 4316 1774 4372 Et

193 4397 606 4459 “habitura
635 4406 770 4461 mari
821 4422 990 4477 usque
1037 4408 1104 4462 ad
1153 4424 1323 4477 mare,
1374 4419 1429 4466 et
1474 4410 1502 4464 ἐι
1554 4409 1773 4468 ﬂuittiue

193 4496 457 4563 “quasi
484 4497 805 4568 propagines
832 4499 970 4569 ejus.
1023 4500 1091 4555 P.
1141 4502 1205 4558 Et
1246 4502 1513 4559 videbitur
1556 4504 1773 4561 claritas

1962 3383 2173 3439 Dirécta
2222 3384 2359 3438 facta
2388 3394 2465 3441 est
2500 3384 2581 3439 via
2609 3385 2841 3457 pi‘érum,
2866 3387 2895 3423 “
2923 3395 2978 3442 et.
2999 3389 3357 3458 praeparatum
3387 3402 3472 3447 est

1884 3480 1986 3535 iter
2015 3480 2342 3534 sanctdrum.

1960 3570 2053 3626 Die
2098 3570 2241 3625 enim
2289 3567 2503 3626 Domini
2546 3571 2803 3642 judicium
2832 3591 2843 3626 :
2874 3573 2893 3595 ⁶
2922 3574 3261 3645 ερθιοίινίηιυε
3291 3577 3343 3646 in
3373 3577 3470 3631 mi-

1882 3666 2026 3723 miue
2055 3665 2194 3737 ejus,
2248 3678 2301 3721 et
2347 3666 2400 3722 in
2444 3666 2726 3735 memoria,
2780 3680 2939 3738 quam
2962 3670 3263 3741 concupivit
3292 3671 3467 3727 {mima

1784 3770 1785 3773 “
1881 3772 2021 3813 mea.

1952 3848 2019 3902 P.
2050 3848 2257 3905 Dzrécta
2283 3847 2418 3905 facta
2440 3854 2524 3905 est
2546 3851 2626 3906 via
2661 3852 2889 3922 pidrum.

1956 3938 2165 4009 Gloria,
2198 3952 2249 3995 et
2284 3941 2457 3996 honor
2488 3942 2650 4009 Patri,
2686 3954 2741 3998 et
2768 3944 2924 4013 Filio,
2954 3955 3058 4003 etc.

1952 4031 2021 4086 P.
2048 4033 2113 4087 Et
2144 4035 2500 4102 prmparétum
2529 4043 2612 4089 est
2640 4036 2741 4091 iter
2770 4039 3081 4093 sinctOrum

1949 4121 2367 4179 Illatutimirium.
2416 4126 2680 4193 lllt’tmina.
2737 4130 2999 4197 Domine,
3053 4134 3257 4188 Vultum
3311 4142 3460 4190 tuum

1877 4228 2038 4286 super
2083 4231 2202 4271 nos.
2240 4215 2304 4271 Ρ.
2347 4217 2414 4272 Ει
2460 4220 2713 4276 miserere
2751 4223 2926 4277 nobis.
2964 4222 3037 4293 9.
3072 4224 3140 4280 Ut
3168 4228 3463 4294 cognoscit-

1876 4324 1996 4365 mus
2027 4309 2079 4364 in
2115 4306 2261 4366 terra
2312 4312 2363 4365 iu
2407 4310 2658 4367 omuibus
2701 4313 2962 4370 Gentibus
3007 4315 3242 4372 saluthre
3286 4326 3456 4371 tuum.

1876 4399 1944 4458 P.
1969 4402 2231 4470 lllt’tmina,
2259 4403 2502 4459 Domino.
2542 4405 2575 4475 9
2601 4444 2615 4459 .
2650 4400 2856 4475 Gléria,
2886 4418 2939 4462 ct
2962 4407 3132 4463 honor
3159 4408 3328 4476 Patri,
3350 4418 3457 4466 etc.

1875 4493 1944 4551 Ρ.
1977 4493 2045 4550 Ει
2071 4494 2328 4550 miserere
2350 4495 2523 4553 nobis.

191 4582 322 4653 ejus.
372 4587 409 4657 9
436 4627 450 4643 .
481 4588 664 4644 Glérla
691 4600 748 4646 et
775 4592 949 4649 honor
986 4592 1149 4661 Patri,
1199 4604 1253 4650 et
1285 4590 1441 4661 Filio,
1475 4605 1576 4650 ctc.
1606 4592 1669 4650 P.
1705 4595 1770 4651 Et

1947 4585 2155 4641 Lauda.
2183 4586 2422 4645 Laudate
2451 4588 2737 4646 Dominum
2764 4591 2833 4647 de
2860 4592 3030 4648 cmlis.
3061 4593 3247 4661 Quare
3273 4595 3455 4667 [01.6.

190 4677 623 4735 ntanil’estabitur
648 4681 1099 4750 quemadmodum
1126 4684 1431 4742 Salomdnis
1459 4686 1617 4755 regis.

1879 4676 2121 4733 Psalmus
2166 4695 2381 4735 CXLVIII.
2456 4680 2758 4754 Praphetia.
2810 4682 2933 4739 llaec
2978 4684 3107 4741 dicit
3157 4686 3454 4744 Dominus:

259 4768 468 4826 Oratio.
490 4771 786 4843 Congress,
811 4774 1056 4843 Domine,
1082 4775 1473 4847 dispersim
1494 4778 1671 4853 96pqu
1697 4780 1774 4836 ιυί
1874 4769 2040 4839 Vade,
2089 4770 2389 4841 ingredere.
2426 4772 2522 4843 fol.
2557 4773 2639 4828 15.
2674 4772 2935 4845 Hymnus.
2980 4775 3133 4832 Mane
3176 4777 3459 4836 uobiscum

193 4858 245 4914 in
278 4863 677 4930 misericdrdia,
710 4880 868 4936 quem
900 4867 1048 4934 olim,
1092 4869 1465 4940 redempturus
1493 4872 1774 4940 mundum,

196 4952 247 5007 in
280 4954 482 5011 virtute
532 4956 737 5011 bréchii
772 4959 843 5012 tui
875 4958 1112 5015 liberasti
1135 4978 1148 5027 ;
1174 4972 1230 5016 et
1254 4959 1377 5018 ideo
1406 4964 1474 5018 ab
1504 4964 1609 5034 his,
1639 4980 1776 5036 quos

1875 4859 2119 4918 Domine.
2151 4862 2334 4930 Quam
2363 4864 2458 4935 fol;
2492 4864 2575 4919 l9.

1948 4954 2296 5043 Supplicdtio.
2347 4956 2575 5011 Oremus
2605 4956 3019 5029 Redemptéretn
3051 4962 3232 5019 mundi
3277 4963 3457 5019 06mi-

189 5045 490 5114 redemlsti,
522 5062 718 5120 magno
749 5048 915 5120 opere
943 5051 1207 5108 invocaris
1236 5070 1250 5109 :
1284 5064 1361 5124 ut,
1394 5055 1482 5125 qui
1509 5053 1771 5112 inﬁrmari

1898 5063 2004 5103 tum
2031 5058 2293 5103 nostrum.
2329 5050 2511 5117 Quare
2536 5050 2631 5120 [οι.
2664 5051 2720 5104 2.

188 5154 281 5205 pro
307 5143 472 5198 nobis
500 5144 750 5215 dignatus
775 5161 857 5213 es,
888 5156 943 5202 ut
973 5148 1131 5205 homo
1158 5166 1172 5216 ;
1209 5150 1504 5209 divinitatis
1535 5164 1637 5210 tute
1661 5154 1764 5209 ho-

186 5230 357 5291 mines
384 5234 627 5306 dlgneris
655 5240 977 5308 praemunire
1008 5242 1272 5311 praesidio.
1314 5244 1351 5312 ἡ
1377 5284 1389 5297 .
1424 5245 1614 5302 Amen.

256 5324 362 5383 Per
389 5328 818 5385 misericbrdiam
844 5340 1013 5401 tuam,
1047 5331 1186 5389 Deus
1212 5347 1414 5402 noster,
1447 5347 1551 5392 etc.

250 5413 554 5485 Antiphonti
580 5420 635 5473 5.
680 5420 967 5477 Laetabitur
1003 5423 1212 5480 deserta
1254 5436 1308 5479 et
1348 5427 1508 5492 invia,
1536 5436 1590 5483 et
1614 5429 1764 5484 exul-

182 5503 313 5562 tabit
360 5509 614 5566 solitudo.
658 5509 726 5567 P.
762 5512 829 5568 Et
874 5514 1084 5571 ilorébit
1124 5517 1262 5572 sicut
1310 5515 1499 5577 lilium.
1548 5518 1757 5576 ϐόε-πηί-

181 5612 339 5670 naus,
359 5606 700 5674 geminabit.
746 5608 779 5676 9
808 5646 819 5659 .
848 5607 1167 5665 Gaudebunt
1195 5613 1393 5680 campi,
1422 5622 1474 5667 et
1504 5613 1642 5684 ligna
1672 5630 1763 5671 ce-

180 5697 259 5754 dri
278 5700 470 5760 Libani
488 5705 616 5770 illlc,
637 5721 769 5776 quas
790 5707 1048 5776 plantavit
1074 5726 1085 5760 ε
1118 5707 1229 5764 illic
1250 5708 1496 5780 passeres
1521 5711 1730 5769 nidifico
1745 5742 1764 5756 -

179 5788 331 5849 bunt.
370 5794 437 5849 Ρ.
470 5798 535 5851 Et
563 5797 926 5855 ﬂorébitsicut
951 5800 1138 5855 lilium.
1172 5802 1204 5868 9
1232 5840 1246 5855 .
1273 5801 1472 5870 Gloria,
1503 5813 1553 5861 ct
1588 5804 1761 5863 honor

168 5882 345 5957 Patri,
388 5899 495 5946 etc.
551 5888 615 5944 Ρ.
656 5891 720 5948 Et
748 5890 956 5948 tlo'réhit
978 5894 1115 5950 sicut
1143 5882 1333 5949 lilium.

1948 5139 2211 5211 Capitula.
2245 5140 2406 5208 Deus,
2441 5144 2527 5213 qui
2560 5143 2842 5201 manifeste
2873 5145 2939 5201 ad
2974 5146 3232 5215 judicium
3264 5151 3455 5202 vento-

1875 5246 1967 5286 rus
1997 5246 2119 5289 esse
2167 5232 2425 5301 créderis,
2477 5236 2809 5293 manifestam
2856 5237 3146 5309 potentiam
3196 5239 3248 5293 in
3299 5237 3454 5292 nobis

1872 5326 2097 5384 ostéude
2128 5336 2231 5382 tua:
2253 5329 2563 5385 satvatiéuis
2588 5347 2603 5384 :
2634 5340 2710 5396 ut,
2745 5333 2831 5400 qui
2864 5332 3116 5388 terribilis
3143 5332 3450 5400 sustinéris,

1872 5420 2208 5485 mitissimus.
2241 5435 2362 5476 cum
2395 5422 2627 5489 veneris,
2659 5424 2929 5482 scutittris.

1949 5512 2101 5566 Pater
2138 5523 2338 5577 noster,
2384 5514 2472 5583 qui
2503 5528 2562 5570 es
2589 5516 2639 5570 in
2671 5516 2844 5572 cretis.
2879 5515 2922 5571 Α
2952 5513 3094 5570 malo
3126 5528 3224 5571 nos
3252 5514 3447 5587 libera,

1871 5612 1925 5659 et
1956 5603 2007 5658 in
2039 5614 2131 5659 tuo
2159 5604 2369 5662 timore.
2406 5607 2588 5675 Qutere
2615 5609 2707 5676 fol.
2739 5609 2825 5665 10.

1944 5694 2227 5753 llumitiate
2260 5712 2358 5753 vos
2388 5698 2767 5757 benedictioul.

1943 5788 2093 5842 Dicat
2129 5788 2421 5859 Presbyter.
2467 5791 2718 5847 Dominus
2768 5791 2835 5847 sit
2881 5806 3096 5862 semper
3144 5789 3442 5849 vobiscum.

1890 5879 1926 5948 r‘g
1952 5922 1957 5927 .
1991 5877 2054 5933 Et
2085 5894 2202 5935 cum
2234 5879 2416 5950 spiritu
2446 5891 2534 5934 tuo
2666 5866 2669 5869 P
