4044 6382
482 361 550 415 87
1694 362 2063 418 ιιιιιςιίειιιιι]

2185 363 2536 420 IOTlllCUM.
3696 373 3761 429 88

557 482 743 538 Omnia
769 480 874 535 tilia
901 482 1139 535 dicuntur
1168 500 1325 550 usque
1352 485 1404 537 in
1436 485 1586 545 ﬁnem
1618 483 1889 549 Matutlni,
1929 495 1983 539 ut
2018 486 2069 539 in
2100 489 2148 545 Α
2250 483 2567 539 Benedictio.
2606 486 2798 542 Unicus
2823 488 2988 544 Filius
3017 490 3131 554 Dei,
3164 489 3253 558 qui
3274 489 3485 560 genitus
3513 492 3581 547 de
3610 493 3764 550 utero

480 585 626 630 sexta
655 575 785 645 féria
812 575 993 645 prima:
1037 574 1389 630 Hebddmatla:
1423 578 1515 647 fol.
1553 578 1636 632 15.
1692 577 1799 647 26
1840 574 2067 644 Excéptd

484 666 783 738 Prophetia.
812 667 937 722 llaec
964 668 1096 722 dicit
1124 667 1382 723 Duminns
1414 685 1429 722 :
1459 668 1708 723 Salvabo.
1742 669 1836 737 [οι.
1867 666 1955 721 25.

554 758 761 813 Oratio.
785 758 927 812 Deus
965 758 1143 823 Pater,
1174 758 1289 827 qui,
1324 757 1490 812 lilium
1525 768 1671 812 tuum
1702 758 1967 812 missurus
1996 756 2064 813 ad

480 861 675 917 terras,
710 850 914 919 legutos
944 859 1082 915 tuos,
1116 863 1276 905 voces
1318 850 1504 918 utique
1535 847 1962 918 prazdicuutium,
1996 847 2063 900 ad

480 956 667 1012 gentes
719 944 1017 1009 destinasti,
1050 945 1133 1000 vel
1165 943 1230 999 ad
1261 944 1486 1011 insulas,
1516 944 1605 1013 qui
1638 942 2063 997 incarnatiunem

479 1036 599 1106 ejus
626 1036 1003 1107 praedicantes,
1039 1034 1193 1105 longe
1238 1035 1304 1091 ad
1337 1050 1453 1099 eos,
1495 1036 1584 1104 qui
1618 1049 1724 1088 non
1756 1033 2060 1098 audierunt,

478 1128 626 1184 verbi
660 1128 733 1183 lui
756 1128 912 1183 [idem
943 1127 1281 1196 prtedicundo
1313 1127 1679 1199 porrigeret";
1712 1126 1776 1181 da
1809 1125 1984 1189 nobis,
2010 1134 2065 1180 ct

479 1233 534 1275 te
560 1220 839 1276 audientes
867 1221 898 1274 ξι
938 1220 1077 1276 vitiis
1121 1220 1460 1288 resipiscere,
1494 1230 1551 1276 et
1575 1220 1856 1275 credentes
1889 1231 1939 1274 te
1970 1234 2061 1274 su-

481 1311 701 1381 pernam
752 1311 1047 1381 promeréri
1100 1311 1449 1367 hereditatem
1479 1328 1491 1363 :
1525 1318 1583 1365 ut
1610 1310 1881 1365 Christum
1915 1319 2064 1363 tuum

479 1404 826 1459 sermunibus
877 1404 1257 1471 praedicantes;
1317 1403 1568 1473 operibus
1614 1417 1720 1457 non
1764 1400 2064 1457 efﬁciamur

483 1506 610 1552 ante
639 1506 744 1552 tua
780 1497 966 1567 glurire
1010 1497 1339 1569 majestatem
1367 1496 1723 1552 damnabiles.
1769 1496 1805 1564 ti
1830 1539 1844 1553 .
1870 1495 2061 1551 Amen.

554 1588 658 1644 Per
685 1590 1107 1646 misericurdiam
1140 1600 1302 1652 tuam,
1336 1585 1475 1644 Deus
1506 1600 1707 1657 noster,
1740 1597 1848 1643 etc.

552 1679 705 1734 Dicat
752 1679 1046 1751 Presbyter.
1090 1680 1346 1737 Duminus
1391 1681 1460 1736 sit
1501 1697 1715 1751 semper
1760 1682 2059 1739 vobiscum.

495 1772 573 1839 ti.
604 1771 670 1827 Et
692 1787 812 1827 cum
838 1774 1029 1842 spiritu
1062 1782 1172 1828 tuo.

2172 579 2363 645 Patris,
2398 581 2667 636 incarnt'tri
2710 584 2854 637 venit
2893 600 2962 639 ex
2996 585 3149 640 utero
3192 583 3443 655 Virginis,
3474 587 3622 643 éluat
3663 606 3763 646 nos

2168 675 2399 729 ahmnni
2431 677 2774 745 corruptiune
2805 677 3053 732 humana:
3081 679 3424 737 conditionis.
3462 682 3498 750 ἡ
3524 723 3537 736 .
3564 684 3762 739 Amen.

2169 763 2345 833 Atque
2370 766 2529 832 idem,
2575 768 2667 837 qui
2701 770 3263 837 incomprehensibilis
3292 775 3437 828 venit
3465 774 3532 828 ad
3563 777 3763 831 verita-

2172 864 2203 907 ιι
2228 869 2278 908 ιιι
2330 854 2549 911 huméni
2578 858 2840 926 curporis,
2894 861 3043 914 tollat
3090 861 3120 915 ἐι
3159 863 3314 919 nobis
3366 866 3762 922 inuuumlitiam

2171 942 2419 1000 humanae
2458 948 2839 1017 corruptiunis.
2880 951 2915 1015 ἡ
2940 991 2953 1005 .
2987 953 3177 1004 Arnen.
3215 954 3298 1015 Et,
3334 955 3422 1022 qui
3457 956 3561 1010 vita
3609 960 3759 1011 venit

2172 1045 2398 1091 mortem
2430 1038 2692 1106 perferre,
2725 1040 2922 1093 tribuat
2946 1042 3099 1094 nobis
3130 1042 3264 1095 nihil
3293 1044 3359 1096 de
3389 1045 3577 1100 mortis
3604 1046 3762 1101 dam-

2172 1127 2390 1181 natiéne
2414 1130 2635 1184 sentire.
2681 1130 2717 1195 ti)
2742 1171 2754 1182 .
2788 1131 2959 1184 Amen

2244 1219 2343 1274 Pt-r
2372 1220 2799 1276 misericurdiam
2842 1223 3030 1291 ipsius,
3062 1232 3163 1278 etc.

2242 1311 2440 1367 Lauda.
2477 1313 2736 1369 Duminus
2784 1316 2835 1369 in
2877 1316 3106 1370 circuitu
3146 1316 3325 1385 po'puli
3372 1318 3455 1372 sui
3487 1331 3570 1374 est
3596 1321 3764 1376 :alle—

2171 1402 2300 1457 lilia.
2329 1403 2395 1459 P.
2433 1404 2510 1459 Ex
2544 1406 2643 1459 hoc
2670 1421 2835 1471 nunc,
2865 1416 2919 1461 ct
2961 1421 3128 1478 usque
3158 1412 3209 1462 in
3250 1408 3508 1465 aetérnum
3540 1427 3639 1479 pax
3671 1430 3764 1466 su-

2171 1511 2264 1563 per
2296 1496 2478 1552 lsraél.
2514 1498 2763 1561 Alleluia,
2797 1498 3038 1553 alleluia.
3089 1500 3118 1569 ᾖ
3145 1540 3159 1554 .
3189 1500 3526 1567 Benedictus,
3557 1504 3645 1572 qui
3670 1521 3763 1559 ve-

2170 1591 2245 1644 nit
2289 1592 2343 1645 in
2394 1590 2613 1646 numine
2662 1592 2870 1646 Durniui
2904 1610 2917 1647 :
2950 1593 3111 1654 Deus,
3160 1593 3439 1662 Duiuinus,
3490 1606 3545 1649 et
3585 1595 3763 1651 illusit

2170 1681 2344 1736 nobis.
2377 1680 2445 1737 Ρ.
2482 1683 2558 1738 Ex
2593 1685 2695 1739 hoc
2727 1699 2886 1739 nunc.
2937 1685 3007 1749 in
3042 1683 3241 1752 Cluria,
3276 1697 3330 1740 et
3360 1686 3553 1741 honor.
3587 1685 3655 1742 Ρ.
3683 1690 3759 1744 Ex

2177 1770 2277 1826 huc
2308 1788 2471 1828 nunc.

553 1862 610 1917 In
638 1862 856 1918 numine
887 1863 1101 1919 Durniui
1125 1866 1294 1920 nostri
1334 1865 1462 1921 Jesu
1490 1865 1688 1921 Christi
1722 1865 2060 1937 perﬁciamus
2094 1871 2140 1929 Β
2246 1863 2427 1917 Urdtt'o
2468 1864 2690 1919 dicatur.
2738 1865 3021 1934 Unigcnite
3054 1866 3091 1920 F
3096 1866 3218 1921 ilius
3268 1867 3361 1922 Dei
3409 1869 3605 1925 Patris.
3660 1868 3764 1925 Rc-

482 1970 604 2009 cum
638 1969 788 2023 pace.
834 1956 904 2023 ri.
942 1956 1051 2011 Deo
1079 1957 1296 2026 grutias.

515 2046 585 2102 ΙΝ
611 2047 895 2115 ρυΑιιτο
934 2048 1256 2105 DOMINICO
1290 2050 1377 2105 DE
1416 2050 1740 2107 ADVENTU
1774 2051 2027 2108 DOlllNl.

1072 2140 1153 2199 Ad
1190 2141 1462 2209 Vesperos.

553 2232 754 2287 Lauda.
803 2233 846 2288 A
877 2233 1005 2287 solis
1047 2243 1170 2290 ortu
1221 2250 1389 2304 usque
1436 2235 1503 2289 ad
1535 2238 1807 2291 occasum.
1860 2237 2062 2291 Oratio.

483 2324 647 2391 Deus,
677 2326 829 2396 cujus
861 2342 1056 2381 nomen
1089 2334 1171 2381 est
1204 2326 1563 2382 benedictum.
1596 2326 1817 2395 Require
1840 2326 1934 2397 fol.
1977 2327 2027 2381 l.

553 2417 716 2473 Souo.
748 2417 890 2473 Dens
917 2419 1138 2473 dearum
1171 2418 1429 2473 Daitninus
1457 2420 1665 2476 locutus
1694 2430 1776 2474 est
1807 2439 1821 2475 :
1858 2422 2067 2477 vneam

482 2517 682 2564 terram
715 2524 779 2563 ex
821 2509 974 2565 Sion.
1008 2508 1073 2562 Ρ.
1110 2509 1332 2577 Spécies
1376 2509 1585 2567 det-uris
1629 2510 1745 2578 ejus
1781 2529 1792 2563 :
1824 2511 2062 2566 alleluia.

494 2601 528 2668 ir
558 2641 569 2650 .
606 2599 747 2653 Deus
782 2600 1069 2655 manifeste
1098 2599 1298 2668 veniet,
1345 2601 1486 2657 Deus
1516 2612 1729 2667 noster;
1762 2612 1816 2659 et
1847 2618 1951 2659 non
1984 2603 2060 2660 εἰσ

477 2691 629 2748 lébit.
658 2690 723 2744 Ρ.
749 2690 909 2760 Spéci
926 2705 965 2744 's
988 2690 1221 2746 deceris.

550 2779 873 2849 Antiphona.
928 2780 1205 2835 Alleluia:
1248 2785 1570 2839 aununciate
1618 2783 1782 2838 Deum
1845 2788 1896 2838 in
1947 2786 2064 2839 uni-

476 2871 635 2928 vét‘sa
669 2882 833 2928 terra.
882 2870 950 2927 P.
984 2872 1222 2939 Exultet,
1276 2884 1326 2929 et
1383 2874 1562 2930 laudet
1602 2876 1860 2929 Itabitutio
1905 2874 2061 2931 Sion.

484 2964 552 3020 P.
572 2964 711 3032 Quia
748 2964 801 3019 in
848 2964 1028 3032 medio
1051 2966 1171 3034 ejus
1204 2965 1382 3020 veniet
1412 2968 1640 3022 Sanctus
1674 2965 1858 3021 lsraél.
1896 2964 1963 3022 P.
1998 2966 2065 3019 Et

477 3058 702 3113 exultet.
728 3055 930 3121 Gléria,
962 3066 1016 3112 et
1046 3060 1215 3111 honor
1245 3058 1408 3114 Patri.
1449 3056 1514 3112 Ρη.
1543 3056 1674 3125 Quia
1710 3059 1762 3112 in
1788 3056 1988 3113 médio.

551 3150 755 3207 Lauda.
809 3150 1211 3222 Cognoscumus
1259 3152 1309 3205 in
1369 3161 1507 3206 terra
1554 3153 1692 3207 viam
1734 3161 1899 3221 tuam,
1956 3150 2063 3206 os-

2170 1956 2315 2024 quire
2338 1958 2390 2009 in
2422 1955 2693 2012 Hatutfnis
2720 1960 3066 2028 sequentibus.

2742 2052 2823 2103 Ad
2874 2049 3182 2107 Matutinus.

2242 2137 2499 2209 llynmus.
2530 2139 2758 2195 IElérne
2793 2159 2970 2197 rerum
3000 2141 3280 2199 Conditor.
3324 2142 3547 2215 chuire
3575 2148 3671 2218 fol.
3699 2149 3755 2202 5.

2245 2228 2445 2285 (Initio.
2479 2231 2704 2287 Domine
2732 2232 2869 2288 Deus
2898 2234 3057 2288 Pater
3078 2236 3438 2305 omnipotens,
3472 2236 3760 2307 inSpirAtur

2170 2336 2428 2390 precum,
2487 2332 2646 2393 teque
2696 2324 3056 2380 invocuntimn
3121 2328 3274 2382 velox
3335 2327 3581 2394 auditor;
3642 2332 3757 2384 Vuci

2170 2424 2389 2481 nostrte,
2442 2417 2681 2481 oramus,
2738 2417 3037 2475 clcméntite
3079 2427 3180 2472 tute
3204 2434 3389 2473 aurem
3431 2419 3663 2488 appune,
3704 2432 3759 2475 et

2170 2511 2478 2567 nostrurum
2518 2512 2729 2566 vincula
2776 2512 3147 2580 peccuminum
3181 2512 3382 2581 poténti
3416 2515 3760 2573 ntiseratiuue

2169 2599 2410 2656 dissulve
2442 2620 2457 2655 :
2488 2602 2565 2656 Ac
2602 2601 2740 2656 sicut
2783 2617 2882 2656 nos
2912 2602 3171 2671 gallurum
3212 2601 3500 2658 cunuribus
3538 2605 3603 2656 ad
3647 2620 3759 2659 nta-

2171 2692 2323 2748 tutini
2369 2692 2596 2765 gratiam
2647 2693 2908 2763 pruvocas
2956 2694 3304 2764 consurgere,
3350 2702 3406 2749 et
3457 2696 3759 2765 prOphetali

2170 2786 2422 2841 vaticinio
2454 2787 2508 2841 in
2532 2786 2703 2842 lucem
2732 2785 2973 2856 gentium
3007 2787 3179 2843 uuiczc
3202 2788 3592 2854 redemptionis
3625 2805 3761 2856 prte-

2167 2878 2429 2943 nuncias;
2460 2878 2530 2933 ita
2562 2895 2703 2934 nunc
2724 2877 3094 2948 naviguntibus
3121 2877 3274 2933 nobis
3300 2879 3493 2933 intuitu
3523 2880 3760 2949 supérno

2168 2967 2388 3025 adsiste.
2420 2970 2530 3035 Sic,
2561 2986 2891 3041 quiesumus,
2922 2969 3210 3041 famulatus
3250 2974 3415 3025 nostri
3440 2982 3562 3025 vota
3587 2972 3760 3025 susci-e

2170 3058 2303 3129 pias,
2332 3068 2391 3113 ut
2415 3060 2481 3113 ad
2512 3060 2683 3116 lucem
2712 3060 3009 3117 abundanti
3039 3077 3138 3117 nos
3174 3062 3545 3121 misericérdii
3573 3063 3760 3119 suble-

2175 3150 2351 3207 vundo
2377 3151 2659 3221 perducas.
2705 3153 2741 3222 ti,"
2768 3193 2781 3208 .
2812 3153 3005 3208 Amen.

477 3244 622 3299 utine
648 3263 660 3297 ;
693 3243 909 3300 alleluia
938 3264 951 3300 :
984 3245 1043 3300 ιιι
1075 3242 1327 3299 umnibus
1346 3244 1593 3314 gentibus
1613 3244 1850 3299 salutire
1882 3253 2054 3300 tuum.
2094 3231 2141 3295 C
2244 3243 2344 3299 Per
2375 3244 2800 3301 miscricurdiam
2826 3257 2967 3301 tuam
3006 3247 3144 3301 Deus
3168 3258 3372 3312 noster,
3396 3255 3501 3301 etc.

477 3336 726 3404 Alleluia,
781 3338 1018 3399 alleluia.
1057 3338 1089 3409 ᾖ
1116 3376 1130 3390 .
1159 3337 1298 3395 Deus
1326 3339 1649 3394 misereatur
1675 3338 1859 3403 nostri,
1886 3348 1941 3394 et
1971 3336 2064 3393 lie-

476 3428 692 3485 nedicat
720 3428 874 3485 nobis
906 3444 923 3483 :
956 3430 1221 3484 illuminet
1247 3431 1451 3483 vultum
1480 3444 1634 3484 suum
1674 3445 1837 3497 super
1865 3444 1982 3493 nos,
2013 3436 2065 3483 ct

478 3520 802 3576 ntiserclttur
840 3520 1014 3576 nobis.
1042 3519 1109 3576 P.
1140 3520 1194 3574 In
1226 3521 1475 3576 umnibus
1506 3521 1774 3591 gentibus.
1822 3522 1854 3590 ἢν
1882 3562 1895 3574 .
1936 3519 2061 3575 Glu-

479 3614 580 3677 ria,
609 3623 662 3669 et
688 3612 856 3671 honor
884 3614 1046 3668 Patri.
1091 3612 1157 3669 P.
1186 3614 1241 3667 ιιι
1268 3613 1515 3669 umnihus
1545 3613 1813 3683 gentibus.

552 3704 809 3777 Hymnus.
875 3705 1074 3761 Christi
1126 3705 1339 3761 caterva
1395 3706 1657 3762 cluiuilct.
1715 3708 2064 3779 Supplicdtio.

478 3798 708 3851 Oremus
740 3798 1158 3867 llcdeinpturem
1188 3799 1393 3853 mundi.
1426 3799 1647 3872 Require
1671 3800 1767 3872 fol.
1801 3799 1856 3854 9..

551 3892 734 3963 Kyrie,
773 3892 975 3959 cléison
1006 3910 1018 3946 :
1060 3892 1306 3959 Christe,
1346 3894 1546 3951 e'éison
1580 3912 1600 3953 ι
1630 3895 1812 3964 liyriv,
1840 3896 2065 3951 elcison.

555 3984 815 4056 Capitula.
871 3986 1135 4051 lllumina,
1188 3986 1435 4055 Dumine,
1468 3988 1669 4043 vultum
1714 3998 1861 4043 tuum
1903 4005 2068 4060 super

482 4097 606 4150 nos,
635 4092 692 4137 et
720 4080 1147 4144 benedictionem
1181 4090 1321 4137 tuam
1353 4081 1585 4139 ubertim
1621 4082 1817 4137 nostris
1848 4082 2069 4137 infunde

484 4173 964 4244 pecturibuszquu
1013 4174 1173 4229 corda
1220 4184 1398 4229 nostra
1455 4176 1589 4231 lucis
1645 4184 1748 4231 tua:
1796 4175 2069 4233 hilarititte

484 4272 699 4344 perfusa
724 4282 865 4329 tuam
897 4273 951 4326 in
982 4273 1139 4330 terris
1169 4274 1378 4335 valeant
1405 4270 1795 4343 recognuscere
1827 4270 1984 4336 viam,
2017 4280 2080 4341 et,

482 4366 737 4424 munibus
789 4363 1052 4437 sittgult'tri
1112 4363 1362 4435 gentibus
1408 4363 1531 4418 fidei
1595 4377 1767 4418 Sacra:
1816 4361 2069 4419 ltelénlut'

482 4456 695 4512 ιιοιίιίἰι.

561 4549 718 4603 Pater
746 4556 948 4611 noster.
979 4547 1062 4601 Et.

557 4638 792 4694 Liberuti
822 4639 853 4692 is
884 4640 1057 4700 malo,
1099 4636 1399 4692 cnttﬁrtnuli
1437 4651 1656 4708 semper
1694 4637 1747 4692 in
1778 4636 1941 4703 bono,
1976 4638 2068 4693 tibi

486 4731 693 4785 servire
713 4729 1016 4783 mereamur
1039 4727 1150 4782 Deo
1177 4743 1239 4781 ac
1264 4726 1491 4784 Duinino
1518 4738 1723 4784 nostro.
1759 4729 1923 4792 Pone,
1962 4727 2071 4783 Du-

489 4824 654 4887 tuine,
689 4820 847 4885 linem
874 4818 1108 4889 peccatis
1139 4821 1366 4873 nostris:
1392 4819 1461 4874 da
1483 4820 1734 4889 guudium
1765 4820 2069 4876 tribulutis:

481 4914 663 4984 prtebe
702 4913 1129 4981 redemptiénem,
1171 4912 1396 4981 captivis
1423 4928 1436 4965 :
1461 4914 1746 4968 sanitatem
1790 4912 2020 4968 infirmis
2055 4930 2069 4968 :

484 5007 831 5079 requiemque
873 5005 1187 5062 defunctis:
1220 5006 1463 5063 concede
1511 5022 1725 5078 pacem,
1768 5016 1822 5063 et
1867 5009 2072 5064 securi-

484 5100 651 5154 tutem
684 5099 737 5152 in
768 5096 1020 5162 munibus
1060 5095 1250 5153 diebus
1291 5097 1491 5152 nostris
1516 5113 1533 5152 :
1560 5098 1741 5169 frange
1784 5096 2064 5151 auduciam

484 5190 823 5255 inimicurum
876 5190 1180 5244 nostrdrum
1224 5188 1487 5254 :exuudi,
1539 5189 1714 5252 Dens,
1768 5188 2067 5249 oratiuncm

486 5284 764 5349 sentum
796 5282 1006 5335 tuurutu
1033 5280 1268 5335 utuuium
1302 5280 1532 5336 fidelium
1565 5279 1992 5347 Christianorum
2016 5280 2068 5335 in

489 5379 593 5432 hoc
623 5376 710 5430 die
734 5385 788 5432 et
815 5376 868 5430 in
898 5374 1039 5428 omni
1070 5373 1310 5443 témpore
1343 5391 1355 5427 :
1389 5389 1488 5442 per
1520 5372 1801 5429 Dutuinum
1830 5382 2071 5428 nostrum

488 5470 672 5525 Jesum
721 5468 988 5522 Christum
1041 5465 1234 5523 Filiqu
1285 5482 1454 5535 tuum,
1507 5464 1597 5536 qui
1639 5476 1809 5521 tecum
1840 5464 1988 5532 vivit,
2021 5475 2076 5521 et

488 5574 673 5634 reguli
720 5563 771 5617 in
821 5561 1027 5618 unitate
1077 5560 1305 5631 Spiritus
1345 5560 1528 5618 Sancti
1578 5558 1720 5615 Deus
1771 5575 1865 5629 per
1896 5559 2074 5615 umnia

492 5671 707 5726 semper
731 5657 924 5712 sarcula
956 5656 1295 5715 saeculurutn.
1338 5654 1373 5721 ιξ
1399 5694 1413 5710 .
1455 5655 1646 5710 Amen.

569 5748 714 5804 Dicat
746 5748 1042 5819 ltt'esbyter.
1079 5748 1366 5804 llumilit'ttc
1394 5762 1489 5802 vos
1517 5746 1582 5801 ad
1625 5745 2069 5818 benedictidncm.

567 5838 817 5898 Durniuus
848 5840 914 5899 sit
938 5854 1147 5911 semper
1172 5837 1466 5895 vobiscum.
1518 5840 1588 5911 ti.
1625 5838 1690 5896 Et
1721 5854 1860 5908 cum.

2097 4595 2148 4656 D

2244 3338 2347 3410 27
2388 3337 2679 3409 Autipliona
2720 3355 2871 3408 super
2900 3340 3144 3407 psalmos.
3206 3337 3386 3393 Gluria
3441 3352 3555 3392 mea
3615 3336 3767 3393 Deus.

2170 3447 2344 3497 incus,
2368 3441 2419 3486 et
2446 3433 2687 3486 exultans
2716 3443 2877 3500 caput
2904 3448 3102 3486 meum.
3136 3430 3371 3484 Psalmus
3400 3445 3477 3499 tu.

2243 3524 2561 3591 ΑηιίρΙιυιια.
2596 3524 2715 3577 Tibi
2748 3523 2846 3577 soli
2874 3523 3085 3593 peccavi
3122 3540 3134 3575 :
3169 3521 3423 3593 miserere
3450 3519 3765 3587 mei,Deus.

2171 3609 2414 3665 Psalmus
2455 3628 2502 3665 t..

2240 3703 2558 3773 Attllp/ttma.
2620 3702 2867 3759 Miserere
2901 3704 3035 3767 mei,
3066 3702 3241 3767 Deus,
3271 3701 3525 3757 miserere
3576 3702 3680 3756 mei
3741 3716 3765 3767 επ

2169 3796 2421 3866 quunittm
2454 3798 2504 3851 in
2533 3807 2584 3853 te
2614 3797 2841 3851 Cttlllltlll.
2863 3797 3039 3851 ultima
3072 3814 3211 3851 mea.
3247 3794 3488 3851 Psalmus
3519 3812 3623 3850 Lvt.

2247 3889 2447 3945 Oratio.
2482 3889 2707 3945 Durniue
2736 3889 2899 3957 Dens,
2930 3889 3068 3959 apud
3096 3906 3252 3959 quem
3305 3899 3387 3943 est
3439 3888 3556 3942 fons
3613 3888 3761 3953 vitre,

2172 3991 2224 4037 et
2253 3982 2302 4035 in
2331 3981 2485 4053 cujus
2516 3983 2716 4036 lumine
2744 3981 3068 4051 adspicimus
3098 3981 3309 4047 lumen;
3342 3979 3517 4035 énutri
3551 3981 3603 4033 in
3657 3994 3761 4031 nos

2173 4084 2275 4130 tute
2304 4075 2547 4130 scientia:
2571 4074 2918 4145 splenderent
2954 4094 2965 4127 :
3002 4086 3060 4130 ut
3090 4074 3393 4130 sitientibus
3428 4072 3579 4127 nobis
3630 4070 3770 4127 ms-

2174 4167 2277 4223 lem
2310 4167 2585 4236 intpurtias
2617 4178 2819 4237 potum,
2850 4174 2905 4221 et
2932 4165 3275 4237 caliguntium
3327 4164 3625 4220 animhrum
3676 4178 3771 4217 su-

2173 4258 2340 4330 pe'rno
2371 4259 2571 4314 lumine
2595 4260 2845 4315 restituas
2875 4259 3225 4314 intellectum.
3273 4258 3308 4313 tit
3334 4298 3349 4313 .
3382 4260 3574 4312 Amen.

2248 4356 2346 4410 I‘er
2374 4353 2797 4409 misericurdiam
2830 4363 2997 4421 tuim,
3029 4362 3133 4409 etc.

2245 4450 2536 4519 Autipliona
2563 4450 2613 4505 1.
2656 4449 2743 4504 Me
2769 4448 2957 4503 insulae
2989 4448 3300 4519 expécmnt,
3327 4446 3456 4501 dicit
3484 4444 3777 4517 Détuiuus,

2174 4543 2525 4598 etbruchium
2559 4559 2734 4599 meum
2784 4543 3143 4597 sustinebunt.
3206 4540 3268 4595 Ρ.
3320 4540 3451 4607 Quia
3501 4537 3768 4607 judicium

2182 4652 2355 4692 meum
2386 4637 2436 4691 in
2470 4636 2645 4692 lucem
2673 4637 2986 4703 pupulurum
3018 4633 3316 4705 apparebit.
3365 4632 3398 4701 ᾖ
3425 4672 3440 4686 .
3471 4631 3614 4686 Deus
3639 4628 3775 4684 ded»

2179 4745 2295 4784 rum
2327 4727 2584 4784 Déminus
2615 4728 2820 4783 locutus
2843 4737 2940 4792 est,
2970 4737 3025 4783 ct
3055 4726 3261 4780 voravit
3300 4735 3521 4778 terram.
3576 4718 3643 4773 Ρ.
3702 4722 3770 4776 Et

2177 4821 2475 4878 bruchium.
2515 4822 2548 4889 ᾗ
2575 4859 2588 4873 .
2621 4820 2824 4889 Cluria,
2857 4830 2909 4875 et
2940 4820 3110 4874 honor
3137 4817 3307 4882 Patri,
3352 4825 3457 4869 etc.
3511 4810 3579 4866 Ρ.
3631 4812 3777 4880 Quia

2174 4912 2427 4983 judicium
2469 4928 2669 4967 meum.

2254 5004 2450 5058 Oritio.
2485 5002 2764 5075 Unigénitc
2788 5001 2952 5057 Filius
2980 4999 3073 5054 Dei
3127 4998 3322 5064 Patris,
3375 5010 3531 5066 quem
3576 4992 3777 5047 insula

2174 5094 2478 5163 espéclant,
2512 5103 2567 5149 et
2619 5092 2895 5147 brut-bium
2953 5086 3282 5145 fortitudinis
3324 5094 3428 5141 tute
3471 5083 3619 5153 plebs
3668 5083 3769 5136 atl-

2175 5188 2367 5255 quisita
2423 5185 2685 5248 sustinet;
2739 5193 2787 5239 te
2836 5196 3143 5251 qumsumus
3191 5189 3245 5234 et
3275 5180 3545 5249 rogumus,
3576 5182 3636 5229 ut
3670 5187 3774 5228 nos

2176 5276 2489 5350 peceatores
2518 5274 2684 5338 [iacias
2712 5290 2927 5347 semper
2956 5290 3078 5330 esse
3119 5272 3308 5333 beatos
3337 5290 3349 5326 :
3386 5281 3461 5338 ut,
3490 5269 3611 5324 cum
3660 5266 3773 5321 Ad-

2179 5369 2368 5425 véntus
2401 5369 2479 5425 tui
2518 5369 2828 5438 apparuerit
2871 5366 3071 5437 gluria,
3104 5382 3209 5420 non
3257 5362 3648 5425 confundimur
3688 5359 3773 5413 vi-

2179 5460 2366 5516 dentes
2394 5458 2582 5515 fuciem
2608 5468 2772 5514 tuam.
2818 5456 2856 5517 ἢ
2882 5496 2897 5513 .
2930 5460 3123 5513 Amen.

2256 5555 2360 5610 Per
2384 5551 2811 5609 miscricordiam
2845 5561 3014 5618 tuam,
3042 5562 3151 5607 etc.

2254 5644 2632 5715 Anllpltonai.
2660 5645 2968 5709 Titnébttnt,
2998 5644 3089 5717 qui
3117 5644 3185 5699 ab
3213 5640 3493 5699 occidente
3523 5647 3647 5694 sunt
3672 5651 3773 5694 no-

2181 5760 2303 5799 men
2335 5742 2545 5797 Dumiui
2571 5757 2585 5805 ;
2615 5748 2688 5806 et,
2721 5742 2809 5812 qui
2838 5740 2905 5795 ab
2934 5750 3061 5795 ortu
3087 5737 3241 5804 solis,
3273 5734 3499 5808 gluriam
3530 5731 3669 5803 ejus.
3702 5728 3771 5783 Ρ.

2180 5838 2316 5895 cum
2347 5836 2572 5907 venerit,
2600 5836 2748 5910 quasi
2785 5836 2975 5893 ﬂuvius
3022 5833 3309 5901 violentus,
3339 5845 3495 5903 quem
3551 5827 3772 5911 spiritus
