  <div class='ocr_page' id='page_1' title='image "/cluster/home/n/w/nwhite01/storage/ocr_20150623/86/hvd.32044015469463/050.png"; bbox 0 0 4044 6382; ppageno 0'>
   <div class='ocr_carea' id='block_1_1' title="bbox 269 310 3551 423">
    <p class='ocr_par' dir='ltr' id='par_1_1' title="bbox 269 310 3551 423">
     <span class='ocr_line' id='line_1_1' title="bbox 269 310 3551 423; baseline -0.006 -2"><span class='ocrx_word' id='word_1_1' title='bbox 269 364 335 423; x_wconf 79' lang='grc'><strong>89</strong></span> <span class='ocrx_word' id='word_1_2' title='bbox 1320 357 1640 413; x_wconf 63' lang='grc' dir='ltr'>υοιιιδιελ</span> <span class='ocrx_word' id='word_1_3' title='bbox 1684 355 1747 411; x_wconf 84' lang='lat' dir='ltr'><strong>iv</strong></span> <span class='ocrx_word' id='word_1_4' title='bbox 1791 352 2166 412; x_wconf 73' lang='lat' dir='ltr'><strong>ADVENTUS</strong></span> <span class='ocrx_word' id='word_1_5' title='bbox 2212 310 2464 410; x_wconf 69' lang='lat' dir='ltr'><strong>bonum.</strong></span> <span class='ocrx_word' id='word_1_6' title='bbox 3467 328 3551 416; x_wconf 72' lang='grc' dir='ltr'><strong>9ο</strong></span> 
     </span>
    </p>
   </div>
   <div class='ocr_carea' id='block_1_2' title="bbox 270 466 3535 539">
    <p class='ocr_par' dir='ltr' id='par_1_2' title="bbox 270 466 3535 539">
     <span class='ocr_line' id='line_1_2' title="bbox 270 466 3535 539; baseline -0 -9"><span class='ocrx_word' id='word_1_7' title='bbox 270 473 473 535; x_wconf 83' lang='lat' dir='ltr'><strong>Domini</strong></span> <span class='ocrx_word' id='word_1_8' title='bbox 527 471 745 528; x_wconf 70' lang='lat' dir='ltr'><strong>excitat.</strong></span> <span class='ocrx_word' id='word_1_9' title='bbox 815 471 848 539; x_wconf 67' lang='grc' dir='ltr'><strong><em>γ</em></strong></span> <span class='ocrx_word' id='word_1_10' title='bbox 874 509 890 527; x_wconf 93' lang='grc'><strong>.</strong></span> <span class='ocrx_word' id='word_1_11' title='bbox 946 470 1012 526; x_wconf 86' lang='grc' dir='ltr'><strong>Ει.</strong></span> <span class='ocrx_word' id='word_1_12' title='bbox 1067 469 1328 528; x_wconf 85' lang='lat' dir='ltr'><strong>tituébnnt</strong></span> <span class='ocrx_word' id='word_1_13' title='bbox 1381 480 1567 539; x_wconf 73' lang='lat' dir='ltr'><strong>gentes</strong></span> <span class='ocrx_word' id='word_1_14' title='bbox 1652 484 1845 524; x_wconf 89' lang='lat' dir='ltr'><strong>nomen</strong></span> <span class='ocrx_word' id='word_1_15' title='bbox 1877 474 1923 531; x_wconf 72' lang='grc' dir='ltr'><strong>Α</strong></span> <span class='ocrx_word' id='word_1_16' title='bbox 1954 468 2125 539; x_wconf 78' lang='lat' dir='ltr'><strong>pusilli</strong></span> <span class='ocrx_word' id='word_1_17' title='bbox 2153 478 2208 524; x_wconf 90' lang='lat' dir='ltr'><strong>et</strong></span> <span class='ocrx_word' id='word_1_18' title='bbox 2235 469 2433 536; x_wconf 79' lang='lat' dir='ltr'><strong>magni,</strong></span> <span class='ocrx_word' id='word_1_19' title='bbox 2463 475 2518 523; x_wconf 91' lang='lat' dir='ltr'><strong>et</strong></span> <span class='ocrx_word' id='word_1_20' title='bbox 2549 482 2734 523; x_wconf 86' lang='lat' dir='ltr'><strong>omnes</strong></span> <span class='ocrx_word' id='word_1_21' title='bbox 2763 468 2852 539; x_wconf 85' lang='lat' dir='ltr'><strong>qui</strong></span> <span class='ocrx_word' id='word_1_22' title='bbox 2898 469 3193 537; x_wconf 72' lang='lat' dir='ltr'><strong>expectatis</strong></span> <span class='ocrx_word' id='word_1_23' title='bbox 3230 466 3535 529; x_wconf 67' lang='lat' dir='ltr'><strong>Adventum</strong></span> 
     </span>
    </p>
   </div>
   <div class='ocr_carea' id='block_1_3' title="bbox 270 561 1839 632">
    <p class='ocr_par' dir='ltr' id='par_1_3' title="bbox 270 561 1839 632">
     <span class='ocr_line' id='line_1_3' title="bbox 270 561 1839 632; baseline -0.004 -9"><span class='ocrx_word' id='word_1_24' title='bbox 270 579 428 631; x_wconf 90' lang='lat' dir='ltr'><strong>tuum,</strong></span> <span class='ocrx_word' id='word_1_25' title='bbox 460 566 717 630; x_wconf 80' lang='lat' dir='ltr'><strong>Domine,</strong></span> <span class='ocrx_word' id='word_1_26' title='bbox 747 573 799 619; x_wconf 91' lang='lat' dir='ltr'><strong>et</strong></span> <span class='ocrx_word' id='word_1_27' title='bbox 822 579 1009 619; x_wconf 89' lang='lat' dir='ltr'><strong>omnes</strong></span> <span class='ocrx_word' id='word_1_28' title='bbox 1042 578 1195 631; x_wconf 76' lang='lat' dir='ltr'><strong>reges</strong></span> <span class='ocrx_word' id='word_1_29' title='bbox 1224 574 1379 617; x_wconf 70' lang='lat' dir='ltr'><strong>terra:</strong></span> <span class='ocrx_word' id='word_1_30' title='bbox 1405 561 1630 632; x_wconf 80' lang='lat' dir='ltr'><strong>gloriam</strong></span> <span class='ocrx_word' id='word_1_31' title='bbox 1673 570 1839 617; x_wconf 87' lang='lat' dir='ltr'><strong>tuam.</strong></span> 
     </span>
    </p>
   </div>
   <div class='ocr_carea' id='block_1_4' title="bbox 268 651 1840 720">
    <p class='ocr_par' dir='ltr' id='par_1_4' title="bbox 268 651 1840 720">
     <span class='ocr_line' id='line_1_4' title="bbox 268 651 1840 720; baseline -0.003 -8"><span class='ocrx_word' id='word_1_32' title='bbox 268 656 332 712; x_wconf 85' lang='grc' dir='ltr'><strong>Ρ.</strong></span> <span class='ocrx_word' id='word_1_33' title='bbox 362 657 490 711; x_wconf 72' lang='lat' dir='ltr'><strong>(lum</strong></span> <span class='ocrx_word' id='word_1_34' title='bbox 522 656 747 710; x_wconf 77' lang='lat' dir='ltr'><strong>venerit.</strong></span> <span class='ocrx_word' id='word_1_35' title='bbox 796 656 826 717; x_wconf 54' lang='grc' dir='ltr'>ᾖ</span> <span class='ocrx_word' id='word_1_36' title='bbox 856 695 869 708; x_wconf 94' lang='grc'><strong>.</strong></span> <span class='ocrx_word' id='word_1_37' title='bbox 904 652 1107 720; x_wconf 84' lang='lat' dir='ltr'><strong>Gloria,</strong></span> <span class='ocrx_word' id='word_1_38' title='bbox 1135 665 1188 709; x_wconf 92' lang='lat' dir='ltr'><strong>et</strong></span> <span class='ocrx_word' id='word_1_39' title='bbox 1218 653 1387 708; x_wconf 84' lang='lat' dir='ltr'><strong>honor</strong></span> <span class='ocrx_word' id='word_1_40' title='bbox 1417 654 1580 707; x_wconf 80' lang='lat' dir='ltr'><strong>Patri.</strong></span> <span class='ocrx_word' id='word_1_41' title='bbox 1610 651 1677 713; x_wconf 81' lang='grc' dir='ltr'><strong>Ρ.</strong></span> <span class='ocrx_word' id='word_1_42' title='bbox 1703 652 1840 708; x_wconf 80' lang='lat' dir='ltr'><strong>cum</strong></span> 
     </span>
    </p>
   </div>
   <div class='ocr_carea' id='block_1_5' title="bbox 266 733 904 816">
    <p class='ocr_par' dir='ltr' id='par_1_5' title="bbox 266 733 904 816">
     <span class='ocr_line' id='line_1_5' title="bbox 266 733 904 816; baseline -0.003 -16"><span class='ocrx_word' id='word_1_43' title='bbox 266 733 486 812; x_wconf 71' lang='lat' dir='ltr'><strong>vouerit,</strong></span> <span class='ocrx_word' id='word_1_44' title='bbox 512 747 661 816; x_wconf 84' lang='lat' dir='ltr'><strong>quasi</strong></span> <span class='ocrx_word' id='word_1_45' title='bbox 692 746 904 808; x_wconf 85' lang='lat' dir='ltr'><strong>ﬂuvius.</strong></span> 
     </span>
    </p>
   </div>
   <div class='ocr_carea' id='block_1_6' title="bbox 332 833 1841 906">
    <p class='ocr_par' dir='ltr' id='par_1_6' title="bbox 332 833 1841 906">
     <span class='ocr_line' id='line_1_6' title="bbox 332 833 1841 906; baseline -0.003 -15"><span class='ocrx_word' id='word_1_46' title='bbox 332 835 533 891; x_wconf 77' lang='lat' dir='ltr'><strong>Orétio.</strong></span> <span class='ocrx_word' id='word_1_47' title='bbox 566 838 776 892; x_wconf 77' lang='lat' dir='ltr'><strong>Christe</strong></span> <span class='ocrx_word' id='word_1_48' title='bbox 803 838 897 892; x_wconf 74' lang='lat' dir='ltr'><strong>Dei</strong></span> <span class='ocrx_word' id='word_1_49' title='bbox 926 836 1113 904; x_wconf 84' lang='lat' dir='ltr'><strong>Filius,</strong></span> <span class='ocrx_word' id='word_1_50' title='bbox 1146 837 1233 906; x_wconf 88' lang='lat' dir='ltr'><strong>qui</strong></span> <span class='ocrx_word' id='word_1_51' title='bbox 1263 836 1314 891; x_wconf 92' lang='lat' dir='ltr'><strong>in</strong></span> <span class='ocrx_word' id='word_1_52' title='bbox 1347 835 1544 891; x_wconf 87' lang='lat' dir='ltr'><strong>mumlo</strong></span> <span class='ocrx_word' id='word_1_53' title='bbox 1584 850 1677 904; x_wconf 88' lang='lat' dir='ltr'><strong>per</strong></span> <span class='ocrx_word' id='word_1_54' title='bbox 1721 833 1841 888; x_wconf 77' lang='lat' dir='ltr'><strong>V&#39;ir-</strong></span> 
     </span>
    </p>
   </div>
   <div class='ocr_carea' id='block_1_7' title="bbox 261 927 1842 1002">
    <p class='ocr_par' dir='ltr' id='par_1_7' title="bbox 261 927 1842 1002">
     <span class='ocr_line' id='line_1_7' title="bbox 261 927 1842 1002; baseline -0.004 -16"><span class='ocrx_word' id='word_1_55' title='bbox 261 934 433 1002; x_wconf 74' lang='lat' dir='ltr'><strong>ginem</strong></span> <span class='ocrx_word' id='word_1_56' title='bbox 492 945 670 997; x_wconf 79' lang='lat' dir='ltr'><strong>natus,</strong></span> <span class='ocrx_word' id='word_1_57' title='bbox 696 932 998 986; x_wconf 72' lang='lat' dir='ltr'><strong>nativitatis</strong></span> <span class='ocrx_word' id='word_1_58' title='bbox 1053 942 1155 985; x_wconf 73' lang='lat' dir='ltr'><strong>tum</strong></span> <span class='ocrx_word' id='word_1_59' title='bbox 1209 932 1413 987; x_wconf 80' lang='lat' dir='ltr'><strong>terrore</strong></span> <span class='ocrx_word' id='word_1_60' title='bbox 1436 942 1489 985; x_wconf 88' lang='lat' dir='ltr'><strong>et</strong></span> <span class='ocrx_word' id='word_1_61' title='bbox 1519 944 1677 1000; x_wconf 80' lang='lat' dir='ltr'><strong>regna</strong></span> <span class='ocrx_word' id='word_1_62' title='bbox 1712 927 1842 983; x_wconf 86' lang='lat' dir='ltr'><strong>eon-</strong></span> 
     </span>
    </p>
   </div>
   <div class='ocr_carea' id='block_1_8' title="bbox 262 1020 1843 1095">
    <p class='ocr_par' dir='ltr' id='par_1_8' title="bbox 262 1020 1843 1095">
     <span class='ocr_line' id='line_1_8' title="bbox 262 1020 1843 1095; baseline -0.004 -16"><span class='ocrx_word' id='word_1_63' title='bbox 262 1026 412 1091; x_wconf 85' lang='lat' dir='ltr'><strong>cutis,</strong></span> <span class='ocrx_word' id='word_1_64' title='bbox 446 1034 503 1079; x_wconf 89' lang='lat' dir='ltr'><strong>et</strong></span> <span class='ocrx_word' id='word_1_65' title='bbox 532 1040 686 1095; x_wconf 81' lang='lat' dir='ltr'><strong>reges</strong></span> <span class='ocrx_word' id='word_1_66' title='bbox 712 1023 965 1079; x_wconf 76' lang='lat' dir='ltr'><strong>admiruri</strong></span> <span class='ocrx_word' id='word_1_67' title='bbox 995 1023 1303 1092; x_wconf 83' lang='lat' dir='ltr'><strong>compéllis;</strong></span> <span class='ocrx_word' id='word_1_68' title='bbox 1334 1023 1511 1092; x_wconf 71' lang='lat' dir='ltr'><strong>prwhe</strong></span> <span class='ocrx_word' id='word_1_69' title='bbox 1547 1022 1701 1075; x_wconf 90' lang='lat' dir='ltr'><strong>nobis</strong></span> <span class='ocrx_word' id='word_1_70' title='bbox 1743 1020 1843 1073; x_wconf 88' lang='lat' dir='ltr'><strong>iui-</strong></span> 
     </span>
    </p>
   </div>
   <div class='ocr_carea' id='block_1_9' title="bbox 261 1112 1833 1187">
    <p class='ocr_par' dir='ltr' id='par_1_9' title="bbox 261 1112 1833 1187">
     <span class='ocr_line' id='line_1_9' title="bbox 261 1112 1833 1187; baseline -0.002 -18"><span class='ocrx_word' id='word_1_71' title='bbox 261 1117 385 1169; x_wconf 89' lang='lat' dir='ltr'><strong>tium</strong></span> <span class='ocrx_word' id='word_1_72' title='bbox 416 1117 689 1187; x_wconf 70' lang='lat' dir='ltr'><strong>sapi&#39;émia:</strong></span> <span class='ocrx_word' id='word_1_73' title='bbox 710 1159 727 1184; x_wconf 92' lang='lat'><strong>,</strong></span> <span class='ocrx_word' id='word_1_74' title='bbox 751 1118 890 1186; x_wconf 90' lang='lat' dir='ltr'><strong>quod</strong></span> <span class='ocrx_word' id='word_1_75' title='bbox 938 1127 1016 1171; x_wconf 77' lang='grc' dir='ltr'><strong>εει</strong></span> <span class='ocrx_word' id='word_1_76' title='bbox 1064 1117 1225 1172; x_wconf 88' lang='lat' dir='ltr'><strong>timor</strong></span> <span class='ocrx_word' id='word_1_77' title='bbox 1265 1128 1384 1169; x_wconf 87' lang='lat' dir='ltr'><strong>tuus</strong></span> <span class='ocrx_word' id='word_1_78' title='bbox 1412 1131 1428 1179; x_wconf 83' lang='grc'><strong>;</strong></span> <span class='ocrx_word' id='word_1_79' title='bbox 1461 1124 1517 1167; x_wconf 88' lang='lat' dir='ltr'><strong>ut</strong></span> <span class='ocrx_word' id='word_1_80' title='bbox 1547 1116 1598 1167; x_wconf 88' lang='lat' dir='ltr'><strong>in</strong></span> <span class='ocrx_word' id='word_1_81' title='bbox 1630 1128 1695 1169; x_wconf 86' lang='lat' dir='ltr'><strong>eo</strong></span> <span class='ocrx_word' id='word_1_82' title='bbox 1728 1112 1833 1167; x_wconf 80' lang='lat' dir='ltr'><strong>fru-</strong></span> 
     </span>
    </p>
   </div>
   <div class='ocr_carea' id='block_1_10' title="bbox 257 1202 1840 1275">
    <p class='ocr_par' dir='ltr' id='par_1_10' title="bbox 257 1202 1840 1275">
     <span class='ocr_line' id='line_1_10' title="bbox 257 1202 1840 1275; baseline -0.004 -12"><span class='ocrx_word' id='word_1_83' title='bbox 257 1208 574 1274; x_wconf 83' lang='lat' dir='ltr'><strong>ctilicemur,</strong></span> <span class='ocrx_word' id='word_1_84' title='bbox 628 1211 677 1261; x_wconf 88' lang='lat' dir='ltr'><strong>in</strong></span> <span class='ocrx_word' id='word_1_85' title='bbox 731 1223 797 1263; x_wconf 88' lang='lat' dir='ltr'><strong>eo</strong></span> <span class='ocrx_word' id='word_1_86' title='bbox 845 1206 1006 1262; x_wconf 78' lang='lat' dir='ltr'><strong>etiam</strong></span> <span class='ocrx_word' id='word_1_87' title='bbox 1065 1206 1405 1275; x_wconf 81' lang='lat' dir='ltr'><strong>proﬁcientes</strong></span> <span class='ocrx_word' id='word_1_88' title='bbox 1463 1205 1689 1259; x_wconf 84' lang='lat' dir='ltr'><strong>fructum</strong></span> <span class='ocrx_word' id='word_1_89' title='bbox 1746 1202 1840 1258; x_wconf 80' lang='lat' dir='ltr'><strong>tibi</strong></span> 
     </span>
    </p>
   </div>
   <div class='ocr_carea' id='block_1_11' title="bbox 260 1298 1842 1371">
    <p class='ocr_par' dir='ltr' id='par_1_11' title="bbox 260 1298 1842 1371">
     <span class='ocr_line' id='line_1_11' title="bbox 260 1298 1842 1371; baseline -0.004 -17"><span class='ocrx_word' id='word_1_90' title='bbox 260 1302 657 1368; x_wconf 80' lang='lat' dir='ltr'><strong>pacatissimam</strong></span> <span class='ocrx_word' id='word_1_91' title='bbox 688 1301 979 1356; x_wconf 71' lang='lat' dir='ltr'><strong>oﬂ&#39;eramus</strong></span> <span class='ocrx_word' id='word_1_92' title='bbox 1013 1318 1025 1354; x_wconf 89' lang='lat'><strong>:</strong></span> <span class='ocrx_word' id='word_1_93' title='bbox 1057 1310 1146 1369; x_wconf 93' lang='lat' dir='ltr'><strong>ut,</strong></span> <span class='ocrx_word' id='word_1_94' title='bbox 1178 1298 1269 1371; x_wconf 88' lang='lat' dir='ltr'><strong>qui</strong></span> <span class='ocrx_word' id='word_1_95' title='bbox 1297 1300 1363 1354; x_wconf 87' lang='lat' dir='ltr'><strong>ad</strong></span> <span class='ocrx_word' id='word_1_96' title='bbox 1393 1299 1631 1367; x_wconf 78' lang='lat' dir='ltr'><strong>gentium</strong></span> <span class='ocrx_word' id='word_1_97' title='bbox 1686 1312 1842 1350; x_wconf 86' lang='lat' dir='ltr'><strong>voea-</strong></span> 
     </span>
    </p>
   </div>
   <div class='ocr_carea' id='block_1_12' title="bbox 258 1390 1842 1464">
    <p class='ocr_par' dir='ltr' id='par_1_12' title="bbox 258 1390 1842 1464">
     <span class='ocr_line' id='line_1_12' title="bbox 258 1390 1842 1464; baseline -0.004 -17"><span class='ocrx_word' id='word_1_98' title='bbox 258 1393 484 1460; x_wconf 87' lang='lat' dir='ltr'><strong>Iionem,</strong></span> <span class='ocrx_word' id='word_1_99' title='bbox 516 1396 666 1464; x_wconf 87' lang='lat' dir='ltr'><strong>quasi</strong></span> <span class='ocrx_word' id='word_1_100' title='bbox 698 1394 894 1448; x_wconf 83' lang='lat' dir='ltr'><strong>ﬂuvius</strong></span> <span class='ocrx_word' id='word_1_101' title='bbox 926 1393 1209 1458; x_wconf 78' lang='lat' dir='ltr'><strong>violentus,</strong></span> <span class='ocrx_word' id='word_1_102' title='bbox 1244 1391 1552 1455; x_wconf 75' lang='lat' dir='ltr'><strong>occessisti;</strong></span> <span class='ocrx_word' id='word_1_103' title='bbox 1613 1390 1842 1443; x_wconf 84' lang='lat' dir='ltr'><strong>nascitu-</strong></span> 
     </span>
    </p>
   </div>
   <div class='ocr_carea' id='block_1_13' title="bbox 254 1483 1841 1553">
    <p class='ocr_par' dir='ltr' id='par_1_13' title="bbox 254 1483 1841 1553">
     <span class='ocr_line' id='line_1_13' title="bbox 254 1483 1841 1553; baseline -0.003 -14"><span class='ocrx_word' id='word_1_104' title='bbox 254 1500 346 1540; x_wconf 87' lang='lat' dir='ltr'><strong>rus</strong></span> <span class='ocrx_word' id='word_1_105' title='bbox 376 1486 432 1541; x_wconf 88' lang='lat' dir='ltr'><strong>in</strong></span> <span class='ocrx_word' id='word_1_106' title='bbox 483 1487 643 1541; x_wconf 81' lang='lat' dir='ltr'><strong>terris</strong></span> <span class='ocrx_word' id='word_1_107' title='bbox 695 1487 758 1539; x_wconf 84' lang='lat' dir='ltr'><strong>ad</strong></span> <span class='ocrx_word' id='word_1_108' title='bbox 805 1487 1212 1539; x_wconf 58' lang='lat' dir='ltr'><strong>convcrs&#39;énem</strong></span> <span class='ocrx_word' id='word_1_109' title='bbox 1269 1484 1623 1553; x_wconf 75' lang='lat' dir='ltr'><strong>peccantium,</strong></span> <span class='ocrx_word' id='word_1_110' title='bbox 1674 1483 1841 1535; x_wconf 87' lang='lat' dir='ltr'><strong>mani-</strong></span> 
     </span>
    </p>
   </div>
   <div class='ocr_carea' id='block_1_14' title="bbox 253 1576 1844 1647">
    <p class='ocr_par' dir='ltr' id='par_1_14' title="bbox 253 1576 1844 1647">
     <span class='ocr_line' id='line_1_14' title="bbox 253 1576 1844 1647; baseline -0.001 -17"><span class='ocrx_word' id='word_1_111' title='bbox 253 1576 387 1630; x_wconf 84' lang='lat' dir='ltr'><strong>lésta</strong></span> <span class='ocrx_word' id='word_1_112' title='bbox 442 1586 545 1631; x_wconf 71' lang='lat' dir='ltr'><strong>tute</strong></span> <span class='ocrx_word' id='word_1_113' title='bbox 585 1577 771 1647; x_wconf 74' lang='lat' dir='ltr'><strong>gratia:</strong></span> <span class='ocrx_word' id='word_1_114' title='bbox 821 1577 961 1631; x_wconf 88' lang='lat' dir='ltr'><strong>dona</strong></span> <span class='ocrx_word' id='word_1_115' title='bbox 990 1578 1281 1631; x_wconf 86' lang='lat' dir='ltr'><strong>ostendas:</strong></span> <span class='ocrx_word' id='word_1_116' title='bbox 1317 1593 1441 1645; x_wconf 86' lang='lat' dir='ltr'><strong>qtm,</strong></span> <span class='ocrx_word' id='word_1_117' title='bbox 1477 1576 1693 1645; x_wconf 81' lang='lat' dir='ltr'><strong>repulso</strong></span> <span class='ocrx_word' id='word_1_118' title='bbox 1739 1586 1844 1629; x_wconf 90' lang='lat' dir='ltr'><strong>ter-</strong></span> 
     </span>
    </p>
   </div>
   <div class='ocr_carea' id='block_1_15' title="bbox 252 1666 1843 1738">
    <p class='ocr_par' dir='ltr' id='par_1_15' title="bbox 252 1666 1843 1738">
     <span class='ocr_line' id='line_1_15' title="bbox 252 1666 1843 1738; baseline 0.001 -19"><span class='ocrx_word' id='word_1_119' title='bbox 252 1666 374 1725; x_wconf 78' lang='lat' dir='ltr'><strong>rure</strong></span> <span class='ocrx_word' id='word_1_120' title='bbox 403 1668 721 1733; x_wconf 77' lang='lat' dir='ltr'><strong>formidinis,</strong></span> <span class='ocrx_word' id='word_1_121' title='bbox 755 1678 903 1723; x_wconf 86' lang='lat' dir='ltr'><strong>casto</strong></span> <span class='ocrx_word' id='word_1_122' title='bbox 953 1678 1004 1723; x_wconf 89' lang='lat' dir='ltr'><strong>te</strong></span> <span class='ocrx_word' id='word_1_123' title='bbox 1051 1684 1267 1737; x_wconf 84' lang='lat' dir='ltr'><strong>semper</strong></span> <span class='ocrx_word' id='word_1_124' title='bbox 1317 1669 1605 1738; x_wconf 79' lang='lat' dir='ltr'><strong>sequamur</strong></span> <span class='ocrx_word' id='word_1_125' title='bbox 1659 1669 1843 1721; x_wconf 87' lang='lat' dir='ltr'><strong>amurc</strong></span> 
     </span>
    </p>
   </div>
   <div class='ocr_carea' id='block_1_16' title="bbox 250 1755 1156 1826">
    <p class='ocr_par' dir='ltr' id='par_1_16' title="bbox 250 1755 1156 1826">
     <span class='ocr_line' id='line_1_16' title="bbox 250 1755 1156 1826; baseline 0.001 -14"><span class='ocrx_word' id='word_1_126' title='bbox 250 1755 453 1821; x_wconf 75' lang='lat' dir='ltr'><strong>intima:</strong></span> <span class='ocrx_word' id='word_1_127' title='bbox 485 1759 780 1813; x_wconf 73' lang='lat' dir='ltr'><strong>cltaritatis.</strong></span> <span class='ocrx_word' id='word_1_128' title='bbox 830 1760 866 1826; x_wconf 70' lang='lat' dir='ltr'><strong>li)</strong></span> <span class='ocrx_word' id='word_1_129' title='bbox 895 1800 907 1813; x_wconf 94' lang='lat'><strong>.</strong></span> <span class='ocrx_word' id='word_1_130' title='bbox 934 1763 1156 1825; x_wconf 54' lang='lat' dir='ltr'><strong>Amen.</strong></span> 
     </span>
    </p>
   </div>
   <div class='ocr_carea' id='block_1_17' title="bbox 1944 562 3536 638">
    <p class='ocr_par' dir='ltr' id='par_1_17' title="bbox 1944 562 3536 638">
     <span class='ocr_line' id='line_1_17' title="bbox 1944 562 3536 638; baseline 0.002 -19"><span class='ocrx_word' id='word_1_131' title='bbox 1944 564 2132 633; x_wconf 81' lang='lat' dir='ltr'><strong>ipsius.</strong></span> <span class='ocrx_word' id='word_1_132' title='bbox 2164 563 2424 619; x_wconf 74' lang='lat' dir='ltr'><strong>Psalmus.</strong></span> <span class='ocrx_word' id='word_1_133' title='bbox 2452 564 2768 620; x_wconf 55' lang='lat' dir='ltr'><strong>Benedictus</strong></span> <span class='ocrx_word' id='word_1_134' title='bbox 2796 578 2877 631; x_wconf 87' lang='lat' dir='ltr'><strong>es,</strong></span> <span class='ocrx_word' id='word_1_135' title='bbox 2908 562 3132 621; x_wconf 87' lang='lat' dir='ltr'><strong>Domine</strong></span> <span class='ocrx_word' id='word_1_136' title='bbox 3160 565 3299 622; x_wconf 87' lang='lat' dir='ltr'><strong>Deus</strong></span> <span class='ocrx_word' id='word_1_137' title='bbox 3325 574 3536 638; x_wconf 87' lang='lat' dir='ltr'><strong>patrum</strong></span> 
     </span>
    </p>
   </div>
   <div class='ocr_carea' id='block_1_18' title="bbox 1943 654 2739 728">
    <p class='ocr_par' dir='ltr' id='par_1_18' title="bbox 1943 654 2739 728">
     <span class='ocr_line' id='line_1_18' title="bbox 1943 654 2739 728; baseline 0.003 -17"><span class='ocrx_word' id='word_1_138' title='bbox 1943 658 2269 715; x_wconf 84' lang='lat' dir='ltr'><strong>nostrorum.</strong></span> <span class='ocrx_word' id='word_1_139' title='bbox 2309 657 2528 728; x_wconf 81' lang='lat' dir='ltr'><strong>Require</strong></span> <span class='ocrx_word' id='word_1_140' title='bbox 2555 658 2650 725; x_wconf 86' lang='lat' dir='ltr'><strong>fol.</strong></span> <span class='ocrx_word' id='word_1_141' title='bbox 2682 654 2739 714; x_wconf 83' lang='lat'><strong>6.</strong></span> 
     </span>
    </p>
   </div>
   <div class='ocr_carea' id='block_1_19' title="bbox 2017 748 3536 825">
    <p class='ocr_par' dir='ltr' id='par_1_19' title="bbox 2017 748 3536 825">
     <span class='ocr_line' id='line_1_19' title="bbox 2017 748 3536 825; baseline 0.003 -22"><span class='ocrx_word' id='word_1_142' title='bbox 2017 748 2180 806; x_wconf 82' lang='lat' dir='ltr'><strong>Sono.</strong></span> <span class='ocrx_word' id='word_1_143' title='bbox 2214 751 2355 805; x_wconf 88' lang='lat' dir='ltr'><strong>Deus</strong></span> <span class='ocrx_word' id='word_1_144' title='bbox 2383 751 2604 805; x_wconf 73' lang='lat' dir='ltr'><strong>dearum</strong></span> <span class='ocrx_word' id='word_1_145' title='bbox 2630 750 2889 806; x_wconf 87' lang='lat' dir='ltr'><strong>Dominus</strong></span> <span class='ocrx_word' id='word_1_146' title='bbox 2915 751 3124 807; x_wconf 86' lang='lat' dir='ltr'><strong>locutus</strong></span> <span class='ocrx_word' id='word_1_147' title='bbox 3150 761 3232 807; x_wconf 87' lang='lat' dir='ltr'><strong>est</strong></span> <span class='ocrx_word' id='word_1_148' title='bbox 3262 770 3275 805; x_wconf 93' lang='lat'><strong>:</strong></span> <span class='ocrx_word' id='word_1_149' title='bbox 3303 754 3413 825; x_wconf 76' lang='lat'><strong>28</strong></span> <span class='ocrx_word' id='word_1_150' title='bbox 3441 770 3536 807; x_wconf 81' lang='lat' dir='ltr'><strong>vo-</strong></span> 
     </span>
    </p>
   </div>
   <div class='ocr_carea' id='block_1_20' title="bbox 1943 843 3531 915">
    <p class='ocr_par' dir='ltr' id='par_1_20' title="bbox 1943 843 3531 915">
     <span class='ocr_line' id='line_1_20' title="bbox 1943 843 3531 915; baseline 0.003 -19"><span class='ocrx_word' id='word_1_151' title='bbox 1943 843 2086 897; x_wconf 71' lang='lat' dir='ltr'><strong>cAvit</strong></span> <span class='ocrx_word' id='word_1_152' title='bbox 2133 853 2329 897; x_wconf 88' lang='lat' dir='ltr'><strong>terram</strong></span> <span class='ocrx_word' id='word_1_153' title='bbox 2387 860 2452 899; x_wconf 75' lang='lat' dir='ltr'><strong>ex</strong></span> <span class='ocrx_word' id='word_1_154' title='bbox 2496 846 2649 901; x_wconf 85' lang='lat' dir='ltr'><strong>Sion.</strong></span> <span class='ocrx_word' id='word_1_155' title='bbox 2705 845 2768 899; x_wconf 87' lang='lat' dir='ltr'><strong>P.</strong></span> <span class='ocrx_word' id='word_1_156' title='bbox 2824 844 3047 914; x_wconf 85' lang='lat' dir='ltr'><strong>Spécies</strong></span> <span class='ocrx_word' id='word_1_157' title='bbox 3104 844 3315 900; x_wconf 75' lang='lat' dir='ltr'><strong>deceris</strong></span> <span class='ocrx_word' id='word_1_158' title='bbox 3364 846 3531 915; x_wconf 85' lang='lat' dir='ltr'><strong>ejus:</strong></span> 
     </span>
    </p>
   </div>
   <div class='ocr_carea' id='block_1_21' title="bbox 1944 932 3535 1007">
    <p class='ocr_par' dir='ltr' id='par_1_21' title="bbox 1944 932 3535 1007">
     <span class='ocr_line' id='line_1_21' title="bbox 1944 932 3535 1007; baseline 0.005 -21"><span class='ocrx_word' id='word_1_159' title='bbox 1944 932 2191 987; x_wconf 75' lang='lat' dir='ltr'><strong>Alleluia.</strong></span> <span class='ocrx_word' id='word_1_160' title='bbox 2234 935 2307 1000; x_wconf 56' lang='grc' dir='ltr'><strong>ᾗ.</strong></span> <span class='ocrx_word' id='word_1_161' title='bbox 2355 934 2495 989; x_wconf 91' lang='lat' dir='ltr'><strong>Dens</strong></span> <span class='ocrx_word' id='word_1_162' title='bbox 2548 936 2825 992; x_wconf 71' lang='lat' dir='ltr'><strong>manilésné</strong></span> <span class='ocrx_word' id='word_1_163' title='bbox 2872 937 3073 1004; x_wconf 84' lang='lat' dir='ltr'><strong>ve’niet,</strong></span> <span class='ocrx_word' id='word_1_164' title='bbox 3133 938 3274 993; x_wconf 91' lang='lat' dir='ltr'><strong>Deus</strong></span> <span class='ocrx_word' id='word_1_165' title='bbox 3331 948 3535 1007; x_wconf 89' lang='lat' dir='ltr'><strong>noster,</strong></span> 
     </span>
    </p>
   </div>
   <div class='ocr_carea' id='block_1_22' title="bbox 1944 1024 3107 1098">
    <p class='ocr_par' dir='ltr' id='par_1_22' title="bbox 1944 1024 3107 1098">
     <span class='ocr_line' id='line_1_22' title="bbox 1944 1024 3107 1098; baseline 0.006 -21"><span class='ocrx_word' id='word_1_166' title='bbox 1944 1032 1997 1077; x_wconf 88' lang='lat' dir='ltr'><strong>et</strong></span> <span class='ocrx_word' id='word_1_167' title='bbox 2022 1039 2124 1076; x_wconf 87' lang='lat' dir='ltr'><strong>non</strong></span> <span class='ocrx_word' id='word_1_168' title='bbox 2156 1024 2351 1078; x_wconf 77' lang='lat' dir='ltr'><strong>silebit.</strong></span> <span class='ocrx_word' id='word_1_169' title='bbox 2388 1025 2453 1079; x_wconf 82' lang='grc' dir='ltr'><strong>Ρ.</strong></span> <span class='ocrx_word' id='word_1_170' title='bbox 2485 1026 2701 1093; x_wconf 78' lang='lat' dir='ltr'><strong>Species</strong></span> <span class='ocrx_word' id='word_1_171' title='bbox 2728 1028 2939 1083; x_wconf 84' lang='lat' dir='ltr'><strong>decoris</strong></span> <span class='ocrx_word' id='word_1_172' title='bbox 2971 1028 3107 1098; x_wconf 85' lang='lat' dir='ltr'><strong>ejus.</strong></span> 
     </span>
    </p>
   </div>
   <div class='ocr_carea' id='block_1_23' title="bbox 2018 1112 3532 1191">
    <p class='ocr_par' dir='ltr' id='par_1_23' title="bbox 2018 1112 3532 1191">
     <span class='ocr_line' id='line_1_23' title="bbox 2018 1112 3532 1191; baseline 0.007 -27"><span class='ocrx_word' id='word_1_173' title='bbox 2018 1112 2221 1169; x_wconf 80' lang='lat' dir='ltr'><strong>Lauda.</strong></span> <span class='ocrx_word' id='word_1_174' title='bbox 2254 1115 2488 1171; x_wconf 66' lang='lat' dir='ltr'><strong>Laudine</strong></span> <span class='ocrx_word' id='word_1_175' title='bbox 2522 1117 2804 1171; x_wconf 83' lang='lat' dir='ltr'><strong>Dominum</strong></span> <span class='ocrx_word' id='word_1_176' title='bbox 2835 1118 2901 1171; x_wconf 85' lang='lat' dir='ltr'><strong>de</strong></span> <span class='ocrx_word' id='word_1_177' title='bbox 2943 1120 3093 1174; x_wconf 66' lang='lat' dir='ltr'><strong>caelis</strong></span> <span class='ocrx_word' id='word_1_178' title='bbox 3131 1138 3142 1172; x_wconf 90' lang='lat'><strong>:</strong></span> <span class='ocrx_word' id='word_1_179' title='bbox 3177 1119 3409 1175; x_wconf 80' lang='lat' dir='ltr'><strong>alleluia.</strong></span> <span class='ocrx_word' id='word_1_180' title='bbox 3462 1120 3491 1191; x_wconf 54' lang='grc' dir='ltr'><em>ᾗ</em></span> <span class='ocrx_word' id='word_1_181' title='bbox 3520 1161 3532 1175; x_wconf 93' lang='grc'><strong>.</strong></span> 
     </span>
    </p>
   </div>
   <div class='ocr_carea' id='block_1_24' title="bbox 1946 1202 3461 1268">
    <p class='ocr_par' dir='ltr' id='par_1_24' title="bbox 1946 1202 3461 1268">
     <span class='ocr_line' id='line_1_24' title="bbox 1946 1202 3461 1268; baseline 0.005 -9"><span class='ocrx_word' id='word_1_182' title='bbox 1946 1202 2180 1261; x_wconf 74' lang='lat' dir='ltr'><strong>Landate</strong></span> <span class='ocrx_word' id='word_1_183' title='bbox 2204 1223 2325 1261; x_wconf 86' lang='lat' dir='ltr'><strong>eum</strong></span> <span class='ocrx_word' id='word_1_184' title='bbox 2358 1209 2411 1262; x_wconf 92' lang='lat' dir='ltr'><strong>in</strong></span> <span class='ocrx_word' id='word_1_185' title='bbox 2434 1210 2660 1264; x_wconf 77' lang='lat' dir='ltr'><strong>excelsis</strong></span> <span class='ocrx_word' id='word_1_186' title='bbox 2692 1228 2704 1264; x_wconf 93' lang='lat'>:</span> <span class='ocrx_word' id='word_1_187' title='bbox 2734 1210 2968 1265; x_wconf 74' lang='lat' dir='ltr'><strong>alleluia.</strong></span> <span class='ocrx_word' id='word_1_188' title='bbox 3007 1211 3245 1266; x_wconf 75' lang='lat' dir='ltr'><strong>l’salmus</strong></span> <span class='ocrx_word' id='word_1_189' title='bbox 3276 1229 3461 1268; x_wconf 75' lang='lat' dir='ltr'><strong>cunt.</strong></span> 
     </span>
    </p>
   </div>
   <div class='ocr_carea' id='block_1_25' title="bbox 2124 1298 3357 1377">
    <p class='ocr_par' dir='ltr' id='par_1_25' title="bbox 2124 1298 3357 1377">
     <span class='ocr_line' id='line_1_25' title="bbox 2124 1298 3357 1377; baseline 0.007 -27"><span class='ocrx_word' id='word_1_190' title='bbox 2124 1298 2296 1352; x_wconf 82' lang='lat' dir='ltr'><strong>Léctio</strong></span> <span class='ocrx_word' id='word_1_191' title='bbox 2330 1300 2445 1353; x_wconf 81' lang='lat' dir='ltr'><strong>libri</strong></span> <span class='ocrx_word' id='word_1_192' title='bbox 2471 1298 2641 1355; x_wconf 78' lang='lat' dir='ltr'><strong>Esaia:</strong></span> <span class='ocrx_word' id='word_1_193' title='bbox 2672 1299 2948 1371; x_wconf 77' lang='lat' dir='ltr'><strong>PrOpItéttc</strong></span> <span class='ocrx_word' id='word_1_194' title='bbox 2978 1304 2997 1374; x_wconf 90' lang='lat'><strong>(</strong></span> <span class='ocrx_word' id='word_1_195' title='bbox 3023 1304 3148 1373; x_wconf 86' lang='lat' dir='ltr'><strong>Cap.</strong></span> <span class='ocrx_word' id='word_1_196' title='bbox 3184 1320 3291 1359; x_wconf 72' lang='lat'>11.11</span> 
     </span>
    </p>
   </div>
   <div class='ocr_carea' id='block_1_26' title="bbox 2031 1388 2506 1459">
    <p class='ocr_par' dir='ltr' id='par_1_26' title="bbox 2031 1388 2506 1459">
     <span class='ocr_line' id='line_1_26' title="bbox 2031 1388 2506 1459; baseline 0.008 -18"><span class='ocrx_word' id='word_1_197' title='bbox 2031 1388 2066 1455; x_wconf 65' lang='lat' dir='ltr'><strong>ii;</strong></span> <span class='ocrx_word' id='word_1_198' title='bbox 2090 1424 2106 1441; x_wconf 91' lang='lat'><strong>.</strong></span> <span class='ocrx_word' id='word_1_199' title='bbox 2143 1390 2251 1443; x_wconf 91' lang='lat' dir='ltr'><strong>Deo</strong></span> <span class='ocrx_word' id='word_1_200' title='bbox 2283 1390 2506 1459; x_wconf 75' lang='lat' dir='ltr'><strong>grutias.</strong></span> 
     </span>
    </p>
   </div>
   <div class='ocr_carea' id='block_1_27' title="bbox 2015 1478 3535 1554">
    <p class='ocr_par' dir='ltr' id='par_1_27' title="bbox 2015 1478 3535 1554">
     <span class='ocr_line' id='line_1_27' title="bbox 2015 1478 3535 1554; baseline 0.005 -21"><span class='ocrx_word' id='word_1_201' title='bbox 2015 1478 2240 1535; x_wconf 77' lang='lat' dir='ltr'><strong>Cantate</strong></span> <span class='ocrx_word' id='word_1_202' title='bbox 2284 1481 2511 1535; x_wconf 85' lang='lat' dir='ltr'><strong>Domino</strong></span> <span class='ocrx_word' id='word_1_203' title='bbox 2562 1482 2830 1537; x_wconf 72' lang='lat' dir='ltr'><strong>comicum</strong></span> <span class='ocrx_word' id='word_1_204' title='bbox 2881 1501 3095 1552; x_wconf 85' lang='lat' dir='ltr'><strong>novum,</strong></span> <span class='ocrx_word' id='word_1_205' title='bbox 3140 1488 3266 1546; x_wconf 65' lang='lat' dir='ltr'><strong>laus</strong></span> <span class='ocrx_word' id='word_1_206' title='bbox 3321 1486 3435 1554; x_wconf 86' lang='lat' dir='ltr'><strong>ejus</strong></span> <span class='ocrx_word' id='word_1_207' title='bbox 3482 1487 3535 1541; x_wconf 89' lang='lat' dir='ltr'><strong>in</strong></span> 
     </span>
    </p>
   </div>
   <div class='ocr_carea' id='block_1_28' title="bbox 1943 1572 3537 1647">
    <p class='ocr_par' dir='ltr' id='par_1_28' title="bbox 1943 1572 3537 1647">
     <span class='ocr_line' id='line_1_28' title="bbox 1943 1572 3537 1647; baseline 0.004 -21"><span class='ocrx_word' id='word_1_208' title='bbox 1943 1572 2198 1626; x_wconf 77' lang='lat' dir='ltr'><strong>extremis</strong></span> <span class='ocrx_word' id='word_1_209' title='bbox 2230 1583 2385 1626; x_wconf 68' lang='lat' dir='ltr'><strong>terrm</strong></span> <span class='ocrx_word' id='word_1_210' title='bbox 2418 1593 2429 1626; x_wconf 90' lang='lat'>:</span> <span class='ocrx_word' id='word_1_211' title='bbox 2463 1575 2551 1643; x_wconf 87' lang='lat' dir='ltr'><strong>qui</strong></span> <span class='ocrx_word' id='word_1_212' title='bbox 2583 1575 2940 1630; x_wconf 69' lang='lat' dir='ltr'><strong>descendistis</strong></span> <span class='ocrx_word' id='word_1_213' title='bbox 2965 1580 3016 1629; x_wconf 89' lang='lat' dir='ltr'><strong>in</strong></span> <span class='ocrx_word' id='word_1_214' title='bbox 3043 1592 3189 1630; x_wconf 89' lang='lat' dir='ltr'><strong>mare</strong></span> <span class='ocrx_word' id='word_1_215' title='bbox 3215 1617 3231 1643; x_wconf 90' lang='lat'><strong>,</strong></span> <span class='ocrx_word' id='word_1_216' title='bbox 3260 1587 3316 1631; x_wconf 91' lang='lat' dir='ltr'><strong>et</strong></span> <span class='ocrx_word' id='word_1_217' title='bbox 3364 1577 3537 1647; x_wconf 82' lang='lat' dir='ltr'><strong>pleni-</strong></span> 
     </span>
    </p>
   </div>
   <div class='ocr_carea' id='block_1_29' title="bbox 1945 1665 3537 1736">
    <p class='ocr_par' dir='ltr' id='par_1_29' title="bbox 1945 1665 3537 1736">
     <span class='ocr_line' id='line_1_29' title="bbox 1945 1665 3537 1736; baseline 0.004 -18"><span class='ocrx_word' id='word_1_218' title='bbox 1945 1665 2181 1720; x_wconf 83' lang='lat' dir='ltr'><strong>tudinem</strong></span> <span class='ocrx_word' id='word_1_219' title='bbox 2213 1666 2366 1736; x_wconf 72' lang='lat' dir='ltr'><strong>ejus;</strong></span> <span class='ocrx_word' id='word_1_220' title='bbox 2403 1666 2618 1733; x_wconf 69' lang='lat' dir='ltr'><strong>insulae,</strong></span> <span class='ocrx_word' id='word_1_221' title='bbox 2648 1675 2704 1721; x_wconf 89' lang='lat' dir='ltr'><strong>et</strong></span> <span class='ocrx_word' id='word_1_222' title='bbox 2730 1667 3058 1723; x_wconf 85' lang='lat' dir='ltr'><strong>habitatores</strong></span> <span class='ocrx_word' id='word_1_223' title='bbox 3087 1668 3295 1723; x_wconf 80' lang='lat' dir='ltr'><strong>earum.</strong></span> <span class='ocrx_word' id='word_1_224' title='bbox 3346 1668 3537 1724; x_wconf 81' lang='lat' dir='ltr'><strong>Suble-</strong></span> 
     </span>
    </p>
   </div>
   <div class='ocr_carea' id='block_1_30' title="bbox 1945 1758 3536 1829">
    <p class='ocr_par' dir='ltr' id='par_1_30' title="bbox 1945 1758 3536 1829">
     <span class='ocr_line' id='line_1_30' title="bbox 1945 1758 3536 1829; baseline 0.003 -18"><span class='ocrx_word' id='word_1_225' title='bbox 1945 1760 2096 1811; x_wconf 80' lang='lat' dir='ltr'><strong>vétur</strong></span> <span class='ocrx_word' id='word_1_226' title='bbox 2123 1759 2415 1823; x_wconf 73' lang='lat' dir='ltr'><strong>desertum,</strong></span> <span class='ocrx_word' id='word_1_227' title='bbox 2440 1770 2491 1814; x_wconf 90' lang='lat' dir='ltr'><strong>et</strong></span> <span class='ocrx_word' id='word_1_228' title='bbox 2518 1758 2763 1814; x_wconf 76' lang='lat' dir='ltr'><strong>civitutes</strong></span> <span class='ocrx_word' id='word_1_229' title='bbox 2805 1760 2954 1829; x_wconf 71' lang='lat' dir='ltr'><strong>ejus;</strong></span> <span class='ocrx_word' id='word_1_230' title='bbox 3004 1761 3053 1814; x_wconf 92' lang='lat' dir='ltr'><strong>in</strong></span> <span class='ocrx_word' id='word_1_231' title='bbox 3102 1759 3349 1815; x_wconf 86' lang='lat' dir='ltr'><strong>domibus</strong></span> <span class='ocrx_word' id='word_1_232' title='bbox 3383 1761 3536 1815; x_wconf 85' lang='lat' dir='ltr'><strong>habi-</strong></span> 
     </span>
    </p>
   </div>
   <div class='ocr_carea' id='block_1_31' title="bbox 321 1843 3538 1926">
    <p class='ocr_par' dir='ltr' id='par_1_31' title="bbox 321 1843 3538 1926">
     <span class='ocr_line' id='line_1_31' title="bbox 321 1843 3538 1926; baseline 0.002 -25"><span class='ocrx_word' id='word_1_233' title='bbox 321 1850 426 1906; x_wconf 84' lang='lat' dir='ltr'><strong>Per</strong></span> <span class='ocrx_word' id='word_1_234' title='bbox 458 1851 879 1908; x_wconf 72' lang='lat' dir='ltr'><strong>misericérdiam</strong></span> <span class='ocrx_word' id='word_1_235' title='bbox 914 1866 1078 1918; x_wconf 64' lang='lat' dir='ltr'><strong>luam,</strong></span> <span class='ocrx_word' id='word_1_236' title='bbox 1114 1855 1257 1910; x_wconf 81' lang='lat' dir='ltr'><strong>Deus</strong></span> <span class='ocrx_word' id='word_1_237' title='bbox 1284 1862 1490 1923; x_wconf 59' lang='lat' dir='ltr'><strong>noster,</strong></span> <span class='ocrx_word' id='word_1_238' title='bbox 1522 1855 1614 1926; x_wconf 82' lang='lat' dir='ltr'><strong>qui</strong></span> <span class='ocrx_word' id='word_1_239' title='bbox 1658 1871 1717 1911; x_wconf 82' lang='lat' dir='ltr'><strong>es</strong></span> <span class='ocrx_word' id='word_1_240' title='bbox 1752 1857 1845 1911; x_wconf 75' lang='lat' dir='ltr'><strong>be-</strong></span> <span class='ocrx_word' id='word_1_241' title='bbox 1878 1843 1917 1901; x_wconf 79' lang='grc' dir='ltr'><strong>Β</strong></span> <span class='ocrx_word' id='word_1_242' title='bbox 1951 1849 2079 1902; x_wconf 68' lang='grc' dir='ltr'><strong>ιὸὺὶι</strong></span> <span class='ocrx_word' id='word_1_243' title='bbox 2107 1847 2320 1903; x_wconf 88' lang='lat' dir='ltr'><strong>Cedar:</strong></span> <span class='ocrx_word' id='word_1_244' title='bbox 2354 1848 2569 1905; x_wconf 68' lang='lat' dir='ltr'><strong>laudate</strong></span> <span class='ocrx_word' id='word_1_245' title='bbox 2620 1850 2950 1905; x_wconf 77' lang='lat' dir='ltr'><strong>habitatores</strong></span> <span class='ocrx_word' id='word_1_246' title='bbox 2994 1852 3186 1919; x_wconf 67' lang='lat' dir='ltr'><strong>l’etraa,</strong></span> <span class='ocrx_word' id='word_1_247' title='bbox 3215 1852 3281 1906; x_wconf 90' lang='lat' dir='ltr'><strong>de</strong></span> <span class='ocrx_word' id='word_1_248' title='bbox 3336 1852 3538 1909; x_wconf 87' lang='lat' dir='ltr'><strong>vértice</strong></span> 
     </span>
    </p>
   </div>
   <div class='ocr_carea' id='block_1_32' title="bbox 249 1942 1405 2016">
    <p class='ocr_par' dir='ltr' id='par_1_32' title="bbox 249 1942 1405 2016">
     <span class='ocr_line' id='line_1_32' title="bbox 249 1942 1405 2016; baseline 0.003 -20"><span class='ocrx_word' id='word_1_249' title='bbox 249 1942 519 2009; x_wconf 73' lang='lat' dir='ltr'><strong>&quot;edictus,</strong></span> <span class='ocrx_word' id='word_1_250' title='bbox 552 1956 606 2002; x_wconf 92' lang='lat' dir='ltr'><strong>et</strong></span> <span class='ocrx_word' id='word_1_251' title='bbox 633 1946 789 2009; x_wconf 88' lang='lat' dir='ltr'><strong>vivis,</strong></span> <span class='ocrx_word' id='word_1_252' title='bbox 821 1955 877 2001; x_wconf 87' lang='lat' dir='ltr'><strong>et</strong></span> <span class='ocrx_word' id='word_1_253' title='bbox 900 1946 1081 2001; x_wconf 87' lang='lat' dir='ltr'><strong>omnia</strong></span> <span class='ocrx_word' id='word_1_254' title='bbox 1106 1946 1270 2016; x_wconf 79' lang='lat' dir='ltr'><strong>regis,</strong></span> <span class='ocrx_word' id='word_1_255' title='bbox 1300 1956 1405 2002; x_wconf 94' lang='lat' dir='ltr'><strong>etc.</strong></span> 
     </span>
    </p>
   </div>
   <div class='ocr_carea' id='block_1_33' title="bbox 324 2035 1846 2105">
    <p class='ocr_par' dir='ltr' id='par_1_33' title="bbox 324 2035 1846 2105">
     <span class='ocr_line' id='line_1_33' title="bbox 324 2035 1846 2105; baseline 0.002 -17"><span class='ocrx_word' id='word_1_256' title='bbox 324 2036 622 2104; x_wconf 83' lang='lat' dir='ltr'><strong>Antiphona</strong></span> <span class='ocrx_word' id='word_1_257' title='bbox 651 2035 705 2088; x_wconf 80' lang='lat'><strong>5.</strong></span> <span class='ocrx_word' id='word_1_258' title='bbox 733 2036 865 2103; x_wconf 66' lang='lat' dir='ltr'><strong>Quae</strong></span> <span class='ocrx_word' id='word_1_259' title='bbox 898 2038 1065 2105; x_wconf 89' lang='lat' dir='ltr'><strong>prima</strong></span> <span class='ocrx_word' id='word_1_260' title='bbox 1090 2035 1290 2101; x_wconf 81' lang='lat' dir='ltr'><strong>fuerat,</strong></span> <span class='ocrx_word' id='word_1_261' title='bbox 1324 2053 1450 2091; x_wconf 90' lang='lat' dir='ltr'><strong>ecce</strong></span> <span class='ocrx_word' id='word_1_262' title='bbox 1475 2038 1673 2103; x_wconf 75' lang='lat' dir='ltr'><strong>veniet,</strong></span> <span class='ocrx_word' id='word_1_263' title='bbox 1707 2053 1846 2091; x_wconf 86' lang='lat' dir='ltr'><strong>nova</strong></span> 
     </span>
    </p>
   </div>
   <div class='ocr_carea' id='block_1_34' title="bbox 246 2128 1849 2197">
    <p class='ocr_par' dir='ltr' id='par_1_34' title="bbox 246 2128 1849 2197">
     <span class='ocr_line' id='line_1_34' title="bbox 246 2128 1849 2197; baseline 0.002 -17"><span class='ocrx_word' id='word_1_264' title='bbox 246 2129 595 2182; x_wconf 86' lang='lat' dir='ltr'><strong>annunciaus</strong></span> <span class='ocrx_word' id='word_1_265' title='bbox 625 2129 821 2194; x_wconf 82' lang='lat' dir='ltr'><strong>vobis;</strong></span> <span class='ocrx_word' id='word_1_266' title='bbox 855 2128 1140 2197; x_wconf 78' lang='lat' dir='ltr'><strong>unteqnam</strong></span> <span class='ocrx_word' id='word_1_267' title='bbox 1171 2129 1398 2194; x_wconf 57' lang='lat' dir='ltr'><strong>orietur,</strong></span> <span class='ocrx_word' id='word_1_268' title='bbox 1431 2130 1664 2184; x_wconf 75' lang='lat' dir='ltr'><strong>auditam</strong></span> <span class='ocrx_word' id='word_1_269' title='bbox 1699 2130 1849 2183; x_wconf 85' lang='lat' dir='ltr'><strong>vobis</strong></span> 
     </span>
    </p>
   </div>
   <div class='ocr_carea' id='block_1_35' title="bbox 250 2218 1848 2290">
    <p class='ocr_par' dir='ltr' id='par_1_35' title="bbox 250 2218 1848 2290">
     <span class='ocr_line' id='line_1_35' title="bbox 250 2218 1848 2290; baseline 0.003 -19"><span class='ocrx_word' id='word_1_270' title='bbox 250 2218 513 2272; x_wconf 69' lang='lat' dir='ltr'><strong>lucinius.</strong></span> <span class='ocrx_word' id='word_1_271' title='bbox 544 2218 683 2273; x_wconf 87' lang='lat' dir='ltr'><strong>Laus</strong></span> <span class='ocrx_word' id='word_1_272' title='bbox 713 2219 925 2274; x_wconf 80' lang='lat' dir='ltr'><strong>Domini</strong></span> <span class='ocrx_word' id='word_1_273' title='bbox 958 2222 1008 2273; x_wconf 91' lang='lat' dir='ltr'><strong>in</strong></span> <span class='ocrx_word' id='word_1_274' title='bbox 1038 2220 1295 2275; x_wconf 71' lang='lat' dir='ltr'><strong>extremis</strong></span> <span class='ocrx_word' id='word_1_275' title='bbox 1328 2232 1502 2274; x_wconf 75' lang='lat' dir='ltr'><strong>terrm.</strong></span> <span class='ocrx_word' id='word_1_276' title='bbox 1567 2222 1599 2290; x_wconf 67' lang='grc' dir='ltr'><strong>ᾓν</strong></span> <span class='ocrx_word' id='word_1_277' title='bbox 1626 2261 1638 2273; x_wconf 93' lang='grc'><strong>.</strong></span> <span class='ocrx_word' id='word_1_278' title='bbox 1694 2222 1848 2275; x_wconf 67' lang='lat' dir='ltr'><strong>Oriu-</strong></span> 
     </span>
    </p>
   </div>
   <div class='ocr_carea' id='block_1_36' title="bbox 248 2311 1844 2390">
    <p class='ocr_par' dir='ltr' id='par_1_36' title="bbox 248 2311 1844 2390">
     <span class='ocr_line' id='line_1_36' title="bbox 248 2311 1844 2390; baseline 0 -25"><span class='ocrx_word' id='word_1_279' title='bbox 248 2319 337 2365; x_wconf 89' lang='lat' dir='ltr'><strong>tur</strong></span> <span class='ocrx_word' id='word_1_280' title='bbox 368 2314 421 2365; x_wconf 89' lang='lat' dir='ltr'><strong>in</strong></span> <span class='ocrx_word' id='word_1_281' title='bbox 449 2312 642 2366; x_wconf 78' lang='lat' dir='ltr'><strong>diebus</strong></span> <span class='ocrx_word' id='word_1_282' title='bbox 665 2311 779 2390; x_wconf 86' lang='lat' dir='ltr'><strong>ejus</strong></span> <span class='ocrx_word' id='word_1_283' title='bbox 802 2312 1008 2381; x_wconf 86' lang='lat' dir='ltr'><strong>justitia</strong></span> <span class='ocrx_word' id='word_1_284' title='bbox 1058 2324 1111 2367; x_wconf 91' lang='lat' dir='ltr'><strong>et</strong></span> <span class='ocrx_word' id='word_1_285' title='bbox 1156 2311 1485 2365; x_wconf 79' lang='lat' dir='ltr'><strong>abunduntia</strong></span> <span class='ocrx_word' id='word_1_286' title='bbox 1532 2312 1677 2380; x_wconf 80' lang='lat' dir='ltr'><strong>pacis</strong></span> <span class='ocrx_word' id='word_1_287' title='bbox 1700 2352 1714 2374; x_wconf 90' lang='lat'><strong>,</strong></span> <span class='ocrx_word' id='word_1_288' title='bbox 1752 2313 1844 2364; x_wconf 63' lang='lat' dir='ltr'><strong>duo</strong></span> 
     </span>
    </p>
   </div>
   <div class='ocr_carea' id='block_1_37' title="bbox 247 2401 1846 2470">
    <p class='ocr_par' dir='ltr' id='par_1_37' title="bbox 247 2401 1846 2470">
     <span class='ocr_line' id='line_1_37' title="bbox 247 2401 1846 2470; baseline 0 -14"><span class='ocrx_word' id='word_1_289' title='bbox 247 2418 353 2458; x_wconf 86' lang='lat' dir='ltr'><strong>nec</strong></span> <span class='ocrx_word' id='word_1_290' title='bbox 387 2404 681 2458; x_wconf 79' lang='lat' dir='ltr'><strong>extollatur</strong></span> <span class='ocrx_word' id='word_1_291' title='bbox 716 2405 870 2468; x_wconf 90' lang='lat' dir='ltr'><strong>luna;</strong></span> <span class='ocrx_word' id='word_1_292' title='bbox 913 2414 967 2458; x_wconf 92' lang='lat' dir='ltr'><strong>et</strong></span> <span class='ocrx_word' id='word_1_293' title='bbox 1009 2403 1372 2457; x_wconf 72' lang='lat' dir='ltr'><strong>dominohitur</strong></span> <span class='ocrx_word' id='word_1_294' title='bbox 1410 2401 1441 2456; x_wconf 67' lang='grc' dir='ltr'>ὲ</span> <span class='ocrx_word' id='word_1_295' title='bbox 1496 2403 1625 2455; x_wconf 87' lang='lat' dir='ltr'><strong>tnari</strong></span> <span class='ocrx_word' id='word_1_296' title='bbox 1678 2419 1846 2470; x_wconf 82' lang='lat' dir='ltr'><strong>usque</strong></span> 
     </span>
    </p>
   </div>
   <div class='ocr_carea' id='block_1_38' title="bbox 246 2492 1841 2562">
    <p class='ocr_par' dir='ltr' id='par_1_38' title="bbox 246 2492 1841 2562">
     <span class='ocr_line' id='line_1_38' title="bbox 246 2492 1841 2562; baseline -0.001 -16"><span class='ocrx_word' id='word_1_297' title='bbox 246 2494 312 2546; x_wconf 84' lang='lat' dir='ltr'><strong>ad</strong></span> <span class='ocrx_word' id='word_1_298' title='bbox 344 2508 517 2547; x_wconf 87' lang='lat' dir='ltr'><strong>mare.</strong></span> <span class='ocrx_word' id='word_1_299' title='bbox 553 2492 619 2546; x_wconf 84' lang='grc' dir='ltr'><strong>Ρ.</strong></span> <span class='ocrx_word' id='word_1_300' title='bbox 652 2493 789 2547; x_wconf 85' lang='lat' dir='ltr'><strong>Laus</strong></span> <span class='ocrx_word' id='word_1_301' title='bbox 823 2492 1054 2547; x_wconf 90' lang='lat' dir='ltr'><strong>Domini.</strong></span> <span class='ocrx_word' id='word_1_302' title='bbox 1113 2494 1147 2562; x_wconf 58' lang='grc' dir='ltr'><em>ᾖ</em></span> <span class='ocrx_word' id='word_1_303' title='bbox 1173 2533 1186 2547; x_wconf 94' lang='grc'><strong>.</strong></span> <span class='ocrx_word' id='word_1_304' title='bbox 1219 2493 1424 2559; x_wconf 83' lang='lat' dir='ltr'><strong>Gloria,</strong></span> <span class='ocrx_word' id='word_1_305' title='bbox 1459 2502 1510 2546; x_wconf 88' lang='lat' dir='ltr'><strong>et</strong></span> <span class='ocrx_word' id='word_1_306' title='bbox 1543 2492 1711 2545; x_wconf 86' lang='lat' dir='ltr'><strong>huuor</strong></span> <span class='ocrx_word' id='word_1_307' title='bbox 1740 2492 1841 2545; x_wconf 84' lang='lat' dir='ltr'><strong>Pa-</strong></span> 
     </span>
    </p>
   </div>
   <div class='ocr_carea' id='block_1_39' title="bbox 249 2584 992 2652">
    <p class='ocr_par' dir='ltr' id='par_1_39' title="bbox 249 2584 992 2652">
     <span class='ocr_line' id='line_1_39' title="bbox 249 2584 992 2652; baseline -0.003 -13"><span class='ocrx_word' id='word_1_308' title='bbox 249 2586 336 2652; x_wconf 73' lang='lat' dir='ltr'><strong>tri,</strong></span> <span class='ocrx_word' id='word_1_309' title='bbox 364 2595 474 2641; x_wconf 85' lang='lat' dir='ltr'><strong>etc.</strong></span> <span class='ocrx_word' id='word_1_310' title='bbox 501 2584 570 2639; x_wconf 85' lang='grc' dir='ltr'><strong>Ρ.</strong></span> <span class='ocrx_word' id='word_1_311' title='bbox 594 2585 732 2639; x_wconf 87' lang='lat' dir='ltr'><strong>Laus</strong></span> <span class='ocrx_word' id='word_1_312' title='bbox 765 2585 992 2640; x_wconf 84' lang='lat' dir='ltr'><strong>Domini.</strong></span> 
     </span>
    </p>
   </div>
   <div class='ocr_carea' id='block_1_40' title="bbox 319 2678 1842 2746">
    <p class='ocr_par' dir='ltr' id='par_1_40' title="bbox 319 2678 1842 2746">
     <span class='ocr_line' id='line_1_40' title="bbox 319 2678 1842 2746; baseline -0.001 -14"><span class='ocrx_word' id='word_1_313' title='bbox 319 2680 531 2732; x_wconf 74' lang='lat' dir='ltr'><strong>(Initio.</strong></span> <span class='ocrx_word' id='word_1_314' title='bbox 586 2679 729 2733; x_wconf 75' lang='lat' dir='ltr'><strong>Nova</strong></span> <span class='ocrx_word' id='word_1_315' title='bbox 768 2688 822 2733; x_wconf 89' lang='lat' dir='ltr'><strong>et</strong></span> <span class='ocrx_word' id='word_1_316' title='bbox 850 2678 1087 2732; x_wconf 75' lang='lat' dir='ltr'><strong>inaudlta</strong></span> <span class='ocrx_word' id='word_1_317' title='bbox 1118 2689 1263 2745; x_wconf 87' lang='lat' dir='ltr'><strong>sunt,</strong></span> <span class='ocrx_word' id='word_1_318' title='bbox 1293 2678 1541 2744; x_wconf 83' lang='lat' dir='ltr'><strong>Domine,</strong></span> <span class='ocrx_word' id='word_1_319' title='bbox 1570 2693 1687 2746; x_wconf 64' lang='lat' dir='ltr'><strong>qum</strong></span> <span class='ocrx_word' id='word_1_320' title='bbox 1718 2691 1842 2746; x_wconf 87' lang='lat' dir='ltr'><strong>pro-</strong></span> 
     </span>
    </p>
   </div>
   <div class='ocr_carea' id='block_1_41' title="bbox 250 2767 1844 2842">
    <p class='ocr_par' dir='ltr' id='par_1_41' title="bbox 250 2767 1844 2842">
     <span class='ocr_line' id='line_1_41' title="bbox 250 2767 1844 2842; baseline -0.002 -18"><span class='ocrx_word' id='word_1_321' title='bbox 250 2771 496 2842; x_wconf 77' lang='lat' dir='ltr'><strong>pheticus</strong></span> <span class='ocrx_word' id='word_1_322' title='bbox 520 2787 704 2826; x_wconf 82' lang='lat' dir='ltr'><strong>sermo</strong></span> <span class='ocrx_word' id='word_1_323' title='bbox 736 2771 971 2827; x_wconf 87' lang='lat' dir='ltr'><strong>intonuit</strong></span> <span class='ocrx_word' id='word_1_324' title='bbox 995 2774 1197 2826; x_wconf 90' lang='lat' dir='ltr'><strong>mundo</strong></span> <span class='ocrx_word' id='word_1_325' title='bbox 1229 2790 1240 2824; x_wconf 90' lang='lat'>:</span> <span class='ocrx_word' id='word_1_326' title='bbox 1273 2771 1428 2837; x_wconf 63' lang='lat' dir='ltr'><strong>Quod</strong></span> <span class='ocrx_word' id='word_1_327' title='bbox 1452 2786 1590 2825; x_wconf 87' lang='lat' dir='ltr'><strong>novo</strong></span> <span class='ocrx_word' id='word_1_328' title='bbox 1618 2767 1844 2835; x_wconf 70' lang='lat' dir='ltr'><strong>Virginis</strong></span> 
     </span>
    </p>
   </div>
   <div class='ocr_carea' id='block_1_42' title="bbox 254 2862 1842 2932">
    <p class='ocr_par' dir='ltr' id='par_1_42' title="bbox 254 2862 1842 2932">
     <span class='ocr_line' id='line_1_42' title="bbox 254 2862 1842 2932; baseline -0.001 -16"><span class='ocrx_word' id='word_1_329' title='bbox 254 2873 406 2932; x_wconf 84' lang='lat' dir='ltr'><strong>partu</strong></span> <span class='ocrx_word' id='word_1_330' title='bbox 428 2863 658 2918; x_wconf 76' lang='lat' dir='ltr'><strong>salvatio</strong></span> <span class='ocrx_word' id='word_1_331' title='bbox 699 2864 970 2919; x_wconf 79' lang='lat' dir='ltr'><strong>exorietur</strong></span> <span class='ocrx_word' id='word_1_332' title='bbox 1014 2864 1383 2919; x_wconf 74' lang='lat' dir='ltr'><strong>creaturarum</strong></span> <span class='ocrx_word' id='word_1_333' title='bbox 1416 2880 1428 2915; x_wconf 89' lang='lat'><strong>:</strong></span> <span class='ocrx_word' id='word_1_334' title='bbox 1462 2862 1617 2931; x_wconf 88' lang='lat' dir='ltr'><strong>cujus</strong></span> <span class='ocrx_word' id='word_1_335' title='bbox 1668 2863 1842 2916; x_wconf 80' lang='lat' dir='ltr'><strong>admi-</strong></span> 
     </span>
    </p>
   </div>
   <div class='ocr_carea' id='block_1_43' title="bbox 253 2952 1840 3024">
    <p class='ocr_par' dir='ltr' id='par_1_43' title="bbox 253 2952 1840 3024">
     <span class='ocr_line' id='line_1_43' title="bbox 253 2952 1840 3024; baseline -0.001 -16"><span class='ocrx_word' id='word_1_336' title='bbox 253 2953 427 3008; x_wconf 79' lang='lat' dir='ltr'><strong>rabile</strong></span> <span class='ocrx_word' id='word_1_337' title='bbox 454 2954 840 3009; x_wconf 73' lang='lat' dir='ltr'><strong>incarnationis</strong></span> <span class='ocrx_word' id='word_1_338' title='bbox 869 2953 1183 3023; x_wconf 76' lang='lat' dir='ltr'><strong>mysterium</strong></span> <span class='ocrx_word' id='word_1_339' title='bbox 1222 2956 1343 3024; x_wconf 86' lang='lat' dir='ltr'><strong>quia</strong></span> <span class='ocrx_word' id='word_1_340' title='bbox 1368 2953 1559 3008; x_wconf 73' lang='lat' dir='ltr'><strong>devéta</strong></span> <span class='ocrx_word' id='word_1_341' title='bbox 1597 2952 1840 3008; x_wconf 88' lang='lat' dir='ltr'><strong>cordium</strong></span> 
     </span>
    </p>
   </div>
   <div class='ocr_carea' id='block_1_44' title="bbox 257 3043 1840 3115">
    <p class='ocr_par' dir='ltr' id='par_1_44' title="bbox 257 3043 1840 3115">
     <span class='ocr_line' id='line_1_44' title="bbox 257 3043 1840 3115; baseline -0.002 -16"><span class='ocrx_word' id='word_1_342' title='bbox 257 3046 599 3115; x_wconf 82' lang='lat' dir='ltr'><strong>susceptione</strong></span> <span class='ocrx_word' id='word_1_343' title='bbox 628 3043 867 3100; x_wconf 80' lang='lat' dir='ltr'><strong>Ecclesia</strong></span> <span class='ocrx_word' id='word_1_344' title='bbox 895 3045 1123 3114; x_wconf 82' lang='lat' dir='ltr'><strong>suscipit</strong></span> <span class='ocrx_word' id='word_1_345' title='bbox 1146 3044 1481 3111; x_wconf 73' lang='lat' dir='ltr'><strong>laztabunda;</strong></span> <span class='ocrx_word' id='word_1_346' title='bbox 1510 3058 1840 3114; x_wconf 73' lang='lat' dir='ltr'><strong>qumsumus,</strong></span> 
     </span>
    </p>
   </div>
   <div class='ocr_carea' id='block_1_45' title="bbox 266 3136 1837 3206">
    <p class='ocr_par' dir='ltr' id='par_1_45' title="bbox 266 3136 1837 3206">
     <span class='ocr_line' id='line_1_45' title="bbox 266 3136 1837 3206; baseline 0 -16"><span class='ocrx_word' id='word_1_347' title='bbox 266 3147 314 3190; x_wconf 84' lang='lat' dir='ltr'><strong>nt</strong></span> <span class='ocrx_word' id='word_1_348' title='bbox 340 3140 393 3193; x_wconf 86' lang='lat' dir='ltr'><strong>in</strong></span> <span class='ocrx_word' id='word_1_349' title='bbox 431 3137 648 3192; x_wconf 83' lang='lat' dir='ltr'><strong>laudem</strong></span> <span class='ocrx_word' id='word_1_350' title='bbox 679 3137 794 3206; x_wconf 89' lang='lat' dir='ltr'><strong>ejus</strong></span> <span class='ocrx_word' id='word_1_351' title='bbox 818 3148 869 3192; x_wconf 89' lang='lat' dir='ltr'><strong>et</strong></span> <span class='ocrx_word' id='word_1_352' title='bbox 897 3152 1034 3191; x_wconf 87' lang='lat' dir='ltr'><strong>nova</strong></span> <span class='ocrx_word' id='word_1_353' title='bbox 1059 3137 1133 3192; x_wconf 89' lang='lat' dir='ltr'><strong>illi</strong></span> <span class='ocrx_word' id='word_1_354' title='bbox 1156 3136 1365 3192; x_wconf 74' lang='lat' dir='ltr'><strong>cantica</strong></span> <span class='ocrx_word' id='word_1_355' title='bbox 1402 3137 1608 3192; x_wconf 79' lang='lat' dir='ltr'><strong>deferat</strong></span> <span class='ocrx_word' id='word_1_356' title='bbox 1653 3146 1701 3191; x_wconf 87' lang='lat' dir='ltr'><strong>et</strong></span> <span class='ocrx_word' id='word_1_357' title='bbox 1750 3151 1837 3190; x_wconf 88' lang='lat' dir='ltr'><strong>ac-</strong></span> 
     </span>
    </p>
   </div>
   <div class='ocr_carea' id='block_1_46' title="bbox 1949 1946 3538 2017">
    <p class='ocr_par' dir='ltr' id='par_1_46' title="bbox 1949 1946 3538 2017">
     <span class='ocr_line' id='line_1_46' title="bbox 1949 1946 3538 2017; baseline 0.004 -21"><span class='ocrx_word' id='word_1_358' title='bbox 1949 1948 2207 1999; x_wconf 83' lang='lat' dir='ltr'><strong>tuontium</strong></span> <span class='ocrx_word' id='word_1_359' title='bbox 2262 1946 2593 2001; x_wconf 73' lang='lat' dir='ltr'><strong>clamabunt.</strong></span> <span class='ocrx_word' id='word_1_360' title='bbox 2645 1947 2851 2002; x_wconf 86' lang='lat' dir='ltr'><strong>Ponent</strong></span> <span class='ocrx_word' id='word_1_361' title='bbox 2905 1946 3133 2001; x_wconf 86' lang='lat' dir='ltr'><strong>Domino</strong></span> <span class='ocrx_word' id='word_1_362' title='bbox 3182 1946 3427 2017; x_wconf 75' lang='lat' dir='ltr'><strong>gloriam,</strong></span> <span class='ocrx_word' id='word_1_363' title='bbox 3483 1958 3538 2003; x_wconf 88' lang='lat' dir='ltr'><strong>et</strong></span> 
     </span>
    </p>
   </div>
   <div class='ocr_carea' id='block_1_47' title="bbox 1949 2034 3538 2105">
    <p class='ocr_par' dir='ltr' id='par_1_47' title="bbox 1949 2034 3538 2105">
     <span class='ocr_line' id='line_1_47' title="bbox 1949 2034 3538 2105; baseline 0.003 -16"><span class='ocrx_word' id='word_1_364' title='bbox 1949 2035 2161 2089; x_wconf 85' lang='lat' dir='ltr'><strong>laudem</strong></span> <span class='ocrx_word' id='word_1_365' title='bbox 2190 2034 2306 2104; x_wconf 89' lang='lat' dir='ltr'><strong>ejus</strong></span> <span class='ocrx_word' id='word_1_366' title='bbox 2346 2037 2397 2089; x_wconf 90' lang='lat' dir='ltr'><strong>in</strong></span> <span class='ocrx_word' id='word_1_367' title='bbox 2445 2036 2637 2090; x_wconf 88' lang='lat' dir='ltr'><strong>insulis</strong></span> <span class='ocrx_word' id='word_1_368' title='bbox 2687 2038 3033 2093; x_wconf 74' lang='lat' dir='ltr'><strong>nunciurunt.</strong></span> <span class='ocrx_word' id='word_1_369' title='bbox 3086 2036 3367 2105; x_wconf 87' lang='lat' dir='ltr'><strong>Dominus,</strong></span> <span class='ocrx_word' id='word_1_370' title='bbox 3400 2039 3538 2093; x_wconf 88' lang='lat' dir='ltr'><strong>sicut</strong></span> 
     </span>
    </p>
   </div>
   <div class='ocr_carea' id='block_1_48' title="bbox 1951 2124 3541 2198">
    <p class='ocr_par' dir='ltr' id='par_1_48' title="bbox 1951 2124 3541 2198">
     <span class='ocr_line' id='line_1_48' title="bbox 1951 2124 3541 2198; baseline 0.006 -20"><span class='ocrx_word' id='word_1_371' title='bbox 1951 2124 2128 2194; x_wconf 69' lang='lat' dir='ltr'><strong>fartis,</strong></span> <span class='ocrx_word' id='word_1_372' title='bbox 2161 2128 2491 2196; x_wconf 77' lang='lat' dir='ltr'><strong>egredietur,</strong></span> <span class='ocrx_word' id='word_1_373' title='bbox 2520 2130 2659 2183; x_wconf 89' lang='lat' dir='ltr'><strong>sicut</strong></span> <span class='ocrx_word' id='word_1_374' title='bbox 2687 2130 2767 2183; x_wconf 86' lang='lat' dir='ltr'><strong>vir</strong></span> <span class='ocrx_word' id='word_1_375' title='bbox 2810 2130 3079 2198; x_wconf 72' lang='lat' dir='ltr'><strong>prteliator</strong></span> <span class='ocrx_word' id='word_1_376' title='bbox 3127 2131 3407 2185; x_wconf 89' lang='lat' dir='ltr'><strong>suscitavit</strong></span> <span class='ocrx_word' id='word_1_377' title='bbox 3451 2148 3541 2187; x_wconf 84' lang='lat' dir='ltr'><strong>ze-</strong></span> 
     </span>
    </p>
   </div>
   <div class='ocr_carea' id='block_1_49' title="bbox 1952 2218 3540 2291">
    <p class='ocr_par' dir='ltr' id='par_1_49' title="bbox 1952 2218 3540 2291">
     <span class='ocr_line' id='line_1_49' title="bbox 1952 2218 3540 2291; baseline 0.003 -19"><span class='ocrx_word' id='word_1_378' title='bbox 1952 2221 2103 2272; x_wconf 91' lang='lat' dir='ltr'><strong>lum:</strong></span> <span class='ocrx_word' id='word_1_379' title='bbox 2139 2218 2554 2286; x_wconf 77' lang='lat' dir='ltr'><strong>vociferobitur,</strong></span> <span class='ocrx_word' id='word_1_380' title='bbox 2604 2230 2658 2275; x_wconf 90' lang='lat' dir='ltr'><strong>et</strong></span> <span class='ocrx_word' id='word_1_381' title='bbox 2712 2222 2960 2275; x_wconf 74' lang='lat' dir='ltr'><strong>clamabit</strong></span> <span class='ocrx_word' id='word_1_382' title='bbox 3014 2238 3029 2275; x_wconf 90' lang='lat'><strong>:</strong></span> <span class='ocrx_word' id='word_1_383' title='bbox 3080 2237 3242 2291; x_wconf 90' lang='lat' dir='ltr'><strong>super</strong></span> <span class='ocrx_word' id='word_1_384' title='bbox 3295 2222 3540 2277; x_wconf 91' lang='lat' dir='ltr'><strong>inimicos</strong></span> 
     </span>
    </p>
   </div>
   <div class='ocr_carea' id='block_1_50' title="bbox 1950 2312 3537 2384">
    <p class='ocr_par' dir='ltr' id='par_1_50' title="bbox 1950 2312 3537 2384">
     <span class='ocr_line' id='line_1_50' title="bbox 1950 2312 3537 2384; baseline 0.002 -19"><span class='ocrx_word' id='word_1_385' title='bbox 1950 2326 2077 2365; x_wconf 88' lang='lat' dir='ltr'><strong>suos</strong></span> <span class='ocrx_word' id='word_1_386' title='bbox 2106 2312 2517 2366; x_wconf 79' lang='lat' dir='ltr'><strong>confortabitur.</strong></span> <span class='ocrx_word' id='word_1_387' title='bbox 2543 2312 2704 2368; x_wconf 73' lang='lat' dir='ltr'><strong>Tueui</strong></span> <span class='ocrx_word' id='word_1_388' title='bbox 2735 2329 2971 2383; x_wconf 85' lang='lat' dir='ltr'><strong>semper,</strong></span> <span class='ocrx_word' id='word_1_389' title='bbox 3018 2314 3174 2381; x_wconf 91' lang='lat' dir='ltr'><strong>silui,</strong></span> <span class='ocrx_word' id='word_1_390' title='bbox 3214 2315 3420 2384; x_wconf 74' lang='lat' dir='ltr'><strong>patiens</strong></span> <span class='ocrx_word' id='word_1_391' title='bbox 3443 2315 3537 2381; x_wconf 80' lang='lat' dir='ltr'><strong>fui,</strong></span> 
     </span>
    </p>
   </div>
   <div class='ocr_carea' id='block_1_51' title="bbox 1948 2402 3535 2474">
    <p class='ocr_par' dir='ltr' id='par_1_51' title="bbox 1948 2402 3535 2474">
     <span class='ocr_line' id='line_1_51' title="bbox 1948 2402 3535 2474; baseline 0.004 -18"><span class='ocrx_word' id='word_1_392' title='bbox 1948 2405 2085 2457; x_wconf 88' lang='lat' dir='ltr'><strong>sicut</strong></span> <span class='ocrx_word' id='word_1_393' title='bbox 2118 2402 2333 2473; x_wconf 72' lang='lat' dir='ltr'><strong>puriens</strong></span> <span class='ocrx_word' id='word_1_394' title='bbox 2367 2404 2553 2472; x_wconf 79' lang='lat' dir='ltr'><strong>loquar</strong></span> <span class='ocrx_word' id='word_1_395' title='bbox 2587 2421 2602 2460; x_wconf 90' lang='lat'><strong>:</strong></span> <span class='ocrx_word' id='word_1_396' title='bbox 2632 2404 2931 2474; x_wconf 74' lang='lat' dir='ltr'><strong>dissipabo,</strong></span> <span class='ocrx_word' id='word_1_397' title='bbox 2960 2415 3013 2460; x_wconf 92' lang='lat' dir='ltr'><strong>et</strong></span> <span class='ocrx_word' id='word_1_398' title='bbox 3035 2405 3334 2462; x_wconf 83' lang='lat' dir='ltr'><strong>absorbébo</strong></span> <span class='ocrx_word' id='word_1_399' title='bbox 3353 2406 3535 2462; x_wconf 88' lang='lat' dir='ltr'><strong>simul.</strong></span> 
     </span>
    </p>
   </div>
   <div class='ocr_carea' id='block_1_52' title="bbox 1950 2491 3530 2565">
    <p class='ocr_par' dir='ltr' id='par_1_52' title="bbox 1950 2491 3530 2565">
     <span class='ocr_line' id='line_1_52' title="bbox 1950 2491 3530 2565; baseline 0.004 -20"><span class='ocrx_word' id='word_1_400' title='bbox 1950 2491 2209 2547; x_wconf 86' lang='lat' dir='ltr'><strong>Desértos</strong></span> <span class='ocrx_word' id='word_1_401' title='bbox 2240 2492 2428 2547; x_wconf 71' lang='lat' dir='ltr'><strong>iuciam</strong></span> <span class='ocrx_word' id='word_1_402' title='bbox 2462 2502 2692 2559; x_wconf 85' lang='lat' dir='ltr'><strong>montes,</strong></span> <span class='ocrx_word' id='word_1_403' title='bbox 2719 2505 2771 2548; x_wconf 88' lang='lat' dir='ltr'><strong>et</strong></span> <span class='ocrx_word' id='word_1_404' title='bbox 2805 2495 2992 2555; x_wconf 89' lang='lat' dir='ltr'><strong>colles.</strong></span> <span class='ocrx_word' id='word_1_405' title='bbox 3022 2509 3075 2550; x_wconf 89' lang='lat' dir='ltr'><strong>et</strong></span> <span class='ocrx_word' id='word_1_406' title='bbox 3104 2510 3263 2550; x_wconf 88' lang='lat' dir='ltr'><strong>oume</strong></span> <span class='ocrx_word' id='word_1_407' title='bbox 3311 2512 3530 2565; x_wconf 83' lang='lat' dir='ltr'><strong>gramen</strong></span> 
     </span>
    </p>
   </div>
   <div class='ocr_carea' id='block_1_53' title="bbox 1946 2584 3537 2656">
    <p class='ocr_par' dir='ltr' id='par_1_53' title="bbox 1946 2584 3537 2656">
     <span class='ocr_line' id='line_1_53' title="bbox 1946 2584 3537 2656; baseline 0.003 -17"><span class='ocrx_word' id='word_1_408' title='bbox 1946 2584 2131 2639; x_wconf 81' lang='lat' dir='ltr'><strong>eorum</strong></span> <span class='ocrx_word' id='word_1_409' title='bbox 2162 2584 2449 2641; x_wconf 77' lang='lat' dir='ltr'><strong>exsiccabo</strong></span> <span class='ocrx_word' id='word_1_410' title='bbox 2483 2603 2495 2639; x_wconf 87' lang='lat'><strong>:</strong></span> <span class='ocrx_word' id='word_1_411' title='bbox 2529 2597 2581 2643; x_wconf 89' lang='lat' dir='ltr'><strong>et</strong></span> <span class='ocrx_word' id='word_1_412' title='bbox 2607 2600 2799 2656; x_wconf 89' lang='lat' dir='ltr'><strong>ponam</strong></span> <span class='ocrx_word' id='word_1_413' title='bbox 2850 2586 3070 2641; x_wconf 83' lang='lat' dir='ltr'><strong>ﬂumina</strong></span> <span class='ocrx_word' id='word_1_414' title='bbox 3122 2588 3174 2641; x_wconf 90' lang='lat' dir='ltr'><strong>in</strong></span> <span class='ocrx_word' id='word_1_415' title='bbox 3221 2588 3430 2655; x_wconf 85' lang='lat' dir='ltr'><strong>insulis,</strong></span> <span class='ocrx_word' id='word_1_416' title='bbox 3481 2599 3537 2644; x_wconf 87' lang='lat' dir='ltr'><strong>et</strong></span> 
     </span>
    </p>
   </div>
   <div class='ocr_carea' id='block_1_54' title="bbox 1947 2676 3540 2749">
    <p class='ocr_par' dir='ltr' id='par_1_54' title="bbox 1947 2676 3540 2749">
     <span class='ocr_line' id='line_1_54' title="bbox 1947 2676 3540 2749; baseline 0.002 -18"><span class='ocrx_word' id='word_1_417' title='bbox 1947 2678 2199 2748; x_wconf 72' lang='lat' dir='ltr'><strong>stagnare</strong></span> <span class='ocrx_word' id='word_1_418' title='bbox 2230 2676 2446 2731; x_wconf 75' lang='lat' dir='ltr'><strong>faciam.</strong></span> <span class='ocrx_word' id='word_1_419' title='bbox 2494 2679 2557 2732; x_wconf 84' lang='lat' dir='ltr'><strong>Et</strong></span> <span class='ocrx_word' id='word_1_420' title='bbox 2595 2679 2859 2735; x_wconf 85' lang='lat' dir='ltr'><strong>deducam</strong></span> <span class='ocrx_word' id='word_1_421' title='bbox 2902 2694 3073 2733; x_wconf 66' lang='lat' dir='ltr'><strong>cmcos</strong></span> <span class='ocrx_word' id='word_1_422' title='bbox 3104 2680 3155 2733; x_wconf 90' lang='lat' dir='ltr'><strong>in</strong></span> <span class='ocrx_word' id='word_1_423' title='bbox 3187 2682 3350 2743; x_wconf 87' lang='lat' dir='ltr'><strong>viam,</strong></span> <span class='ocrx_word' id='word_1_424' title='bbox 3379 2695 3540 2749; x_wconf 84' lang='lat' dir='ltr'><strong>quam</strong></span> 
     </span>
    </p>
   </div>
   <div class='ocr_carea' id='block_1_55' title="bbox 1948 2767 3542 2842">
    <p class='ocr_par' dir='ltr' id='par_1_55' title="bbox 1948 2767 3542 2842">
     <span class='ocr_line' id='line_1_55' title="bbox 1948 2767 3542 2842; baseline 0.002 -19"><span class='ocrx_word' id='word_1_425' title='bbox 1948 2767 2225 2835; x_wconf 77' lang='lat' dir='ltr'><strong>nesciunt;</strong></span> <span class='ocrx_word' id='word_1_426' title='bbox 2256 2778 2311 2824; x_wconf 92' lang='lat' dir='ltr'><strong>et</strong></span> <span class='ocrx_word' id='word_1_427' title='bbox 2332 2772 2384 2825; x_wconf 91' lang='lat' dir='ltr'><strong>in</strong></span> <span class='ocrx_word' id='word_1_428' title='bbox 2410 2769 2640 2837; x_wconf 86' lang='lat' dir='ltr'><strong>sémitis,</strong></span> <span class='ocrx_word' id='word_1_429' title='bbox 2660 2786 2795 2842; x_wconf 87' lang='lat' dir='ltr'><strong>quas</strong></span> <span class='ocrx_word' id='word_1_430' title='bbox 2824 2770 3234 2842; x_wconf 77' lang='lat' dir='ltr'><strong>ignoravérunt,</strong></span> <span class='ocrx_word' id='word_1_431' title='bbox 3263 2771 3542 2826; x_wconf 75' lang='lat' dir='ltr'><strong>ambulare</strong></span> 
     </span>
    </p>
   </div>
   <div class='ocr_carea' id='block_1_56' title="bbox 1947 2859 2608 2931">
    <p class='ocr_par' dir='ltr' id='par_1_56' title="bbox 1947 2859 2608 2931">
     <span class='ocr_line' id='line_1_56' title="bbox 1947 2859 2608 2931; baseline -0.002 -15"><span class='ocrx_word' id='word_1_432' title='bbox 1947 2876 2040 2916; x_wconf 90' lang='lat' dir='ltr'><strong>eos</strong></span> <span class='ocrx_word' id='word_1_433' title='bbox 2063 2859 2276 2916; x_wconf 75' lang='lat' dir='ltr'><strong>faciam.</strong></span> <span class='ocrx_word' id='word_1_434' title='bbox 2325 2865 2361 2931; x_wconf 81' lang='lat' dir='ltr'><strong>ti,</strong></span> <span class='ocrx_word' id='word_1_435' title='bbox 2385 2901 2398 2915; x_wconf 95' lang='lat'><strong>.</strong></span> <span class='ocrx_word' id='word_1_436' title='bbox 2415 2865 2608 2917; x_wconf 85' lang='lat' dir='ltr'><strong>Amen.</strong></span> 
     </span>
    </p>
   </div>
   <div class='ocr_carea' id='block_1_57' title="bbox 2024 2952 3539 3027">
    <p class='ocr_par' dir='ltr' id='par_1_57' title="bbox 2024 2952 3539 3027">
     <span class='ocr_line' id='line_1_57' title="bbox 2024 2952 3539 3027; baseline 0.001 -20"><span class='ocrx_word' id='word_1_437' title='bbox 2024 2953 2627 3026; x_wconf 77' lang='lat' dir='ltr'><strong>Ilymnus.Cunctt‘&gt;rum</strong></span> <span class='ocrx_word' id='word_1_438' title='bbox 2660 2954 2774 3011; x_wconf 77' lang='lat' dir='ltr'><strong>Rex</strong></span> <span class='ocrx_word' id='word_1_439' title='bbox 2808 2952 3165 3024; x_wconf 87' lang='lat' dir='ltr'><strong>omnipotens.</strong></span> <span class='ocrx_word' id='word_1_440' title='bbox 3188 2953 3539 3027; x_wconf 78' lang='lat' dir='ltr'><strong>Supplicdtio.</strong></span> 
     </span>
    </p>
   </div>
   <div class='ocr_carea' id='block_1_58' title="bbox 1950 3044 3321 3117">
    <p class='ocr_par' dir='ltr' id='par_1_58' title="bbox 1950 3044 3321 3117">
     <span class='ocr_line' id='line_1_58' title="bbox 1950 3044 3321 3117; baseline 0.001 -18"><span class='ocrx_word' id='word_1_441' title='bbox 1950 3044 2177 3101; x_wconf 74' lang='lat' dir='ltr'><strong>Oremus</strong></span> <span class='ocrx_word' id='word_1_442' title='bbox 2206 3046 2620 3113; x_wconf 77' lang='lat' dir='ltr'><strong>Redemptorem</strong></span> <span class='ocrx_word' id='word_1_443' title='bbox 2655 3046 2857 3100; x_wconf 88' lang='lat' dir='ltr'><strong>mundi.</strong></span> <span class='ocrx_word' id='word_1_444' title='bbox 2893 3046 3112 3115; x_wconf 83' lang='lat' dir='ltr'><strong>Require</strong></span> <span class='ocrx_word' id='word_1_445' title='bbox 3139 3048 3233 3117; x_wconf 92' lang='lat' dir='ltr'><strong>fol.</strong></span> <span class='ocrx_word' id='word_1_446' title='bbox 3266 3046 3321 3100; x_wconf 74' lang='grc'><strong>2.</strong></span> 
     </span>
    </p>
   </div>
   <div class='ocr_carea' id='block_1_59' title="bbox 2024 3135 3542 3206">
    <p class='ocr_par' dir='ltr' id='par_1_59' title="bbox 2024 3135 3542 3206">
     <span class='ocr_line' id='line_1_59' title="bbox 2024 3135 3542 3206; baseline -0.001 -15"><span class='ocrx_word' id='word_1_447' title='bbox 2024 3136 2283 3205; x_wconf 81' lang='lat' dir='ltr'><strong>Capitula.</strong></span> <span class='ocrx_word' id='word_1_448' title='bbox 2302 3138 2484 3191; x_wconf 77' lang='lat' dir='ltr'><strong>Excita</strong></span> <span class='ocrx_word' id='word_1_449' title='bbox 2507 3136 2794 3206; x_wconf 88' lang='lat' dir='ltr'><strong>poténtiam</strong></span> <span class='ocrx_word' id='word_1_450' title='bbox 2820 3146 2983 3203; x_wconf 87' lang='lat' dir='ltr'><strong>tuam,</strong></span> <span class='ocrx_word' id='word_1_451' title='bbox 3009 3148 3063 3189; x_wconf 90' lang='lat' dir='ltr'><strong>et</strong></span> <span class='ocrx_word' id='word_1_452' title='bbox 3082 3138 3200 3190; x_wconf 89' lang='lat' dir='ltr'><strong>veni</strong></span> <span class='ocrx_word' id='word_1_453' title='bbox 3220 3137 3284 3190; x_wconf 90' lang='lat' dir='ltr'><strong>ad</strong></span> <span class='ocrx_word' id='word_1_454' title='bbox 3307 3135 3542 3191; x_wconf 73' lang='lat' dir='ltr'><strong>liberum-</strong></span> 
     </span>
    </p>
   </div>
   <div class='ocr_carea' id='block_1_60' title="bbox 266 3206 3542 3299">
    <p class='ocr_par' dir='ltr' id='par_1_60' title="bbox 266 3206 3542 3299">
     <span class='ocr_line' id='line_1_60' title="bbox 266 3206 3542 3299; baseline -0.001 -17"><span class='ocrx_word' id='word_1_455' title='bbox 266 3230 447 3299; x_wconf 81' lang='lat' dir='ltr'><strong>cépta;</strong></span> <span class='ocrx_word' id='word_1_456' title='bbox 482 3242 558 3296; x_wconf 90' lang='lat' dir='ltr'><strong>ut,</strong></span> <span class='ocrx_word' id='word_1_457' title='bbox 590 3231 743 3298; x_wconf 79' lang='lat' dir='ltr'><strong>cujus</strong></span> <span class='ocrx_word' id='word_1_458' title='bbox 773 3230 886 3284; x_wconf 92' lang='lat' dir='ltr'><strong>laus</strong></span> <span class='ocrx_word' id='word_1_459' title='bbox 916 3231 984 3284; x_wconf 88' lang='lat' dir='ltr'><strong>ab</strong></span> <span class='ocrx_word' id='word_1_460' title='bbox 1010 3231 1273 3284; x_wconf 78' lang='lat' dir='ltr'><strong>extremis</strong></span> <span class='ocrx_word' id='word_1_461' title='bbox 1320 3239 1478 3283; x_wconf 80' lang='lat' dir='ltr'><strong>terra:</strong></span> <span class='ocrx_word' id='word_1_462' title='bbox 1519 3229 1840 3291; x_wconf 81' lang='lat' dir='ltr'><strong>concinitur,</strong></span> <span class='ocrx_word' id='word_1_463' title='bbox 1872 3206 1917 3266; x_wconf 66' lang='grc' dir='ltr'>Ο</span> <span class='ocrx_word' id='word_1_464' title='bbox 1952 3231 2077 3284; x_wconf 89' lang='lat' dir='ltr'><strong>dum</strong></span> <span class='ocrx_word' id='word_1_465' title='bbox 2107 3246 2226 3296; x_wconf 90' lang='lat' dir='ltr'><strong>nos,</strong></span> <span class='ocrx_word' id='word_1_466' title='bbox 2263 3230 2487 3284; x_wconf 86' lang='lat' dir='ltr'><strong>Domine</strong></span> <span class='ocrx_word' id='word_1_467' title='bbox 2534 3228 2706 3293; x_wconf 90' lang='lat' dir='ltr'><strong>Deus;</strong></span> <span class='ocrx_word' id='word_1_468' title='bbox 2749 3237 2824 3293; x_wconf 82' lang='lat' dir='ltr'><strong>ut,</strong></span> <span class='ocrx_word' id='word_1_469' title='bbox 2879 3228 3132 3298; x_wconf 85' lang='lat' dir='ltr'><strong>quoniam</strong></span> <span class='ocrx_word' id='word_1_470' title='bbox 3188 3229 3542 3297; x_wconf 88' lang='lat' dir='ltr'><strong>opprimimur</strong></span> 
     </span>
    </p>
   </div>
   <div class='ocr_carea' id='block_1_61' title="bbox 263 3319 1840 3390">
    <p class='ocr_par' dir='ltr' id='par_1_61' title="bbox 263 3319 1840 3390">
     <span class='ocr_line' id='line_1_61' title="bbox 263 3319 1840 3390; baseline -0.001 -16"><span class='ocrx_word' id='word_1_471' title='bbox 263 3322 375 3390; x_wconf 83' lang='lat' dir='ltr'><strong>ejus</strong></span> <span class='ocrx_word' id='word_1_472' title='bbox 400 3322 649 3376; x_wconf 89' lang='lat' dir='ltr'><strong>voluntas</strong></span> <span class='ocrx_word' id='word_1_473' title='bbox 678 3322 729 3376; x_wconf 92' lang='lat' dir='ltr'><strong>in</strong></span> <span class='ocrx_word' id='word_1_474' title='bbox 764 3331 873 3375; x_wconf 88' lang='lat' dir='ltr'><strong>toto</strong></span> <span class='ocrx_word' id='word_1_475' title='bbox 912 3320 1113 3375; x_wconf 83' lang='lat' dir='ltr'><strong>mundo</strong></span> <span class='ocrx_word' id='word_1_476' title='bbox 1160 3321 1189 3374; x_wconf 76' lang='lat' dir='ltr'><strong>ii</strong></span> <span class='ocrx_word' id='word_1_477' title='bbox 1240 3320 1486 3375; x_wconf 83' lang='lat' dir='ltr'><strong>lidélibus</strong></span> <span class='ocrx_word' id='word_1_478' title='bbox 1535 3319 1840 3390; x_wconf 77' lang='lat' dir='ltr'><strong>impleatur.</strong></span> 
     </span>
    </p>
   </div>
   <div class='ocr_carea' id='block_1_62' title="bbox 283 3412 568 3478">
    <p class='ocr_par' dir='ltr' id='par_1_62' title="bbox 283 3412 568 3478">
     <span class='ocr_line' id='line_1_62' title="bbox 283 3412 568 3478; baseline 0.004 -14"><span class='ocrx_word' id='word_1_479' title='bbox 283 3412 353 3478; x_wconf 58' lang='grc' dir='ltr'><strong>ἡ.</strong></span> <span class='ocrx_word' id='word_1_480' title='bbox 382 3417 568 3467; x_wconf 70' lang='lat' dir='ltr'><strong>Amen.</strong></span> 
     </span>
    </p>
   </div>
   <div class='ocr_carea' id='block_1_63' title="bbox 343 3505 1627 3570">
    <p class='ocr_par' dir='ltr' id='par_1_63' title="bbox 343 3505 1627 3570">
     <span class='ocr_line' id='line_1_63' title="bbox 343 3505 1627 3570; baseline -0.002 -10"><span class='ocrx_word' id='word_1_481' title='bbox 343 3505 443 3560; x_wconf 83' lang='lat' dir='ltr'><strong>Per</strong></span> <span class='ocrx_word' id='word_1_482' title='bbox 474 3506 886 3560; x_wconf 54' lang='lat' dir='ltr'><strong>miserieirdiam</strong></span> <span class='ocrx_word' id='word_1_483' title='bbox 920 3516 1082 3570; x_wconf 86' lang='lat' dir='ltr'><strong>luam,</strong></span> <span class='ocrx_word' id='word_1_484' title='bbox 1115 3506 1254 3560; x_wconf 89' lang='lat' dir='ltr'><strong>Deus</strong></span> <span class='ocrx_word' id='word_1_485' title='bbox 1283 3516 1484 3569; x_wconf 83' lang='lat' dir='ltr'><strong>noster,</strong></span> <span class='ocrx_word' id='word_1_486' title='bbox 1527 3516 1627 3560; x_wconf 87' lang='lat' dir='ltr'><strong>etc.</strong></span> 
     </span>
    </p>
   </div>
   <div class='ocr_carea' id='block_1_64' title="bbox 354 3596 1848 3669">
    <p class='ocr_par' dir='ltr' id='par_1_64' title="bbox 354 3596 1848 3669">
     <span class='ocr_line' id='line_1_64' title="bbox 354 3596 1848 3669; baseline 0.001 -18"><span class='ocrx_word' id='word_1_487' title='bbox 354 3598 387 3665; x_wconf 67' lang='grc' dir='ltr'>ιξ</span> <span class='ocrx_word' id='word_1_488' title='bbox 412 3638 425 3651; x_wconf 93' lang='grc'><strong>.</strong></span> <span class='ocrx_word' id='word_1_489' title='bbox 458 3598 707 3653; x_wconf 81' lang='lat' dir='ltr'><strong>Durninus</strong></span> <span class='ocrx_word' id='word_1_490' title='bbox 723 3599 1064 3669; x_wconf 88' lang='lat' dir='ltr'><strong>omnipotens</strong></span> <span class='ocrx_word' id='word_1_491' title='bbox 1078 3598 1357 3653; x_wconf 76' lang='lat' dir='ltr'><strong>suscitabit</strong></span> <span class='ocrx_word' id='word_1_492' title='bbox 1378 3596 1532 3652; x_wconf 86' lang='lat' dir='ltr'><strong>nobis</strong></span> <span class='ocrx_word' id='word_1_493' title='bbox 1553 3598 1618 3651; x_wconf 86' lang='lat' dir='ltr'><strong>ab</strong></span> <span class='ocrx_word' id='word_1_494' title='bbox 1640 3598 1848 3652; x_wconf 77' lang='lat' dir='ltr'><strong>oriente</strong></span> 
     </span>
    </p>
   </div>
   <div class='ocr_carea' id='block_1_65' title="bbox 268 3690 1844 3762">
    <p class='ocr_par' dir='ltr' id='par_1_65' title="bbox 268 3690 1844 3762">
     <span class='ocr_line' id='line_1_65' title="bbox 268 3690 1844 3762; baseline 0.003 -23"><span class='ocrx_word' id='word_1_495' title='bbox 268 3690 560 3759; x_wconf 84' lang='lat' dir='ltr'><strong>principem</strong></span> <span class='ocrx_word' id='word_1_496' title='bbox 596 3708 870 3762; x_wconf 80' lang='lat' dir='ltr'><strong>magnum,</strong></span> <span class='ocrx_word' id='word_1_497' title='bbox 902 3702 956 3745; x_wconf 87' lang='lat' dir='ltr'><strong>et</strong></span> <span class='ocrx_word' id='word_1_498' title='bbox 1006 3691 1283 3746; x_wconf 80' lang='lat' dir='ltr'><strong>vocabitur</strong></span> <span class='ocrx_word' id='word_1_499' title='bbox 1329 3707 1524 3744; x_wconf 85' lang='lat' dir='ltr'><strong>nomen</strong></span> <span class='ocrx_word' id='word_1_500' title='bbox 1566 3692 1682 3760; x_wconf 83' lang='lat' dir='ltr'><strong>ejus</strong></span> <span class='ocrx_word' id='word_1_501' title='bbox 1739 3690 1844 3744; x_wconf 72' lang='lat' dir='ltr'><strong>lte-</strong></span> 
     </span>
    </p>
   </div>
   <div class='ocr_carea' id='block_1_66' title="bbox 267 3782 1844 3854">
    <p class='ocr_par' dir='ltr' id='par_1_66' title="bbox 267 3782 1844 3854">
     <span class='ocr_line' id='line_1_66' title="bbox 267 3782 1844 3854; baseline 0.001 -18"><span class='ocrx_word' id='word_1_502' title='bbox 267 3782 507 3853; x_wconf 81' lang='lat' dir='ltr'><strong>démptor</strong></span> <span class='ocrx_word' id='word_1_503' title='bbox 555 3784 739 3838; x_wconf 79' lang='lat' dir='ltr'><strong>ottiuiu</strong></span> <span class='ocrx_word' id='word_1_504' title='bbox 766 3806 819 3849; x_wconf 84' lang='grc' dir='ltr'>ιι,</span> <span class='ocrx_word' id='word_1_505' title='bbox 868 3794 924 3839; x_wconf 89' lang='lat' dir='ltr'><strong>et</strong></span> <span class='ocrx_word' id='word_1_506' title='bbox 972 3784 1084 3854; x_wconf 86' lang='lat' dir='ltr'><strong>ipse</strong></span> <span class='ocrx_word' id='word_1_507' title='bbox 1127 3787 1330 3839; x_wconf 87' lang='lat' dir='ltr'><strong>salvum</strong></span> <span class='ocrx_word' id='word_1_508' title='bbox 1381 3784 1544 3838; x_wconf 75' lang='lat' dir='ltr'><strong>faciet</strong></span> <span class='ocrx_word' id='word_1_509' title='bbox 1590 3783 1844 3854; x_wconf 85' lang='lat' dir='ltr'><strong>pupulum</strong></span> 
     </span>
    </p>
   </div>
   <div class='ocr_carea' id='block_1_67' title="bbox 264 3877 1845 3946">
    <p class='ocr_par' dir='ltr' id='par_1_67' title="bbox 264 3877 1845 3946">
     <span class='ocr_line' id='line_1_67' title="bbox 264 3877 1845 3946; baseline -0.003 -16"><span class='ocrx_word' id='word_1_510' title='bbox 264 3893 409 3930; x_wconf 88' lang='lat' dir='ltr'><strong>suum</strong></span> <span class='ocrx_word' id='word_1_511' title='bbox 446 3877 476 3930; x_wconf 77' lang='grc' dir='ltr'>ἐι</span> <span class='ocrx_word' id='word_1_512' title='bbox 505 3877 737 3946; x_wconf 69' lang='lat' dir='ltr'><strong>peccatis</strong></span> <span class='ocrx_word' id='word_1_513' title='bbox 768 3878 976 3932; x_wconf 74' lang='lat' dir='ltr'><strong>cot‘um.</strong></span> <span class='ocrx_word' id='word_1_514' title='bbox 1131 3878 1358 3943; x_wconf 79' lang='lat' dir='ltr'><strong>Audite,</strong></span> <span class='ocrx_word' id='word_1_515' title='bbox 1408 3878 1598 3932; x_wconf 89' lang='lat' dir='ltr'><strong>domus</strong></span> <span class='ocrx_word' id='word_1_516' title='bbox 1656 3877 1845 3943; x_wconf 78' lang='lat' dir='ltr'><strong>Davitl,</strong></span> 
     </span>
    </p>
   </div>
   <div class='ocr_carea' id='block_1_68' title="bbox 262 3968 1846 4041">
    <p class='ocr_par' dir='ltr' id='par_1_68' title="bbox 262 3968 1846 4041">
     <span class='ocr_line' id='line_1_68' title="bbox 262 3968 1846 4041; baseline 0.002 -21"><span class='ocrx_word' id='word_1_517' title='bbox 262 3968 521 4029; x_wconf 85' lang='lat' dir='ltr'><strong>Dominus</strong></span> <span class='ocrx_word' id='word_1_518' title='bbox 559 3971 703 4023; x_wconf 87' lang='lat' dir='ltr'><strong>dabit</strong></span> <span class='ocrx_word' id='word_1_519' title='bbox 754 3970 901 4024; x_wconf 89' lang='lat' dir='ltr'><strong>vobis</strong></span> <span class='ocrx_word' id='word_1_520' title='bbox 944 3971 1152 4039; x_wconf 79' lang='lat' dir='ltr'><strong>signum</strong></span> <span class='ocrx_word' id='word_1_521' title='bbox 1218 3989 1232 4026; x_wconf 92' lang='lat'><strong>:</strong></span> <span class='ocrx_word' id='word_1_522' title='bbox 1284 3972 1425 4026; x_wconf 87' lang='lat' dir='ltr'><strong>Ecce</strong></span> <span class='ocrx_word' id='word_1_523' title='bbox 1472 3974 1623 4041; x_wconf 81' lang='lat' dir='ltr'><strong>virgo</strong></span> <span class='ocrx_word' id='word_1_524' title='bbox 1668 3971 1846 4025; x_wconf 77' lang='lat' dir='ltr'><strong>cauci-</strong></span> 
     </span>
    </p>
   </div>
   <div class='ocr_carea' id='block_1_69' title="bbox 262 4062 1847 4134">
    <p class='ocr_par' dir='ltr' id='par_1_69' title="bbox 262 4062 1847 4134">
     <span class='ocr_line' id='line_1_69' title="bbox 262 4062 1847 4134; baseline 0.002 -18"><span class='ocrx_word' id='word_1_525' title='bbox 262 4064 387 4133; x_wconf 82' lang='lat' dir='ltr'><strong>piet,</strong></span> <span class='ocrx_word' id='word_1_526' title='bbox 422 4075 475 4118; x_wconf 88' lang='lat' dir='ltr'><strong>et</strong></span> <span class='ocrx_word' id='word_1_527' title='bbox 506 4062 677 4132; x_wconf 73' lang='lat' dir='ltr'><strong>pariet</strong></span> <span class='ocrx_word' id='word_1_528' title='bbox 703 4064 891 4119; x_wconf 86' lang='lat' dir='ltr'><strong>lilium.</strong></span> <span class='ocrx_word' id='word_1_529' title='bbox 927 4062 994 4117; x_wconf 80' lang='grc' dir='ltr'><strong>Ρ.</strong></span> <span class='ocrx_word' id='word_1_530' title='bbox 1024 4066 1086 4117; x_wconf 69' lang='lat' dir='ltr'><strong>lit</strong></span> <span class='ocrx_word' id='word_1_531' title='bbox 1112 4065 1408 4119; x_wconf 76' lang='lat' dir='ltr'><strong>vocabitur.</strong></span> <span class='ocrx_word' id='word_1_532' title='bbox 1456 4066 1487 4134; x_wconf 64' lang='grc' dir='ltr'><strong>ᾖ*</strong></span> <span class='ocrx_word' id='word_1_533' title='bbox 1514 4104 1527 4117; x_wconf 95' lang='grc'><strong>.</strong></span> <span class='ocrx_word' id='word_1_534' title='bbox 1557 4065 1759 4131; x_wconf 78' lang='lat' dir='ltr'><strong>G;ori.t,</strong></span> <span class='ocrx_word' id='word_1_535' title='bbox 1795 4074 1847 4119; x_wconf 90' lang='lat' dir='ltr'><strong>ct</strong></span> 
     </span>
    </p>
   </div>
   <div class='ocr_carea' id='block_1_70' title="bbox 262 4156 1849 4227">
    <p class='ocr_par' dir='ltr' id='par_1_70' title="bbox 262 4156 1849 4227">
     <span class='ocr_line' id='line_1_70' title="bbox 262 4156 1849 4227; baseline 0.001 -18"><span class='ocrx_word' id='word_1_536' title='bbox 262 4156 431 4211; x_wconf 84' lang='lat' dir='ltr'><strong>honor</strong></span> <span class='ocrx_word' id='word_1_537' title='bbox 455 4156 621 4221; x_wconf 80' lang='lat' dir='ltr'><strong>Patri,</strong></span> <span class='ocrx_word' id='word_1_538' title='bbox 656 4169 709 4211; x_wconf 87' lang='lat' dir='ltr'><strong>et</strong></span> <span class='ocrx_word' id='word_1_539' title='bbox 740 4157 891 4212; x_wconf 81' lang='lat' dir='ltr'><strong>Filio.</strong></span> <span class='ocrx_word' id='word_1_540' title='bbox 924 4158 1211 4212; x_wconf 82' lang='lat' dir='ltr'><strong>lleiterétur</strong></span> <span class='ocrx_word' id='word_1_541' title='bbox 1253 4157 1290 4227; x_wconf 60' lang='grc' dir='ltr'>ιῆ</span> <span class='ocrx_word' id='word_1_542' title='bbox 1313 4196 1326 4211; x_wconf 93' lang='grc'><strong>.</strong></span> <span class='ocrx_word' id='word_1_543' title='bbox 1373 4158 1629 4212; x_wconf 75' lang='lat' dir='ltr'><strong>Dominus</strong></span> <span class='ocrx_word' id='word_1_544' title='bbox 1675 4157 1849 4211; x_wconf 86' lang='lat' dir='ltr'><strong>omni-</strong></span> 
     </span>
    </p>
   </div>
   <div class='ocr_carea' id='block_1_71' title="bbox 263 4251 778 4328">
    <p class='ocr_par' dir='ltr' id='par_1_71' title="bbox 263 4251 778 4328">
     <span class='ocr_line' id='line_1_71' title="bbox 263 4251 778 4328; baseline 0.002 -25"><span class='ocrx_word' id='word_1_545' title='bbox 263 4259 453 4328; x_wconf 82' lang='lat' dir='ltr'><strong>potens</strong></span> <span class='ocrx_word' id='word_1_546' title='bbox 474 4251 778 4304; x_wconf 70' lang='lat' dir='ltr'><strong>suscrtahit.</strong></span> 
     </span>
    </p>
   </div>
   <div class='ocr_carea' id='block_1_72' title="bbox 334 4341 1850 4416">
    <p class='ocr_par' dir='ltr' id='par_1_72' title="bbox 334 4341 1850 4416">
     <span class='ocr_line' id='line_1_72' title="bbox 334 4341 1850 4416; baseline 0.001 -18"><span class='ocrx_word' id='word_1_547' title='bbox 334 4341 543 4399; x_wconf 60' lang='lat' dir='ltr'><strong>Glitio.</strong></span> <span class='ocrx_word' id='word_1_548' title='bbox 590 4348 728 4399; x_wconf 87' lang='lat' dir='ltr'><strong>Deus</strong></span> <span class='ocrx_word' id='word_1_549' title='bbox 774 4346 932 4400; x_wconf 84' lang='lat' dir='ltr'><strong>Pater</strong></span> <span class='ocrx_word' id='word_1_550' title='bbox 977 4346 1339 4416; x_wconf 89' lang='lat' dir='ltr'><strong>omnipotens,</strong></span> <span class='ocrx_word' id='word_1_551' title='bbox 1373 4344 1462 4415; x_wconf 89' lang='lat' dir='ltr'><strong>qui</strong></span> <span class='ocrx_word' id='word_1_552' title='bbox 1514 4345 1582 4401; x_wconf 90' lang='lat' dir='ltr'><strong>ab</strong></span> <span class='ocrx_word' id='word_1_553' title='bbox 1631 4343 1850 4400; x_wconf 82' lang='lat' dir='ltr'><strong>Oriéntc</strong></span> 
     </span>
    </p>
   </div>
   <div class='ocr_carea' id='block_1_73' title="bbox 257 4438 1851 4510">
    <p class='ocr_par' dir='ltr' id='par_1_73' title="bbox 257 4438 1851 4510">
     <span class='ocr_line' id='line_1_73' title="bbox 257 4438 1851 4510; baseline -0.001 -17"><span class='ocrx_word' id='word_1_554' title='bbox 257 4438 558 4510; x_wconf 78' lang='lat' dir='ltr'><strong>principem</strong></span> <span class='ocrx_word' id='word_1_555' title='bbox 589 4456 837 4510; x_wconf 82' lang='lat' dir='ltr'><strong>maguum</strong></span> <span class='ocrx_word' id='word_1_556' title='bbox 868 4440 1177 4507; x_wconf 76' lang='lat' dir='ltr'><strong>exuscitas;</strong></span> <span class='ocrx_word' id='word_1_557' title='bbox 1211 4441 1275 4495; x_wconf 88' lang='lat' dir='ltr'><strong>da</strong></span> <span class='ocrx_word' id='word_1_558' title='bbox 1310 4441 1483 4505; x_wconf 87' lang='lat' dir='ltr'><strong>nobis,</strong></span> <span class='ocrx_word' id='word_1_559' title='bbox 1514 4448 1573 4493; x_wconf 89' lang='lat' dir='ltr'><strong>ut</strong></span> <span class='ocrx_word' id='word_1_560' title='bbox 1593 4440 1708 4508; x_wconf 66' lang='lat' dir='ltr'><strong>ejus</strong></span> <span class='ocrx_word' id='word_1_561' title='bbox 1735 4455 1851 4492; x_wconf 65' lang='lat' dir='ltr'><strong>amo</strong></span> 
     </span>
    </p>
   </div>
   <div class='ocr_carea' id='block_1_74' title="bbox 262 4531 1848 4601">
    <p class='ocr_par' dir='ltr' id='par_1_74' title="bbox 262 4531 1848 4601">
     <span class='ocr_line' id='line_1_74' title="bbox 262 4531 1848 4601; baseline 0.003 -19"><span class='ocrx_word' id='word_1_562' title='bbox 262 4531 444 4599; x_wconf 78' lang='lat' dir='ltr'><strong>ple&#39;xu,</strong></span> <span class='ocrx_word' id='word_1_563' title='bbox 477 4547 634 4600; x_wconf 81' lang='lat' dir='ltr'><strong>quem</strong></span> <span class='ocrx_word' id='word_1_564' title='bbox 668 4532 731 4586; x_wconf 84' lang='lat' dir='ltr'><strong>ad</strong></span> <span class='ocrx_word' id='word_1_565' title='bbox 765 4534 1185 4601; x_wconf 79' lang='lat' dir='ltr'><strong>redemptionem</strong></span> <span class='ocrx_word' id='word_1_566' title='bbox 1234 4545 1469 4588; x_wconf 73' lang='lat' dir='ltr'><strong>nostram</strong></span> <span class='ocrx_word' id='word_1_567' title='bbox 1512 4534 1702 4588; x_wconf 77' lang='lat' dir='ltr'><strong>misiSIi</strong></span> <span class='ocrx_word' id='word_1_568' title='bbox 1740 4534 1848 4587; x_wconf 84' lang='lat' dir='ltr'><strong>sal-</strong></span> 
     </span>
    </p>
   </div>
   <div class='ocr_carea' id='block_1_75' title="bbox 1955 3318 3541 3384">
    <p class='ocr_par' dir='ltr' id='par_1_75' title="bbox 1955 3318 3541 3384">
     <span class='ocr_line' id='line_1_75' title="bbox 1955 3318 3541 3384; baseline -0.004 -5"><span class='ocrx_word' id='word_1_569' title='bbox 1955 3324 2254 3379; x_wconf 88' lang='lat' dir='ltr'><strong>tnrbinibns</strong></span> <span class='ocrx_word' id='word_1_570' title='bbox 2283 3324 2667 3384; x_wconf 84' lang='lat' dir='ltr'><strong>tentatiunum,</strong></span> <span class='ocrx_word' id='word_1_571' title='bbox 2697 3323 2909 3374; x_wconf 85' lang='lat' dir='ltr'><strong>virtutis</strong></span> <span class='ocrx_word' id='word_1_572' title='bbox 2941 3330 3041 3372; x_wconf 81' lang='lat' dir='ltr'><strong>tua:</strong></span> <span class='ocrx_word' id='word_1_573' title='bbox 3067 3318 3274 3373; x_wconf 74' lang='lat' dir='ltr'><strong>auxilio</strong></span> <span class='ocrx_word' id='word_1_574' title='bbox 3295 3319 3541 3373; x_wconf 73' lang='lat' dir='ltr'><strong>subleve-</strong></span> 
     </span>
    </p>
   </div>
   <div class='ocr_carea' id='block_1_76' title="bbox 1952 3408 3538 3481">
    <p class='ocr_par' dir='ltr' id='par_1_76' title="bbox 1952 3408 3538 3481">
     <span class='ocr_line' id='line_1_76' title="bbox 1952 3408 3538 3481; baseline -0.004 -13"><span class='ocrx_word' id='word_1_575' title='bbox 1952 3430 2112 3469; x_wconf 78' lang='lat' dir='ltr'><strong>mnr:</strong></span> <span class='ocrx_word' id='word_1_576' title='bbox 2142 3429 2240 3467; x_wconf 91' lang='lat' dir='ltr'><strong>nec</strong></span> <span class='ocrx_word' id='word_1_577' title='bbox 2275 3411 2601 3481; x_wconf 67' lang='lat' dir='ltr'><strong>prxvaleant</strong></span> <span class='ocrx_word' id='word_1_578' title='bbox 2632 3412 2787 3465; x_wconf 86' lang='lat' dir='ltr'><strong>nobis</strong></span> <span class='ocrx_word' id='word_1_579' title='bbox 2836 3408 3073 3478; x_wconf 80' lang='lat' dir='ltr'><strong>legiones</strong></span> <span class='ocrx_word' id='word_1_580' title='bbox 3121 3409 3374 3474; x_wconf 86' lang='lat' dir='ltr'><strong>hostium,</strong></span> <span class='ocrx_word' id='word_1_581' title='bbox 3418 3410 3538 3464; x_wconf 87' lang='lat' dir='ltr'><strong>cum</strong></span> 
     </span>
    </p>
   </div>
   <div class='ocr_carea' id='block_1_77' title="bbox 1954 3502 3541 3575">
    <p class='ocr_par' dir='ltr' id='par_1_77' title="bbox 1954 3502 3541 3575">
     <span class='ocr_line' id='line_1_77' title="bbox 1954 3502 3541 3575; baseline -0.004 -15"><span class='ocrx_word' id='word_1_582' title='bbox 1954 3515 2040 3560; x_wconf 82' lang='lat' dir='ltr'><strong>tua</strong></span> <span class='ocrx_word' id='word_1_583' title='bbox 2068 3504 2343 3575; x_wconf 78' lang='lat' dir='ltr'><strong>majestate</strong></span> <span class='ocrx_word' id='word_1_584' title='bbox 2376 3504 2585 3559; x_wconf 81' lang='lat' dir='ltr'><strong>tuemur</strong></span> <span class='ocrx_word' id='word_1_585' title='bbox 2618 3521 2630 3555; x_wconf 84' lang='lat'><strong>:</strong></span> <span class='ocrx_word' id='word_1_586' title='bbox 2664 3514 2719 3557; x_wconf 90' lang='lat' dir='ltr'><strong>ut</strong></span> <span class='ocrx_word' id='word_1_587' title='bbox 2765 3518 2977 3571; x_wconf 79' lang='lat' dir='ltr'><strong>semper</strong></span> <span class='ocrx_word' id='word_1_588' title='bbox 3024 3502 3177 3555; x_wconf 87' lang='lat' dir='ltr'><strong>nobis</strong></span> <span class='ocrx_word' id='word_1_589' title='bbox 3233 3502 3541 3572; x_wconf 69' lang='lat' dir='ltr'><strong>epitulatiuo</strong></span> 
     </span>
    </p>
   </div>
   <div class='ocr_carea' id='block_1_78' title="bbox 1952 3596 3075 3667">
    <p class='ocr_par' dir='ltr' id='par_1_78' title="bbox 1952 3596 3075 3667">
     <span class='ocr_line' id='line_1_78' title="bbox 1952 3596 3075 3667; baseline -0.004 -14"><span class='ocrx_word' id='word_1_590' title='bbox 1952 3615 2096 3667; x_wconf 87' lang='lat' dir='ltr'><strong>nem,</strong></span> <span class='ocrx_word' id='word_1_591' title='bbox 2130 3610 2181 3652; x_wconf 88' lang='lat' dir='ltr'><strong>et</strong></span> <span class='ocrx_word' id='word_1_592' title='bbox 2204 3597 2530 3652; x_wconf 71' lang='lat' dir='ltr'><strong>adversuriis</strong></span> <span class='ocrx_word' id='word_1_593' title='bbox 2563 3596 2761 3650; x_wconf 79' lang='lat' dir='ltr'><strong>inferas</strong></span> <span class='ocrx_word' id='word_1_594' title='bbox 2794 3596 3075 3650; x_wconf 75' lang='lat' dir='ltr'><strong>ultiénem.</strong></span> 
     </span>
    </p>
   </div>
   <div class='ocr_carea' id='block_1_79' title="bbox 2025 3684 3471 3755">
    <p class='ocr_par' dir='ltr' id='par_1_79' title="bbox 2025 3684 3471 3755">
     <span class='ocr_line' id='line_1_79' title="bbox 2025 3684 3471 3755; baseline -0.005 -9"><span class='ocrx_word' id='word_1_595' title='bbox 2025 3693 2180 3747; x_wconf 82' lang='lat' dir='ltr'><strong>Pater</strong></span> <span class='ocrx_word' id='word_1_596' title='bbox 2212 3700 2415 3744; x_wconf 78' lang='lat' dir='ltr'><strong>noster.</strong></span> <span class='ocrx_word' id='word_1_597' title='bbox 2446 3690 2508 3744; x_wconf 84' lang='lat' dir='ltr'><strong>Et</strong></span> <span class='ocrx_word' id='word_1_598' title='bbox 2538 3706 2604 3744; x_wconf 91' lang='lat' dir='ltr'><strong>ne</strong></span> <span class='ocrx_word' id='word_1_599' title='bbox 2633 3704 2750 3743; x_wconf 89' lang='lat' dir='ltr'><strong>nos.</strong></span> <span class='ocrx_word' id='word_1_600' title='bbox 2784 3687 3017 3742; x_wconf 77' lang='lat' dir='ltr'><strong>Liberali</strong></span> <span class='ocrx_word' id='word_1_601' title='bbox 3050 3687 3078 3739; x_wconf 75' lang='lat' dir='ltr'><strong>it</strong></span> <span class='ocrx_word' id='word_1_602' title='bbox 3104 3686 3263 3738; x_wconf 84' lang='lat' dir='ltr'><strong>malo.</strong></span> <span class='ocrx_word' id='word_1_603' title='bbox 3293 3686 3387 3755; x_wconf 66' lang='lat' dir='ltr'><strong>fol.</strong></span> <span class='ocrx_word' id='word_1_604' title='bbox 3415 3684 3471 3739; x_wconf 77' lang='lat'><strong>&#39;2.</strong></span> 
     </span>
    </p>
   </div>
   <div class='ocr_carea' id='block_1_80' title="bbox 2025 3776 3547 3850">
    <p class='ocr_par' dir='ltr' id='par_1_80' title="bbox 2025 3776 3547 3850">
     <span class='ocr_line' id='line_1_80' title="bbox 2025 3776 3547 3850; baseline -0.006 -12"><span class='ocrx_word' id='word_1_605' title='bbox 2025 3784 2225 3838; x_wconf 77' lang='lat' dir='ltr'><strong>Lauda.</strong></span> <span class='ocrx_word' id='word_1_606' title='bbox 2271 3782 2526 3837; x_wconf 88' lang='lat' dir='ltr'><strong>Dominus</strong></span> <span class='ocrx_word' id='word_1_607' title='bbox 2554 3782 2606 3836; x_wconf 91' lang='lat' dir='ltr'><strong>in</strong></span> <span class='ocrx_word' id='word_1_608' title='bbox 2634 3781 2882 3836; x_wconf 90' lang='lat' dir='ltr'><strong>circuitu.</strong></span> <span class='ocrx_word' id='word_1_609' title='bbox 2923 3778 3141 3850; x_wconf 79' lang='lat' dir='ltr'><strong>llequire</strong></span> <span class='ocrx_word' id='word_1_610' title='bbox 3182 3778 3277 3849; x_wconf 89' lang='lat' dir='ltr'><strong>fol.</strong></span> <span class='ocrx_word' id='word_1_611' title='bbox 3312 3778 3401 3832; x_wconf 69' lang='lat'><strong>26.</strong></span> <span class='ocrx_word' id='word_1_612' title='bbox 3446 3776 3547 3830; x_wconf 81' lang='lat' dir='ltr'><strong>Be-</strong></span> 
     </span>
    </p>
   </div>
   <div class='ocr_carea' id='block_1_81' title="bbox 1952 3871 3540 3944">
    <p class='ocr_par' dir='ltr' id='par_1_81' title="bbox 1952 3871 3540 3944">
     <span class='ocr_line' id='line_1_81' title="bbox 1952 3871 3540 3944; baseline -0.005 -12"><span class='ocrx_word' id='word_1_613' title='bbox 1952 3878 2084 3934; x_wconf 55' lang='lat' dir='ltr'><strong>nedi;</strong></span> <span class='ocrx_word' id='word_1_614' title='bbox 2104 3879 2193 3932; x_wconf 90' lang='lat' dir='ltr'><strong>tio.</strong></span> <span class='ocrx_word' id='word_1_615' title='bbox 2222 3875 2422 3933; x_wconf 86' lang='lat' dir='ltr'><strong>Unicus</strong></span> <span class='ocrx_word' id='word_1_616' title='bbox 2454 3875 2621 3931; x_wconf 85' lang='lat' dir='ltr'><strong>Filius</strong></span> <span class='ocrx_word' id='word_1_617' title='bbox 2651 3875 2765 3929; x_wconf 88' lang='lat' dir='ltr'><strong>Dei.</strong></span> <span class='ocrx_word' id='word_1_618' title='bbox 2800 3874 2896 3944; x_wconf 91' lang='lat' dir='ltr'><strong>fol.</strong></span> <span class='ocrx_word' id='word_1_619' title='bbox 2930 3872 3023 3930; x_wconf 73' lang='grc'><strong>26.</strong></span> <span class='ocrx_word' id='word_1_620' title='bbox 3059 3871 3290 3927; x_wconf 76' lang='lat' dir='ltr'><strong>Ezréante</strong></span> <span class='ocrx_word' id='word_1_621' title='bbox 3318 3872 3540 3943; x_wconf 66' lang='lat' dir='ltr'><strong>vespera.</strong></span> 
     </span>
    </p>
   </div>
   <div class='ocr_carea' id='block_1_82' title="bbox 1954 3964 3443 4035">
    <p class='ocr_par' dir='ltr' id='par_1_82' title="bbox 1954 3964 3443 4035">
     <span class='ocr_line' id='line_1_82' title="bbox 1954 3964 3443 4035; baseline -0.005 -10"><span class='ocrx_word' id='word_1_622' title='bbox 1954 3969 2156 4025; x_wconf 85' lang='lat' dir='ltr'><strong>Lauda.</strong></span> <span class='ocrx_word' id='word_1_623' title='bbox 2185 3974 2224 4021; x_wconf 82' lang='lat' dir='ltr'>A</span> <span class='ocrx_word' id='word_1_624' title='bbox 2254 3969 2381 4023; x_wconf 88' lang='lat' dir='ltr'><strong>solis</strong></span> <span class='ocrx_word' id='word_1_625' title='bbox 2412 3981 2555 4023; x_wconf 88' lang='lat' dir='ltr'><strong>ortu.</strong></span> <span class='ocrx_word' id='word_1_626' title='bbox 2591 3967 2752 4022; x_wconf 83' lang='lat' dir='ltr'><strong>Sono.</strong></span> <span class='ocrx_word' id='word_1_627' title='bbox 2785 3966 2921 4020; x_wconf 91' lang='lat' dir='ltr'><strong>Deus</strong></span> <span class='ocrx_word' id='word_1_628' title='bbox 2952 3965 3199 4019; x_wconf 80' lang='lat' dir='ltr'><strong>deurum.</strong></span> <span class='ocrx_word' id='word_1_629' title='bbox 3226 3964 3322 4035; x_wconf 91' lang='lat' dir='ltr'><strong>fol.</strong></span> <span class='ocrx_word' id='word_1_630' title='bbox 3352 3966 3443 4019; x_wconf 82' lang='lat'><strong>‘26.</strong></span> 
     </span>
    </p>
   </div>
   <div class='ocr_carea' id='block_1_83' title="bbox 2026 4057 3542 4134">
    <p class='ocr_par' dir='ltr' id='par_1_83' title="bbox 2026 4057 3542 4134">
     <span class='ocr_line' id='line_1_83' title="bbox 2026 4057 3542 4134; baseline -0.006 -18"><span class='ocrx_word' id='word_1_631' title='bbox 2026 4063 2342 4134; x_wconf 80' lang='lat' dir='ltr'><strong>Antiphona.</strong></span> <span class='ocrx_word' id='word_1_632' title='bbox 2377 4060 2630 4115; x_wconf 69' lang='lat' dir='ltr'><strong>Ascendit</strong></span> <span class='ocrx_word' id='word_1_633' title='bbox 2658 4058 2899 4115; x_wconf 65' lang='lat' dir='ltr'><strong>Salvator</strong></span> <span class='ocrx_word' id='word_1_634' title='bbox 2925 4057 3180 4111; x_wconf 85' lang='lat' dir='ltr'><strong>Dominus</strong></span> <span class='ocrx_word' id='word_1_635' title='bbox 3218 4073 3270 4109; x_wconf 89' lang='lat' dir='ltr'><strong>tu</strong></span> <span class='ocrx_word' id='word_1_636' title='bbox 3306 4065 3542 4109; x_wconf 84' lang='lat' dir='ltr'><strong>montem</strong></span> 
     </span>
    </p>
   </div>
   <div class='ocr_carea' id='block_1_84' title="bbox 1955 4146 3539 4223">
    <p class='ocr_par' dir='ltr' id='par_1_84' title="bbox 1955 4146 3539 4223">
     <span class='ocr_line' id='line_1_84' title="bbox 1955 4146 3539 4223; baseline -0.007 -10"><span class='ocrx_word' id='word_1_637' title='bbox 1955 4156 2122 4223; x_wconf 88' lang='lat' dir='ltr'><strong>Sion,</strong></span> <span class='ocrx_word' id='word_1_638' title='bbox 2157 4156 2385 4210; x_wconf 78' lang='lat' dir='ltr'><strong>liberare</strong></span> <span class='ocrx_word' id='word_1_639' title='bbox 2417 4152 2672 4223; x_wconf 86' lang='lat' dir='ltr'><strong>populum</strong></span> <span class='ocrx_word' id='word_1_640' title='bbox 2704 4168 2857 4207; x_wconf 88' lang='lat' dir='ltr'><strong>suum</strong></span> <span class='ocrx_word' id='word_1_641' title='bbox 2890 4150 3071 4204; x_wconf 79' lang='lat' dir='ltr'><strong>Israel.</strong></span> <span class='ocrx_word' id='word_1_642' title='bbox 3101 4146 3176 4203; x_wconf 80' lang='grc' dir='ltr'><strong>Ρ.</strong></span> <span class='ocrx_word' id='word_1_643' title='bbox 3222 4147 3289 4202; x_wconf 87' lang='lat' dir='ltr'><strong>Et</strong></span> <span class='ocrx_word' id='word_1_644' title='bbox 3326 4150 3428 4203; x_wconf 80' lang='lat' dir='ltr'><strong>erit</strong></span> <span class='ocrx_word' id='word_1_645' title='bbox 3454 4165 3539 4202; x_wconf 84' lang='lat' dir='ltr'><strong>re-</strong></span> 
     </span>
    </p>
   </div>
   <div class='ocr_carea' id='block_1_85' title="bbox 1955 4241 3546 4319">
    <p class='ocr_par' dir='ltr' id='par_1_85' title="bbox 1955 4241 3546 4319">
     <span class='ocr_line' id='line_1_85' title="bbox 1955 4241 3546 4319; baseline -0.005 -16"><span class='ocrx_word' id='word_1_646' title='bbox 1955 4265 2114 4319; x_wconf 77' lang='lat' dir='ltr'><strong>gnum</strong></span> <span class='ocrx_word' id='word_1_647' title='bbox 2138 4248 2253 4318; x_wconf 89' lang='lat' dir='ltr'><strong>ejus</strong></span> <span class='ocrx_word' id='word_1_648' title='bbox 2280 4247 2692 4316; x_wconf 82' lang='lat' dir='ltr'><strong>sempiternum.</strong></span> <span class='ocrx_word' id='word_1_649' title='bbox 2740 4246 2775 4314; x_wconf 57' lang='grc' dir='ltr'><em>ᾖ</em></span> <span class='ocrx_word' id='word_1_650' title='bbox 2802 4286 2814 4299; x_wconf 96' lang='grc'><strong>.</strong></span> <span class='ocrx_word' id='word_1_651' title='bbox 2856 4244 3054 4299; x_wconf 86' lang='lat' dir='ltr'><strong>Omnes</strong></span> <span class='ocrx_word' id='word_1_652' title='bbox 3091 4252 3279 4312; x_wconf 79' lang='lat' dir='ltr'><strong>gentes</strong></span> <span class='ocrx_word' id='word_1_653' title='bbox 3308 4241 3546 4310; x_wconf 73' lang='lat' dir='ltr'><strong>pluuditu</strong></span> 
     </span>
    </p>
   </div>
   <div class='ocr_carea' id='block_1_86' title="bbox 1954 4332 3551 4410">
    <p class='ocr_par' dir='ltr' id='par_1_86' title="bbox 1954 4332 3551 4410">
     <span class='ocr_line' id='line_1_86' title="bbox 1954 4332 3551 4410; baseline -0.006 -14"><span class='ocrx_word' id='word_1_654' title='bbox 1954 4339 2492 4410; x_wconf 65' lang='lat' dir='ltr'><strong>manibus:jubilme</strong></span> <span class='ocrx_word' id='word_1_655' title='bbox 2525 4340 2633 4393; x_wconf 88' lang='lat' dir='ltr'><strong>Deo</strong></span> <span class='ocrx_word' id='word_1_656' title='bbox 2665 4339 2719 4390; x_wconf 91' lang='lat' dir='ltr'><strong>in</strong></span> <span class='ocrx_word' id='word_1_657' title='bbox 2767 4351 2897 4391; x_wconf 86' lang='lat' dir='ltr'><strong>voce</strong></span> <span class='ocrx_word' id='word_1_658' title='bbox 2938 4334 3302 4389; x_wconf 78' lang='lat' dir='ltr'><strong>exultationis.</strong></span> <span class='ocrx_word' id='word_1_659' title='bbox 3355 4332 3423 4388; x_wconf 87' lang='grc' dir='ltr'><strong>Ρ.</strong></span> <span class='ocrx_word' id='word_1_660' title='bbox 3482 4332 3551 4386; x_wconf 83' lang='lat' dir='ltr'><strong>Et</strong></span> 
     </span>
    </p>
   </div>
   <div class='ocr_carea' id='block_1_87' title="bbox 1956 4426 3545 4502">
    <p class='ocr_par' dir='ltr' id='par_1_87' title="bbox 1956 4426 3545 4502">
     <span class='ocr_line' id='line_1_87' title="bbox 1956 4426 3545 4502; baseline -0.006 -13"><span class='ocrx_word' id='word_1_661' title='bbox 1956 4434 2055 4489; x_wconf 88' lang='lat' dir='ltr'><strong>crit</strong></span> <span class='ocrx_word' id='word_1_662' title='bbox 2081 4449 2321 4501; x_wconf 77' lang='lat' dir='ltr'><strong>regnum.</strong></span> <span class='ocrx_word' id='word_1_663' title='bbox 2362 4433 2390 4502; x_wconf 54' lang='grc' dir='ltr'><em>ᾖ</em></span> <span class='ocrx_word' id='word_1_664' title='bbox 2420 4469 2435 4485; x_wconf 92' lang='grc'><strong>.</strong></span> <span class='ocrx_word' id='word_1_665' title='bbox 2460 4431 2666 4497; x_wconf 70' lang='lat' dir='ltr'><strong>muria,</strong></span> <span class='ocrx_word' id='word_1_666' title='bbox 2687 4439 2739 4484; x_wconf 91' lang='lat' dir='ltr'><strong>et</strong></span> <span class='ocrx_word' id='word_1_667' title='bbox 2768 4436 2961 4483; x_wconf 85' lang='lat' dir='ltr'><strong>honor.</strong></span> <span class='ocrx_word' id='word_1_668' title='bbox 3000 4426 3062 4482; x_wconf 87' lang='grc' dir='ltr'><strong>Ρ.</strong></span> <span class='ocrx_word' id='word_1_669' title='bbox 3098 4428 3165 4480; x_wconf 85' lang='grc' dir='ltr'>Ει</span> <span class='ocrx_word' id='word_1_670' title='bbox 3186 4428 3545 4496; x_wconf 80' lang='lat' dir='ltr'><strong>eritregnnm.</strong></span> 
     </span>
    </p>
   </div>
   <div class='ocr_carea' id='block_1_88' title="bbox 2029 4520 3542 4583">
    <p class='ocr_par' dir='ltr' id='par_1_88' title="bbox 2029 4520 3542 4583">
     <span class='ocr_line' id='line_1_88' title="bbox 2029 4520 3542 4583; baseline -0.005 -4"><span class='ocrx_word' id='word_1_671' title='bbox 2029 4524 2234 4579; x_wconf 85' lang='lat' dir='ltr'><strong>Lauda.</strong></span> <span class='ocrx_word' id='word_1_672' title='bbox 2276 4523 2427 4579; x_wconf 88' lang='lat' dir='ltr'><strong>Oculi</strong></span> <span class='ocrx_word' id='word_1_673' title='bbox 2458 4523 2627 4577; x_wconf 88' lang='lat' dir='ltr'><strong>nostri</strong></span> <span class='ocrx_word' id='word_1_674' title='bbox 2654 4522 2718 4575; x_wconf 84' lang='lat' dir='ltr'><strong>ad</strong></span> <span class='ocrx_word' id='word_1_675' title='bbox 2748 4520 3028 4575; x_wconf 86' lang='lat' dir='ltr'><strong>Dominum</strong></span> <span class='ocrx_word' id='word_1_676' title='bbox 3066 4520 3227 4574; x_wconf 85' lang='lat' dir='ltr'><strong>Deum</strong></span> <span class='ocrx_word' id='word_1_677' title='bbox 3273 4530 3542 4583; x_wconf 87' lang='lat' dir='ltr'><strong>nostrum,</strong></span> 
     </span>
    </p>
   </div>
   <div class='ocr_carea' id='block_1_89' title="bbox 261 4596 3546 4694">
    <p class='ocr_par' dir='ltr' id='par_1_89' title="bbox 261 4596 3546 4694">
     <span class='ocr_line' id='line_1_89' title="bbox 261 4596 3546 4694; baseline -0.002 -20"><span class='ocrx_word' id='word_1_678' title='bbox 261 4636 397 4677; x_wconf 79' lang='lat' dir='ltr'><strong>vans</strong></span> <span class='ocrx_word' id='word_1_679' title='bbox 421 4623 672 4692; x_wconf 82' lang='lat' dir='ltr'><strong>populum</strong></span> <span class='ocrx_word' id='word_1_680' title='bbox 705 4641 861 4679; x_wconf 90' lang='lat' dir='ltr'><strong>suum</strong></span> <span class='ocrx_word' id='word_1_681' title='bbox 897 4623 925 4678; x_wconf 70' lang='grc' dir='ltr'><strong>ξι</strong></span> <span class='ocrx_word' id='word_1_682' title='bbox 958 4624 1191 4694; x_wconf 74' lang='lat' dir='ltr'><strong>peccutis</strong></span> <span class='ocrx_word' id='word_1_683' title='bbox 1238 4626 1451 4687; x_wconf 83' lang='lat' dir='ltr'><strong>eurum,</strong></span> <span class='ocrx_word' id='word_1_684' title='bbox 1498 4626 1637 4678; x_wconf 89' lang='lat' dir='ltr'><strong>illius</strong></span> <span class='ocrx_word' id='word_1_685' title='bbox 1669 4624 1852 4694; x_wconf 86' lang='lat' dir='ltr'><strong>utique</strong></span> <span class='ocrx_word' id='word_1_686' title='bbox 1888 4596 1934 4654; x_wconf 71' lang='grc' dir='ltr'>ί)</span> <span class='ocrx_word' id='word_1_687' title='bbox 1960 4618 2194 4672; x_wconf 80' lang='lat' dir='ltr'><strong>alleluia.</strong></span> <span class='ocrx_word' id='word_1_688' title='bbox 2228 4616 2295 4672; x_wconf 86' lang='lat' dir='ltr'><strong>P.</strong></span> <span class='ocrx_word' id='word_1_689' title='bbox 2343 4618 2521 4672; x_wconf 91' lang='lat' dir='ltr'><strong>Doncc</strong></span> <span class='ocrx_word' id='word_1_690' title='bbox 2559 4617 2876 4670; x_wconf 77' lang='lat' dir='ltr'><strong>misereatur</strong></span> <span class='ocrx_word' id='word_1_691' title='bbox 2918 4614 3091 4679; x_wconf 89' lang='lat' dir='ltr'><strong>nobis,</strong></span> <span class='ocrx_word' id='word_1_692' title='bbox 3138 4612 3374 4678; x_wconf 86' lang='lat' dir='ltr'><strong>alleluia,</strong></span> <span class='ocrx_word' id='word_1_693' title='bbox 3413 4612 3546 4667; x_wconf 85' lang='lat' dir='ltr'><strong>alle-</strong></span> 
     </span>
    </p>
   </div>
   <div class='ocr_carea' id='block_1_90' title="bbox 264 4715 1852 4787">
    <p class='ocr_par' dir='ltr' id='par_1_90' title="bbox 264 4715 1852 4787">
     <span class='ocr_line' id='line_1_90' title="bbox 264 4715 1852 4787; baseline 0.001 -20"><span class='ocrx_word' id='word_1_694' title='bbox 264 4715 543 4785; x_wconf 86' lang='lat' dir='ltr'><strong>prineipis,</strong></span> <span class='ocrx_word' id='word_1_695' title='bbox 575 4716 668 4786; x_wconf 89' lang='lat' dir='ltr'><strong>qui</strong></span> <span class='ocrx_word' id='word_1_696' title='bbox 702 4721 821 4773; x_wconf 86' lang='lat' dir='ltr'><strong>sine</strong></span> <span class='ocrx_word' id='word_1_697' title='bbox 845 4716 1303 4787; x_wconf 68' lang='lat' dir='ltr'><strong>altériusjustitire</strong></span> <span class='ocrx_word' id='word_1_698' title='bbox 1336 4718 1747 4786; x_wconf 84' lang='lat' dir='ltr'><strong>participatione</strong></span> <span class='ocrx_word' id='word_1_699' title='bbox 1774 4726 1852 4769; x_wconf 86' lang='lat' dir='ltr'><strong>est</strong></span> 
     </span>
    </p>
   </div>
   <div class='ocr_carea' id='block_1_91' title="bbox 256 4804 1850 4879">
    <p class='ocr_par' dir='ltr' id='par_1_91' title="bbox 256 4804 1850 4879">
     <span class='ocr_line' id='line_1_91' title="bbox 256 4804 1850 4879; baseline 0.004 -24"><span class='ocrx_word' id='word_1_700' title='bbox 256 4804 466 4874; x_wconf 81' lang='lat' dir='ltr'><strong>justus,</strong></span> <span class='ocrx_word' id='word_1_701' title='bbox 503 4806 789 4877; x_wconf 85' lang='lat' dir='ltr'><strong>participes</strong></span> <span class='ocrx_word' id='word_1_702' title='bbox 830 4823 951 4863; x_wconf 82' lang='lat' dir='ltr'><strong>esse</strong></span> <span class='ocrx_word' id='word_1_703' title='bbox 1000 4818 1050 4863; x_wconf 84' lang='lat' dir='ltr'><strong>te</strong></span> <span class='ocrx_word' id='word_1_704' title='bbox 1102 4808 1334 4879; x_wconf 84' lang='lat' dir='ltr'><strong>propitio</strong></span> <span class='ocrx_word' id='word_1_705' title='bbox 1383 4812 1705 4863; x_wconf 81' lang='lat' dir='ltr'><strong>mereamur.</strong></span> <span class='ocrx_word' id='word_1_706' title='bbox 1778 4809 1850 4878; x_wconf 68' lang='grc' dir='ltr'><strong>ι’ή.</strong></span> 
     </span>
    </p>
   </div>
   <div class='ocr_carea' id='block_1_92' title="bbox 263 4904 458 4954">
    <p class='ocr_par' dir='ltr' id='par_1_92' title="bbox 263 4904 458 4954">
     <span class='ocr_line' id='line_1_92' title="bbox 263 4904 458 4954; baseline 0.015 -3"><span class='ocrx_word' id='word_1_707' title='bbox 263 4904 458 4954; x_wconf 79' lang='lat' dir='ltr'><strong>Amen.</strong></span> 
     </span>
    </p>
   </div>
   <div class='ocr_carea' id='block_1_93' title="bbox 335 4993 1633 5063">
    <p class='ocr_par' dir='ltr' id='par_1_93' title="bbox 335 4993 1633 5063">
     <span class='ocr_line' id='line_1_93' title="bbox 335 4993 1633 5063; baseline -0.002 -14"><span class='ocrx_word' id='word_1_708' title='bbox 335 4993 441 5049; x_wconf 77' lang='lat' dir='ltr'><strong>Per</strong></span> <span class='ocrx_word' id='word_1_709' title='bbox 470 4993 892 5048; x_wconf 88' lang='lat' dir='ltr'><strong>misericordiam</strong></span> <span class='ocrx_word' id='word_1_710' title='bbox 926 5004 1091 5063; x_wconf 88' lang='lat' dir='ltr'><strong>tuam,</strong></span> <span class='ocrx_word' id='word_1_711' title='bbox 1118 4993 1261 5049; x_wconf 82' lang='lat' dir='ltr'><strong>Deus</strong></span> <span class='ocrx_word' id='word_1_712' title='bbox 1289 5003 1500 5058; x_wconf 81' lang='lat' dir='ltr'><strong>noster,</strong></span> <span class='ocrx_word' id='word_1_713' title='bbox 1531 5002 1633 5048; x_wconf 87' lang='lat' dir='ltr'><strong>etc.</strong></span> 
     </span>
    </p>
   </div>
   <div class='ocr_carea' id='block_1_94' title="bbox 344 5084 1851 5158">
    <p class='ocr_par' dir='ltr' id='par_1_94' title="bbox 344 5084 1851 5158">
     <span class='ocr_line' id='line_1_94' title="bbox 344 5084 1851 5158; baseline -0.001 -18"><span class='ocrx_word' id='word_1_714' title='bbox 344 5084 814 5158; x_wconf 78' lang='lat' dir='ltr'><strong>UicatPrésltyter.</strong></span> <span class='ocrx_word' id='word_1_715' title='bbox 868 5085 1126 5141; x_wconf 83' lang='lat' dir='ltr'><strong>Dominus</strong></span> <span class='ocrx_word' id='word_1_716' title='bbox 1173 5088 1241 5144; x_wconf 83' lang='lat' dir='ltr'><strong>sit</strong></span> <span class='ocrx_word' id='word_1_717' title='bbox 1292 5102 1505 5157; x_wconf 82' lang='lat' dir='ltr'><strong>semper</strong></span> <span class='ocrx_word' id='word_1_718' title='bbox 1556 5086 1851 5142; x_wconf 80' lang='lat' dir='ltr'><strong>vobiscum.</strong></span> 
     </span>
    </p>
   </div>
   <div class='ocr_carea' id='block_1_95' title="bbox 280 5180 965 5251">
    <p class='ocr_par' dir='ltr' id='par_1_95' title="bbox 280 5180 965 5251">
     <span class='ocr_line' id='line_1_95' title="bbox 280 5180 965 5251; baseline 0.001 -19"><span class='ocrx_word' id='word_1_719' title='bbox 280 5180 353 5243; x_wconf 65' lang='grc' dir='ltr'><strong>ἂ.</strong></span> <span class='ocrx_word' id='word_1_720' title='bbox 392 5180 458 5236; x_wconf 82' lang='lat' dir='ltr'><strong>Et</strong></span> <span class='ocrx_word' id='word_1_721' title='bbox 486 5197 608 5237; x_wconf 86' lang='lat' dir='ltr'><strong>cum</strong></span> <span class='ocrx_word' id='word_1_722' title='bbox 636 5181 827 5251; x_wconf 89' lang='lat' dir='ltr'><strong>spiritu</strong></span> <span class='ocrx_word' id='word_1_723' title='bbox 855 5192 965 5235; x_wconf 87' lang='lat' dir='ltr'><strong>tuo.</strong></span> 
     </span>
    </p>
   </div>
   <div class='ocr_carea' id='block_1_96' title="bbox 886 5270 1265 5326">
    <p class='ocr_par' dir='ltr' id='par_1_96' title="bbox 886 5270 1265 5326">
     <span class='ocr_line' id='line_1_96' title="bbox 886 5270 1265 5326; baseline 0.003 -1"><span class='ocrx_word' id='word_1_724' title='bbox 886 5270 953 5325; x_wconf 82' lang='grc' dir='ltr'><strong>1η</strong></span> <span class='ocrx_word' id='word_1_725' title='bbox 986 5270 1265 5326; x_wconf 80' lang='lat' dir='ltr'><strong>Laudibus.</strong></span> 
     </span>
    </p>
   </div>
   <div class='ocr_carea' id='block_1_97' title="bbox 340 5362 1852 5434">
    <p class='ocr_par' dir='ltr' id='par_1_97' title="bbox 340 5362 1852 5434">
     <span class='ocr_line' id='line_1_97' title="bbox 340 5362 1852 5434; baseline -0.001 -16"><span class='ocrx_word' id='word_1_726' title='bbox 340 5362 419 5418; x_wconf 74' lang='lat' dir='ltr'><strong>Ad</strong></span> <span class='ocrx_word' id='word_1_727' title='bbox 448 5362 740 5419; x_wconf 74' lang='lat' dir='ltr'><strong>Cdnticum.</strong></span> <span class='ocrx_word' id='word_1_728' title='bbox 793 5364 1111 5434; x_wconf 74' lang='lat' dir='ltr'><strong>Antiphone.</strong></span> <span class='ocrx_word' id='word_1_729' title='bbox 1164 5363 1518 5428; x_wconf 78' lang='lat' dir='ltr'><strong>Descendunt,</strong></span> <span class='ocrx_word' id='word_1_730' title='bbox 1553 5363 1692 5417; x_wconf 68' lang='lat' dir='ltr'><strong>sicut</strong></span> <span class='ocrx_word' id='word_1_731' title='bbox 1744 5377 1852 5428; x_wconf 81' lang='lat' dir='ltr'><strong>ros,</strong></span> 
     </span>
    </p>
   </div>
   <div class='ocr_carea' id='block_1_98' title="bbox 267 5457 1858 5530">
    <p class='ocr_par' dir='ltr' id='par_1_98' title="bbox 267 5457 1858 5530">
     <span class='ocr_line' id='line_1_98' title="bbox 267 5457 1858 5530; baseline 0.001 -19"><span class='ocrx_word' id='word_1_732' title='bbox 267 5459 430 5514; x_wconf 81' lang='lat' dir='ltr'><strong>verba</strong></span> <span class='ocrx_word' id='word_1_733' title='bbox 463 5475 601 5528; x_wconf 86' lang='lat' dir='ltr'><strong>mea,</strong></span> <span class='ocrx_word' id='word_1_734' title='bbox 630 5460 755 5530; x_wconf 90' lang='lat' dir='ltr'><strong>quia</strong></span> <span class='ocrx_word' id='word_1_735' title='bbox 788 5476 983 5515; x_wconf 88' lang='lat' dir='ltr'><strong>nomen</strong></span> <span class='ocrx_word' id='word_1_736' title='bbox 1013 5457 1223 5513; x_wconf 79' lang='lat' dir='ltr'><strong>Domini</strong></span> <span class='ocrx_word' id='word_1_737' title='bbox 1253 5457 1517 5512; x_wconf 59' lang='lat' dir='ltr'><strong>invocavi.</strong></span> <span class='ocrx_word' id='word_1_738' title='bbox 1555 5458 1695 5513; x_wconf 86' lang='lat' dir='ltr'><strong>Deus</strong></span> <span class='ocrx_word' id='word_1_739' title='bbox 1728 5458 1858 5512; x_wconf 83' lang='lat' dir='ltr'><strong>lidé-</strong></span> 
     </span>
    </p>
   </div>
   <div class='ocr_carea' id='block_1_99' title="bbox 269 5548 1851 5622">
    <p class='ocr_par' dir='ltr' id='par_1_99' title="bbox 269 5548 1851 5622">
     <span class='ocr_line' id='line_1_99' title="bbox 269 5548 1851 5622; baseline -0.001 -17"><span class='ocrx_word' id='word_1_740' title='bbox 269 5548 354 5617; x_wconf 90' lang='lat' dir='ltr'><strong>lis,</strong></span> <span class='ocrx_word' id='word_1_741' title='bbox 388 5553 437 5606; x_wconf 91' lang='lat' dir='ltr'><strong>in</strong></span> <span class='ocrx_word' id='word_1_742' title='bbox 468 5568 575 5622; x_wconf 87' lang='lat' dir='ltr'><strong>quo</strong></span> <span class='ocrx_word' id='word_1_743' title='bbox 606 5570 710 5606; x_wconf 89' lang='lat' dir='ltr'><strong>non</strong></span> <span class='ocrx_word' id='word_1_744' title='bbox 746 5564 826 5608; x_wconf 74' lang='lat' dir='ltr'><strong>est</strong></span> <span class='ocrx_word' id='word_1_745' title='bbox 856 5550 1106 5622; x_wconf 77' lang='lat' dir='ltr'><strong>iniquitas</strong></span> <span class='ocrx_word' id='word_1_746' title='bbox 1137 5550 1344 5619; x_wconf 90' lang='lat' dir='ltr'><strong>:justus</strong></span> <span class='ocrx_word' id='word_1_747' title='bbox 1372 5559 1428 5604; x_wconf 91' lang='lat' dir='ltr'><strong>et</strong></span> <span class='ocrx_word' id='word_1_748' title='bbox 1471 5558 1687 5603; x_wconf 85' lang='lat' dir='ltr'><strong>sanctus</strong></span> <span class='ocrx_word' id='word_1_749' title='bbox 1741 5549 1851 5603; x_wconf 83' lang='lat' dir='ltr'><strong>Do-</strong></span> 
     </span>
    </p>
   </div>
   <div class='ocr_carea' id='block_1_100' title="bbox 273 5642 1857 5712">
    <p class='ocr_par' dir='ltr' id='par_1_100' title="bbox 273 5642 1857 5712">
     <span class='ocr_line' id='line_1_100' title="bbox 273 5642 1857 5712; baseline 0 -16"><span class='ocrx_word' id='word_1_750' title='bbox 273 5643 447 5698; x_wconf 84' lang='lat' dir='ltr'><strong>minus</strong></span> <span class='ocrx_word' id='word_1_751' title='bbox 478 5644 638 5699; x_wconf 85' lang='lat' dir='ltr'><strong>Deus.</strong></span> <span class='ocrx_word' id='word_1_752' title='bbox 668 5644 959 5699; x_wconf 79' lang='lat' dir='ltr'><strong>Cdnticum.</strong></span> <span class='ocrx_word' id='word_1_753' title='bbox 1014 5642 1243 5699; x_wconf 80' lang='lat' dir='ltr'><strong>Attende</strong></span> <span class='ocrx_word' id='word_1_754' title='bbox 1287 5642 1503 5707; x_wconf 70' lang='lat' dir='ltr'><strong>ccclmn’,</strong></span> <span class='ocrx_word' id='word_1_755' title='bbox 1535 5643 1751 5712; x_wconf 86' lang='lat' dir='ltr'><strong>loquar;</strong></span> <span class='ocrx_word' id='word_1_756' title='bbox 1805 5651 1857 5696; x_wconf 85' lang='lat' dir='ltr'><strong>et</strong></span> 
     </span>
    </p>
   </div>
   <div class='ocr_carea' id='block_1_101' title="bbox 273 5734 1103 5805">
    <p class='ocr_par' dir='ltr' id='par_1_101' title="bbox 273 5734 1103 5805">
     <span class='ocr_line' id='line_1_101' title="bbox 273 5734 1103 5805; baseline 0.002 -20"><span class='ocrx_word' id='word_1_757' title='bbox 273 5734 449 5790; x_wconf 77' lang='lat' dir='ltr'><strong>audiat</strong></span> <span class='ocrx_word' id='word_1_758' title='bbox 486 5745 646 5791; x_wconf 89' lang='lat' dir='ltr'><strong>terra.</strong></span> <span class='ocrx_word' id='word_1_759' title='bbox 688 5735 906 5805; x_wconf 81' lang='lat' dir='ltr'><strong>Require</strong></span> <span class='ocrx_word' id='word_1_760' title='bbox 938 5737 1026 5804; x_wconf 84' lang='lat' dir='ltr'><strong>fol.</strong></span> <span class='ocrx_word' id='word_1_761' title='bbox 1060 5737 1103 5790; x_wconf 84' lang='lat' dir='ltr'><strong>l.</strong></span> 
     </span>
    </p>
   </div>
   <div class='ocr_carea' id='block_1_102' title="bbox 346 5824 1855 5896">
    <p class='ocr_par' dir='ltr' id='par_1_102' title="bbox 346 5824 1855 5896">
     <span class='ocr_line' id='line_1_102' title="bbox 346 5824 1855 5896; baseline -0.001 -15"><span class='ocrx_word' id='word_1_762' title='bbox 346 5827 424 5881; x_wconf 80' lang='lat' dir='ltr'><strong>Ad</strong></span> <span class='ocrx_word' id='word_1_763' title='bbox 450 5825 780 5883; x_wconf 78' lang='lat' dir='ltr'><strong>Beitedictus.</strong></span> <span class='ocrx_word' id='word_1_764' title='bbox 822 5828 1135 5896; x_wconf 74' lang='lat' dir='ltr'><strong>Antiphonti.</strong></span> <span class='ocrx_word' id='word_1_765' title='bbox 1190 5825 1495 5883; x_wconf 78' lang='lat' dir='ltr'><strong>Benedicite</strong></span> <span class='ocrx_word' id='word_1_766' title='bbox 1550 5824 1855 5893; x_wconf 84' lang='lat' dir='ltr'><strong>Dominum,</strong></span> 
     </span>
    </p>
   </div>
   <div class='ocr_carea' id='block_1_103' title="bbox 1961 4705 3545 4779">
    <p class='ocr_par' dir='ltr' id='par_1_103' title="bbox 1961 4705 3545 4779">
     <span class='ocr_line' id='line_1_103' title="bbox 1961 4705 3545 4779; baseline -0.006 -12"><span class='ocrx_word' id='word_1_767' title='bbox 1961 4712 2091 4777; x_wconf 89' lang='lat' dir='ltr'><strong>luia,</strong></span> <span class='ocrx_word' id='word_1_768' title='bbox 2121 4711 2353 4765; x_wconf 79' lang='lat' dir='ltr'><strong>alleluia.</strong></span> <span class='ocrx_word' id='word_1_769' title='bbox 2406 4710 2435 4779; x_wconf 56' lang='grc' dir='ltr'><em>ᾗ</em></span> <span class='ocrx_word' id='word_1_770' title='bbox 2462 4747 2476 4763; x_wconf 95' lang='grc'><strong>.</strong></span> <span class='ocrx_word' id='word_1_771' title='bbox 2511 4710 2587 4764; x_wconf 83' lang='lat' dir='ltr'><strong>Ad</strong></span> <span class='ocrx_word' id='word_1_772' title='bbox 2622 4719 2671 4763; x_wconf 90' lang='lat' dir='ltr'><strong>te</strong></span> <span class='ocrx_word' id='word_1_773' title='bbox 2702 4708 2941 4762; x_wconf 73' lang='lat' dir='ltr'><strong>levamus</strong></span> <span class='ocrx_word' id='word_1_774' title='bbox 2972 4706 3157 4761; x_wconf 89' lang='lat' dir='ltr'><strong>oculos</strong></span> <span class='ocrx_word' id='word_1_775' title='bbox 3188 4716 3426 4772; x_wconf 82' lang='lat' dir='ltr'><strong>nostros,</strong></span> <span class='ocrx_word' id='word_1_776' title='bbox 3452 4705 3545 4772; x_wconf 87' lang='lat' dir='ltr'><strong>qui</strong></span> 
     </span>
    </p>
   </div>
   <div class='ocr_carea' id='block_1_104' title="bbox 1963 4800 3551 4871">
    <p class='ocr_par' dir='ltr' id='par_1_104' title="bbox 1963 4800 3551 4871">
     <span class='ocr_line' id='line_1_104' title="bbox 1963 4800 3551 4871; baseline -0.004 -11"><span class='ocrx_word' id='word_1_777' title='bbox 1963 4805 2170 4860; x_wconf 75' lang='lat' dir='ltr'><strong>hobitas</strong></span> <span class='ocrx_word' id='word_1_778' title='bbox 2199 4804 2249 4858; x_wconf 88' lang='lat' dir='ltr'><strong>in</strong></span> <span class='ocrx_word' id='word_1_779' title='bbox 2281 4804 2454 4859; x_wconf 74' lang='lat' dir='ltr'><strong>cmlis.</strong></span> <span class='ocrx_word' id='word_1_780' title='bbox 2488 4802 2554 4856; x_wconf 89' lang='lat' dir='ltr'><strong>P.</strong></span> <span class='ocrx_word' id='word_1_781' title='bbox 2579 4803 2758 4857; x_wconf 85' lang='lat' dir='ltr'><strong>Donec</strong></span> <span class='ocrx_word' id='word_1_782' title='bbox 2789 4802 3125 4856; x_wconf 79' lang='lat' dir='ltr'><strong>misercatur.</strong></span> <span class='ocrx_word' id='word_1_783' title='bbox 3173 4800 3207 4871; x_wconf 60' lang='grc' dir='ltr'><em>ᾖ</em></span> <span class='ocrx_word' id='word_1_784' title='bbox 3257 4800 3462 4866; x_wconf 80' lang='lat' dir='ltr'><strong>Gloria,</strong></span> <span class='ocrx_word' id='word_1_785' title='bbox 3496 4808 3551 4853; x_wconf 89' lang='lat' dir='ltr'><strong>et</strong></span> 
     </span>
    </p>
   </div>
   <div class='ocr_carea' id='block_1_105' title="bbox 1964 4895 3082 4967">
    <p class='ocr_par' dir='ltr' id='par_1_105' title="bbox 1964 4895 3082 4967">
     <span class='ocr_line' id='line_1_105' title="bbox 1964 4895 3082 4967; baseline -0.002 -15"><span class='ocrx_word' id='word_1_786' title='bbox 1964 4899 2157 4953; x_wconf 77' lang='lat' dir='ltr'><strong>lienor.</strong></span> <span class='ocrx_word' id='word_1_787' title='bbox 2192 4895 2258 4953; x_wconf 83' lang='lat' dir='ltr'><strong>P.</strong></span> <span class='ocrx_word' id='word_1_788' title='bbox 2292 4897 2545 4963; x_wconf 81' lang='lat' dir='ltr'><strong>Alleluia,</strong></span> <span class='ocrx_word' id='word_1_789' title='bbox 2570 4895 2819 4967; x_wconf 86' lang='lat' dir='ltr'><strong>alleluia,</strong></span> <span class='ocrx_word' id='word_1_790' title='bbox 2849 4896 3082 4952; x_wconf 83' lang='lat' dir='ltr'><strong>alleluia.</strong></span> 
     </span>
    </p>
   </div>
   <div class='ocr_carea' id='block_1_106' title="bbox 2034 4985 3545 5060">
    <p class='ocr_par' dir='ltr' id='par_1_106' title="bbox 2034 4985 3545 5060">
     <span class='ocr_line' id='line_1_106' title="bbox 2034 4985 3545 5060; baseline -0.002 -17"><span class='ocrx_word' id='word_1_791' title='bbox 2034 4989 2293 5060; x_wconf 82' lang='lat' dir='ltr'><strong>Hymnus.</strong></span> <span class='ocrx_word' id='word_1_792' title='bbox 2351 4988 2551 5043; x_wconf 81' lang='lat' dir='ltr'><strong>Christi</strong></span> <span class='ocrx_word' id='word_1_793' title='bbox 2607 4988 2820 5044; x_wconf 87' lang='lat' dir='ltr'><strong>calérva</strong></span> <span class='ocrx_word' id='word_1_794' title='bbox 2872 4988 3132 5044; x_wconf 76' lang='lat' dir='ltr'><strong>clamitet.</strong></span> <span class='ocrx_word' id='word_1_795' title='bbox 3199 4985 3545 5059; x_wconf 76' lang='lat' dir='ltr'><strong>Supplicdtio.</strong></span> 
     </span>
    </p>
   </div>
   <div class='ocr_carea' id='block_1_107' title="bbox 1960 5079 3543 5154">
    <p class='ocr_par' dir='ltr' id='par_1_107' title="bbox 1960 5079 3543 5154">
     <span class='ocr_line' id='line_1_107' title="bbox 1960 5079 3543 5154; baseline -0.006 -14"><span class='ocrx_word' id='word_1_796' title='bbox 1960 5083 2187 5140; x_wconf 70' lang='lat' dir='ltr'><strong>Oremus</strong></span> <span class='ocrx_word' id='word_1_797' title='bbox 2217 5082 2633 5150; x_wconf 69' lang='lat' dir='ltr'><strong>lledetnptorem</strong></span> <span class='ocrx_word' id='word_1_798' title='bbox 2667 5083 2870 5138; x_wconf 85' lang='lat' dir='ltr'><strong>mundi.</strong></span> <span class='ocrx_word' id='word_1_799' title='bbox 2898 5084 2994 5154; x_wconf 81' lang='lat' dir='ltr'><strong>fol.</strong></span> <span class='ocrx_word' id='word_1_800' title='bbox 3017 5085 3076 5136; x_wconf 71' lang='grc'><strong>2.</strong></span> <span class='ocrx_word' id='word_1_801' title='bbox 3105 5082 3364 5153; x_wconf 78' lang='lat' dir='ltr'><strong>Capitula.</strong></span> <span class='ocrx_word' id='word_1_802' title='bbox 3386 5079 3543 5143; x_wconf 84' lang='lat' dir='ltr'><strong>Deus,</strong></span> 
     </span>
    </p>
   </div>
   <div class='ocr_carea' id='block_1_108' title="bbox 1960 5169 3551 5245">
    <p class='ocr_par' dir='ltr' id='par_1_108' title="bbox 1960 5169 3551 5245">
     <span class='ocr_line' id='line_1_108' title="bbox 1960 5169 3551 5245; baseline -0.006 -14"><span class='ocrx_word' id='word_1_803' title='bbox 1960 5176 2111 5245; x_wconf 90' lang='lat' dir='ltr'><strong>cujus</strong></span> <span class='ocrx_word' id='word_1_804' title='bbox 2139 5174 2431 5229; x_wconf 60' lang='lat' dir='ltr'><strong>aeternitas.</strong></span> <span class='ocrx_word' id='word_1_805' title='bbox 2466 5171 2788 5230; x_wconf 55' lang='lat' dir='ltr'><strong>Benedictio.</strong></span> <span class='ocrx_word' id='word_1_806' title='bbox 2819 5175 3063 5232; x_wconf 81' lang='lat' dir='ltr'><strong>Christus</strong></span> <span class='ocrx_word' id='word_1_807' title='bbox 3117 5173 3394 5228; x_wconf 86' lang='lat' dir='ltr'><strong>Dutuinus.</strong></span> <span class='ocrx_word' id='word_1_808' title='bbox 3447 5169 3551 5223; x_wconf 83' lang='lat' dir='ltr'><strong>Re-</strong></span> 
     </span>
    </p>
   </div>
   <div class='ocr_carea' id='block_1_109' title="bbox 1962 5266 2315 5341">
    <p class='ocr_par' dir='ltr' id='par_1_109' title="bbox 1962 5266 2315 5341">
     <span class='ocr_line' id='line_1_109' title="bbox 1962 5266 2315 5341; baseline -0.006 -17"><span class='ocrx_word' id='word_1_809' title='bbox 1962 5270 2105 5341; x_wconf 81' lang='lat' dir='ltr'><strong>qulre</strong></span> <span class='ocrx_word' id='word_1_810' title='bbox 2134 5269 2227 5340; x_wconf 86' lang='lat' dir='ltr'><strong>fol.</strong></span> <span class='ocrx_word' id='word_1_811' title='bbox 2260 5266 2315 5322; x_wconf 77' lang='grc'><strong>2.</strong></span> 
     </span>
    </p>
   </div>
   <div class='ocr_carea' id='block_1_110' title="bbox 2032 5356 3549 5431">
    <p class='ocr_par' dir='ltr' id='par_1_110' title="bbox 2032 5356 3549 5431">
     <span class='ocr_line' id='line_1_110' title="bbox 2032 5356 3549 5431; baseline -0.004 -16"><span class='ocrx_word' id='word_1_812' title='bbox 2032 5362 2235 5415; x_wconf 85' lang='lat' dir='ltr'><strong>Lauda.</strong></span> <span class='ocrx_word' id='word_1_813' title='bbox 2265 5360 2416 5430; x_wconf 86' lang='lat' dir='ltr'><strong>Apud</strong></span> <span class='ocrx_word' id='word_1_814' title='bbox 2452 5370 2502 5415; x_wconf 90' lang='lat' dir='ltr'><strong>te</strong></span> <span class='ocrx_word' id='word_1_815' title='bbox 2529 5360 2834 5431; x_wconf 76' lang='lat' dir='ltr'><strong>propitiatio</strong></span> <span class='ocrx_word' id='word_1_816' title='bbox 2854 5370 2958 5426; x_wconf 87' lang='lat' dir='ltr'><strong>est,</strong></span> <span class='ocrx_word' id='word_1_817' title='bbox 2990 5356 3297 5420; x_wconf 88' lang='lat' dir='ltr'><strong>alleluia,et</strong></span> <span class='ocrx_word' id='word_1_818' title='bbox 3329 5364 3549 5424; x_wconf 83' lang='lat' dir='ltr'><strong>propter</strong></span> 
     </span>
    </p>
   </div>
   <div class='ocr_carea' id='block_1_111' title="bbox 1964 5442 3547 5528">
    <p class='ocr_par' dir='ltr' id='par_1_111' title="bbox 1964 5442 3547 5528">
     <span class='ocr_line' id='line_1_111' title="bbox 1964 5442 3547 5528; baseline -0.008 -17"><span class='ocrx_word' id='word_1_819' title='bbox 1964 5458 2134 5528; x_wconf 74' lang='lat' dir='ltr'><strong>legem</strong></span> <span class='ocrx_word' id='word_1_820' title='bbox 2167 5469 2308 5511; x_wconf 89' lang='lat' dir='ltr'><strong>tuam</strong></span> <span class='ocrx_word' id='word_1_821' title='bbox 2338 5454 2565 5510; x_wconf 90' lang='lat' dir='ltr'><strong>sustinui</strong></span> <span class='ocrx_word' id='word_1_822' title='bbox 2596 5463 2668 5519; x_wconf 89' lang='lat' dir='ltr'><strong>te,</strong></span> <span class='ocrx_word' id='word_1_823' title='bbox 2698 5452 2946 5518; x_wconf 87' lang='lat' dir='ltr'><strong>Domine,</strong></span> <span class='ocrx_word' id='word_1_824' title='bbox 2979 5448 3211 5502; x_wconf 70' lang='lat' dir='ltr'><strong>alleluin.</strong></span> <span class='ocrx_word' id='word_1_825' title='bbox 3270 5442 3336 5500; x_wconf 82' lang='grc' dir='ltr'><strong>Ρ.</strong></span> <span class='ocrx_word' id='word_1_826' title='bbox 3396 5445 3547 5515; x_wconf 83' lang='lat' dir='ltr'><strong>Apud</strong></span> 
     </span>
    </p>
   </div>
   <div class='ocr_carea' id='block_1_112' title="bbox 1968 5537 3546 5609">
    <p class='ocr_par' dir='ltr' id='par_1_112' title="bbox 1968 5537 3546 5609">
     <span class='ocr_line' id='line_1_112' title="bbox 1968 5537 3546 5609; baseline -0.008 -6"><span class='ocrx_word' id='word_1_827' title='bbox 1968 5559 2018 5603; x_wconf 87' lang='lat' dir='ltr'><strong>te</strong></span> <span class='ocrx_word' id='word_1_828' title='bbox 2068 5558 2152 5603; x_wconf 91' lang='lat' dir='ltr'><strong>est</strong></span> <span class='ocrx_word' id='word_1_829' title='bbox 2206 5549 2349 5603; x_wconf 91' lang='lat' dir='ltr'><strong>enim</strong></span> <span class='ocrx_word' id='word_1_830' title='bbox 2401 5546 2791 5608; x_wconf 88' lang='lat' dir='ltr'><strong>misericordia,</strong></span> <span class='ocrx_word' id='word_1_831' title='bbox 2842 5552 2897 5598; x_wconf 92' lang='lat' dir='ltr'><strong>et</strong></span> <span class='ocrx_word' id='word_1_832' title='bbox 2945 5539 3164 5609; x_wconf 83' lang='lat' dir='ltr'><strong>copiusa</strong></span> <span class='ocrx_word' id='word_1_833' title='bbox 3194 5537 3490 5607; x_wconf 75' lang='lat' dir='ltr'><strong>redemptio</strong></span> <span class='ocrx_word' id='word_1_834' title='bbox 3533 5556 3546 5589; x_wconf 90' lang='lat'><strong>:</strong></span> 
     </span>
    </p>
   </div>
   <div class='ocr_carea' id='block_1_113' title="bbox 1965 5627 3549 5707">
    <p class='ocr_par' dir='ltr' id='par_1_113' title="bbox 1965 5627 3549 5707">
     <span class='ocr_line' id='line_1_113' title="bbox 1965 5627 3549 5707; baseline -0.008 -15"><span class='ocrx_word' id='word_1_835' title='bbox 1965 5638 2205 5701; x_wconf 89' lang='lat' dir='ltr'><strong>alleluia,</strong></span> <span class='ocrx_word' id='word_1_836' title='bbox 2235 5636 2471 5693; x_wconf 83' lang='lat' dir='ltr'><strong>alleluia.</strong></span> <span class='ocrx_word' id='word_1_837' title='bbox 2519 5637 2551 5707; x_wconf 55' lang='grc' dir='ltr'><em>ᾖ</em></span> <span class='ocrx_word' id='word_1_838' title='bbox 2580 5678 2593 5691; x_wconf 89' lang='grc'><strong>.</strong></span> <span class='ocrx_word' id='word_1_839' title='bbox 2627 5634 2957 5689; x_wconf 85' lang='lat' dir='ltr'><strong>Fiantaures</strong></span> <span class='ocrx_word' id='word_1_840' title='bbox 2989 5640 3091 5685; x_wconf 64' lang='lat' dir='ltr'><strong>tua:</strong></span> <span class='ocrx_word' id='word_1_841' title='bbox 3126 5627 3464 5685; x_wconf 77' lang='lat' dir='ltr'><strong>intendentes</strong></span> <span class='ocrx_word' id='word_1_842' title='bbox 3495 5627 3549 5680; x_wconf 91' lang='lat' dir='ltr'><strong>in</strong></span> 
     </span>
    </p>
   </div>
   <div class='ocr_carea' id='block_1_114' title="bbox 1970 5717 3553 5799">
    <p class='ocr_par' dir='ltr' id='par_1_114' title="bbox 1970 5717 3553 5799">
     <span class='ocr_line' id='line_1_114' title="bbox 1970 5717 3553 5799; baseline -0.006 -17"><span class='ocrx_word' id='word_1_843' title='bbox 1970 5745 2154 5786; x_wconf 82' lang='lat' dir='ltr'><strong>vocem</strong></span> <span class='ocrx_word' id='word_1_844' title='bbox 2179 5730 2570 5799; x_wconf 77' lang='lat' dir='ltr'><strong>deprecationis</strong></span> <span class='ocrx_word' id='word_1_845' title='bbox 2604 5742 2755 5779; x_wconf 71' lang='lat' dir='ltr'><strong>mem.</strong></span> <span class='ocrx_word' id='word_1_846' title='bbox 2796 5724 2857 5778; x_wconf 82' lang='lat' dir='ltr'><strong>P.</strong></span> <span class='ocrx_word' id='word_1_847' title='bbox 2889 5723 3041 5797; x_wconf 79' lang='lat' dir='ltr'><strong>Apud</strong></span> <span class='ocrx_word' id='word_1_848' title='bbox 3076 5733 3126 5782; x_wconf 88' lang='lat' dir='ltr'><strong>lc</strong></span> <span class='ocrx_word' id='word_1_849' title='bbox 3153 5732 3253 5780; x_wconf 71' lang='grc' dir='ltr'><strong>ρει.</strong></span> <span class='ocrx_word' id='word_1_850' title='bbox 3299 5722 3333 5791; x_wconf 68' lang='grc' dir='ltr'><strong><em>Ῡ</em></strong></span> <span class='ocrx_word' id='word_1_851' title='bbox 3357 5758 3371 5773; x_wconf 88' lang='grc'><strong>.</strong></span> <span class='ocrx_word' id='word_1_852' title='bbox 3424 5717 3553 5786; x_wconf 62' lang='lat' dir='ltr'><strong>om.</strong></span> 
     </span>
    </p>
   </div>
   <div class='ocr_carea' id='block_1_115' title="bbox 1971 5818 2860 5889">
    <p class='ocr_par' dir='ltr' id='par_1_115' title="bbox 1971 5818 2860 5889">
     <span class='ocr_line' id='line_1_115' title="bbox 1971 5818 2860 5889; baseline -0.009 -11"><span class='ocrx_word' id='word_1_853' title='bbox 1971 5822 2071 5889; x_wconf 82' lang='lat' dir='ltr'><strong>ria,</strong></span> <span class='ocrx_word' id='word_1_854' title='bbox 2103 5831 2153 5878; x_wconf 90' lang='lat' dir='ltr'><strong>et</strong></span> <span class='ocrx_word' id='word_1_855' title='bbox 2184 5821 2374 5877; x_wconf 86' lang='lat' dir='ltr'><strong>honor.</strong></span> <span class='ocrx_word' id='word_1_856' title='bbox 2408 5820 2467 5875; x_wconf 87' lang='lat' dir='ltr'><strong>l’.</strong></span> <span class='ocrx_word' id='word_1_857' title='bbox 2501 5818 2650 5889; x_wconf 72' lang='lat' dir='ltr'><strong>Aputl</strong></span> <span class='ocrx_word' id='word_1_858' title='bbox 2685 5826 2733 5872; x_wconf 83' lang='lat' dir='ltr'><strong>te</strong></span> <span class='ocrx_word' id='word_1_859' title='bbox 2759 5826 2860 5872; x_wconf 76' lang='lat' dir='ltr'><strong>est.</strong></span> 
     </span>
    </p>
   </div>
  </div>
