4044 6382
460 350 525 410 9|
1639 328 2075 389 BREVIARIUM
2117 330 2498 388 (ΣΟΤΙΙΙιῖωΙ.
3674 330 3757 383 92

536 458 737 513 Ord:io.
769 452 1051 522 Uuigénite
1094 448 1257 505 Filius
1284 446 1376 502 Dei
1427 446 1620 511 i’atris,
1647 458 1807 515 quem
1851 441 2041 497 insula:
2070 444 2116 503 Α
2217 443 2295 496 ,ιιι
2338 442 2581 510 γέερςτοι
2622 441 2844 501 dirdtnr,
2892 450 2943 493 ut
2985 440 3037 493 in
3080 439 3305 494 set-titulo
3344 440 3474 509 [tirio
3511 444 3762 503 secunda

461 552 765 622 expectant,
788 554 844 601 et
868 543 1145 599 brachium
1172 538 1503 595 fortttt'tdinis
1534 547 1637 592 tute
1674 536 1824 605 plebs
1862 536 2062 605 adqui-

460 647 559 701 sita
588 642 847 707 stistinet;
879 650 931 693 te
962 651 1269 709 quaesumus
1295 643 1350 692 et
1376 632 1651 704 rogemus,
1680 638 1740 683 ut
1784 644 1883 683 nos
1926 643 2051 696 pec-

460 736 670 794 catores
700 733 867 789 iacias
897 744 1111 794 semper
1133 742 1255 783 esse
1283 725 1471 781 beétos
1502 743 1513 777 :
1541 732 1618 790 ut,
1662 722 1783 777 ciim
1838 718 2052 775 Adven-

2157 533 2531 589 Ilebdomadw.

2226 626 2525 696 Sequuntur
2551 627 2659 681 Alia
2689 626 3038 696 Responsoria
3068 627 3132 681 de
3160 628 3336 699 quibus
3366 627 3541 697 supra.

2240 718 2314 786 ἢ.
2357 720 2563 773 Montes
2604 719 2726 773 liiize
2769 719 2932 789 Sion,
2978 735 3157 775 ramos
3198 730 3408 775 vestros
3450 721 3755 789 cxtendite,

461 833 547 887 tos
570 829 645 885 tui
672 825 977 898 apparoerit
1001 821 1190 891 gloria,
1219 834 1324 874 non
1368 815 1757 873 confundémur
1804 811 2052 867 videntes
2153 810 2472 880 germina'e.
2509 807 2576 863 Ρ.
2608 810 2671 863 Et
2699 810 2928 864 fructum
2955 810 3307 881 jrcuudt’tatis
3336 810 3521 866 afferte
3551 811 3763 880 populo

463 920 655 976 fltciem
684 927 849 973 tuam.
885 912 1211 978 Respondent
1235 908 1459 963 Chorus.
1488 907 1682 962 Amen.

537 1012 642 1066 Per
673 1005 1095 1063 tttisericordiam
1134 1014 1299 1057 tuam.

538 1102 745 1160 FEBIA
784 1096 1103 1156 SECUNDA
1148 1091 1458 1161 QUARTIE
1499 1085 1975 1145 IIEBI)0M.\D£.

1039 1190 1117 1242 Ad
1137 1186 1470 1242 Matutinum.

548 1282 856 1352 .intlphona.
891 1282 1137 1346 Domine,
1162 1280 1287 1350 quid
1320 1276 1675 1345 multiplicati.
1702 1274 1940 1328 Psalmus
1970 1288 2050 1325 lli.

472 1381 669 1437 Oratio.
703 1379 796 1448 fol.
829 1377 883 1441 8,
917 1387 973 1430 ut
999 1377 1052 1430 in
1072 1374 1291 1429 secunda
1313 1373 1440 1441 féria
1465 1374 1639 1440 prima
1672 1368 2049 1423 Hebdomadw.

546 1472 836 1541 Antiphonti
865 1472 913 1525 i.
950 1468 1087 1523 Ecce
1116 1466 1373 1523 Dominus
1420 1462 1599 1519 veniet
1643 1461 1712 1516 de
1758 1462 1935 1530 longe.
1989 1459 2055 1513 Ρ.

470 1563 619 1619 iieoti
639 1577 851 1627 omnes,
881 1560 970 1630 qui
1001 1558 1288 1629 expectant
1317 1572 1463 1612 eum.
1510 1556 1584 1625 ᾗ.
1636 1554 1840 1609 Omnes
1871 1561 2059 1625 gentes

470 1653 707 1724 ploudite
736 1651 983 1707 manibus
1014 1650 1275 1720 :juhilate
1307 1649 1415 1702 Deo
1447 1649 1498 1702 in
1529 1662 1660 1702 voce
1689 1644 2056 1702 exultatiOnis.

472 1747 540 1803 Ρ.
565 1745 712 1802 Βώιί
736 1760 939 1800 omnes.
980 1742 1015 1813 y
1040 1781 1055 1798 .
1080 1740 1285 1807 Gloria,
1304 1751 1355 1795 et
1376 1742 1565 1793 honor.
1586 1737 1653 1793 Ρ.
1677 1738 1823 1792 lieoti
1846 1752 2057 1791 omnes.

2156 920 2278 959 meo
2301 905 2481 966 Israél,
2508 903 2758 973 quoniam
2783 902 2965 958 veniet
2985 903 3102 957 dies
3124 903 3360 957 Domini.
3395 904 3428 971 ᾗ
3458 946 3470 959 .
3493 903 3758 969 Juhiiate,

2158 996 2395 1050 extrema
2431 1005 2587 1047 terrm.
2617 1011 2631 1047 :
2663 995 2852 1049 sonitu:
2881 1006 3090 1049 montes
3134 994 3523 1059 laudationum,
3557 996 3759 1063 saltus,

2159 1099 2212 1144 et
2240 1087 2415 1141 omnia
2461 1087 2599 1156 ligna
2640 1086 2892 1157 regidnis.
2932 1084 2999 1141 Ρ.
3046 1088 3108 1141 Et
3142 1085 3388 1141 fructum.
3440 1087 3512 1153 ἢ.
3544 1086 3761 1156 Gloria,

2158 1190 2213 1235 et
2244 1182 2435 1233 honor.
2473 1179 2537 1233 Ρ.
2576 1180 2639 1233 ει
2674 1179 2925 1233 fructum.

2232 1272 2388 1325 Aliud
2420 1271 2842 1337 Rr'sponsdrium.
2880 1272 3015 1325 Ecce
3049 1271 3306 1324 Dominus
3335 1271 3509 1325 veniet
3539 1270 3762 1325 redem-

2163 1374 2281 1432 ptor
2311 1372 2491 1419 noster
2514 1373 2730 1416 sanctus
2756 1362 2943 1419 israél.
2977 1360 3045 1416 Ρ.
3078 1363 3344 1417 Coronam
3374 1363 3520 1430 regni
3555 1361 3766 1418 habens

2164 1456 2214 1510 in
2240 1455 2417 1523 copite
2444 1470 2562 1510 suo.
2607 1455 2641 1523 Ῡ
2666 1492 2681 1509 .
2716 1453 2991 1510 Atténdite
3013 1453 3081 1508 ad
3110 1468 3217 1519 me,
3248 1453 3474 1523 populus
3504 1468 3675 1516 meus,
3704 1463 3768 1508 et

2164 1551 2332 1603 tribus
2363 1565 2480 1602 mea
2516 1564 2599 1603 mc
2637 1550 2835 1613 audite,
2873 1550 2993 1619 quia
3029 1546 3194 1616 prope
3230 1557 3311 1602 est
3350 1548 3464 1601 dies
3499 1546 3705 1600 Domini
3745 1564 3762 1599 :

2160 1640 2334 1711 justus
2376 1655 2544 1706 meus,
2575 1651 2627 1695 et
2657 1639 2909 1710 egressus
2953 1648 3038 1695 est
3066 1639 3310 1695 Saldtor
3352 1654 3521 1694 meus.
3563 1638 3624 1693 Ρ.
3655 1640 3767 1693 Co-

2166 1735 2353 1788 rtinatn
2380 1735 2526 1804 regni
2555 1734 2779 1789 habens.
2820 1735 2854 1802 ᾗ
2880 1774 2893 1787 .
2927 1725 3135 1799 Gloria,
3167 1745 3221 1790 et
3249 1737 3441 1788 honor.
3476 1732 3768 1787 litim-Itur

496 1824 499 1827 ’
544 1834 747 1891 Oratio.
814 1833 889 1889 De
928 1833 1084 1904 longe
1139 1828 1526 1885 incarnationis
1574 1841 1677 1883 tute
1733 1826 2059 1895 Advéntum,
2094 1828 2143 1887 B
2190 1827 2261 1894 ἡ.
2298 1828 2432 1881 Ecce
2466 1827 2744 1881 Dominus.

469 1924 682 1981 Christe
708 1924 800 1980 Dei
826 1922 1015 1989 Filius,
1040 1922 1320 1976 beatorum
1353 1918 1712 1974 numerositas
1742 1916 2059 1987 prtcstolan-

474 2016 567 2084 do,
594 2014 894 2070 beatificata
926 2012 1040 2068 fore
1066 2011 1434 2080 cognoscitur.
1486 2012 1827 2077 Quaesumus,
1861 2016 1920 2061 ut
1966 2022 2062 2063 ex-

474 2108 779 2181 pectatiéne
808 2107 1029 2161 secondi
1068 2106 1341 2161 Adi/entes
1371 2105 1446 2159 tui
1493 2104 1561 2157 ita
1588 2101 1977 2169 beatiliccmur,
2007 2109 2065 2155 ut

473 2203 616 2272 pium
647 2210 699 2256 te
729 2199 779 2253 in
807 2198 1007 2268 judicio
1042 2197 1355 2252 sentiamus.
1400 2197 1435 2264 ιῆ
1460 2234 1475 2250 .
1511 2200 1702 2250 Amen.

546 2292 646 2346 Per
679 2288 1105 2344 misericordiam
1150 2296 1311 2341 tuam.

546 2381 844 2447 Antipltona
863 2379 919 2433 ‘2.
949 2378 1265 2433 Mortiﬁcéte
1296 2392 1431 2431 nunc
1460 2379 1700 2431 membra
1725 2384 2065 2446 restra,qu:e

475 2482 602 2528 sunt
644 2486 806 2541 super
848 2478 1079 2534 terram;
1122 2468 1393 2538 quoniam.
1440 2469 1562 2523 com
1608 2468 1856 2523 Christus
1902 2481 2067 2536 appa-

479 2562 671 2627 rt'terit,
703 2563 809 2616 vita
833 2571 1030 2615 vestra.
1061 2559 1128 2613 P.
1156 2559 1303 2614 'i‘unc
1337 2570 1389 2614 et
1430 2576 1523 2614 vos
1566 2558 1892 2629 apparebiuis
1940 2573 2063 2614 cum

477 2656 598 2725 ipso
632 2655 685 2710 in
716 2654 906 2727 gloria.
969 2654 1043 2724 ᾗ.
1095 2654 1177 2710 Sit
1222 2670 1414 2709 nomen
1466 2654 1678 2709 Domini
1729 2654 2064 2709 benedictum

475 2763 541 2805 ex
576 2749 677 2805 hoc
710 2764 873 2814 nunc,
898 2759 952 2803 et
980 2764 1147 2817 usque
1175 2749 1228 2801 in
1256 2748 1527 2802 sacculum.
1565 2746 1629 2801 Ρ.
1676 2747 1825 2802 Tunc
1861 2755 1916 2803 et
1947 2763 2064 2802 vos.

490 2844 528 2916 γ
550 2881 569 2899 .
595 2842 800 2908 Gloria,
829 2852 883 2897 et.
913 2843 1103 2899 honor.
1129 2841 1196 2896 P.
1229 2843 1376 2897 Tunc
1405 2853 1458 2897 ei
1481 2857 1595 2896 vos.

552 2936 754 2992 Oratio.
793 2936 1081 3001 Mortiiica,
1107 2951 1414 3006 quaesumus
1436 2977 1451 3000 ,
1483 2950 1646 3005 super
1677 2945 1872 2990 terram
1898 2951 2067 2991 mem-

478 3028 572 3085 bra
598 3038 779 3083 nostra
802 3028 869 3082 ab
887 3028 1031 3083 omni
1055 3027 1489 3099 concupiscentia
1513 3046 1527 3095 ;
1553 3040 1632 3093 ut,
1656 3030 1777 3083 com
1805 3038 1860 3083 tu
1884 3038 2065 3087 nostra

480 3121 799 3195 apparoeris
820 3120 952 3189 vita,
978 3123 1333 3192 apparcilntus
1362 3134 1417 3177 et
1457 3136 1554 3177 nos
1581 3134 1753 3176 tecum
1808 3122 2069 3179 transfor-

479 3218 611 3274 tnt'tti
642 3220 693 3274 in
716 3216 938 3288 gloriam
972 3218 1079 3288 29
1100 3214 1508 3285 sempiternam.
1555 3214 1590 3282 ιῆ
1615 3254 1629 3269 .
1658 3217 1846 3271 Amen.

550 3312 652 3368 Per
680 3311 1103 3369 misericordiam
1133 3318 1299 3363 tuam.

551 3406 849 3475 Antiphona
878 3402 933 3456 3.
969 3400 1079 3470 Ego
1101 3412 1224 3455 ante
1248 3411 1298 3455 te
1321 3400 1428 3469 ibo,
1453 3400 1579 3453 dicit
1606 3400 1881 3455 Dominus.
1917 3398 1977 3454 P.
2008 3400 2075 3456 Et.

479 3495 748 3569 gloriosos
781 3505 937 3549 terra:
978 3490 1290 3547 humilia‘tho.
1336 3492 1408 3560 ᾗ.
1453 3491 1593 3547 Deus
1634 3492 1853 3545 deorum
1889 3492 2074 3547 Domi-

482 3605 583 3642 nus
616 3587 825 3642 iocatus
852 3592 967 3652 est,
1005 3596 1059 3639 et
1086 3584 1295 3638 vocavit
1336 3592 1555 3637 terram.
1597 3582 1659 3636 Ρ.
1694 3572 1759 3638 Et
1788 3583 2072 3653 gloriosos.

498 3682 533 3751 Ῡ
558 3719 573 3735 .
604 3678 806 3745 Gloria,
838 3688 893 3735 et
922 3680 1113 3735 honor.
1152 3676 1216 3731 P.
1249 3677 1314 3731 Et
1341 3676 1625 3745 gloriosos.

558 3771 760 3828 Oratio.
801 3772 1040 3843 lngénite
1069 3784 1279 3825 suntme
1310 3770 1482 3834 Pater,
1526 3787 1619 3841 per
1649 3788 1805 3843 quem
1841 3772 2079 3842 tempore

484 3865 781 3922 nativitatis
820 3864 1107 3919 Dominiczn
1141 3861 1360 3930 iustitia:
1389 3878 1523 3931 opus
1559 3880 1657 3933 pax
1694 3866 1774 3919 vel
1818 3867 2078 3920 securitas

484 3958 825 4013 concloditur
854 3955 1118 4011 universa:
1150 3966 1339 4019 teme;
1375 3956 1455 4008 lac
1486 3971 1583 4010 nos
1622 3958 1671 4010 in
1702 3958 1941 4011 secondo
1972 3958 2081 4012 Ad-

486 4049 652 4105 véntu
682 4048 866 4120 gloriae
895 4064 1007 4102 sum
1033 4046 1481 4119 pulchritudinem
1516 4046 1658 4100 indiv
1682 4049 1801 4102 dua:
1827 4051 2080 4118 majesta-

488 4154 558 4201 tt‘s
588 4145 848 4216 pérpetim
890 4143 1086 4201 intueri
1118 4162 1133 4199 :
1169 4153 1225 4199 ut
1268 4144 1461 4198 ibidem
1502 4142 1806 4213 perenniter
1835 4143 2077 4199 coronoti

483 4238 714 4309 jt‘tbiium
767 4238 1135 4307 perpetuitatis
1184 4238 1552 4308 persolvamus
1595 4241 1711 4292 sine
1758 4236 1862 4293 line
1910 4236 2074 4294 betiti.

487 4330 836 4400 Respondeat.
869 4328 1061 4384 Amen.

558 4423 662 4478 Per
692 4421 1114 4477 misericordiam
1147 4423 1333 4493 ipsius.

574 4515 649 4579 ἢ.
695 4513 912 4570 Credite
956 4515 1287 4570 Salvatorcm
1330 4526 1565 4570 vestrum
1608 4516 1911 4572 venientem
1957 4531 2076 4572 cum
2106 4554 2161 4616 υ

488 4607 679 4676 gloria.
712 4603 775 4660 P.
809 4606 873 4661 Et
898 4622 993 4660 Vos
1012 4610 1181 4660 estdte
1210 4606 1377 4675 paroti
1405 4608 1679 4674 suscipere
1707 4623 1930 4679 regnum
1957 4608 2073 4662 Dei.

509 4699 541 4765 ᾗ
568 4737 582 4750 .
609 4695 825 4767 Audite,
851 4697 1180 4752 habitatores
1206 4699 1369 4763 urbis,
1397 4698 1483 4768 qui
1511 4698 1794 4753 ntnrotnini
1825 4699 1876 4753 in
1902 4702 2080 4763 terris,

492 4791 614 4845 cont
646 4791 909 4845 elevatum
949 4789 1105 4844 fuerit
1133 4791 1340 4857 signum
1373 4788 1425 4843 in
1456 4788 1748 4855 montibus,
1779 4799 1833 4843 et
1866 4789 2082 4857 clango-

494 4904 604 4943 rem
638 4885 780 4939 tuine
805 4882 1099 4938 audieritis.
1130 4881 1198 4936 P.
1232 4882 1295 4935 Et
1322 4898 1418 4936 vos
1444 4883 1640 4937 estote.
1688 4886 1722 4952 ᾗ
1748 4922 1762 4937 .
1795 4882 1995 4953 Gloria,
2028 4893 2082 4939 et

496 4979 687 5035 honor.
721 4977 1006 5031 Reiterétur
1047 4974 1083 5044 ἡ
1106 5015 1119 5029 .
1151 4975 1368 5029 Crédite
1394 4974 1744 5030 Salvatorem.

1109 5066 1175 5121 In
1210 5067 1495 5121 Laudibus.

565 5166 645 5220 At!
674 5164 963 5221 Céuticum.
1004 5161 1317 5232 Antiphona.
1364 5163 1495 5215 Ecce
1522 5162 1663 5215 enim
1708 5159 1865 5213 Deus.
1902 5160 2083 5214 Cdnti-

498 5275 624 5311 cum.
661 5257 886 5313 Domine
914 5257 1071 5321 Deus,
1104 5254 1338 5309 omnium
1370 5256 1598 5309 creator.

570 5350 981 5413 Matutinorium,
1001 5346 1315 5417 Antiphonti,
1337 5357 1381 5399 et
1408 5345 1603 5399 Lauda.
1635 5344 1852 5416 Iiequire
1876 5346 1969 5416 fol.
1992 5344 2079 5401 16.

497 5444 796 5515 Prop/talia.
826 5439 1327 5499 Cantote'Dotnino.
1372 5441 1464 5510 fol.
1503 5440 1593 5493 ‘28.
1642 5438 1897 5509 Hymnus.
1940 5438 2079 5495 Ecce

497 5540 749 5593 Salvator
788 5536 1047 5592 omnium.
1094 5535 1433 5607 Sttnplictitio.
1478 5534 1704 5588 Oromus
1754 5533 2085 5601 Redempto-

506 5655 621 5697 rem
643 5632 843 5688 mundi.
875 5631 1135 5702 Capitula.
1179 5632 1381 5685 Mentor
1404 5637 1542 5694 esto,
1576 5626 1818 5681 Domine.
1863 5628 1955 5696 fol.
2000 5628 2079 5681 i7.

500 5730 702 5783 Lauda.
730 5725 866 5779 Deus
888 5722 1165 5779 manifesto
1195 5722 1389 5776 s'ouict.
1416 5718 1632 5790 Raptim
1660 5718 1752 5787 fol.
1785 5721 1837 5775 8.
1873 5720 2077 5773 Duilio.

505 5815 685 5872 \ontat
713 5832 874 5887 super
904 5832 1017 5883 ποι,
1046 5813 1293 5871 Domine.
1330 5813 1547 5884 Iicquire
1578 5812 1711 5883 infra
1740 5810 1832 5881 fol.
1867 5808 1953 5864 3a.

2099 3192 2148 3257 C

2242 1920 2396 1973 Aliud
2444 1920 2865 1986 liesponsoriunt.
2907 1918 3121 1985 Audite,
3164 1918 3344 1972 audite
3384 1932 3492 1981 me,
3534 1916 3777 1986 populus

2167 2028 2343 2078 meus,
2385 2011 2515 2066 dicit
2558 2010 2861 2066 Dominus:
2900 2020 2957 2066 et
2998 2026 3170 2081 reges,
3216 2009 3501 2075 intendite,
3542 2009 3772 2065 auribus

2166 2102 2452 2176 pcrttlpite.
2484 2101 2551 2157 P.
2582 2102 2714 2170 Quia
2745 2103 2828 2157 lex
2871 2103 2900 2157 ὲ
2936 2116 3023 2158 me
3062 2101 3257 2171 prodiit
3287 2120 3300 2156 :
3330 2101 3771 2171 appropinquans

2168 2194 2275 2251 cito
2305 2194 2510 2264 justitia
2549 2209 2666 2249 mea
2700 2210 2714 2248 :
2746 2203 2800 2248 et
2829 2195 3065 2249 salrawr
3094 2211 3244 2250 mcus
3278 2195 3461 2259 adest,
3491 2210 3649 2266 quem
3683 2195 3770 2258 in_-

2168 2286 2301 2340 stula:
2328 2284 2628 2353 expectant.
2677 2286 2710 2354 γ
2736 2323 2749 2337 .
2783 2284 3055 2341 Atténdite
3082 2286 3146 2340 ad
3178 2302 3284 2351 me,
3318 2286 3546 2355 populus
3573 2303 3723 2343 meus
3750 2305 3768 2343 :

2169 2386 2225 2431 ct
2253 2376 2422 2431 trihns
2452 2391 2593 2441 mea,
2626 2377 2825 2431 audite.
2863 2376 2927 2431 Ρ.
2957 2378 3093 2444 Quia
3127 2379 3209 2433 lex
3238 2378 3267 2432 ἐι
3300 2394 3404 2435 me.
3456 2380 3527 2445 Ῡ.
3561 2379 3766 2447 GIOria,

2170 2479 2225 2527 et
2256 2470 2446 2525 honor.
2481 2470 2770 2525 Reiteréinr
2810 2471 2847 2541 ti
2870 2512 2884 2525 .
2920 2473 3131 2537 Audite,
3164 2473 3365 2527 audite.

2259 2565 2295 2633 ἡ
2318 2603 2333 2619 .
2369 2564 2665 2621 Metuentes
2697 2563 3011 2631 Dominum,
3046 2566 3310 2621 sustinete
3344 2566 3769 2625 miscricordiam

2172 2655 2361 2725 ipsius.
2394 2654 2463 2710 P.
2492 2658 2555 2710 iit
2584 2672 2651 2710 ne
2680 2655 2945 2710 recedatis
2971 2658 3041 2709 ab
3070 2656 3163 2709 illo
3194 2674 3205 2707 :
3239 2670 3306 2710 ne
3332 2655 3556 2721 cadatis,
3587 2664 3771 2710 etnon

2170 2745 2521 2801 evacuitbitnr
2568 2762 2776 2801 merces
2822 2758 3021 2802 vestra.
3069 2746 3103 2815 ᾖ
3130 2786 3146 2802 .
3187 2748 3286 2814 Qui
3335 2746 3534 2801 timetis
3577 2746 3771 2812 Deum,

2170 2837 2370 2893 credite
2402 2838 2508 2903 illi;
2546 2849 2600 2892 et
2636 2838 2685 2892 in
2716 2837 3072 2892 obicrtatidne
3105 2838 3246 2894 illius
3279 2838 3459 2892 veniet
3488 2838 3639 2891 Vultis
3670 2838 3774 2891 mi-

2172 2933 2487 2990 sericordia.
2524 2934 2589 2990 Ρ.
2624 2935 2689 2989 Et
2721 2950 2786 2989 ne
2818 2935 3098 2991 recedatis.
3150 2935 3219 3004 ᾗ.
3256 2932 3463 3001 Gloria,
3498 2944 3551 2989 et
3582 2932 3774 2988 honor.

2172 3027 2459 3085 Reiterétur
2504 3029 2541 3097 ἢ
2564 3066 2578 3082 .
2611 3028 2911 3084 Metuentes
2944 3028 3246 3083 Dominum.

2258 3123 2295 3184 ἢ
2320 3164 2334 3180 .
2374 3121 2674 3192 Cognoscat
2714 3123 2867 3191 plebs
2907 3136 3022 3176 mea
3068 3136 3260 3175 nomen
3310 3134 3486 3175 meum
3532 3118 3620 3173 illa
3660 3119 3777 3185 die,

2177 3216 2429 3287 quoniam
2462 3232 2587 3270 ecce
2615 3231 2737 3283 ego,
2766 3214 2853 3282 qui
2886 3215 3093 3286 loquor,
3120 3213 3286 3268 odero
3310 3212 3477 3281 vobis,
3505 3211 3636 3267 dicit
3667 3210 3780 3266 Do-

2176 3309 2371 3363 minus.
2416 3305 2484 3361 P.
2528 3307 2686 3373 Quasi
2736 3322 2958 3377 germen
3008 3308 3143 3359 inter
3189 3313 3394 3359 montes
3438 3302 3781 3358 annoncians

2176 3404 2411 3457 auditum
2438 3401 2603 3469 pacis,
2630 3399 2890 3455 nt'tncians
2919 3399 3077 3463 bona,
3112 3407 3168 3452 ut
3196 3407 3374 3452 notum
3395 3395 3546 3451 vobis
3576 3394 3780 3449 iaciam

2178 3494 2509 3549 Salvatoretn
2561 3492 2763 3546 mundi.
2812 3492 2885 3560 Ῡ.
2938 3491 3077 3545 Dcus
3122 3492 3189 3543 de
3234 3488 3363 3545 Sina
3411 3489 3573 3552 venit,
3612 3496 3666 3542 et
3709 3489 3781 3544 de

2178 3587 2296 3640 Seir
2333 3596 2481 3640 ortus
2519 3594 2604 3639 est
2645 3601 2660 3638 ε
2703 3586 2856 3639 nobis
2906 3584 3150 3653 apparuit
3198 3582 3265 3638 de
3315 3591 3495 3637 monte
3543 3581 3777 3635 Pharan.

2180 3676 2248 3733 P.
2290 3678 2450 3746 Quasi
2492 3692 2729 3747 germen.
2791 3677 2863 3746 ᾖ.
2910 3675 3109 3743 Gloria,
3156 3684 3207 3731 et
3258 3676 3448 3729 honor.
3492 3674 3779 3729 Reiterétur

2197 3773 2233 3841 ἢ
2255 3812 2267 3826 .
2301 3772 2603 3841 Cognoscat
2634 3771 2783 3840 plebs
2819 3786 2957 3826 mea.

2266 3864 2301 3933 ti;
2326 3865 2513 3921 .Ecce
2547 3865 2799 3920 Dominus
2834 3865 2974 3919 Deus
3007 3874 3187 3918 noster
3215 3863 3523 3934 egredietur
3550 3860 3617 3916 ad
3658 3877 3782 3927 nos,
3890 3852 3905 3867 ’

2181 3969 2236 4014 et
2276 3959 2617 4014 miserebitur
2645 3958 2822 4013 nobis.
2868 3956 2931 4011 Ρ.
2966 3957 3158 4011 Dolens
3200 3956 3504 4024 iniquitates
3544 3964 3783 4019 nosttas,

2181 4063 2233 4104 et
2260 4049 2537 4117 demerget
2563 4052 2614 4103 itt
2649 4049 2967 4119 proioudum
3012 4048 3172 4102 matis
3201 4048 3381 4102 omnia
3425 4050 3642 4118 peccata
3684 4062 3784 4102 no-

2182 4158 2315 4199 SIra.
2363 4145 2434 4214 ᾗ.
2466 4145 2688 4199 ιθιέιιιίι
2714 4144 2924 4213 signum
2957 4145 3007 4196 in
3039 4142 3345 4197 nationibus
3376 4141 3593 4211 procul,
3624 4151 3673 4195 et
3706 4140 3783 4193 si-

2184 4238 2369 4293 bilabit
2406 4238 2472 4291 de
2520 4238 2711 4291 ﬁnibus
2751 4247 2937 4302 terrm;
2976 4250 3028 4292 et
3069 4252 3193 4291 ecce
3237 4236 3494 4291 iestinans
3525 4234 3785 4290 velociter

2183 4330 2381 4386 veniet.
2425 4329 2491 4385 P.
2536 4331 2749 4386 Delens.
2803 4331 2876 4401 ᾖ.
2913 4330 3116 4399 Gloria,
3160 4340 3214 4387 et
3254 4330 3446 4387 honor.
3489 4330 3784 4387 Reiterétur

2200 4425 2235 4493 ιῖι
2257 4462 2271 4477 .
2307 4424 2441 4477 Ecce
2475 4422 2729 4477 Dominus
2761 4423 2917 4477 Deus.

2272 4516 2345 4584 ti).
2387 4516 2519 4582 Quis
2555 4526 2637 4571 est
2678 4516 2780 4570 iste
2818 4514 3104 4580 iormdsus,
3132 4516 3265 4569 sto‘a
3296 4516 3393 4569 sua
3432 4514 3685 4587 gradiens
3726 4517 3781 4573 iu

2186 4608 2573 4663 multitt'tdinem
2616 4606 2947 4663 fortitudinis
2988 4607 3134 4662 sum?
3182 4606 3245 4661 P.
3286 4607 3418 4679 Ego,
3458 4611 3548 4680 qui
3589 4610 3785 4678 loquor

2182 4698 2461 4769 justitiam,
2486 4710 2540 4753 et
2563 4701 2924 4770 propugnator
2944 4715 3063 4754 sum
3087 4700 3151 4755 ad
3181 4699 3522 4756 saivltndum.
3564 4701 3598 4771 ᾗ
3622 4739 3638 4755 .
3666 4701 3786 4770 Ego

2185 4791 2343 4847 Jesus
2372 4792 2523 4847 mitto
2552 4793 2813 4863 Angelum
2842 4807 3018 4846 meum
3049 4792 3339 4850 testiﬁcare
3371 4792 3699 4858 hominibus,
3723 4802 3788 4849 es

2186 4898 2313 4939 ecce
2343 4882 2497 4940 venio
2526 4884 2651 4940 cito.
2697 4882 2765 4939 P.
2803 4885 2933 4952 Ego,
2976 4884 3069 4955 qui
3109 4884 3320 4956 loquor.
3371 4886 3445 4956 Ῡ.
3486 4884 3691 4951 Gloria,
3726 4896 3785 4940 et

2188 4975 2380 5032 honor.
2411 4976 2695 5031 Reiterétur
2738 4977 2774 5047 ιῆ
2799 5016 2813 5031 .
2844 4978 2974 5045 Quis
3004 4989 3108 5033 est.

2274 5069 2347 5139 ἡ.
2379 5069 2553 5136 Quare
2594 5069 2787 5135 ta:das,
2835 5069 3007 5125 Deus?
3038 5073 3185 5137 veni,
3225 5080 3280 5127 et
3317 5071 3483 5127 libera
3524 5071 3779 5143 populum

2191 5168 2361 5215 tuum.
2398 5159 2463 5215 Ρ.
2497 5161 2573 5215 Te
2607 5162 2748 5216 enim
2790 5163 3037 5232 expectat
3074 5166 3245 5218 omnis
3289 5163 3468 5219 lsraél.
3512 5164 3548 5235 j
3574 5204 3588 5219 .
3626 5164 3782 5229 Veni,

2192 5251 2437 5317 Domine,
2465 5262 2517 5307 et
2549 5254 2655 5306 noli
2690 5256 2923 5323 tardare,
2958 5257 3137 5311 reloxa
3170 5256 3253 5310 iac
3277 5269 3408 5309 nora
3449 5255 3619 5323 plebis
3650 5266 3780 5311 luat.

2190 5342 2257 5399 P.
2288 5345 2364 5401 Te
2386 5348 2549 5401 enim.
2581 5347 2613 5415 ᾗ
2640 5387 2654 5402 .
2678 5347 2883 5413 Gloria,
2903 5362 2955 5406 et
2974 5352 3161 5405 bouor.
3190 5347 3474 5405 Reitcritur
3506 5350 3544 5420 ti)
3566 5388 3580 5402 .
3603 5350 3785 5419 Quare

2192 5441 2393 5497 tardas.

2276 5538 2311 5604 ti
2335 5577 2347 5590 .
2384 5537 2742 5607 liicrt'tsalcm,
2786 5541 2964 5596 lmn‘tre
3005 5540 3057 5595 in
3090 5540 3333 5597 Adventu
3378 5539 3612 5606 Domini,
3642 5539 3783 5610 quo-

2191 5631 2332 5685 niam
2380 5632 2492 5702 ipse
2521 5633 2700 5715 veniet
2743 5636 2854 5689 tibi.
2901 5634 2965 5688 Ρ.
3012 5634 3077 5689 Et
3115 5634 3319 5691 {inferet
3357 5635 3386 5689 ξι
3417 5644 3468 5691 te
3498 5624 3692 5699 luctus,
3725 5644 3783 5689 et

2189 5723 2507 5789 amictfttes,
2554 5736 2603 5778 et
2656 5724 2840 5779 iutiuct
2889 5733 2940 5777 te
2989 5724 3383 5792 pulchritudine
3429 5724 3479 5778 in
3534 5725 3780 5780 Adténtu

2191 5830 2306 5871 son.
2356 5818 2427 5887 ᾖ.
2476 5817 2825 5884 Ilict't'tsaicm,
2877 5816 3130 5873 Iloininus
3178 5818 3227 5872 in
3281 5817 3457 5873 medio
3504 5819 3578 5874 tui
3626 5818 3779 5876 (ortis
