4044 6382
281 379 350 437 93
1146 372 1351 427 FERIA
1392 371 1458 427 IV
1506 370 1677 427 POST
1721 369 1879 425 DUM.
1924 368 1989 426 iV
2030 354 2400 425 ADVENTUS
2446 369 2697 425 DOMINI.
3428 429 3435 437 ,
3482 371 3553 430 οι

278 490 529 563 gaudebit
553 503 712 560 super
743 496 793 544 te
819 486 872 542 in
895 484 1072 549 laude,
1095 492 1149 539 et
1168 483 1424 540 exultabit
1445 484 1496 538 in
1516 483 1850 553 jubilatidne.
1886 488 1936 546 Α
1964 480 2154 536 léstum
2194 491 2274 537 est
2314 485 2366 535 in
2398 496 2583 547 carne,
2626 481 2946 536 inconcusso
2986 482 3171 538 amare
3218 482 3341 539 ηιΙεί
3384 487 3558 554 persi-

281 584 330 639 P
382 583 449 639 Et
477 582 680 638 auferet
704 580 734 635 δ
762 588 831 633 te.
876 580 905 649 Ῡ
934 618 947 633 .
980 576 1180 641 Glbria,
1208 584 1263 632 et
1293 575 1464 630 honor
1495 575 1657 631 Patri.
1694 574 1861 629 licite-

278 676 419 731 νέειν
458 673 529 743 ἢ.
562 672 916 736 lliert'tsalcm,
948 670 1149 725 laetere.

366 769 404 838 r3
426 808 444 825 .
476 769 614 824 Ecce
641 766 819 823 veniet
846 764 998 819 nobis
1027 763 1170 820 salus
1200 761 1231 817 ii
1257 761 1486 817 Domino
1514 759 1779 823 celeriter,
1807 766 1864 813 ut

277 859 526 916 conterat
560 858 746 930 jugum
783 870 963 927 grave.
1006 854 1076 909 P.
1110 854 1174 909 Et
1200 853 1370 909 s'alvet
1409 852 1438 906 it
1476 850 1701 906 vinculis
1742 865 1864 917 pec-

1963 583 2105 626 stcre
2146 589 2157 624 :
2198 581 2275 636 ιιι,
2320 572 2411 641 qui
2454 579 2627 626 tecum
2671 581 2796 627 ante
2841 571 3081 641 tempora
3123 584 3258 639 erat,
3303 575 3456 632 nobis
3502 578 3556 633 in

1964 664 2205 735 tempore
2235 673 2390 720 natus
2421 664 2535 719 sine
2570 664 2675 721 line
2700 656 2997 721 succorrat.
3043 666 3081 735 ιῆ
3107 706 3120 720 .
3152 666 3344 725 Amen.

2038 759 2141 814 Per
2168 758 2589 814 misericordiam
2620 767 2791 813 tuam.

2051 850 2126 917 ιῆ.
2172 848 2311 905 Ecce
2361 850 2618 906 Dominus
2662 852 2715 906 in
2761 852 2885 923 igne
2928 851 3109 909 véniet
3150 871 3164 907 :
3205 856 3357 925 quasi
3403 859 3561 914 turbo

277 953 520 1008 calorum
542 951 872 1015 nostrdrum,
894 948 1013 1017 quia
1038 949 1154 1018 pius
1174 958 1275 1002 est.
1309 947 1416 1017 30
1460 945 1531 1013 ἃ.
1558 944 1862 999 Glamémus
1964 942 2221 1011 quadriga
2251 942 2390 1011 ejus.
2423 942 2490 997 P.
2522 943 2655 1011 Quia
2692 944 2744 999 in
2785 945 2907 1014 igne
2948 944 3210 1001 Dominus
3240 944 3565 1019 dijudicabi-

277 1044 344 1099 ad
388 1043 672 1099 Dominum
715 1044 766 1096 in
797 1042 993 1096 coelum
1023 1040 1054 1094 it
1085 1038 1220 1093 locie
1259 1036 1576 1103 tribulantis,
1607 1044 1661 1090 et
1690 1036 1865 1089 mittet

276 1138 437 1193 nobis
481 1136 847 1201 Sa‘lvamrcm,
897 1135 986 1205 qui
1043 1133 1233 1188 liberet
1277 1146 1394 1186 nos.
1443 1129 1509 1185 Ρ.
1559 1129 1625 1183 Et
1671 1128 1860 1183 salvet.

292 1230 326 1300 ᾗ
353 1270 368 1284 .
394 1228 598 1295 Gloria,
622 1238 675 1284 et
699 1229 871 1282 honor
893 1226 1052 1280 Patri.
1081 1223 1363 1277 Reiterltur
1404 1221 1441 1291 ιῆ
1463 1258 1481 1277 .
1507 1220 1642 1276 Ecce
1662 1219 1861 1275 véniet.

349 1324 433 1377 A‘d
468 1321 717 1394 Vesperos
746 1322 964 1384 dicitur,
997 1328 1050 1371 ut
1081 1319 1131 1371 in
1161 1316 1254 1388 fol.
1292 1317 1376 1370 17.

402 1412 607 1468 FEHIA
645 1410 898 1467 TERTIA
935 1407 1240 1476 QUART/E
1278 1401 1745 1461 HEBBOMADJE.

850 1499 931 1554 Ad
964 1498 1295 1553 Matutinum.

350 1596 667 1664 Antlphena.
709 1594 848 1648 Lava
879 1608 992 1657 me,
1026 1591 1282 1658 Domine,
1314 1589 1382 1644 ab
1413 1585 1665 1657 injustitia
1698 1599 1813 1640 mea
1848 1600 1867 1637 :

278 1694 337 1743 et
359 1687 393 1741 it
421 1686 655 1754 peccatis
685 1685 819 1740 meis
843 1679 1035 1739 munda
1066 1697 1158 1737 cor
1187 1696 1384 1735 meum.
1421 1678 1664 1733 Psalmus
1693 1692 1743 1731 ι..

359 1778 557 1832 (Initio.
595 1777 735 1832 Deus
769 1759 859 1831 Dei
889 1775 1079 1839 Filius,
1109 1773 1261 1843 cujus
1286 1773 1338 1826 in
1369 1773 1627 1826 mtérnum
1659 1769 1869 1839 peruia-

1967 1040 2071 1087 tur.
2119 1033 2191 1102 ᾖ.
2224 1033 2364 1103 Ignis
2403 1045 2527 1090 ante
2562 1051 2682 1090 eum
2723 1036 2953 1106 ardebit,
2996 1047 3050 1092 et
3093 1038 3145 1092 in
3176 1040 3401 1095 circt'iitu
3440 1041 3560 1111 ejus

1967 1125 2260 1196 tempestas
2287 1126 2481 1181 valida.
2507 1126 2573 1181 P.
2602 1128 2735 1197 Quia
2770 1129 2820 1183 in
2852 1129 2997 1199 igne.
3042 1130 3076 1197 ᾗ
3102 1167 3118 1183 .
3150 1130 3353 1197 Gloria,
3380 1140 3435 1187 et
3465 1134 3562 1187 ho-

1967 1231 2066 1271 nor
2115 1218 2289 1287 Patri,
2340 1228 2395 1274 et
2437 1218 2605 1286 Filio,
2653 1229 2708 1276 et
2749 1221 2971 1291 Spiritui
3017 1222 3217 1278 Sancto
3262 1225 3315 1280 in
3363 1227 3559 1281 smcuia

1967 1310 2310 1365 smculérum.
2344 1313 2534 1366 Amen.
2566 1311 2635 1366 P.
2666 1312 2823 1380 Quia.
3478 1366 3481 1369 .

2042 1399 2241 1455 Oratio.
2296 1400 2520 1457 Domine
2565 1403 2725 1469 Deus,
2770 1406 2859 1475 qui
2911 1412 2963 1460 te
3006 1407 3059 1460 in
3111 1407 3232 1475 igne
3277 1410 3559 1465 ventt‘trum

1968 1495 2323 1564 pronuncias;
2357 1495 2521 1551 libera
2555 1512 2653 1551 nos
2681 1497 2711 1552 ὲ
2740 1498 2954 1554 turbine
2979 1498 3287 1555 nocéntium
3316 1520 3329 1555 :
3357 1511 3436 1569 ut,
3469 1505 3561 1573 qui

1966 1600 2100 1655 Opus
2142 1596 2288 1641 tuum
2332 1585 2579 1643 mirabile
2623 1589 2998 1657 praediciimus,
3038 1592 3343 1648 mercedem
3389 1593 3559 1662 illam,

1968 1694 2085 1747 quin
2112 1693 2290 1734 coram
2322 1689 2372 1735 te
2401 1690 2506 1748 est,
2531 1679 2840 1750 opulénliits
2869 1682 3201 1739 hauriemus.
3231 1684 3560 1756 Respondeat

1969 1769 2186 1825 Chorus.
2220 1772 2413 1827 Amen.

278 1879 374 1925 net
412 1884 637 1934 nomen;
679 1870 875 1938 quique
902 1883 1065 1921 unum
1096 1876 1148 1920 te
1177 1880 1296 1921 esse
1324 1862 1665 1919 innotescens
1696 1863 1859 1917 Deum
1891 1866 1939 1925 B
2038 1864 2137 1920 Per
2165 1867 2591 1923 misericordiam
2624 1878 2791 1933 tuam,
2826 1868 2969 1925 Deus
3002 1879 3208 1926 noster.

276 1976 344 2017 ac
371 1960 686 2024 Dominum,
723 1975 816 2029 per
846 1962 1107 2026 suscepta:
1143 1956 1523 2013 incarnatidnis
1552 1955 1865 2027 mysterium

275 2055 479 2125 venisti
521 2055 573 2109 in
612 2068 821 2123 regem,
865 2061 923 2106 ut
960 2050 1253 2107 redimercs
1291 2049 1577 2111 sacculum;
1617 2048 1683 2101 da
1714 2046 1870 2101 uobis

277 2143 360 2198 ita
388 2144 595 2199 fervere
630 2143 789 2213 hujus
829 2141 1085 2212 mysterio
1124 2141 1359 2212 pietatis,
1391 2150 1447 2194 ιιι
1477 2154 1571 2208 per
1603 2141 1715 2192 lucc
1741 2152 1870 2192 eva-

280 2234 479 2289 dAmus
509 2234 855 2303 muscipulam
882 2233 1182 2301 deceptdris
1214 2248 1227 2285 :
1260 2240 1344 2293 ut,
1374 2231 1460 2299 qui
1491 2230 1761 2285 Adventus
1794 2229 1867 2283 tui

275 2330 477 2401 gaudia
506 2330 700 2386 diﬂ'dso
725 2344 819 2385 ore
849 2329 1210 2397 praecinimus,
1238 2326 1469 2381 salvatos
1499 2340 1614 2392 nos,
1649 2324 1770 2380 cinn
1800 2324 1865 2379 ad

271 2424 538 2495 judicium
568 2423 804 2491 véueris,
837 2434 887 2479 te
907 2423 1089 2495 jtidice
1114 2424 1461 2494 gratulemur.
1509 2422 1545 2491 ιῆ
1571 2465 1581 2477 .
1618 2424 1807 2478 Amen.

353 2519 458 2575 Per
486 2517 911 2573 misericordiam
942 2526 1105 2570 tuam.
1696 2576 1701 2585 λ

353 2612 653 2678 Antiphona
685 2611 734 2663 1.
778 2608 1132 2664 Revertéutur
1172 2606 1293 2663 [ilic
1333 2607 1493 2675 Sion,
1533 2615 1587 2661 et
1626 2615 1865 2677 quaerent

283 2702 570 2759 Dominum
611 2703 777 2757 Deum
818 2716 1007 2767 suum,
1053 2698 1214 2753 David
1258 2698 1453 2775 Regem
1494 2714 1667 2752 suum.
1703 2695 1765 2751 P.
1799 2698 1865 2752 Et

288 2795 692 2852 delectabt'intur
718 2794 771 2849 in
800 2792 1025 2848 Domino
1054 2793 1162 2848 Deo
1188 2808 1303 2847 suo.
1352 2793 1383 2861 ir
1410 2832 1422 2846 .
1459 2791 1655 2847 Fidelis
1684 2790 1865 2845 Domi-

287 2902 386 2943 nus
424 2886 477 2942 in
508 2887 684 2942 verbis
724 2887 856 2952 suis,
899 2896 950 2940 et
992 2892 1209 2941 sanctus
1251 2885 1303 2939 in
1335 2885 1584 2941 omnibus
1613 2883 1863 2955 operibus

287 2983 416 3037 suis.
443 2977 508 3034 P.
538 2978 603 3033 Et
628 2978 1053 3034 delectabantur.
1092 2978 1125 3047 ᾖ
1152 3015 1166 3030 .
1190 2976 1391 3045 Gloria,
1419 2986 1473 3033 et
1502 2977 1673 3032 honor
1695 2974 1857 3031 Patri.

296 3073 353 3128 Ρ.
387 3074 452 3128 Et
481 3072 889 3128 delectabuntur
918 3073 969 3127 iu
1001 3070 1245 3127 Domino.

357 3164 558 3219 Oratio.
594 3162 780 3219 Veniat
808 3177 968 3231 super
998 3177 1116 3227 nos,
1152 3162 1393 3227 Domine,
1426 3159 1621 3214 donum
1654 3158 1861 3214 miseri-

294 3256 484 3313 cordiae
510 3266 649 3319 ture,
680 3264 740 3311 ut
768 3257 1099 3311 revertentes
1128 3252 1159 3307 ξι
1184 3252 1429 3308 socordia
1458 3250 1636 3306 cordis
1667 3249 1855 3314 nostri,

295 3359 347 3401 et
367 3348 661 3417 ancréutes
688 3357 738 3403 te
768 3346 1051 3402 Dominum
1078 3358 1260 3412 regem
1286 3342 1341 3396 in
1370 3342 1529 3408 Sion;
1562 3341 1649 3394 illa
1673 3352 1859 3408 specu-

302 3438 486 3494 latibne
516 3440 692 3494 sancta
727 3438 987 3501 laetemur,
1022 3445 1112 3501 ut,
1143 3434 1233 3504 qui
1268 3432 1416 3488 faciei
1451 3441 1553 3485 tua:
1587 3429 1865 3500 praestola-

305 3543 417 3583 mur
462 3531 817 3598 prmséutiam,
860 3529 1170 3585 meritorum
1219 3526 1525 3582 nostrorum
1570 3523 1862 3579 evadamus

300 3623 565 3680 torménta.
610 3625 647 3681 ri
668 3664 685 3682 .
718 3629 907 3679 Arnen.

360 3715 454 3771 Per
482 3714 906 3772 misericordiam
941 3724 1104 3768 tuam.

355 3810 641 3879 Antiphone
667 3807 722 3861 2.
754 3806 928 3864 Nolite
966 3817 1091 3861 ante
1134 3815 1340 3874 tempus
1373 3801 1637 3874 judicare,
1659 3800 1862 3872 quoad-

290 3903 449 3971 t'isquc
504 3902 684 3959 véniat
724 3901 1002 3956 Dominus.
1045 3899 1111 3953 P.
1141 3897 1239 3964 Qui
1287 3905 1341 3952 et.
1381 3895 1694 3951 illuminitbit
1740 3895 1857 3949 abs-

285 3996 488 4051 condita
536 3996 899 4050 tenebrarum.
946 3994 980 4062 ᾗ
1006 4032 1018 4045 .
1052 3991 1248 4065 Audite
1274 3991 1392 4045 inec
1422 4004 1606 4043 omnes
1632 3996 1816 4057 gentes
1843 4004 1854 4038 :

284 4088 495 4144 auribus
525 4087 803 4159 percipite,
831 4073 941 4157 qui.
960 4087 1208 4140 habitatis
1238 4086 1443 4140 orbem.
1481 4082 1545 4136 Ρ.
1580 4082 1681 4150 Qui
1713 4091 1767 4137 et
1799 4082 1861 4135 il-

282 4179 575 4238 luminabit.
615 4180 649 4251 ᾗ
676 4220 689 4234 .
715 4178 917 4246 Gloria,
948 4186 1001 4234 et
1033 4181 1202 4233 honor
1230 4176 1392 4230 Patri.
1430 4173 1495 4228 Ρ.
1526 4174 1627 4242 Qui
1659 4184 1709 4227 et
1739 4173 1859 4227 illu-

281 4274 516 4332 tttittz‘ibit.

347 4366 547 4420 Oratio.
589 4365 754 4431 Deus,
792 4366 880 4435 qui
914 4378 1010 4418 nos
1047 4371 1169 4418 ante
1212 4370 1419 4428 tempus
1455 4357 1694 4427 judicare
1735 4355 1857 4427 pro-

279 4456 444 4526 bibes,
476 4458 776 4531 magnoque
809 4472 908 4513 nos
937 4455 1147 4511 cautela
1178 4453 1445 4523 patiéttlim
1475 4452 1555 4505 vis
1583 4464 1703 4505 esse
1728 4464 1856 4504 con-

2571 1958 2639 2013 In
2679 1959 2787 2013 Lau
2810 1960 2963 2016 libus.

2039 2045 2122 2101 Αιι
2152 2045 2443 2103 Cdnticum.
2479 2051 2792 2119 Antiphona.
2836 2052 3034 2111 Fidelis
3076 2053 3181 2108 erit
3219 2053 3410 2107 domus
3451 2062 3559 2108 tua.

1967 2135 2260 2192 Cdnticum.
2299 2139 2408 2207 Ego
2448 2141 2539 2193 tuli
2574 2150 2624 2195 te
2660 2141 2727 2196 de
2757 2142 2972 2210 pascuis
3007 2143 3320 2214 sequentem
3353 2158 3560 2215 greges.

1970 2228 2193 2301 Require
2218 2232 2268 2284 in
2298 2241 2478 2301 quarta
2506 2233 2638 2303 féria
2666 2236 2849 2301 prima:
2875 2233 3233 2299 Itebddmadw,
3260 2244 3308 2289 et
3331 2235 3565 2290 similiter

1968 2326 2142 2378 omnia
2169 2325 2294 2395 tilia,
2318 2328 2480 2397 ~usque
2505 2328 2557 2381 in
2588 2328 2742 2397 finem
2774 2326 3023 2381 Matutiui
3052 2330 3150 2399 fol.
3178 2328 3245 2386 10
3288 2337 3335 2382 et
3359 2328 3447 2384 11.
3485 2327 3562 2381 Ad

1974 2416 2220 2489 νέφει-οε
2249 2420 2343 2487 fol.
2381 2420 2468 2473 i7.

2421 2510 2683 2567 FERIA
2735 2510 3085 2579 QUARTA

2538 2606 2618 2659 Ad
2649 2605 2989 2661 Matutinum.

2036 2700 2354 2768 Antiphona.
2388 2698 2442 2754 in
2481 2709 2533 2755 te
2560 2700 2784 2755 conlidit
2823 2699 3001 2754 anima
3042 2714 3180 2753 mea.
3219 2697 3436 2770 Requlre
3461 2698 3560 2771 fol.

1965 2793 2052 2848 15.
2091 2792 2330 2847 Psalmus
2360 2808 2469 2847 ut.
2515 2792 2717 2847 Ordtio’.
2760 2792 2902 2847 Deus
2945 2792 3037 2847 Dei
3080 2791 3267 2858 Filius,
3309 2791 3463 2862 cujus
3505 2790 3558 2844 iu

1963 2889 2220 2946 :ctérnnm
2251 2890 2550 2960 permanet.
2586 2889 2806 2961 Require
2834 2890 2929 2960 fol.
2962 2888 3016 2944 5.

2034 2984 2330 3054 ΑηιίρΙιοηα
2369 2985 2419 3039 1.
2464 2983 2717 3053 Expecta,
2759 2982 3065 3052 reexpécta,
3107 2980 3236 3037 dicit
3275 2981 3557 3038 Dominus.

1962 3075 2017 3130 lu
2050 3074 2255 3145 ioquéla
2286 3074 2428 3131 enim
2462 3076 2634 3130 labiis.
2673 3073 2738 3128 Ρ.
2774 3074 2841 3129 Ει
2871 3074 2924 3128 in
2957 3073 3134 3145 lingua
3170 3072 3335 3129 altera
3368 3073 3559 3143 loquar

1962 3167 2027 3220 ad
2076 3168 2327 3236 populum
2379 3168 2556 3221 istum.
2602 3167 2676 3235 ᾗ.
2728 3165 2927 3222 Fidelis
2976 3165 3231 3220 Dominus
3284 3166 3336 3220 in
3379 3166 3557 3220 verbis

1965 3256 2097 3320 suis.
2129 3267 2184 3312 et
2218 3267 2435 3313 sanctus
2475 3259 2527 3311 in
2557 3257 2808 3312 omnibus
2835 3256 3086 3326 operibus
3112 3258 3244 3313 suis.
3268 3255 3352 3327 QP.
3388 3257 3442 3310 ιιι
3476 3257 3556 3312 lo—

1964 3346 2118 3414 quéla
2151 3347 2317 3403 enim.
2365 3347 2437 3415 ᾖ.
2470 3346 2675 3411 Gloria,
2706 3357 2762 3401 et
2803 3346 2968 3402 honor
3014 3347 3179 3413 Patri,
3223 3358 3277 3402 et
3319 3346 3475 3416 Filio,
3505 3355 3559 3400 et

1964 3438 2186 3509 Spiritui
2215 3438 2433 3494 Sancto.
2472 3438 2538 3495 Ρ.
2569 3440 2632 3493 Et
2662 3439 2714 3494 in
2744 3439 2918 3509 lingua
2948 3439 3137 3494 altera.

2035 3533 2137 3605 31
2202 3533 2402 3587 Oratio.
2447 3533 2802 3603 Expectémus
2833 3542 2903 3599 te,
2938 3532 3185 3600 Domine,
3222 3539 3303 3599 ut,
3334 3531 3454 3587 ciam
3486 3531 3552 3586 ad

1964 3625 2221 3697 judicium
2249 3625 2480 3692 véucris,
2517 3642 2621 3682 non
2654 3641 2751 3680 nos
2778 3626 2845 3682 de
2870 3625 3090 3696 peccato
3119 3626 3343 3696 arguas;
3377 3626 3469 3680 sed
3500 3628 3552 3680 in

1963 3732 2025 3787 sp
2049 3718 2149 3771 ritu
2183 3717 2606 3773 mansuetudinis
2638 3726 2742 3772 tua:
2773 3718 3009 3787 loquaris
3059 3718 3212 3773 nobis
3243 3716 3554 3773 misericor-

1962 3810 2122 3867 diter.
2165 3810 2491 3882 Respdndeat
2521 3808 2740 3866 Chorus.
2773 3811 2964 3865 Amen.

2034 3904 2134 3960 Per
2163 3906 2586 3960 misericordiam
2616 3913 2757 3959 tuam
2790 3905 2930 3959 Deus
2963 3912 3162 3958 noster.

2033 4001 2328 4071 Antiphone
2376 4000 2432 4057 2.
2486 4001 2624 4057 Ecce
2672 4000 2881 4055 mittam
2930 4016 3029 4069 ego
3080 4001 3132 4054 in
3186 3996 3550 4053 fundamentis

1961 4090 2089 4146 Sion
2130 4092 2359 4162 lapidem
2394 4094 2684 4159 pretiosum
2732 4092 3066 4163 angularem,
3101 4090 3228 4143 dicit
3258 4088 3543 4141 Dominus.

1962 4181 2031 4236 P.
2092 4184 2184 4249 Et,
2242 4184 2330 4254 qui
2388 4184 2678 4238 crediderit
2743 4182 2794 4236 in
2852 4198 2943 4246 eo,
3008 4198 3113 4236 non
3170 4179 3544 4234 confundotur.

1976 4277 2051 4347 ᾗ.
2086 4276 2225 4332 Deus
2278 4278 2499 4334 deorum
2550 4276 2810 4331 Dominus
2856 4276 3065 4329 locutus
3107 4283 3219 4338 cst,
3254 4284 3307 4326 et
3339 4272 3550 4327 vocavit

1961 4380 2179 4428 terram.
2228 4371 2292 4424 Ρ.
2330 4371 2397 4425 Et
2438 4372 2526 4440 qui
2568 4368 2857 4424 crediderit
2878 4368 2938 4441 in
2968 4382 3052 4422 eo.
3120 4367 3191 4434 ᾗ.
3225 4363 3440 4443 Gloria,
3489 4373 3548 4421 et

1960 4462 2130 4517 honor
2161 4462 2322 4529 Patri,
2350 4471 2403 4517 et
2434 4460 2591 4528 Filio,
2623 4470 2677 4515 et
2701 4459 2919 4529 Spiritui
2944 4458 3163 4515 Sancto.
3200 4456 3268 4522 Ρ.
3305 4457 3368 4511 Ει
3389 4458 3501 4527 qui.

279 4551 479 4619 téntos;
524 4554 588 4606 da
633 4552 785 4607 nobis
828 4561 882 4606 et
928 4564 1071 4605 vera:
1116 4546 1381 4618 patientite
1425 4554 1564 4608 vota,
1610 4552 1665 4598 et
1708 4557 1848 4598 verae

2031 4552 2232 4609 Oratio.
2286 4554 2420 4609 Ecce
2448 4555 2556 4623 jam
2590 4552 2753 4624 prope
2783 4568 2872 4621 es,
2905 4552 3132 4609 Domine
3164 4571 3174 4605 :
3209 4554 3287 4607 iac
3319 4567 3414 4606 nos
3446 4552 3542 4609 tibi

272 4644 685 4715 supportatiduis
732 4643 931 4699 habere
974 4641 1263 4712 exémpla:
1311 4650 1409 4704 ut,
1461 4639 1745 4708 antequam
1794 4645 1850 4691 tu

274 4736 468 4805 venias,
518 4741 607 4808 qui
660 4736 1051 4793 illuminatﬁrus
1098 4749 1156 4788 es
1199 4732 1441 4788 cordium
1485 4731 1725 4795 occulta;
1777 4729 1848 4783 ita

272 4831 320 4884 iit
367 4833 521 4887 nobis
565 4848 705 4887 veru:
754 4830 1022 4901 patiéntiae
1063 4829 1307 4898 exétnpla
1369 4825 1746 4897 praepolieaut,
1793 4832 1852 4877 ut

272 4931 320 4976 te
360 4923 425 4977 ad
464 4922 722 4992 judicium
772 4921 1018 4978 veniente
1052 4918 1326 4975 charitétis
1367 4916 1464 4975 nes
1514 4913 1850 4986 supportatio

270 5012 295 5066 ει
333 5016 613 5073 tormentis
640 5013 903 5072 absolvat.
948 5013 985 5083 ἢ
1009 5052 1024 5067 .
1057 5012 1249 5068 Amen.

256 5108 259 5113 π
333 5108 432 5164 Per
464 5107 886 5163 misericbrdiam
914 5115 1077 5162 tuam.
1150 5177 1157 5184 '

333 5202 630 5271 Antiplwna
659 5202 713 5257 5.
746 5201 859 5256 Non
883 5200 912 5255 ξι
941 5197 1205 5269 principio
1225 5198 1276 5253 in
1301 5195 1619 5267 abscondito
1642 5197 1853 5251 locotus

266 5308 397 5350 sum.
428 5295 498 5350 P.
529 5292 639 5350 Sed
668 5308 732 5349 ex
765 5293 1029 5362 témpore,
1056 5290 1340 5362 {antequam
1371 5290 1542 5354 iieret,
1581 5289 1650 5345 ibi
1681 5304 1850 5342 erant.

280 5386 312 5450 ᾖ
338 5426 351 5440 .
390 5386 511 5458 ipse
552 5386 820 5441 invocévit
864 5400 947 5440 me
981 5402 993 5439 :
1030 5384 1190 5439 Pa'er
1231 5399 1382 5438 meus
1425 5400 1484 5438 es
1527 5395 1602 5437 tu.
1650 5383 1713 5437 Et
1753 5398 1852 5453 ego

268 5479 667 5551 primogenitum
716 5492 911 5549 ponam
968 5476 1116 5531 illum
1162 5474 1431 5531 excelsum
1492 5474 1630 5545 apud
1690 5490 1843 5544 reges

268 5570 677 5628 term.‘P.'Sed
715 5589 776 5628 ex
807 5571 1067 5640 tempore.
1115 5571 1143 5639 ᾗ
1173 5609 1187 5624 .
1220 5568 1432 5633 Gloria,
1460 5578 1512 5624 et
1547 5568 1716 5623 honor
1749 5570 1847 5622 l'a-

266 5664 348 5719 tri.
382 5664 445 5720 P.
475 5662 579 5722 Sed
609 5681 672 5720 ex
705 5666 964 5733 te'mporc.
1788 5664 1795 5665 ί

1957 4660 2169 4715 semper
2220 4646 2495 4716 proximos
2538 4660 2662 4701 esse
2702 4664 2715 4700 :
2761 4655 2817 4699 ιιι
2867 4646 2918 4700 in
2950 4646 3096 4700 nullo
3141 4646 3208 4700 de
3254 4643 3542 4715 negligénti
3614 4636 3623 4649 ’

1957 4753 2085 4793 cura
2116 4737 2309 4793 soliciti
2329 4780 2343 4802 ,
2376 4737 2517 4792 diem
2548 4736 2826 4793 Advénths
2858 4738 2930 4793 tui
2962 4736 3334 4808 praestolamur
3361 4734 3541 4790 illmsi.

1960 4830 2287 4901 Respondeat
2316 4830 2534 4887 Charus.
2569 4831 2758 4886 Amen.

2033 4925 2135 4980 Per
2163 4923 2583 4979 misericordiam
2618 4932 2761 4978 tuam
2796 4923 2934 4977 Deus
2969 4931 3170 4978 noster.

1938 5016 1941 5021 ’
2044 5017 2080 5086 ιι
2104 5057 2118 5071 .
2154 5016 2341 5073 Veniet
2370 5015 2716 5070 dies'Domini
2749 5030 2994 5087 magnus.
3025 5013 3092 5069 Ρ.
3119 5012 3249 5083 Quia
3275 5013 3327 5067 in
3355 5020 3537 5066 monte

1957 5108 2118 5176 Sion,
2159 5117 2214 5165 et
2256 5109 2586 5164 lliert'isalem
2617 5108 2718 5164 erit
2743 5108 2997 5174 salvatio,
3027 5107 3165 5162 sicut
3194 5106 3327 5160 dixit
3356 5103 3540 5158 Domi—

1958 5217 2075 5256 nus.
2123 5203 2194 5273 y.
2229 5203 2426 5256 Omnes
2472 5211 2658 5271 gentes
2701 5202 2939 5270 plaudite
2982 5200 3226 5255 manibus
3259 5195 3536 5274 :Jubilate

1958 5294 2067 5348 Deo
2104 5295 2155 5347 in
2195 5308 2325 5348 voce
2363 5293 2730 5349 exultationis.
2779 5292 2845 5348 P.
2886 5294 3017 5361 Quia
3063 5291 3113 5345 in
3155 5296 3336 5342 monte
3379 5286 3532 5342 Sion.

1971 5386 2005 5454 ᾗ
2033 5428 2044 5439 .
2076 5385 2277 5447 Gloria.
2312 5396 2365 5441 et
2398 5386 2566 5439 honor
2598 5384 2761 5449 Patri,
2789 5393 2843 5439 et
2874 5383 3030 5450 Filio,
3064 5393 3117 5437 et
3146 5376 3367 5449 Spiritui
3398 5381 3537 5435 San-

1954 5486 2059 5531 ctu.
2094 5475 2159 5530 Ρ.
2189 5478 2318 5545 Quia
2350 5476 2400 5529 iu
2434 5487 2632 5530 monte.

2022 5570 2219 5623 Orazio.
2250 5568 2462 5623 Christe
2503 5569 2597 5623 Dei
2646 5567 2831 5631 Filius,
2869 5568 2955 5637 qui
2990 5567 3044 5620 in
3077 5575 3258 5621 monte
3291 5567 3443 5629 Sion,
3464 5566 3531 5620 et

1928 5660 2000 5716 .in
2029 5662 2359 5717 lliert'tsalem
2390 5660 2637 5716 Salvator
2665 5675 2884 5728 magnus
2924 5659 2974 5712 in
3018 5674 3182 5713 carne
3221 5656 3533 5730 apparéndo

336 5758 531 5814 Oratio.
563 5760 724 5827 Deus,
755 5760 841 5829 qui
876 5775 971 5816 nos
999 5760 1028 5814 it
1058 5758 1315 5829 principio
1345 5758 1394 5813 in
1426 5755 1740 5812 abscondito
1768 5757 1843 5811 lo-
1946 5751 2257 5819 adveniens,
2289 5752 2527 5810 Salvittiu
2552 5767 2645 5822 pro
2670 5751 2771 5813 his,
2800 5751 2887 5820 qui
2916 5752 3005 5812 tibi
3037 5750 3292 5807 credituri
3324 5758 3527 5805 essent:

268 5851 410 5908 cutus
438 5869 531 5919 es;
566 5852 665 5920 fac,
699 5868 793 5909 nos
824 5853 874 5908 in
904 5851 1164 5925 principio
1195 5850 1351 5907 Verbi
1382 5848 1476 5919 tui,
1506 5847 1644 5920 quod
1674 5846 1842 5904 mani-

1949 5844 2167 5901 vocatus
2192 5858 2286 5911 cs;
2318 5852 2431 5900 esto
2458 5840 2609 5899 nobis
2633 5840 2877 5900 Salvator
2905 5844 2969 5901 ad
3000 5852 3204 5913 votum,
3238 5844 3431 5899 Ductor
3461 5836 3526 5898 ad
