4044 6382
331 344 397 404 97
1400 342 1721 398 nonnum
1772 344 1807 397 γ
1852 340 2219 398 ADVENTUS
2262 326 2517 400 eoum.
3529 359 3605 413 98.

400 454 464 512 ΙΝ
494 453 749 523 QUINTO
777 453 1094 511 DOMINICG
1124 454 1209 510 DE
1239 455 1559 511 ADVENTU
1596 457 1846 512 DOMINI.

930 546 1006 597 Ad
1053 544 1322 614 Vésperos.

402 638 605 693 Lauda.
666 640 713 695 Α
744 637 874 693 solis
903 646 1047 693 ortu.
1104 635 1306 694 θνάιὶο.
1336 637 1500 707 Deus,
1536 652 1688 709 ciuus
1713 655 1908 694 nomen

325 739 411 785 est
437 729 795 784 benedictum.
829 727 1011 794 Quwre
1038 728 1093 783 in
1123 730 1217 798 fol.
1250 731 1298 784 Ι.

402 822 567 879 Sano.
625 821 916 891 Apparebit
973 823 1127 878 nobis
1179 824 1461 887 Salvator,
1527 824 1679 894 quasi
1740 825 1909 880 nubes

324 912 492 969 clara.
540 912 603 967 P.
664 913 839 968 Media
883 914 970 970 tlie
1005 930 1021 973 ;
1063 914 1298 969 alleluia.
1366 916 1402 984 Ῡ
1454 918 1515 969 lit
1563 920 1701 970 sicut
1748 928 1909 986 guttae

325 1004 651 1060 distillantes
680 1006 732 1059 in
765 1005 954 1060 faciem
988 1017 1144 1061 terrm
1169 1005 1413 1062 sitientis.
1478 1004 1543 1059 P.
1577 1008 1748 1062 Media
1781 1008 1908 1063 die:

324 1098 560 1153 alleluia.

400 1189 711 1259 Antiphone.
743 1189 936 1243 Silébit
987 1204 1160 1243 omnis
1207 1203 1333 1246 caro
1376 1205 1407 1245 a
1447 1192 1581 1246 lacte
1626 1192 1743 1257 Det,
1786 1192 1909 1261 quia

320 1281 475 1347 juxta
522 1289 602 1335 est
633 1296 649 1333 :
682 1281 795 1335 dies
839 1280 1050 1336 Domini
1092 1282 1410 1351 prmparttbit
1454 1283 1607 1337 nobis
1652 1282 1908 1338 hostiam.

326 1370 396 1425 Ρ.
452 1372 518 1426 Et
565 1372 921 1427 sanctiﬁcabit
968 1387 1155 1428 omnes
1203 1373 1403 1429 electos
1452 1388 1598 1428 suos.
1662 1374 1733 1445 7.
1770 1374 1909 1429 Deus

325 1462 834 1530 manifestéwéniet,
866 1463 1005 1518 Deus
1036 1472 1240 1532 noster,
1272 1474 1324 1520 et
1356 1481 1460 1519 non
1490 1465 1686 1519 silebit.
1744 1464 1806 1520 P.
1845 1466 1911 1518 Et

321 1554 700 1610 sanetillcabit.
760 1554 835 1623 ᾗ.
892 1552 1116 1622 Gloria,
1171 1565 1226 1609 et
1271 1556 1439 1609 honor
1491 1556 1658 1610 Patri.
1722 1554 1787 1609 Ρ.
1847 1555 1912 1610 Et

321 1645 700 1701 aanctilicébit.

398 1739 600 1794 Lauda.
652 1740 909 1795 Dominus
954 1740 1092 1794 sicut
1139 1738 1307 1805 tortis,
1360 1739 1684 1809 egredietur,
1732 1747 1806 1804 et,
1854 1745 1912 1792 ut

320 1835 406 1887 vir
455 1834 710 1899 bellitor,
767 1834 1043 1891 suscitabit
1091 1833 1264 1887 zelum

318 1926 578 1979 elamAbit
610 1944 623 1979 :
658 1926 894 1979 alleluia.
941 1923 1006 1978 Ρ.
1032 1926 1097 1978 Et
1128 1940 1290 1992 super
1324 1925 1568 1977 inimicos
1605 1937 1731 1975 suos
1777 1936 1905 1975 con-

320 2015 635 2079 fortabitur,
684 2023 740 2070 et
790 2016 999 2075 laudem
1047 2018 1163 2082 ejus
1209 2016 1261 2068 in
1311 2014 1500 2067 insulis
1543 2012 1902 2067 nuntiabunt:

320 2107 560 2171 alleluia,
604 2104 841 2159 alleluia.
905 2105 939 2173 ᾗ
966 2143 978 2157 .
1011 2104 1248 2158 Laudato
1277 2118 1472 2157 nomen
1498 2101 1712 2156 Domini
1746 2119 1758 2154 :
1795 2103 1907 2155 lano

320 2198 472 2265 dote,
504 2200 642 2253 servi
672 2197 903 2252 Domini.
957 2197 1023 2251 P.
1056 2195 1121 2251 Et
1146 2211 1326 2266 super.
1372 2176 1700 2265 9.‘Gloria,
1731 2203 1786 2249 et
1810 2193 1907 2247 ho-

318 2304 443 2343 nor.
472 2287 540 2343 P.
576 2288 642 2342 Et
668 2303 829 2356 super
861 2287 1127 2341 inimicos.

392 2378 656 2448 Hymnus.
723 2377 923 2432 ChriSti
978 2377 1191 2430 catérva
1240 2375 1494 2428 clamitet.
1556 2373 1899 2445 Supplicdtio.

312 2470 546 2525 Oremus
593 2469 1003 2538 Redemptorem
1043 2467 1247 2533 mundi,
1302 2465 1584 2522 Dominum
1631 2476 1899 2523 nostrum.

316 2564 540 2635 Require
586 2562 679 2631 fol.
733 2561 789 2617 2t

387 2653 654 2724 Capitula.
712 2652 923 2708 Christe
973 2651 1069 2707 Dei
1120 2650 1306 2720 Filius,
1362 2652 1451 2722 qui
1503 2651 1531 2705 Ξι
1588 2661 1736 2722 patre
1782 2649 1900 2707 sine

315 2746 561 2817 tempore
593 2756 772 2813 natus,
797 2760 894 2816 per
924 2744 1194 2815 Virginem
1225 2746 1277 2800 in
1304 2745 1547 2815 tempore
1573 2748 1897 2811 nasciturus,

315 2838 346 2892 ii
378 2836 556 2893 Patris
584 2839 728 2905 sinu,
757 2842 894 2893 sicut
925 2837 1095 2903 tortis,
1128 2838 1439 2906 egrederis;
1471 2838 1627 2893 éllice
1657 2853 1753 2893 nos
1788 2837 1900 2892 for-

316 2931 482 2987 tiores
508 2945 722 3002 semper
743 2945 863 2987 esse
889 2932 941 2986 in
961 2930 1213 3000 aperibus
1243 2932 1346 2985 tuis
1373 2947 1387 2984 :
1419 2942 1493 2996 ut,
1519 2932 1608 3001 qui
1630 2930 1896 2986 suscitasti

316 3023 486 3079 zelum
513 3024 727 3079 virtutis
753 3034 855 3078 tua:
879 3024 931 3078 in
961 3023 1170 3093 populis
1202 3023 1409 3079 tibimet
1439 3024 1749 3089 creditoris,
1779 3025 1898 3079 sus-

318 3118 444 3173 cites
499 3119 552 3173 iu
612 3118 768 3173 nobis
821 3132 1090 3187 nunquam
1151 3117 1440 3172 ﬁniendum
1497 3117 1734 3172 amorem
1794 3127 1895 3172 tuze

1938 468 1987 526 Α
2018 455 2347 511 vocatidnem
2374 468 2611 512 nostram
2657 460 2724 513 de
2770 470 2952 517 monte
3002 452 3193 521 sancto
3210 481 3308 522 suo
3354 466 3596 537 plachtns

2012 548 2280 618 exaudiat,
2313 550 2537 620 ejusque
2567 551 2868 607 benedictio
2908 555 3126 623 pectora
3147 560 3476 616 credentium
3507 563 3590 618 re-

2014 640 2174 707 pleat.
2201 643 2271 694 At
2299 682 2315 707 ,
2348 641 2486 695 sicut
2515 641 2718 696 incerta
2750 647 3077 700 secretorum
3106 650 3383 715 sapiéntia':
3413 656 3589 711 mam.

2014 728 2235 795 l'éstans,
2258 729 2326 784 ad
2359 744 2419 783 se
2444 730 2842 800 agnoscendum
2869 735 3029 787 corda
3053 734 3250 789 éxcitat
3275 749 3454 795 nostra
3479 758 3494 807 ;
3520 742 3591 796 ita

2011 820 2329 876 catholicam
2354 821 2563 891 plebem
2587 824 2791 878 alarum
2815 825 3030 880 suorum
3057 827 3392 894 proiectione
3407 831 3595 887 deleu-

2013 914 2124 980 dat;
2155 913 2364 985 eisque,
2412 932 2531 969 cum
2559 915 2727 971 Judex
2779 917 3006 984 venerit,
3065 919 3260 973 existat
3299 921 3597 989 placabilis,

2016 1021 2113 1076 pro
2167 1009 2358 1075 quibus
2410 1007 2732 1062 redimendis
2766 1008 2818 1063 in
2846 1025 3006 1064 carne
3057 1010 3304 1080 apporuit
3352 1014 3594 1068 humilis.

2016 1096 2341 1167 Respondeat
2370 1098 2589 1153 Chorus.
2623 1104 2808 1154 Amen.

2084 1189 2184 1244 Per
2213 1190 2417 1245 miserit
2430 1190 2655 1245 ordiam.

2084 1281 2378 1350 Antiphone
2435 1283 2487 1336 l.
2513 1282 2789 1348 Dominus,
2842 1284 2978 1337 sicut
3029 1282 3179 1339 fortis
3207 1325 3223 1349 ,
3254 1284 3597 1355 egredietur:

2010 1373 2147 1427 sicut
2178 1376 2262 1428 vir
2288 1373 2573 1442 pra-linter,
2601 1374 2880 1428 suscitabit
2907 1376 3102 1440 zelum,
3139 1376 3399 1430 uteducat
3423 1390 3596 1429 caecos

2012 1466 2064 1520 in
2095 1467 2197 1532 via,
2232 1482 2389 1534 quam
2423 1464 2692 1519 nésciunt.
2727 1465 2789 1517 Ι).
2823 1466 2889 1519 Et
2934 1476 3093 1533 ponet
3127 1466 3377 1522 tenebras
3406 1466 3592 1520 edrnm

2013 1561 2063 1612 in
2096 1559 2231 1612 luce.
2279 1559 2313 1627 ir
2339 1596 2354 1611 .
2380 1560 2579 1612 Omnes
2605 1567 2813 1627 gentes,
2846 1558 3084 1627 plaudite
3114 1559 3361 1614 manibus
3390 1579 3403 1614 :
3450 1561 3596 1629 juhi—

2013 1652 2120 1707 lete
2168 1655 2273 1705 Deo
2302 1654 2354 1705 in
2377 1666 2508 1706 voce
2530 1651 2898 1705 exultatidnis.
2932 1648 3000 1703 P.
3035 1653 3097 1704 Et
3130 1660 3292 1718 ponet
3321 1651 3591 1707 tenebras.

2028 1743 2063 1804 Ῡ
2089 1780 2104 1796 .
2138 1740 2340 1808 Gloria,
2368 1753 2422 1797 et
2447 1744 2618 1797 honor
2640 1742 2804 1797 Patri.
2834 1738 2905 1797 P.
2963 1744 3025 1795 Et
3052 1755 3208 1810 ponet
3232 1742 3478 1797 ténebras
3506 1742 3573 1798 eo

1321 1850 1334 1887 :
1389 1832 1801 1900 vociferabitur,
1853 1841 1907 1886 et
1944 1817 1986 1877 Β
2013 1852 2151 1891 rum.

2083 1928 2284 1980 Oratio.
2331 1927 2556 1981 Domine
2581 1927 2717 1980 Deus
2747 1925 2923 1992 fortis,
2947 1926 3034 1995 qui
3066 1926 3133 1981 de
3189 1925 3363 1994 patrio
3390 1925 3597 1981 secreto

2009 2017 2312 2086 egrediens,
2343 2026 2416 2082 et,
2451 2029 2508 2069 ut
2536 2019 2617 2070 vir
2648 2016 2915 2083 praeliator
2945 2060 2960 2085 ,
2991 2016 3259 2072 suscitans
3284 2028 3472 2086 gentes
3504 2017 3599 2072 tibi

2008 2104 2303 2159 crediturus
2324 2106 2577 2174 acquiris;
2597 2107 2794 2160 suscita
2818 2108 2867 2160 in
2888 2121 2987 2161 nos
3005 2108 3176 2161 zelum
3199 2105 3592 2175 beneplocitum

2010 2195 2104 2250 tibi
2133 2212 2146 2248 :
2174 2206 2249 2260 ut,
2282 2197 2370 2264 qui
2402 2205 2452 2249 te
2486 2195 2699 2251 venisse
2751 2198 2862 2265 jam
2890 2196 3160 2252 credimus
3184 2239 3198 2262 ,
3231 2198 3515 2252 audentius
3543 2205 3597 2251 te

2006 2286 2197 2341 iterum
2227 2291 2509 2342 venturum
2566 2286 2780 2343 innocui
2819 2288 3208 2359 prmstolémur.
3256 2288 3587 2358 Respondeat

2004 2378 2222 2433 Chorus.
2250 2378 2445 2434 Amen.
3116 2449 3127 2457 .

2073 2468 2175 2524 Per
2204 2469 2624 2524 misericordiam
2659 2480 2826 2537 tuam,
2853 2471 2991 2526 Deus
3018 2479 3219 2525 noster.

2068 2561 2363 2632 Antiphone
2390 2562 2444 2616 2.
2477 2562 2632 2616 Juxta
2661 2572 2741 2617 est
2765 2562 2969 2633 justitia
3012 2579 3128 2617 mea
3159 2579 3171 2617 :
3204 2577 3312 2617 non
3345 2563 3583 2619 morohi-

2001 2663 2083 2709 tur
2111 2655 2240 2708 dicit
2271 2654 2548 2709 Dominus.
2585 2653 2651 2709 Ρ.
2689 2656 2830 2710 Dabo
2858 2671 2974 2711 eam
3006 2657 3230 2711 salutem
3266 2657 3316 2711 in
3343 2657 3492 2723 Sion,
3526 2667 3584 2713 et

2001 2761 2193 2815 ponam
2218 2746 2469 2816 goudiutn
2498 2746 2744 2801 omnibus
2805 2748 3104 2817 lugentibus
3160 2751 3211 2803 in
3272 2749 3457 2809 lsruél.
3507 2749 3581 2819 Ῡ.

1999 2838 2192 2892 Audite
2220 2840 2353 2906 haec,
2378 2854 2563 2893 omnes
2592 2849 2806 2909 gentes:
2840 2839 3059 2895 auribus
3088 2840 3364 2909 percipite,
3388 2839 3477 2910 qui
3499 2842 3591 2894 ba-

1998 2930 2180 2985 bititis
2211 2932 2417 2985 orbein.
2458 2931 2522 2983 P.
2558 2930 2704 2984 Dabo
2732 2947 2871 2985 eum.
2935 2931 2969 3000 ᾗ
2996 2969 3011 2984 .
3044 2928 3246 2999 Gloria,
3306 2944 3361 2987 et
3418 2934 3591 2987 honor

1999 3022 2162 3076 Patri.
2190 3022 2258 3077 Ρ.
2293 3024 2357 3077 Et
2381 3038 2570 3093 p0uam
2600 3023 2872 3093 gaudium.

2079 3116 2278 3168 (initio.
2308 3114 2519 3170 Christe
2549 3116 2709 3181 Deus,
2740 3114 2999 3185 sapientia
3018 3116 3211 3170 sunnni
3236 3117 3427 3182 Patris,
3462 3116 3595 3173 Ver-

320 3207 637 3275 dilectionis,
689 3224 796 3279 quo
847 3178 1201 3277 perducitmur
1247 3207 1313 3260 ad
1358 3206 1618 3278 promissa
1656 3216 1763 3261 tua:
1811 3207 1900 3260 he-
1927 3178 1974 3238 Ο
2018 3206 2165 3267 bum,
2195 3207 2282 3271 qui
2313 3206 2546 3261 aedificas
2578 3208 2670 3261 tibi
2696 3178 3113 3261 'mundissimaiu
3144 3208 3361 3262 domum
3412 3178 3592 3263 Maria:

324 3299 586 3355 reditatis.

393 3393 545 3447 Pater
576 3402 776 3447 noster.
810 3390 1098 3447 Liberalia
1128 3392 1291 3447 malo.
1327 3391 1550 3460 Require
1574 3392 1670 3462 fol.
1700 3391 1756 3446 ‘2.

398 3480 701 3539 Benedictio.
728 3484 805 3539 Ex
834 3483 963 3540 Sion
988 3482 1250 3539 Dominus
1277 3484 1497 3539 veniens
1525 3500 1620 3538 nos
1648 3484 1716 3538 ab
1744 3483 1908 3538 omni-

330 3573 423 3630 bus
453 3577 804 3647 impietatibus
847 3580 1045 3636 nostris
1078 3581 1289 3650 eripiat.
1326 3580 1673 3650 Respondeat.
1709 3584 1903 3635 Amen.

325 3669 536 3726 Avertat
602 3673 632 3727 it
702 3673 859 3728 nobis
928 3672 1239 3743 iniquitates
1306 3683 1547 3738 nostras,
1614 3673 1703 3741 qui
1757 3673 1907 3727 venit

322 3763 608 3832 prorogAre
666 3764 1060 3818 misericordias
1115 3777 1261 3818 suas.
1326 3763 1669 3833 Respondeat.
1703 3765 1901 3817 Amen.

322 3852 472 3909 Tales
516 3857 677 3910 etiam
729 3872 828 3913 nos
878 3856 1220 3913 redimendos
1265 3856 1498 3922 statuat,
1538 3856 1726 3928 quales
1760 3856 1904 3927 judi-

322 3946 491 4001 cfmdo
522 3963 627 4002 non
660 3946 863 4019 pt’tniat.
892 3948 1237 4019 Respondeat.
1271 3951 1464 4002 Amen.

390 4039 488 4093 Per
514 4041 935 4096 misericordiam
967 4043 1132 4112 ipsius
1158 4042 1252 4097 Dei
1284 4044 1451 4097 nostri

389 4129 593 4185 Lauda.
650 4131 912 4187 Memento
954 4135 1143 4200 nostri,
1189 4133 1432 4198 Domine,
1474 4134 1525 4188 in
1556 4134 1896 4203 beueplacito

317 4222 421 4295 33
467 4223 651 4294 populi
682 4226 759 4278 tui
795 4226 1077 4282 ralleluia.
1130 4225 1196 4280 P.
1244 4225 1410 4281 Visita
1457 4241 1577 4296 nos,
1632 4226 1792 4292 Deus,
1844 4228 1898 4283 in

317 4319 491 4372 salute
533 4328 666 4374 tua:
698 4319 943 4384 alleluia,
977 4321 1225 4397 alleluia,
1272 4322 1506 4376 alleluia.
1549 4323 1583 4391 ᾗ
1635 4321 1703 4377 Ut
1728 4322 1897 4377 conli-

317 4409 528 4465 icimur
550 4410 753 4466 nomini
780 4423 966 4468 sancto
988 4422 1097 4480 tuo,
1131 4424 1183 4468 et
1208 4414 1499 4484 gloriemur
1526 4416 1577 4469 in
1602 4417 1755 4471 laude
1786 4428 1893 4475 tua.

318 4503 388 4560 Ρ.
445 4504 607 4561 Visita
663 4522 783 4574 nos,
832 4508 995 4564 Deus.
1061 4510 1133 4581 ᾖ.
1180 4509 1364 4566 Gloria
1413 4521 1467 4567 et
1515 4512 1685 4568 honor
1730 4513 1892 4569 Patri.

316 4595 382 4649 Ρ.
423 4595 584 4653 Visita
614 4614 735 4668 nos,
767 4600 931 4657 Deus.

388 4690 590 4746 Oratio.
616 4693 842 4748 Domine
874 4694 1010 4748 Deus
1038 4694 1211 4760 tonis,
1234 4697 1323 4765 qui
1345 4695 1412 4751 de
1433 4695 1625 4765 patrio,
1654 4706 1707 4750 ut
1736 4697 1894 4766 infra.

888 4795 967 4849 Ad
994 4794 1326 4851 Matutiuum.
1375 4798 1381 4804 ’

328 4906 331 4907 ⁷
387 4886 648 4959 Hymnus.
681 4888 904 4945 Aitérne
958 4905 1133 4944 rerum
1169 4890 1446 4944 conditor.
1478 4889 1699 4959 Requlre
1721 4889 1815 4960 fol.
1844 4889 1895 4943 3.

317 4982 519 5037 Ortin'o.
554 4984 679 5037 Post
708 4985 967 5053 gallorum
994 4984 1271 5038 candrmn.
1301 4984 1518 5048 llequire
1542 4985 1638 5054 fol.
1660 4985 1751 5038 2i.

386 5076 557 5147 Super
587 5077 844 5132 Psalmus.
889 5078 1205 5148 Antiphona.
1260 5078 1471 5133 Domini
1522 5088 1605 5134 est
1631 5079 1813 5134 salus:
1847 5089 1896 5133 et

313 5184 473 5239 super
496 5170 748 5239 populum
773 5180 919 5225 tuum
949 5170 1367 5227 benedictiotua.
1404 5171 1641 5228 Psalmus
1673 5188 1751 5230 nt.

386 5274 701 5342 Antiphone.
730 5274 935 5330 lucérta
980 5284 1035 5329 et
1059 5277 1268 5331 occulta
1298 5277 1570 5346 sapientia:
1601 5288 1700 5333 tua:
1731 5283 1899 5331 maui-

316 5367 519 5423 lestt'tsti
545 5369 698 5423 mihi.
733 5368 975 5423 Psalmus
996 5386 1047 5423 ι..

388 5460 701 5531 Antiphone.
729 5462 786 5516 In
818 5460 1007 5516 umbra
1053 5460 1257 5515 alarum
1293 5463 1501 5517 tuarum
1531 5464 1777 5533 sperabo,
1805 5463 1900 5518 do-

316 5566 415 5607 nec
445 5552 686 5607 transeat
716 5552 985 5623 iniquitas.

389 5644 593 5699 υνάιὶυ.
638 5644 863 5699 Verbum
919 5654 1045 5699 ante
1091 5644 1285 5699 saecula
1337 5643 1675 5700 ineﬂ'ahilitcr
1727 5645 1899 5703 Patris

315 5751 407 5790 ure
434 5735 718 5806 prolbtum,
752 5737 879 5793 etin
909 5736 1014 5792 line
1042 5737 1343 5807 temporum
1362 5736 1633 5793 hominem
1662 5754 1757 5809 pro
1805 5755 1899 5795 uo-

315 5828 394 5883 bis
419 5844 485 5884 ex
514 5828 727 5902 Virgine
767 5816 941 5885 ortum
966 5828 1151 5885 humili
1211 5843 1370 5901 prece
1402 5829 1703 5902 posramns,
1741 5842 1793 5887 ut
1822 5834 1899 5891 Ῑιιτ

2017 3296 2249 3366 Virginis
2280 3298 2514 3360 uterum,
2548 3297 2599 3350 in
2656 3313 2757 3366 qua
2791 3299 2905 3366 ipse
2942 3298 3179 3354 caelestis
3209 3299 3409 3367 iustitia
3438 3300 3595 3366 pros-

2013 3387 2164 3455 picis,
2192 3387 2342 3441 etde
2371 3400 2474 3456 qua
2506 3387 2734 3439 fructum
2782 3387 3124 3456 benignitatis
3169 3398 3273 3441 tute
3317 3389 3590 3457 producis,

2010 3479 2136 3534 dum
2169 3481 2218 3532 in
2240 3496 2303 3534 ea
2334 3483 2537 3549 absque
2566 3491 2715 3534 veste
2743 3479 3006 3549 corporea
3038 3480 3179 3535 Deus
3200 3481 3512 3550 ingrederis,
3532 3490 3589 3535 et

2008 3571 2076 3625 de
2103 3588 2203 3641 qua
2228 3575 2448 3627 vestitus
2476 3587 2638 3627 carne
2680 3574 2955 3643 procedis;
2983 3582 3174 3642 praesta
3206 3575 3358 3628 nobis
3386 3566 3589 3643 suppli-

2008 3662 2161 3717 cibus
2216 3664 2320 3717 tuis
2352 3704 2367 3729 ,
2416 3671 2473 3717 ut
2521 3664 2886 3718 sanctiﬁclttos
2938 3679 3036 3719 nos
3064 3664 3156 3718 tibi
3186 3665 3239 3719 in
3268 3665 3428 3719 domo
3472 3667 3588 3719 elli-

2005 3754 2136 3820 cias,
2167 3754 2235 3809 de
2261 3770 2385 3823 qua,
2420 3766 2477 3809 nt
2505 3770 2733 3824 sponsus
2756 3754 3073 3825 procedens,
3121 3755 3345 3823 operum
3375 3752 3587 3810 nostro-

2006 3864 2122 3902 rum
2137 3847 2395 3917 dignitate
2411 3849 2553 3904 circu
2564 3848 2782 3903 mh’tltus
2798 3848 3077 3919 apporeas.
3100 3848 3427 3919 Respondeat
3450 3846 3589 3904 Cho-

2005 3957 2116 3994 vus.
2148 3940 2343 3995 Amen.

2077 4031 2180 4084 Per
2209 4030 2627 4085 misericordiam
2653 4040 2817 4096 tuam,
2853 4030 3011 4086 Deus.

2073 4120 2367 4191 Autipltona
2396 4120 2449 4175 5.
2487 4121 2596 4190 Ego
2626 4120 2881 4176 Dominus
2909 4122 3108 4190 primus
3135 4129 3189 4175 et
3219 4124 3537 4179 novissimus
3573 4140 3589 4177 :

2004 4212 2259 4267 videbunt
2287 4213 2496 4277 insulae,
2527 4222 2584 4267 et
2609 4213 2871 4269 timebunt
2907 4229 3012 4269 me.
3048 4214 3116 4268 Ρ.
3152 4215 3403 4271 Extrema
3430 4228 3586 4271 terrm

1999 4303 2325 4373 cognoscent
2355 4322 2367 4358 :
2394 4313 2449 4359 et
2470 4303 2704 4371 vénieut,
2728 4316 2779 4359 et
2803 4305 3303 4375 appropinquabuut
3325 4308 3473 4361 mihi.
3506 4308 3540 4375 ᾗ
3566 4345 3585 4362 .

2000 4398 2114 4469 Ego
2142 4411 2318 4455 autem
2349 4401 2670 4454 constitutus
2693 4414 2807 4452 sum
2829 4414 2918 4452 rex
2942 4400 3087 4452 abeo
3110 4414 3269 4467 super
3283 4399 3410 4456 Sion
3433 4416 3586 4455 mou-

2006 4502 2114 4548 tcm
2161 4503 2409 4548 sanctqu
2458 4491 2578 4563 ejus
2634 4492 2929 4562 praedicans
2972 4493 3297 4563 prmcéptum
3336 4495 3473 4564 ejus.
3519 4494 3590 4553 Ρ.

1930 4557 1981 4615 D
2008 4587 2259 4640 Extrema
2313 4557 2863 4656 terrm'coguoscent.
2938 4557 3012 4654 ᾗ-.
3053 4557 3258 4653 Gloria,
3316 4557 3382 4642 et.
3416 4589 3585 4643 honor

2005 4676 2168 4742 Patri,
2202 4686 2257 4731 ct
2280 4676 2435 4730 Filio.
2465 4675 2530 4730 P.
2562 4677 2812 4731 Extrema
2840 4685 2999 4729 terrai
3024 4676 3365 4745 cognoscent.

2076 4796 2278 4856 Oratio.
2305 4795 2448 4851 Deus
2474 4796 2565 4850 Dei
2592 4794 2776 4858 Filius,
2802 4794 2889 4864 qui
2909 4798 3110 4864 primus
3164 4801 3218 4848 ct
3261 4792 3584 4848 novissimus

1993 4868 2181 4943 omnia
2214 4888 2244 4944 δ
2276 4901 2327 4945 te
2346 4889 2519 4944 creata
2554 4888 2688 4942 infra
2714 4897 2764 4942 te
2796 4887 3099 4955 concludis,
3134 4901 3237 4941 nec
3262 4896 3435 4940 tamen
3468 4886 3583 4952 ipse

1918 5019 1920 5023 μ
1990 4968 2377 5047 ²ςοιιοιίιάετὶε;
2432 4996 2588 5049 quem
2621 4979 2858 5033 extrema
2892 4989 3049 5033 terra:
3091 4977 3585 5048 perincarnatiduis

2004 5084 2107 5127 tum
2139 5072 2449 5145 mysterium
2481 5071 2832 5142 agnoverunt,
2863 5072 2988 5125 dum
3020 5071 3047 5125 ξι
3078 5080 3130 5125 te
3153 5071 3274 5126 lidei
3306 5068 3584 5124 vocatiOne

2007 5167 2324 5234 pertractilta
2340 5175 2485 5229 sunt;
2503 5164 2568 5216 da
2588 5162 2762 5228 nobis,
2787 5171 2841 5216 ut
2857 5163 3127 5231 agnititine
3145 5161 3298 5230 hujus
3320 5158 3443 5212 lidei
3462 5171 3587 5211 san—

2001 5269 2100 5313 cta:
2121 5259 2190 5313 ita
2215 5260 2267 5313 in
2291 5268 2341 5311 te
2364 5256 2666 5311 radicentur
2697 5256 2909 5311 etcultu
2928 5254 3150 5325 justitia:
3175 5263 3228 5308 et
3256 5252 3476 5319 operum
3501 5250 3587 5305 die

2004 5350 2223 5420 gnitt‘ite,
2250 5359 2307 5404 ut
2336 5365 2398 5403 ex
2426 5351 2525 5403 hoc
2566 5347 2818 5403 :etérnam
2869 5349 3170 5402 mereamur
3211 5344 3490 5413 pervenire
3518 5342 3586 5399 ad

2007 5444 2266 5514 réquicm.
2297 5443 2617 5511 Respondeat
2640 5441 2858 5496 Chorus.
2893 5441 3083 5493 Amen.

2075 5546 2177 5601 Per
2198 5544 2614 5599 miscricordiam
2641 5552 2802 5610 tuam,
2841 5543 2997 5597 Deus.

2092 5651 2159 5717 ri}.
2208 5648 2516 5703 liéthleliem
2549 5648 2736 5702 civitas
2784 5647 2874 5701 Dei
2902 5642 3117 5710 summi,
3167 5661 3231 5701 ex
3272 5654 3323 5702 te
3378 5648 3589 5717 prodiet

2003 5743 2307 5798 dominator
2339 5739 2523 5793 Israel.
2559 5736 2623 5789 Ρ.
2662 5738 2723 5790 Et
2751 5735 3000 5807 egressus
3015 5733 3172 5803 illius,
3201 5739 3335 5793 sicut
3382 5738 3409 5791 :‘t
3445 5739 3587 5806 prin-

2004 5834 2143 5904 cipio
2173 5832 2378 5887 dierum
2415 5827 2751 5895 aeternitatis,
2785 5840 2835 5905 et
2868 5843 2971 5900 pax,
2997 5828 3095 5885 erit
3128 5831 3181 5886 in
3210 5840 3347 5886 terra
3381 5840 3560 5884 nostra
