  <div class='ocr_page' id='page_1' title='image "/cluster/home/n/w/nwhite01/storage/ocr_20150623/86/hvd.32044015469463/055.png"; bbox 0 0 4044 6382; ppageno 0'>
   <div class='ocr_carea' id='block_1_1' title="bbox 440 359 2476 423">
    <p class='ocr_par' dir='ltr' id='par_1_1' title="bbox 440 359 2476 423">
     <span class='ocr_line' id='line_1_1' title="bbox 440 359 2476 423; baseline -0.003 0"><span class='ocrx_word' id='word_1_1' title='bbox 440 367 513 423; x_wconf 75' lang='lat'><strong>99</strong></span> <span class='ocrx_word' id='word_1_2' title='bbox 1652 360 2082 418; x_wconf 75' lang='lat' dir='ltr'><strong>DREVIARIUM</strong></span> <span class='ocrx_word' id='word_1_3' title='bbox 2121 359 2476 421; x_wconf 71' lang='lat' dir='ltr'><strong>GOTIIICUM</strong></span> 
     </span>
    </p>
   </div>
   <div class='ocr_carea' id='block_1_2' title="bbox 3624 383 3733 440">
    <p class='ocr_par' dir='ltr' id='par_1_2' title="bbox 3624 383 3733 440">
     <span class='ocr_line' id='line_1_2' title="bbox 3624 383 3733 440; baseline 0.018 -1"><span class='ocrx_word' id='word_1_4' title='bbox 3624 383 3733 440; x_wconf 71' lang='lat'><strong>100</strong></span> 
     </span>
    </p>
   </div>
   <div class='ocr_carea' id='block_1_3' title="bbox 441 458 3726 551">
    <p class='ocr_par' dir='ltr' id='par_1_3' title="bbox 441 458 3726 551">
     <span class='ocr_line' id='line_1_3' title="bbox 441 458 3726 551; baseline 0.005 -17"><span class='ocrx_word' id='word_1_5' title='bbox 441 483 567 536; x_wconf 85' lang='lat' dir='ltr'><strong>dum</strong></span> <span class='ocrx_word' id='word_1_6' title='bbox 597 479 818 537; x_wconf 72' lang='lat' dir='ltr'><strong>venerit.</strong></span> <span class='ocrx_word' id='word_1_7' title='bbox 868 480 900 548; x_wconf 54' lang='grc' dir='ltr'><em>ᾗ</em></span> <span class='ocrx_word' id='word_1_8' title='bbox 927 520 941 535; x_wconf 93' lang='grc'><strong>.</strong></span> <span class='ocrx_word' id='word_1_9' title='bbox 973 478 1054 535; x_wconf 81' lang='lat' dir='ltr'><strong>Tu</strong></span> <span class='ocrx_word' id='word_1_10' title='bbox 1083 477 1393 534; x_wconf 79' lang='lat' dir='ltr'><strong>Béthlehem</strong></span> <span class='ocrx_word' id='word_1_11' title='bbox 1427 476 1721 547; x_wconf 61' lang='lat' dir='ltr'><strong>Euphréta,</strong></span> <span class='ocrx_word' id='word_1_12' title='bbox 1775 476 2029 547; x_wconf 88' lang='lat' dir='ltr'><strong>numquid</strong></span> <span class='ocrx_word' id='word_1_13' title='bbox 2060 476 2111 537; x_wconf 80' lang='grc' dir='ltr'><strong>Α</strong></span> <span class='ocrx_word' id='word_1_14' title='bbox 2137 474 2206 530; x_wconf 86' lang='lat' dir='ltr'><strong>ibi</strong></span> <span class='ocrx_word' id='word_1_15' title='bbox 2236 475 2573 543; x_wconf 74' lang='lat' dir='ltr'><strong>liberaberis,</strong></span> <span class='ocrx_word' id='word_1_16' title='bbox 2608 476 2677 533; x_wconf 93' lang='lat' dir='ltr'><strong>ibi</strong></span> <span class='ocrx_word' id='word_1_17' title='bbox 2710 458 2936 537; x_wconf 73' lang='lat' dir='ltr'><strong>rédimet</strong></span> <span class='ocrx_word' id='word_1_18' title='bbox 2958 489 3011 537; x_wconf 90' lang='lat' dir='ltr'><strong>te</strong></span> <span class='ocrx_word' id='word_1_19' title='bbox 3036 481 3292 543; x_wconf 75' lang='lat' dir='ltr'><strong>Dominus</strong></span> <span class='ocrx_word' id='word_1_20' title='bbox 3319 487 3386 543; x_wconf 90' lang='lat' dir='ltr'><strong>de</strong></span> <span class='ocrx_word' id='word_1_21' title='bbox 3418 505 3581 548; x_wconf 85' lang='lat' dir='ltr'><strong>manu</strong></span> <span class='ocrx_word' id='word_1_22' title='bbox 3615 498 3726 551; x_wconf 80' lang='lat' dir='ltr'><strong>ini-</strong></span> 
     </span>
    </p>
   </div>
   <div class='ocr_carea' id='block_1_4' title="bbox 442 567 2033 639">
    <p class='ocr_par' dir='ltr' id='par_1_4' title="bbox 442 567 2033 639">
     <span class='ocr_line' id='line_1_4' title="bbox 442 567 2033 639; baseline 0.001 -16"><span class='ocrx_word' id='word_1_23' title='bbox 442 570 657 637; x_wconf 79' lang='lat' dir='ltr'><strong>porvula</strong></span> <span class='ocrx_word' id='word_1_24' title='bbox 688 570 822 624; x_wconf 76' lang='lat' dir='ltr'><strong>facta</strong></span> <span class='ocrx_word' id='word_1_25' title='bbox 854 586 912 625; x_wconf 87' lang='lat' dir='ltr'><strong>es</strong></span> <span class='ocrx_word' id='word_1_26' title='bbox 958 568 1010 624; x_wconf 91' lang='lat' dir='ltr'><strong>in</strong></span> <span class='ocrx_word' id='word_1_27' title='bbox 1043 569 1276 623; x_wconf 63' lang='lat' dir='ltr'><strong>millibus</strong></span> <span class='ocrx_word' id='word_1_28' title='bbox 1300 567 1477 623; x_wconf 74' lang='lat' dir='ltr'><strong>ludit?</strong></span> <span class='ocrx_word' id='word_1_29' title='bbox 1508 583 1572 625; x_wconf 82' lang='lat' dir='ltr'><strong>ex</strong></span> <span class='ocrx_word' id='word_1_30' title='bbox 1600 578 1651 624; x_wconf 88' lang='lat' dir='ltr'><strong>te</strong></span> <span class='ocrx_word' id='word_1_31' title='bbox 1680 570 1825 624; x_wconf 90' lang='lat' dir='ltr'><strong>enim</strong></span> <span class='ocrx_word' id='word_1_32' title='bbox 1880 585 2033 639; x_wconf 78' lang='lat' dir='ltr'><strong>egre-</strong></span> 
     </span>
    </p>
   </div>
   <div class='ocr_carea' id='block_1_5' title="bbox 439 658 2032 729">
    <p class='ocr_par' dir='ltr' id='par_1_5' title="bbox 439 658 2032 729">
     <span class='ocr_line' id='line_1_5' title="bbox 439 658 2032 729; baseline 0.002 -16"><span class='ocrx_word' id='word_1_33' title='bbox 439 659 617 714; x_wconf 76' lang='lat' dir='ltr'><strong>dietur</strong></span> <span class='ocrx_word' id='word_1_34' title='bbox 642 675 762 722; x_wconf 74' lang='lat' dir='ltr'><strong>rex,</strong></span> <span class='ocrx_word' id='word_1_35' title='bbox 811 660 902 727; x_wconf 79' lang='lat' dir='ltr'><strong>qui</strong></span> <span class='ocrx_word' id='word_1_36' title='bbox 951 669 1099 729; x_wconf 72' lang='lat' dir='ltr'><strong>regat</strong></span> <span class='ocrx_word' id='word_1_37' title='bbox 1128 658 1380 729; x_wconf 78' lang='lat' dir='ltr'><strong>ptipulum</strong></span> <span class='ocrx_word' id='word_1_38' title='bbox 1440 676 1616 715; x_wconf 87' lang='lat' dir='ltr'><strong>meum</strong></span> <span class='ocrx_word' id='word_1_39' title='bbox 1651 661 1833 715; x_wconf 84' lang='lat' dir='ltr'><strong>lsraél.</strong></span> <span class='ocrx_word' id='word_1_40' title='bbox 1868 660 1935 716; x_wconf 82' lang='grc' dir='ltr'><strong>Ρ.</strong></span> <span class='ocrx_word' id='word_1_41' title='bbox 1970 663 2032 716; x_wconf 78' lang='lat' dir='ltr'><strong>Et</strong></span> 
     </span>
    </p>
   </div>
   <div class='ocr_carea' id='block_1_6' title="bbox 439 750 2028 821">
    <p class='ocr_par' dir='ltr' id='par_1_6' title="bbox 439 750 2028 821">
     <span class='ocr_line' id='line_1_6' title="bbox 439 750 2028 821; baseline 0.004 -17"><span class='ocrx_word' id='word_1_42' title='bbox 439 750 689 819; x_wconf 73' lang='lat' dir='ltr'><strong>egressus</strong></span> <span class='ocrx_word' id='word_1_43' title='bbox 715 752 879 807; x_wconf 91' lang='lat' dir='ltr'><strong>illius.</strong></span> <span class='ocrx_word' id='word_1_44' title='bbox 935 753 1005 821; x_wconf 60' lang='grc' dir='ltr'><strong>ᾖ.</strong></span> <span class='ocrx_word' id='word_1_45' title='bbox 1042 752 1246 819; x_wconf 89' lang='lat' dir='ltr'><strong>Glo&#39;ria,</strong></span> <span class='ocrx_word' id='word_1_46' title='bbox 1270 764 1327 808; x_wconf 91' lang='lat' dir='ltr'><strong>et</strong></span> <span class='ocrx_word' id='word_1_47' title='bbox 1371 754 1544 808; x_wconf 82' lang='lat' dir='ltr'><strong>honor</strong></span> <span class='ocrx_word' id='word_1_48' title='bbox 1583 754 1746 821; x_wconf 84' lang='lat' dir='ltr'><strong>Patri,</strong></span> <span class='ocrx_word' id='word_1_49' title='bbox 1782 763 1837 809; x_wconf 84' lang='lat' dir='ltr'><strong>et</strong></span> <span class='ocrx_word' id='word_1_50' title='bbox 1869 756 2028 811; x_wconf 84' lang='lat' dir='ltr'><strong>Filio.</strong></span> 
     </span>
    </p>
   </div>
   <div class='ocr_carea' id='block_1_7' title="bbox 442 842 1563 912">
    <p class='ocr_par' dir='ltr' id='par_1_7' title="bbox 442 842 1563 912">
     <span class='ocr_line' id='line_1_7' title="bbox 442 842 1563 912; baseline 0.004 -16"><span class='ocrx_word' id='word_1_51' title='bbox 442 842 736 898; x_wconf 75' lang='lat' dir='ltr'><strong>Reiterétur</strong></span> <span class='ocrx_word' id='word_1_52' title='bbox 780 844 815 912; x_wconf 62' lang='grc' dir='ltr'><strong>ιῆ</strong></span> <span class='ocrx_word' id='word_1_53' title='bbox 840 884 854 899; x_wconf 96' lang='grc'><strong>.</strong></span> <span class='ocrx_word' id='word_1_54' title='bbox 892 844 1202 900; x_wconf 78' lang='lat' dir='ltr'><strong>Béthlehctn</strong></span> <span class='ocrx_word' id='word_1_55' title='bbox 1234 847 1422 902; x_wconf 79' lang='lat' dir='ltr'><strong>civitas</strong></span> <span class='ocrx_word' id='word_1_56' title='bbox 1448 848 1563 903; x_wconf 89' lang='lat' dir='ltr'><strong>Dei.</strong></span> 
     </span>
    </p>
   </div>
   <div class='ocr_carea' id='block_1_8' title="bbox 516 935 2031 1004">
    <p class='ocr_par' dir='ltr' id='par_1_8' title="bbox 516 935 2031 1004">
     <span class='ocr_line' id='line_1_8' title="bbox 516 935 2031 1004; baseline 0.005 -17"><span class='ocrx_word' id='word_1_57' title='bbox 516 935 719 991; x_wconf 62' lang='lat' dir='ltr'><strong>Oratio.</strong></span> <span class='ocrx_word' id='word_1_58' title='bbox 747 936 961 991; x_wconf 86' lang='lat' dir='ltr'><strong>Christe</strong></span> <span class='ocrx_word' id='word_1_59' title='bbox 991 936 1131 991; x_wconf 83' lang='lat' dir='ltr'><strong>Deus</strong></span> <span class='ocrx_word' id='word_1_60' title='bbox 1160 938 1326 993; x_wconf 83' lang='lat' dir='ltr'><strong>Filius</strong></span> <span class='ocrx_word' id='word_1_61' title='bbox 1367 939 1540 994; x_wconf 86' lang='lat' dir='ltr'><strong>Patris</strong></span> <span class='ocrx_word' id='word_1_62' title='bbox 1574 939 1663 993; x_wconf 86' lang='lat' dir='ltr'><strong>Dei</strong></span> <span class='ocrx_word' id='word_1_63' title='bbox 1698 940 1912 1004; x_wconf 83' lang='lat' dir='ltr'><strong>summi,</strong></span> <span class='ocrx_word' id='word_1_64' title='bbox 1948 940 2031 994; x_wconf 85' lang='lat' dir='ltr'><strong>in-</strong></span> 
     </span>
    </p>
   </div>
   <div class='ocr_carea' id='block_1_9' title="bbox 440 1027 2027 1096">
    <p class='ocr_par' dir='ltr' id='par_1_9' title="bbox 440 1027 2027 1096">
     <span class='ocr_line' id='line_1_9' title="bbox 440 1027 2027 1096; baseline 0.003 -14"><span class='ocrx_word' id='word_1_65' title='bbox 440 1027 771 1082; x_wconf 72' lang='lat' dir='ltr'><strong>carnatit‘ntis</strong></span> <span class='ocrx_word' id='word_1_66' title='bbox 798 1037 903 1082; x_wconf 69' lang='lat' dir='ltr'><strong>tum</strong></span> <span class='ocrx_word' id='word_1_67' title='bbox 959 1030 1142 1083; x_wconf 87' lang='lat' dir='ltr'><strong>urbem</strong></span> <span class='ocrx_word' id='word_1_68' title='bbox 1170 1030 1478 1096; x_wconf 79' lang='lat' dir='ltr'><strong>consecras,</strong></span> <span class='ocrx_word' id='word_1_69' title='bbox 1504 1032 1627 1085; x_wconf 91' lang='lat' dir='ltr'><strong>dum</strong></span> <span class='ocrx_word' id='word_1_70' title='bbox 1660 1045 1711 1087; x_wconf 91' lang='lat' dir='ltr'><strong>te</strong></span> <span class='ocrx_word' id='word_1_71' title='bbox 1755 1048 1820 1087; x_wconf 79' lang='lat' dir='ltr'><strong>ex</strong></span> <span class='ocrx_word' id='word_1_72' title='bbox 1849 1048 1909 1087; x_wconf 88' lang='lat' dir='ltr'><strong>ea</strong></span> <span class='ocrx_word' id='word_1_73' title='bbox 1941 1049 2027 1087; x_wconf 80' lang='lat' dir='ltr'><strong>ve-</strong></span> 
     </span>
    </p>
   </div>
   <div class='ocr_carea' id='block_1_10' title="bbox 442 1120 2030 1190">
    <p class='ocr_par' dir='ltr' id='par_1_10' title="bbox 442 1120 2030 1190">
     <span class='ocr_line' id='line_1_10' title="bbox 442 1120 2030 1190; baseline 0.004 -18"><span class='ocrx_word' id='word_1_74' title='bbox 442 1134 559 1172; x_wconf 91' lang='lat' dir='ltr'><strong>rum</strong></span> <span class='ocrx_word' id='word_1_75' title='bbox 587 1120 975 1174; x_wconf 83' lang='lat' dir='ltr'><strong>dominatdrem</strong></span> <span class='ocrx_word' id='word_1_76' title='bbox 1007 1120 1168 1175; x_wconf 83' lang='lat' dir='ltr'><strong>lsraél</strong></span> <span class='ocrx_word' id='word_1_77' title='bbox 1216 1126 1543 1177; x_wconf 66' lang='lat' dir='ltr'><strong>nasciturum</strong></span> <span class='ocrx_word' id='word_1_78' title='bbox 1577 1123 1838 1190; x_wconf 85' lang='lat' dir='ltr'><strong>insinuas,</strong></span> <span class='ocrx_word' id='word_1_79' title='bbox 1870 1136 1923 1180; x_wconf 89' lang='lat' dir='ltr'><strong>et</strong></span> <span class='ocrx_word' id='word_1_80' title='bbox 1949 1127 2030 1179; x_wconf 86' lang='lat' dir='ltr'><strong>in-</strong></span> 
     </span>
    </p>
   </div>
   <div class='ocr_carea' id='block_1_11' title="bbox 440 1211 2030 1271">
    <p class='ocr_par' dir='ltr' id='par_1_11' title="bbox 440 1211 2030 1271">
     <span class='ocr_line' id='line_1_11' title="bbox 440 1211 2030 1271; baseline 0.003 -7"><span class='ocrx_word' id='word_1_81' title='bbox 440 1211 729 1265; x_wconf 73' lang='lat' dir='ltr'><strong>auditttma</strong></span> <span class='ocrx_word' id='word_1_82' title='bbox 758 1212 967 1266; x_wconf 63' lang='lat' dir='ltr'><strong>sreculis</strong></span> <span class='ocrx_word' id='word_1_83' title='bbox 1012 1212 1067 1266; x_wconf 91' lang='lat' dir='ltr'><strong>in</strong></span> <span class='ocrx_word' id='word_1_84' title='bbox 1095 1229 1156 1268; x_wconf 89' lang='lat' dir='ltr'><strong>ea</strong></span> <span class='ocrx_word' id='word_1_85' title='bbox 1207 1214 1587 1269; x_wconf 78' lang='lat' dir='ltr'><strong>incarnatiOuis</strong></span> <span class='ocrx_word' id='word_1_86' title='bbox 1643 1225 1744 1268; x_wconf 68' lang='lat' dir='ltr'><strong>tua:</strong></span> <span class='ocrx_word' id='word_1_87' title='bbox 1801 1216 2030 1271; x_wconf 69' lang='lat' dir='ltr'><strong>mimicu-</strong></span> 
     </span>
    </p>
   </div>
   <div class='ocr_carea' id='block_1_12' title="bbox 440 1302 2028 1373">
    <p class='ocr_par' dir='ltr' id='par_1_12' title="bbox 440 1302 2028 1373">
     <span class='ocr_line' id='line_1_12' title="bbox 440 1302 2028 1373; baseline 0.004 -17"><span class='ocrx_word' id='word_1_88' title='bbox 440 1303 551 1357; x_wconf 90' lang='lat' dir='ltr'><strong>lum</strong></span> <span class='ocrx_word' id='word_1_89' title='bbox 578 1302 890 1358; x_wconf 78' lang='lat' dir='ltr'><strong>manifestas</strong></span> <span class='ocrx_word' id='word_1_90' title='bbox 917 1322 930 1358; x_wconf 92' lang='lat'><strong>:</strong></span> <span class='ocrx_word' id='word_1_91' title='bbox 961 1304 1094 1357; x_wconf 87' lang='lat' dir='ltr'><strong>Dum</strong></span> <span class='ocrx_word' id='word_1_92' title='bbox 1139 1305 1278 1359; x_wconf 77' lang='lat' dir='ltr'><strong>intra</strong></span> <span class='ocrx_word' id='word_1_93' title='bbox 1310 1306 1550 1373; x_wconf 81' lang='lat' dir='ltr'><strong>ejusdem</strong></span> <span class='ocrx_word' id='word_1_94' title='bbox 1580 1307 1726 1361; x_wconf 90' lang='lat' dir='ltr'><strong>urbis</strong></span> <span class='ocrx_word' id='word_1_95' title='bbox 1752 1308 2028 1363; x_wconf 82' lang='lat' dir='ltr'><strong>Bethlelie-</strong></span> 
     </span>
    </p>
   </div>
   <div class='ocr_carea' id='block_1_13' title="bbox 441 1394 2027 1465">
    <p class='ocr_par' dir='ltr' id='par_1_13' title="bbox 441 1394 2027 1465">
     <span class='ocr_line' id='line_1_13' title="bbox 441 1394 2027 1465; baseline 0.003 -16"><span class='ocrx_word' id='word_1_96' title='bbox 441 1394 636 1449; x_wconf 67' lang='lat' dir='ltr'><strong>miticz</strong></span> <span class='ocrx_word' id='word_1_97' title='bbox 662 1405 808 1464; x_wconf 85' lang='lat' dir='ltr'><strong>septa</strong></span> <span class='ocrx_word' id='word_1_98' title='bbox 840 1395 1148 1465; x_wconf 74' lang='lat' dir='ltr'><strong>genitricem</strong></span> <span class='ocrx_word' id='word_1_99' title='bbox 1198 1397 1420 1451; x_wconf 82' lang='lat' dir='ltr'><strong>Mariam</strong></span> <span class='ocrx_word' id='word_1_100' title='bbox 1451 1406 1505 1451; x_wconf 92' lang='lat' dir='ltr'><strong>et</strong></span> <span class='ocrx_word' id='word_1_101' title='bbox 1548 1398 1794 1452; x_wconf 75' lang='lat' dir='ltr'><strong>materno</strong></span> <span class='ocrx_word' id='word_1_102' title='bbox 1826 1400 2027 1453; x_wconf 74' lang='lat' dir='ltr'><strong>honOre</strong></span> 
     </span>
    </p>
   </div>
   <div class='ocr_carea' id='block_1_14' title="bbox 440 1486 2027 1555">
    <p class='ocr_par' dir='ltr' id='par_1_14' title="bbox 440 1486 2027 1555">
     <span class='ocr_line' id='line_1_14' title="bbox 440 1486 2027 1555; baseline 0.004 -16"><span class='ocrx_word' id='word_1_103' title='bbox 440 1486 726 1555; x_wconf 72' lang='lat' dir='ltr'><strong>gloriﬁcas,</strong></span> <span class='ocrx_word' id='word_1_104' title='bbox 754 1487 907 1555; x_wconf 86' lang='lat' dir='ltr'><strong>cujus</strong></span> <span class='ocrx_word' id='word_1_105' title='bbox 938 1489 1146 1541; x_wconf 80' lang='lat' dir='ltr'><strong>uterum</strong></span> <span class='ocrx_word' id='word_1_106' title='bbox 1184 1502 1283 1542; x_wconf 88' lang='lat' dir='ltr'><strong>nec</strong></span> <span class='ocrx_word' id='word_1_107' title='bbox 1327 1488 1637 1548; x_wconf 72' lang='lat' dir='ltr'><strong>ingrediens</strong></span> <span class='ocrx_word' id='word_1_108' title='bbox 1666 1489 1898 1553; x_wconf 82' lang='lat' dir='ltr'><strong>réseras,</strong></span> <span class='ocrx_word' id='word_1_109' title='bbox 1930 1505 2027 1546; x_wconf 86' lang='lat' dir='ltr'><strong>nec</strong></span> 
     </span>
    </p>
   </div>
   <div class='ocr_carea' id='block_1_15' title="bbox 439 1577 2027 1651">
    <p class='ocr_par' dir='ltr' id='par_1_15' title="bbox 439 1577 2027 1651">
     <span class='ocr_line' id='line_1_15' title="bbox 439 1577 2027 1651; baseline 0.004 -20"><span class='ocrx_word' id='word_1_110' title='bbox 439 1577 726 1648; x_wconf 71' lang='lat' dir='ltr'><strong>egrediens</strong></span> <span class='ocrx_word' id='word_1_111' title='bbox 764 1578 965 1644; x_wconf 87' lang='lat' dir='ltr'><strong>v.o|as;</strong></span> <span class='ocrx_word' id='word_1_112' title='bbox 1016 1594 1343 1648; x_wconf 67' lang='lat' dir='ltr'><strong>quaesumus,</strong></span> <span class='ocrx_word' id='word_1_113' title='bbox 1376 1581 1486 1651; x_wconf 65' lang='grc'><strong>34</strong></span> <span class='ocrx_word' id='word_1_114' title='bbox 1517 1592 1572 1635; x_wconf 86' lang='grc' dir='ltr'><strong>ιιι</strong></span> <span class='ocrx_word' id='word_1_115' title='bbox 1604 1583 1898 1651; x_wconf 77' lang='lat' dir='ltr'><strong>penetralia</strong></span> <span class='ocrx_word' id='word_1_116' title='bbox 1931 1600 2027 1639; x_wconf 83' lang='lat' dir='ltr'><strong>no—</strong></span> 
     </span>
    </p>
   </div>
   <div class='ocr_carea' id='block_1_16' title="bbox 440 1669 2026 1742">
    <p class='ocr_par' dir='ltr' id='par_1_16' title="bbox 440 1669 2026 1742">
     <span class='ocr_line' id='line_1_16' title="bbox 440 1669 2026 1742; baseline 0.005 -21"><span class='ocrx_word' id='word_1_117' title='bbox 440 1677 566 1723; x_wconf 74' lang='lat' dir='ltr'><strong>stra:</strong></span> <span class='ocrx_word' id='word_1_118' title='bbox 590 1669 782 1723; x_wconf 67' lang='lat' dir='ltr'><strong>animm</strong></span> <span class='ocrx_word' id='word_1_119' title='bbox 812 1669 887 1723; x_wconf 82' lang='lat' dir='ltr'><strong>sic</strong></span> <span class='ocrx_word' id='word_1_120' title='bbox 916 1678 1008 1723; x_wconf 93' lang='lat' dir='ltr'><strong>tuo</strong></span> <span class='ocrx_word' id='word_1_121' title='bbox 1030 1670 1321 1739; x_wconf 79' lang='lat' dir='ltr'><strong>perlustres</strong></span> <span class='ocrx_word' id='word_1_122' title='bbox 1344 1674 1599 1739; x_wconf 78' lang='lat' dir='ltr'><strong>canddre,</strong></span> <span class='ocrx_word' id='word_1_123' title='bbox 1632 1673 1895 1742; x_wconf 75' lang='lat' dir='ltr'><strong>quatenus</strong></span> <span class='ocrx_word' id='word_1_124' title='bbox 1918 1675 2026 1730; x_wconf 76' lang='lat' dir='ltr'><strong>suf-</strong></span> 
     </span>
    </p>
   </div>
   <div class='ocr_carea' id='block_1_17' title="bbox 437 1759 2020 1835">
    <p class='ocr_par' dir='ltr' id='par_1_17' title="bbox 437 1759 2020 1835">
     <span class='ocr_line' id='line_1_17' title="bbox 437 1759 2020 1835; baseline 0.006 -22"><span class='ocrx_word' id='word_1_125' title='bbox 437 1759 609 1831; x_wconf 73' lang='lat' dir='ltr'><strong>fragio</strong></span> <span class='ocrx_word' id='word_1_126' title='bbox 647 1762 830 1817; x_wconf 88' lang='lat' dir='ltr'><strong>matris</strong></span> <span class='ocrx_word' id='word_1_127' title='bbox 870 1771 971 1817; x_wconf 77' lang='lat' dir='ltr'><strong>tua:</strong></span> <span class='ocrx_word' id='word_1_128' title='bbox 1001 1762 1031 1816; x_wconf 74' lang='lat' dir='ltr'><strong>ii</strong></span> <span class='ocrx_word' id='word_1_129' title='bbox 1059 1764 1369 1831; x_wconf 83' lang='lat' dir='ltr'><strong>serpentina</strong></span> <span class='ocrx_word' id='word_1_130' title='bbox 1412 1764 1755 1835; x_wconf 75' lang='lat' dir='ltr'><strong>persuasidne</strong></span> <span class='ocrx_word' id='word_1_131' title='bbox 1801 1769 2020 1833; x_wconf 76' lang='lat' dir='ltr'><strong>servoli,</strong></span> 
     </span>
    </p>
   </div>
   <div class='ocr_carea' id='block_1_18' title="bbox 2132 568 3511 643">
    <p class='ocr_par' dir='ltr' id='par_1_18' title="bbox 2132 568 3511 643">
     <span class='ocr_line' id='line_1_18' title="bbox 2132 568 3511 643; baseline 0.012 -22"><span class='ocrx_word' id='word_1_132' title='bbox 2132 568 2395 623; x_wconf 79' lang='lat' dir='ltr'><strong>micdrum</strong></span> <span class='ocrx_word' id='word_1_133' title='bbox 2425 570 2658 625; x_wconf 71' lang='lat' dir='ltr'><strong>tudrum.</strong></span> <span class='ocrx_word' id='word_1_134' title='bbox 2698 571 3027 643; x_wconf 73' lang='lat' dir='ltr'><strong>llespdndeat</strong></span> <span class='ocrx_word' id='word_1_135' title='bbox 3059 575 3283 635; x_wconf 79' lang='lat' dir='ltr'><strong>Chorus.</strong></span> <span class='ocrx_word' id='word_1_136' title='bbox 3316 582 3511 637; x_wconf 81' lang='lat' dir='ltr'><strong>Amen.</strong></span> 
     </span>
    </p>
   </div>
   <div class='ocr_carea' id='block_1_19' title="bbox 2201 658 3724 746">
    <p class='ocr_par' dir='ltr' id='par_1_19' title="bbox 2201 658 3724 746">
     <span class='ocr_line' id='line_1_19' title="bbox 2201 658 3724 746; baseline 0.016 -35"><span class='ocrx_word' id='word_1_137' title='bbox 2201 658 2466 729; x_wconf 75' lang='lat' dir='ltr'><strong>Hymnus.</strong></span> <span class='ocrx_word' id='word_1_138' title='bbox 2489 661 2815 719; x_wconf 73' lang='lat' dir='ltr'><strong>Cunctdrum</strong></span> <span class='ocrx_word' id='word_1_139' title='bbox 2852 681 2943 720; x_wconf 75' lang='lat' dir='ltr'><strong>rex</strong></span> <span class='ocrx_word' id='word_1_140' title='bbox 2976 668 3341 738; x_wconf 83' lang='lat' dir='ltr'><strong>omnipotens.</strong></span> <span class='ocrx_word' id='word_1_141' title='bbox 3368 673 3724 746; x_wconf 76' lang='lat' dir='ltr'><strong>Supplictitio.</strong></span> 
     </span>
    </p>
   </div>
   <div class='ocr_carea' id='block_1_20' title="bbox 2128 749 3727 836">
    <p class='ocr_par' dir='ltr' id='par_1_20' title="bbox 2128 749 3727 836">
     <span class='ocr_line' id='line_1_20' title="bbox 2128 749 3727 836; baseline 0.013 -31"><span class='ocrx_word' id='word_1_142' title='bbox 2128 749 2361 805; x_wconf 75' lang='lat' dir='ltr'><strong>Oremus</strong></span> <span class='ocrx_word' id='word_1_143' title='bbox 2393 751 2804 822; x_wconf 76' lang='lat' dir='ltr'><strong>Redemptdrem</strong></span> <span class='ocrx_word' id='word_1_144' title='bbox 2836 759 3045 815; x_wconf 89' lang='lat' dir='ltr'><strong>mundi.</strong></span> <span class='ocrx_word' id='word_1_145' title='bbox 3099 761 3317 830; x_wconf 72' lang='lat' dir='ltr'><strong>llequirc</strong></span> <span class='ocrx_word' id='word_1_146' title='bbox 3341 765 3395 819; x_wconf 74' lang='lat' dir='ltr'><strong>in</strong></span> <span class='ocrx_word' id='word_1_147' title='bbox 3423 768 3591 836; x_wconf 83' lang='lat' dir='ltr'><strong>primo</strong></span> <span class='ocrx_word' id='word_1_148' title='bbox 3616 769 3727 825; x_wconf 84' lang='lat' dir='ltr'><strong>Do-</strong></span> 
     </span>
    </p>
   </div>
   <div class='ocr_carea' id='block_1_21' title="bbox 2129 842 3141 921">
    <p class='ocr_par' dir='ltr' id='par_1_21' title="bbox 2129 842 3141 921">
     <span class='ocr_line' id='line_1_21' title="bbox 2129 842 3141 921; baseline 0.013 -28"><span class='ocrx_word' id='word_1_149' title='bbox 2129 842 2319 895; x_wconf 82' lang='lat' dir='ltr'><strong>minico</strong></span> <span class='ocrx_word' id='word_1_150' title='bbox 2344 842 2408 896; x_wconf 80' lang='lat' dir='ltr'><strong>de</strong></span> <span class='ocrx_word' id='word_1_151' title='bbox 2430 842 2668 898; x_wconf 67' lang='lat' dir='ltr'><strong>Adventu</strong></span> <span class='ocrx_word' id='word_1_152' title='bbox 2696 845 2929 903; x_wconf 67' lang='lat' dir='ltr'><strong>Domini.</strong></span> <span class='ocrx_word' id='word_1_153' title='bbox 2964 851 3059 921; x_wconf 79' lang='lat' dir='ltr'><strong>fol.</strong></span> <span class='ocrx_word' id='word_1_154' title='bbox 3084 850 3141 906; x_wconf 76' lang='grc'><strong>2.</strong></span> 
     </span>
    </p>
   </div>
   <div class='ocr_carea' id='block_1_22' title="bbox 2198 933 3721 1014">
    <p class='ocr_par' dir='ltr' id='par_1_22' title="bbox 2198 933 3721 1014">
     <span class='ocr_line' id='line_1_22' title="bbox 2198 933 3721 1014; baseline 0.014 -27"><span class='ocrx_word' id='word_1_155' title='bbox 2198 933 2464 999; x_wconf 72' lang='lat' dir='ltr'><strong>Capitula.</strong></span> <span class='ocrx_word' id='word_1_156' title='bbox 2495 934 2717 991; x_wconf 85' lang='lat' dir='ltr'><strong>Domine</strong></span> <span class='ocrx_word' id='word_1_157' title='bbox 2732 940 2860 994; x_wconf 82' lang='lat' dir='ltr'><strong>Jcstt</strong></span> <span class='ocrx_word' id='word_1_158' title='bbox 2887 941 3125 1014; x_wconf 72' lang='lat' dir='ltr'><strong>Christe,</strong></span> <span class='ocrx_word' id='word_1_159' title='bbox 3160 961 3321 1013; x_wconf 83' lang='lat' dir='ltr'><strong>quem</strong></span> <span class='ocrx_word' id='word_1_160' title='bbox 3352 950 3566 1006; x_wconf 79' lang='lat' dir='ltr'><strong>venisse</strong></span> <span class='ocrx_word' id='word_1_161' title='bbox 3597 952 3721 1008; x_wconf 76' lang='lat' dir='ltr'><strong>cre-</strong></span> 
     </span>
    </p>
   </div>
   <div class='ocr_carea' id='block_1_23' title="bbox 2128 1023 3727 1110">
    <p class='ocr_par' dir='ltr' id='par_1_23' title="bbox 2128 1023 3727 1110">
     <span class='ocr_line' id='line_1_23' title="bbox 2128 1023 3727 1110; baseline 0.014 -33"><span class='ocrx_word' id='word_1_162' title='bbox 2128 1023 2306 1077; x_wconf 91' lang='lat' dir='ltr'><strong>ditnus</strong></span> <span class='ocrx_word' id='word_1_163' title='bbox 2330 1025 2379 1078; x_wconf 91' lang='lat' dir='ltr'><strong>in</strong></span> <span class='ocrx_word' id='word_1_164' title='bbox 2410 1027 2584 1081; x_wconf 87' lang='lat' dir='ltr'><strong>carnis</strong></span> <span class='ocrx_word' id='word_1_165' title='bbox 2597 1028 2896 1098; x_wconf 77' lang='lat' dir='ltr'><strong>objectione</strong></span> <span class='ocrx_word' id='word_1_166' title='bbox 2922 1034 3179 1090; x_wconf 75' lang='lat' dir='ltr'><strong>humilem</strong></span> <span class='ocrx_word' id='word_1_167' title='bbox 3210 1040 3467 1093; x_wconf 90' lang='lat' dir='ltr'><strong>mundum</strong></span> <span class='ocrx_word' id='word_1_168' title='bbox 3489 1045 3727 1110; x_wconf 80' lang='lat' dir='ltr'><strong>percon-</strong></span> 
     </span>
    </p>
   </div>
   <div class='ocr_carea' id='block_1_24' title="bbox 2130 1118 3723 1206">
    <p class='ocr_par' dir='ltr' id='par_1_24' title="bbox 2130 1118 3723 1206">
     <span class='ocr_line' id='line_1_24' title="bbox 2130 1118 3723 1206; baseline 0.01 -33"><span class='ocrx_word' id='word_1_169' title='bbox 2130 1128 2234 1173; x_wconf 90' lang='lat' dir='ltr'><strong>tetn</strong></span> <span class='ocrx_word' id='word_1_170' title='bbox 2262 1118 2548 1185; x_wconf 85' lang='lat' dir='ltr'><strong>redimere;</strong></span> <span class='ocrx_word' id='word_1_171' title='bbox 2574 1138 2840 1192; x_wconf 87' lang='lat' dir='ltr'><strong>quemque</strong></span> <span class='ocrx_word' id='word_1_172' title='bbox 2868 1125 3060 1180; x_wconf 79' lang='lat' dir='ltr'><strong>iterum</strong></span> <span class='ocrx_word' id='word_1_173' title='bbox 3113 1132 3488 1197; x_wconf 61' lang='lat' dir='ltr'><strong>praestoldmur</strong></span> <span class='ocrx_word' id='word_1_174' title='bbox 3543 1134 3596 1189; x_wconf 89' lang='lat' dir='ltr'><strong>in</strong></span> <span class='ocrx_word' id='word_1_175' title='bbox 3623 1151 3723 1206; x_wconf 58' lang='lat' dir='ltr'><strong>po.</strong></span> 
     </span>
    </p>
   </div>
   <div class='ocr_carea' id='block_1_25' title="bbox 2129 1210 3724 1295">
    <p class='ocr_par' dir='ltr' id='par_1_25' title="bbox 2129 1210 3724 1295">
     <span class='ocr_line' id='line_1_25' title="bbox 2129 1210 3724 1295; baseline 0.011 -28"><span class='ocrx_word' id='word_1_176' title='bbox 2129 1210 2290 1267; x_wconf 76' lang='lat' dir='ltr'><strong>tentia</strong></span> <span class='ocrx_word' id='word_1_177' title='bbox 2317 1212 2540 1267; x_wconf 78' lang='lat' dir='ltr'><strong>Deitatis</strong></span> <span class='ocrx_word' id='word_1_178' title='bbox 2567 1218 2873 1281; x_wconf 79' lang='lat' dir='ltr'><strong>ventorum,</strong></span> <span class='ocrx_word' id='word_1_179' title='bbox 2925 1221 3181 1276; x_wconf 76' lang='lat' dir='ltr'><strong>steculum</strong></span> <span class='ocrx_word' id='word_1_180' title='bbox 3212 1221 3534 1295; x_wconf 87' lang='lat' dir='ltr'><strong>delinquens</strong></span> <span class='ocrx_word' id='word_1_181' title='bbox 3558 1230 3724 1283; x_wconf 86' lang='lat' dir='ltr'><strong>terri-</strong></span> 
     </span>
    </p>
   </div>
   <div class='ocr_carea' id='block_1_26' title="bbox 2128 1302 3722 1380">
    <p class='ocr_par' dir='ltr' id='par_1_26' title="bbox 2128 1302 3722 1380">
     <span class='ocr_line' id='line_1_26' title="bbox 2128 1302 3722 1380; baseline 0.014 -25"><span class='ocrx_word' id='word_1_182' title='bbox 2128 1302 2584 1373; x_wconf 60' lang='lat' dir='ltr'><strong>hiiitcrjudicAre;</strong></span> <span class='ocrx_word' id='word_1_183' title='bbox 2611 1307 2928 1363; x_wconf 79' lang='lat' dir='ltr'><strong>immensam</strong></span> <span class='ocrx_word' id='word_1_184' title='bbox 2960 1310 3214 1380; x_wconf 68' lang='lat' dir='ltr'><strong>pieta:em</strong></span> <span class='ocrx_word' id='word_1_185' title='bbox 3248 1323 3391 1371; x_wconf 88' lang='lat' dir='ltr'><strong>tuam</strong></span> <span class='ocrx_word' id='word_1_186' title='bbox 3409 1318 3722 1377; x_wconf 75' lang='lat' dir='ltr'><strong>trementes</strong></span> 
     </span>
    </p>
   </div>
   <div class='ocr_carea' id='block_1_27' title="bbox 2128 1394 3716 1482">
    <p class='ocr_par' dir='ltr' id='par_1_27' title="bbox 2128 1394 3716 1482">
     <span class='ocr_line' id='line_1_27' title="bbox 2128 1394 3716 1482; baseline 0.013 -32"><span class='ocrx_word' id='word_1_187' title='bbox 2128 1394 2316 1450; x_wconf 74' lang='lat' dir='ltr'><strong>litmuli</strong></span> <span class='ocrx_word' id='word_1_188' title='bbox 2342 1400 2416 1452; x_wconf 92' lang='lat' dir='ltr'><strong>tui</strong></span> <span class='ocrx_word' id='word_1_189' title='bbox 2447 1415 2773 1468; x_wconf 70' lang='lat' dir='ltr'><strong>quaesumus,</strong></span> <span class='ocrx_word' id='word_1_190' title='bbox 2816 1413 2896 1467; x_wconf 92' lang='lat' dir='ltr'><strong>ut,</strong></span> <span class='ocrx_word' id='word_1_191' title='bbox 2926 1404 3051 1459; x_wconf 91' lang='lat' dir='ltr'><strong>dum</strong></span> <span class='ocrx_word' id='word_1_192' title='bbox 3078 1408 3312 1475; x_wconf 78' lang='lat' dir='ltr'><strong>veneris,</strong></span> <span class='ocrx_word' id='word_1_193' title='bbox 3348 1425 3454 1465; x_wconf 90' lang='lat' dir='ltr'><strong>non</strong></span> <span class='ocrx_word' id='word_1_194' title='bbox 3486 1413 3554 1467; x_wconf 93' lang='lat' dir='ltr'><strong>de</strong></span> <span class='ocrx_word' id='word_1_195' title='bbox 3587 1429 3716 1482; x_wconf 81' lang='lat' dir='ltr'><strong>pec-</strong></span> 
     </span>
    </p>
   </div>
   <div class='ocr_carea' id='block_1_28' title="bbox 2126 1486 3717 1568">
    <p class='ocr_par' dir='ltr' id='par_1_28' title="bbox 2126 1486 3717 1568">
     <span class='ocr_line' id='line_1_28' title="bbox 2126 1486 3717 1568; baseline 0.013 -28"><span class='ocrx_word' id='word_1_196' title='bbox 2126 1486 2249 1542; x_wconf 77' lang='lat' dir='ltr'><strong>cato</strong></span> <span class='ocrx_word' id='word_1_197' title='bbox 2276 1503 2372 1541; x_wconf 89' lang='lat' dir='ltr'><strong>nos</strong></span> <span class='ocrx_word' id='word_1_198' title='bbox 2400 1488 2615 1558; x_wconf 77' lang='lat' dir='ltr'><strong>arguas,</strong></span> <span class='ocrx_word' id='word_1_199' title='bbox 2638 1493 2730 1546; x_wconf 91' lang='lat' dir='ltr'><strong>sed</strong></span> <span class='ocrx_word' id='word_1_200' title='bbox 2757 1494 3015 1549; x_wconf 74' lang='lat' dir='ltr'><strong>ineﬂabili</strong></span> <span class='ocrx_word' id='word_1_201' title='bbox 3040 1497 3368 1568; x_wconf 74' lang='lat' dir='ltr'><strong>benignitate</strong></span> <span class='ocrx_word' id='word_1_202' title='bbox 3391 1505 3717 1559; x_wconf 78' lang='lat' dir='ltr'><strong>succurras:</strong></span> 
     </span>
    </p>
   </div>
   <div class='ocr_carea' id='block_1_29' title="bbox 2126 1582 3723 1655">
    <p class='ocr_par' dir='ltr' id='par_1_29' title="bbox 2126 1582 3723 1655">
     <span class='ocr_line' id='line_1_29' title="bbox 2126 1582 3723 1655; baseline 0.013 -22"><span class='ocrx_word' id='word_1_203' title='bbox 2126 1588 2181 1633; x_wconf 89' lang='lat' dir='ltr'><strong>et</strong></span> <span class='ocrx_word' id='word_1_204' title='bbox 2214 1582 2298 1635; x_wconf 75' lang='lat' dir='ltr'><strong>litc</strong></span> <span class='ocrx_word' id='word_1_205' title='bbox 2327 1583 2507 1651; x_wconf 80' lang='lat' dir='ltr'><strong>potius</strong></span> <span class='ocrx_word' id='word_1_206' title='bbox 2561 1584 2877 1641; x_wconf 77' lang='lat' dir='ltr'><strong>humilitatis</strong></span> <span class='ocrx_word' id='word_1_207' title='bbox 2909 1600 3104 1646; x_wconf 71' lang='lat' dir='ltr'><strong>nostra:</strong></span> <span class='ocrx_word' id='word_1_208' title='bbox 3148 1594 3546 1653; x_wconf 72' lang='lat' dir='ltr'><strong>confessiOnem</strong></span> <span class='ocrx_word' id='word_1_209' title='bbox 3573 1599 3723 1655; x_wconf 82' lang='lat' dir='ltr'><strong>acci-</strong></span> 
     </span>
    </p>
   </div>
   <div class='ocr_carea' id='block_1_30' title="bbox 2126 1672 3713 1763">
    <p class='ocr_par' dir='ltr' id='par_1_30' title="bbox 2126 1672 3713 1763">
     <span class='ocr_line' id='line_1_30' title="bbox 2126 1672 3713 1763; baseline 0.015 -39"><span class='ocrx_word' id='word_1_210' title='bbox 2126 1672 2263 1741; x_wconf 88' lang='lat' dir='ltr'><strong>pias,</strong></span> <span class='ocrx_word' id='word_1_211' title='bbox 2314 1684 2371 1727; x_wconf 93' lang='lat' dir='ltr'><strong>ut</strong></span> <span class='ocrx_word' id='word_1_212' title='bbox 2402 1675 2511 1729; x_wconf 88' lang='lat' dir='ltr'><strong>illic</strong></span> <span class='ocrx_word' id='word_1_213' title='bbox 2538 1685 2590 1729; x_wconf 91' lang='lat' dir='ltr'><strong>et</strong></span> <span class='ocrx_word' id='word_1_214' title='bbox 2622 1677 2859 1733; x_wconf 78' lang='lat' dir='ltr'><strong>facinora</strong></span> <span class='ocrx_word' id='word_1_215' title='bbox 2899 1694 3080 1737; x_wconf 89' lang='lat' dir='ltr'><strong>nostra</strong></span> <span class='ocrx_word' id='word_1_216' title='bbox 3112 1686 3360 1744; x_wconf 80' lang='lat' dir='ltr'><strong>univérsa</strong></span> <span class='ocrx_word' id='word_1_217' title='bbox 3411 1692 3713 1763; x_wconf 77' lang='lat' dir='ltr'><strong>indulgeas,</strong></span> 
     </span>
    </p>
   </div>
   <div class='ocr_carea' id='block_1_31' title="bbox 2127 1760 3497 1838">
    <p class='ocr_par' dir='ltr' id='par_1_31' title="bbox 2127 1760 3497 1838">
     <span class='ocr_line' id='line_1_31' title="bbox 2127 1760 3497 1838; baseline 0.013 -21"><span class='ocrx_word' id='word_1_218' title='bbox 2127 1774 2180 1818; x_wconf 89' lang='lat' dir='ltr'><strong>et</strong></span> <span class='ocrx_word' id='word_1_219' title='bbox 2205 1764 2255 1817; x_wconf 91' lang='lat' dir='ltr'><strong>in</strong></span> <span class='ocrx_word' id='word_1_220' title='bbox 2280 1764 2515 1819; x_wconf 62' lang='lat' dir='ltr'><strong>dextera!</strong></span> <span class='ocrx_word' id='word_1_221' title='bbox 2542 1777 2643 1822; x_wconf 73' lang='lat' dir='ltr'><strong>tua:</strong></span> <span class='ocrx_word' id='word_1_222' title='bbox 2668 1781 2872 1838; x_wconf 90' lang='lat' dir='ltr'><strong>partem</strong></span> <span class='ocrx_word' id='word_1_223' title='bbox 2900 1760 3240 1832; x_wconf 74' lang='lat' dir='ltr'><strong>coronandus</strong></span> <span class='ocrx_word' id='word_1_224' title='bbox 3269 1780 3497 1837; x_wconf 76' lang='lat' dir='ltr'><strong>statuas.</strong></span> 
     </span>
    </p>
   </div>
   <div class='ocr_carea' id='block_1_32' title="bbox 434 1833 3566 1943">
    <p class='ocr_par' dir='ltr' id='par_1_32' title="bbox 434 1833 3566 1943">
     <span class='ocr_line' id='line_1_32' title="bbox 434 1833 3566 1943; baseline 0.007 -39"><span class='ocrx_word' id='word_1_225' title='bbox 434 1852 789 1924; x_wconf 64' lang='lat' dir='ltr'><strong>virginitétetn</strong></span> <span class='ocrx_word' id='word_1_226' title='bbox 837 1854 1030 1908; x_wconf 88' lang='lat' dir='ltr'><strong>mentis</strong></span> <span class='ocrx_word' id='word_1_227' title='bbox 1080 1833 1428 1910; x_wconf 77' lang='lat' dir='ltr'><strong>obtineamus</strong></span> <span class='ocrx_word' id='word_1_228' title='bbox 1466 1857 1637 1912; x_wconf 71' lang='lat' dir='ltr'><strong>illmsi.</strong></span> <span class='ocrx_word' id='word_1_229' title='bbox 1690 1857 2020 1929; x_wconf 76' lang='lat' dir='ltr'><strong>Respondeat</strong></span> <span class='ocrx_word' id='word_1_230' title='bbox 2058 1833 2101 1893; x_wconf 72' lang='grc' dir='ltr'><strong>Β</strong></span> <span class='ocrx_word' id='word_1_231' title='bbox 2200 1854 2359 1911; x_wconf 75' lang='lat' dir='ltr'><strong>Pater</strong></span> <span class='ocrx_word' id='word_1_232' title='bbox 2389 1870 2595 1915; x_wconf 83' lang='lat' dir='ltr'><strong>uoster.</strong></span> <span class='ocrx_word' id='word_1_233' title='bbox 2623 1833 2861 1919; x_wconf 74' lang='lat' dir='ltr'><strong>Liberali</strong></span> <span class='ocrx_word' id='word_1_234' title='bbox 2887 1865 2917 1919; x_wconf 72' lang='lat' dir='ltr'><strong>it</strong></span> <span class='ocrx_word' id='word_1_235' title='bbox 2949 1868 3111 1935; x_wconf 86' lang='lat' dir='ltr'><strong>malo,</strong></span> <span class='ocrx_word' id='word_1_236' title='bbox 3149 1868 3373 1941; x_wconf 71' lang='lat' dir='ltr'><strong>Require</strong></span> 
     </span>
    </p>
   </div>
   <div class='ocr_carea' id='block_1_33' title="bbox 437 1941 873 1997">
    <p class='ocr_par' dir='ltr' id='par_1_33' title="bbox 437 1941 873 1997">
     <span class='ocr_line' id='line_1_33' title="bbox 437 1941 873 1997; baseline 0 -1"><span class='ocrx_word' id='word_1_237' title='bbox 437 1941 657 1997; x_wconf 79' lang='lat' dir='ltr'><strong>Chorus.</strong></span> <span class='ocrx_word' id='word_1_238' title='bbox 682 1943 873 1996; x_wconf 82' lang='lat' dir='ltr'><strong>Amen.</strong></span> 
     </span>
    </p>
   </div>
   <div class='ocr_carea' id='block_1_34' title="bbox 502 2032 1447 2101">
    <p class='ocr_par' dir='ltr' id='par_1_34' title="bbox 502 2032 1447 2101">
     <span class='ocr_line' id='line_1_34' title="bbox 502 2032 1447 2101; baseline 0.002 -14"><span class='ocrx_word' id='word_1_239' title='bbox 502 2032 607 2090; x_wconf 86' lang='lat' dir='ltr'><strong>Per</strong></span> <span class='ocrx_word' id='word_1_240' title='bbox 635 2032 1061 2089; x_wconf 89' lang='lat' dir='ltr'><strong>misericordiam</strong></span> <span class='ocrx_word' id='word_1_241' title='bbox 1092 2042 1258 2101; x_wconf 90' lang='lat' dir='ltr'><strong>tuam,</strong></span> <span class='ocrx_word' id='word_1_242' title='bbox 1286 2034 1447 2091; x_wconf 86' lang='lat' dir='ltr'><strong>Deus.</strong></span> 
     </span>
    </p>
   </div>
   <div class='ocr_carea' id='block_1_35' title="bbox 1051 2146 1441 2204">
    <p class='ocr_par' dir='ltr' id='par_1_35' title="bbox 1051 2146 1441 2204">
     <span class='ocr_line' id='line_1_35' title="bbox 1051 2146 1441 2204; baseline 0.01 -4"><span class='ocrx_word' id='word_1_243' title='bbox 1051 2146 1118 2201; x_wconf 84' lang='lat' dir='ltr'><strong>In</strong></span> <span class='ocrx_word' id='word_1_244' title='bbox 1155 2147 1441 2204; x_wconf 80' lang='lat' dir='ltr'><strong>Laudibus.</strong></span> 
     </span>
    </p>
   </div>
   <div class='ocr_carea' id='block_1_36' title="bbox 503 2260 2009 2331">
    <p class='ocr_par' dir='ltr' id='par_1_36' title="bbox 503 2260 2009 2331">
     <span class='ocr_line' id='line_1_36' title="bbox 503 2260 2009 2331; baseline 0.005 -16"><span class='ocrx_word' id='word_1_245' title='bbox 503 2260 583 2316; x_wconf 76' lang='lat' dir='ltr'><strong>Ad</strong></span> <span class='ocrx_word' id='word_1_246' title='bbox 613 2260 901 2315; x_wconf 77' lang='lat' dir='ltr'><strong>Cdnticum.</strong></span> <span class='ocrx_word' id='word_1_247' title='bbox 938 2261 1249 2331; x_wconf 81' lang='lat' dir='ltr'><strong>Antiphona.</strong></span> <span class='ocrx_word' id='word_1_248' title='bbox 1304 2264 1443 2319; x_wconf 86' lang='lat' dir='ltr'><strong>Deus</strong></span> <span class='ocrx_word' id='word_1_249' title='bbox 1490 2264 1519 2319; x_wconf 70' lang='lat' dir='ltr'><strong>s</strong></span> <span class='ocrx_word' id='word_1_250' title='bbox 1554 2265 1755 2321; x_wconf 81' lang='lat' dir='ltr'><strong>Libano</strong></span> <span class='ocrx_word' id='word_1_251' title='bbox 1810 2268 2009 2324; x_wconf 77' lang='lat' dir='ltr'><strong>veniet.</strong></span> 
     </span>
    </p>
   </div>
   <div class='ocr_carea' id='block_1_37' title="bbox 429 2351 1939 2427">
    <p class='ocr_par' dir='ltr' id='par_1_37' title="bbox 429 2351 1939 2427">
     <span class='ocr_line' id='line_1_37' title="bbox 429 2351 1939 2427; baseline 0.003 -18"><span class='ocrx_word' id='word_1_252' title='bbox 429 2351 720 2410; x_wconf 79' lang='lat' dir='ltr'><strong>Cdnticum.</strong></span> <span class='ocrx_word' id='word_1_253' title='bbox 756 2354 981 2410; x_wconf 89' lang='lat' dir='ltr'><strong>Domine</strong></span> <span class='ocrx_word' id='word_1_254' title='bbox 1004 2356 1454 2411; x_wconf 85' lang='lat' dir='ltr'><strong>audiviaudltum.</strong></span> <span class='ocrx_word' id='word_1_255' title='bbox 1488 2357 1706 2427; x_wconf 74' lang='lat' dir='ltr'><strong>nequire</strong></span> <span class='ocrx_word' id='word_1_256' title='bbox 1724 2360 1821 2427; x_wconf 72' lang='lat' dir='ltr'><strong>fol.</strong></span> <span class='ocrx_word' id='word_1_257' title='bbox 1849 2361 1939 2415; x_wconf 71' lang='lat'><strong>2:2.</strong></span> 
     </span>
    </p>
   </div>
   <div class='ocr_carea' id='block_1_38' title="bbox 501 2444 2007 2516">
    <p class='ocr_par' dir='ltr' id='par_1_38' title="bbox 501 2444 2007 2516">
     <span class='ocr_line' id='line_1_38' title="bbox 501 2444 2007 2516; baseline 0.005 -16"><span class='ocrx_word' id='word_1_258' title='bbox 501 2445 584 2500; x_wconf 78' lang='lat' dir='ltr'><strong>Ad</strong></span> <span class='ocrx_word' id='word_1_259' title='bbox 613 2444 941 2501; x_wconf 75' lang='lat' dir='ltr'><strong>Benedictus.</strong></span> <span class='ocrx_word' id='word_1_260' title='bbox 1002 2447 1317 2516; x_wconf 83' lang='lat' dir='ltr'><strong>Antiphona.</strong></span> <span class='ocrx_word' id='word_1_261' title='bbox 1366 2449 1690 2505; x_wconf 84' lang='lat' dir='ltr'><strong>Benedictus</strong></span> <span class='ocrx_word' id='word_1_262' title='bbox 1719 2465 1798 2516; x_wconf 86' lang='lat' dir='ltr'><strong>es,</strong></span> <span class='ocrx_word' id='word_1_263' title='bbox 1848 2451 2007 2508; x_wconf 84' lang='lat' dir='ltr'><strong>Deus.</strong></span> 
     </span>
    </p>
   </div>
   <div class='ocr_carea' id='block_1_39' title="bbox 432 2534 2012 2600">
    <p class='ocr_par' dir='ltr' id='par_1_39' title="bbox 432 2534 2012 2600">
     <span class='ocr_line' id='line_1_39' title="bbox 432 2534 2012 2600; baseline 0.008 -12"><span class='ocrx_word' id='word_1_264' title='bbox 432 2534 501 2589; x_wconf 87' lang='grc' dir='ltr'><strong>Ρ.</strong></span> <span class='ocrx_word' id='word_1_265' title='bbox 529 2536 835 2593; x_wconf 84' lang='lat' dir='ltr'><strong>Benedicite</strong></span> <span class='ocrx_word' id='word_1_266' title='bbox 856 2537 1161 2593; x_wconf 90' lang='lat' dir='ltr'><strong>Dominum.</strong></span> <span class='ocrx_word' id='word_1_267' title='bbox 1190 2537 1455 2594; x_wconf 81' lang='lat' dir='ltr'><strong>Cdnticum</strong></span> <span class='ocrx_word' id='word_1_268' title='bbox 1493 2539 1720 2595; x_wconf 70' lang='lat' dir='ltr'><strong>Dam&#39;élis</strong></span> <span class='ocrx_word' id='word_1_269' title='bbox 1746 2558 1822 2597; x_wconf 86' lang='grc' dir='ltr'><strong>ιιι.</strong></span> <span class='ocrx_word' id='word_1_270' title='bbox 1846 2542 2012 2600; x_wconf 85' lang='lat' dir='ltr'><strong>Dene-</strong></span> 
     </span>
    </p>
   </div>
   <div class='ocr_carea' id='block_1_40' title="bbox 428 2628 2013 2707">
    <p class='ocr_par' dir='ltr' id='par_1_40' title="bbox 428 2628 2013 2707">
     <span class='ocr_line' id='line_1_40' title="bbox 428 2628 2013 2707; baseline 0.005 -24"><span class='ocrx_word' id='word_1_271' title='bbox 428 2628 602 2685; x_wconf 87' lang='lat' dir='ltr'><strong>dictus</strong></span> <span class='ocrx_word' id='word_1_272' title='bbox 624 2645 704 2693; x_wconf 88' lang='lat' dir='ltr'><strong>es,</strong></span> <span class='ocrx_word' id='word_1_273' title='bbox 744 2628 968 2683; x_wconf 90' lang='lat' dir='ltr'><strong>Domine</strong></span> <span class='ocrx_word' id='word_1_274' title='bbox 1000 2628 1139 2684; x_wconf 90' lang='lat' dir='ltr'><strong>Deus</strong></span> <span class='ocrx_word' id='word_1_275' title='bbox 1170 2638 1379 2699; x_wconf 81' lang='lat' dir='ltr'><strong>patrum</strong></span> <span class='ocrx_word' id='word_1_276' title='bbox 1412 2632 1737 2690; x_wconf 78' lang='lat' dir='ltr'><strong>nostrdrum.</strong></span> <span class='ocrx_word' id='word_1_277' title='bbox 1791 2636 2013 2707; x_wconf 79' lang='lat' dir='ltr'><strong>Require</strong></span> 
     </span>
    </p>
   </div>
   <div class='ocr_carea' id='block_1_41' title="bbox 431 2715 2005 2801">
    <p class='ocr_par' dir='ltr' id='par_1_41' title="bbox 431 2715 2005 2801">
     <span class='ocr_line' id='line_1_41' title="bbox 431 2715 2005 2801; baseline 0.008 -28"><span class='ocrx_word' id='word_1_278' title='bbox 431 2718 526 2790; x_wconf 81' lang='lat' dir='ltr'><strong>fol.</strong></span> <span class='ocrx_word' id='word_1_279' title='bbox 546 2719 597 2776; x_wconf 90' lang='lat'><strong>6.</strong></span> <span class='ocrx_word' id='word_1_280' title='bbox 624 2715 787 2776; x_wconf 83' lang='lat' dir='ltr'><strong>Sana.</strong></span> <span class='ocrx_word' id='word_1_281' title='bbox 814 2721 1106 2790; x_wconf 74' lang='lat' dir='ltr'><strong>Apparebit</strong></span> <span class='ocrx_word' id='word_1_282' title='bbox 1163 2724 1315 2778; x_wconf 92' lang='lat' dir='ltr'><strong>nobis</strong></span> <span class='ocrx_word' id='word_1_283' title='bbox 1366 2725 1638 2782; x_wconf 73' lang='lat' dir='ltr'><strong>Sztlvlltor.</strong></span> <span class='ocrx_word' id='word_1_284' title='bbox 1668 2726 1888 2798; x_wconf 77' lang='lat' dir='ltr'><strong>Require</strong></span> <span class='ocrx_word' id='word_1_285' title='bbox 1910 2732 2005 2801; x_wconf 74' lang='lat' dir='ltr'><strong>fol.</strong></span> 
     </span>
    </p>
   </div>
   <div class='ocr_carea' id='block_1_42' title="bbox 429 2805 2000 2880">
    <p class='ocr_par' dir='ltr' id='par_1_42' title="bbox 429 2805 2000 2880">
     <span class='ocr_line' id='line_1_42' title="bbox 429 2805 2000 2880; baseline 0.012 -19"><span class='ocrx_word' id='word_1_286' title='bbox 429 2805 517 2863; x_wconf 74' lang='lat'><strong>32.</strong></span> <span class='ocrx_word' id='word_1_287' title='bbox 547 2807 747 2865; x_wconf 87' lang='lat' dir='ltr'><strong>Lauda.</strong></span> <span class='ocrx_word' id='word_1_288' title='bbox 790 2810 1024 2868; x_wconf 74' lang='lat' dir='ltr'><strong>Laudato</strong></span> <span class='ocrx_word' id='word_1_289' title='bbox 1055 2811 1339 2869; x_wconf 86' lang='lat' dir='ltr'><strong>Dominum</strong></span> <span class='ocrx_word' id='word_1_290' title='bbox 1388 2818 1456 2871; x_wconf 86' lang='lat' dir='ltr'><strong>de</strong></span> <span class='ocrx_word' id='word_1_291' title='bbox 1508 2818 1707 2876; x_wconf 59' lang='lat' dir='ltr'><strong>caelis:</strong></span> <span class='ocrx_word' id='word_1_292' title='bbox 1763 2822 2000 2880; x_wconf 84' lang='lat' dir='ltr'><strong>allelt&#39;tia.</strong></span> 
     </span>
    </p>
   </div>
   <div class='ocr_carea' id='block_1_43' title="bbox 428 2900 1400 2971">
    <p class='ocr_par' dir='ltr' id='par_1_43' title="bbox 428 2900 1400 2971">
     <span class='ocr_line' id='line_1_43' title="bbox 428 2900 1400 2971; baseline 0.006 -15"><span class='ocrx_word' id='word_1_293' title='bbox 428 2900 644 2971; x_wconf 75' lang='lat' dir='ltr'><strong>chulre</strong></span> <span class='ocrx_word' id='word_1_294' title='bbox 670 2904 765 2971; x_wconf 80' lang='grc' dir='ltr'><strong>[οι.</strong></span> <span class='ocrx_word' id='word_1_295' title='bbox 790 2902 882 2960; x_wconf 71' lang='grc'><strong>23.</strong></span> <span class='ocrx_word' id='word_1_296' title='bbox 917 2902 1157 2959; x_wconf 76' lang='lat' dir='ltr'><strong>Psalmus</strong></span> <span class='ocrx_word' id='word_1_297' title='bbox 1182 2922 1400 2962; x_wconf 79' lang='lat' dir='ltr'><strong>cxu&#39;ttt.</strong></span> 
     </span>
    </p>
   </div>
   <div class='ocr_carea' id='block_1_44' title="bbox 606 3017 1810 3099">
    <p class='ocr_par' dir='ltr' id='par_1_44' title="bbox 606 3017 1810 3099">
     <span class='ocr_line' id='line_1_44' title="bbox 606 3017 1810 3099; baseline 0.011 -29"><span class='ocrx_word' id='word_1_298' title='bbox 606 3017 781 3072; x_wconf 83' lang='lat' dir='ltr'><strong>Lectio</strong></span> <span class='ocrx_word' id='word_1_299' title='bbox 808 3018 923 3073; x_wconf 80' lang='lat' dir='ltr'><strong>libri</strong></span> <span class='ocrx_word' id='word_1_300' title='bbox 954 3018 1171 3075; x_wconf 76' lang='lat' dir='ltr'><strong>Micltéaz</strong></span> <span class='ocrx_word' id='word_1_301' title='bbox 1212 3020 1487 3092; x_wconf 75' lang='lat' dir='ltr'><strong>Prophéta:</strong></span> <span class='ocrx_word' id='word_1_302' title='bbox 1528 3023 1676 3097; x_wconf 83' lang='lat' dir='ltr'><strong>(Cap.</strong></span> <span class='ocrx_word' id='word_1_303' title='bbox 1706 3028 1810 3099; x_wconf 88' lang='lat' dir='ltr'><strong>tv).</strong></span> 
     </span>
    </p>
   </div>
   <div class='ocr_carea' id='block_1_45' title="bbox 510 3130 971 3202">
    <p class='ocr_par' dir='ltr' id='par_1_45' title="bbox 510 3130 971 3202">
     <span class='ocr_line' id='line_1_45' title="bbox 510 3130 971 3202; baseline 0.011 -18"><span class='ocrx_word' id='word_1_304' title='bbox 510 3130 548 3199; x_wconf 63' lang='grc' dir='ltr'><strong><em>ἢ</em></strong></span> <span class='ocrx_word' id='word_1_305' title='bbox 569 3169 583 3185; x_wconf 94' lang='grc'><strong>.</strong></span> <span class='ocrx_word' id='word_1_306' title='bbox 614 3131 726 3187; x_wconf 89' lang='lat' dir='ltr'><strong>Deo</strong></span> <span class='ocrx_word' id='word_1_307' title='bbox 755 3133 971 3202; x_wconf 72' lang='lat' dir='ltr'><strong>gratias.</strong></span> 
     </span>
    </p>
   </div>
   <div class='ocr_carea' id='block_1_46' title="bbox 494 3221 1999 3291">
    <p class='ocr_par' dir='ltr' id='par_1_46' title="bbox 494 3221 1999 3291">
     <span class='ocr_line' id='line_1_46' title="bbox 494 3221 1999 3291; baseline 0.01 -16"><span class='ocrx_word' id='word_1_308' title='bbox 494 3221 609 3276; x_wconf 83' lang='lat' dir='ltr'><strong>Erit</strong></span> <span class='ocrx_word' id='word_1_309' title='bbox 632 3222 686 3276; x_wconf 88' lang='lat' dir='ltr'><strong>itt</strong></span> <span class='ocrx_word' id='word_1_310' title='bbox 730 3224 1031 3280; x_wconf 81' lang='lat' dir='ltr'><strong>novissimis</strong></span> <span class='ocrx_word' id='word_1_311' title='bbox 1078 3226 1282 3282; x_wconf 78' lang='lat' dir='ltr'><strong>dierum</strong></span> <span class='ocrx_word' id='word_1_312' title='bbox 1338 3243 1492 3284; x_wconf 92' lang='lat' dir='ltr'><strong>mons</strong></span> <span class='ocrx_word' id='word_1_313' title='bbox 1538 3229 1733 3287; x_wconf 88' lang='lat' dir='ltr'><strong>domus</strong></span> <span class='ocrx_word' id='word_1_314' title='bbox 1784 3232 1999 3291; x_wconf 78' lang='lat' dir='ltr'><strong>Domini</strong></span> 
     </span>
    </p>
   </div>
   <div class='ocr_carea' id='block_1_47' title="bbox 420 3316 2001 3394">
    <p class='ocr_par' dir='ltr' id='par_1_47' title="bbox 420 3316 2001 3394">
     <span class='ocr_line' id='line_1_47' title="bbox 420 3316 2001 3394; baseline 0.014 -29"><span class='ocrx_word' id='word_1_315' title='bbox 420 3316 749 3383; x_wconf 62' lang='lat' dir='ltr'><strong>praeparatus</strong></span> <span class='ocrx_word' id='word_1_316' title='bbox 778 3316 830 3371; x_wconf 94' lang='lat' dir='ltr'><strong>in</strong></span> <span class='ocrx_word' id='word_1_317' title='bbox 883 3318 1135 3374; x_wconf 87' lang='lat' dir='ltr'><strong>vérticem</strong></span> <span class='ocrx_word' id='word_1_318' title='bbox 1184 3320 1447 3379; x_wconf 91' lang='lat' dir='ltr'><strong>montium</strong></span> <span class='ocrx_word' id='word_1_319' title='bbox 1502 3339 1666 3394; x_wconf 89' lang='lat' dir='ltr'><strong>super</strong></span> <span class='ocrx_word' id='word_1_320' title='bbox 1722 3329 2001 3387; x_wconf 88' lang='lat' dir='ltr'><strong>colles:et</strong></span> 
     </span>
    </p>
   </div>
   <div class='ocr_carea' id='block_1_48' title="bbox 418 3408 1997 3488">
    <p class='ocr_par' dir='ltr' id='par_1_48' title="bbox 418 3408 1997 3488">
     <span class='ocr_line' id='line_1_48' title="bbox 418 3408 1997 3488; baseline 0.008 -24"><span class='ocrx_word' id='word_1_321' title='bbox 418 3409 585 3464; x_wconf 82' lang='lat' dir='ltr'><strong>ﬂuent</strong></span> <span class='ocrx_word' id='word_1_322' title='bbox 612 3408 678 3463; x_wconf 87' lang='lat' dir='ltr'><strong>ad</strong></span> <span class='ocrx_word' id='word_1_323' title='bbox 707 3423 828 3463; x_wconf 89' lang='lat' dir='ltr'><strong>eum</strong></span> <span class='ocrx_word' id='word_1_324' title='bbox 856 3409 1055 3479; x_wconf 90' lang='lat' dir='ltr'><strong>populi.</strong></span> <span class='ocrx_word' id='word_1_325' title='bbox 1088 3412 1153 3465; x_wconf 87' lang='lat' dir='ltr'><strong>Et</strong></span> <span class='ocrx_word' id='word_1_326' title='bbox 1176 3415 1569 3482; x_wconf 77' lang='lat' dir='ltr'><strong>prophetaount</strong></span> <span class='ocrx_word' id='word_1_327' title='bbox 1589 3427 1775 3487; x_wconf 80' lang='lat' dir='ltr'><strong>gentes</strong></span> <span class='ocrx_word' id='word_1_328' title='bbox 1794 3422 1997 3488; x_wconf 58' lang='lat' dir='ltr'><strong>multae,</strong></span> 
     </span>
    </p>
   </div>
   <div class='ocr_carea' id='block_1_49' title="bbox 416 3495 1994 3577">
    <p class='ocr_par' dir='ltr' id='par_1_49' title="bbox 416 3495 1994 3577">
     <span class='ocr_line' id='line_1_49' title="bbox 416 3495 1994 3577; baseline 0.007 -24"><span class='ocrx_word' id='word_1_329' title='bbox 416 3505 475 3553; x_wconf 85' lang='lat' dir='ltr'><strong>et</strong></span> <span class='ocrx_word' id='word_1_330' title='bbox 494 3497 711 3551; x_wconf 87' lang='lat' dir='ltr'><strong>dicent:</strong></span> <span class='ocrx_word' id='word_1_331' title='bbox 751 3495 957 3563; x_wconf 82' lang='lat' dir='ltr'><strong>Venite,</strong></span> <span class='ocrx_word' id='word_1_332' title='bbox 990 3500 1340 3556; x_wconf 74' lang='lat' dir='ltr'><strong>ascendamus</strong></span> <span class='ocrx_word' id='word_1_333' title='bbox 1383 3502 1450 3556; x_wconf 88' lang='lat' dir='ltr'><strong>ad</strong></span> <span class='ocrx_word' id='word_1_334' title='bbox 1502 3517 1735 3560; x_wconf 88' lang='lat' dir='ltr'><strong>montem</strong></span> <span class='ocrx_word' id='word_1_335' title='bbox 1766 3508 1994 3577; x_wconf 89' lang='lat' dir='ltr'><strong>Domini,</strong></span> 
     </span>
    </p>
   </div>
   <div class='ocr_carea' id='block_1_50' title="bbox 416 3587 1996 3669">
    <p class='ocr_par' dir='ltr' id='par_1_50' title="bbox 416 3587 1996 3669">
     <span class='ocr_line' id='line_1_50' title="bbox 416 3587 1996 3669; baseline 0.008 -26"><span class='ocrx_word' id='word_1_336' title='bbox 416 3596 472 3643; x_wconf 85' lang='lat' dir='ltr'><strong>et</strong></span> <span class='ocrx_word' id='word_1_337' title='bbox 494 3587 560 3642; x_wconf 88' lang='lat' dir='ltr'><strong>ad</strong></span> <span class='ocrx_word' id='word_1_338' title='bbox 589 3588 805 3641; x_wconf 84' lang='lat' dir='ltr'><strong>domum</strong></span> <span class='ocrx_word' id='word_1_339' title='bbox 838 3587 931 3642; x_wconf 89' lang='lat' dir='ltr'><strong>Dei</strong></span> <span class='ocrx_word' id='word_1_340' title='bbox 964 3588 1128 3645; x_wconf 84' lang='lat' dir='ltr'><strong>Jacob</strong></span> <span class='ocrx_word' id='word_1_341' title='bbox 1158 3608 1171 3644; x_wconf 92' lang='lat'><strong>:</strong></span> <span class='ocrx_word' id='word_1_342' title='bbox 1203 3603 1255 3646; x_wconf 90' lang='lat' dir='ltr'><strong>et</strong></span> <span class='ocrx_word' id='word_1_343' title='bbox 1276 3592 1491 3648; x_wconf 76' lang='lat' dir='ltr'><strong>docebit</strong></span> <span class='ocrx_word' id='word_1_344' title='bbox 1518 3610 1614 3650; x_wconf 87' lang='lat' dir='ltr'><strong>nos</strong></span> <span class='ocrx_word' id='word_1_345' title='bbox 1645 3598 1711 3651; x_wconf 94' lang='lat' dir='ltr'><strong>de</strong></span> <span class='ocrx_word' id='word_1_346' title='bbox 1736 3600 1834 3652; x_wconf 88' lang='lat' dir='ltr'><strong>viis</strong></span> <span class='ocrx_word' id='word_1_347' title='bbox 1864 3601 1996 3669; x_wconf 89' lang='lat' dir='ltr'><strong>suis,</strong></span> 
     </span>
    </p>
   </div>
   <div class='ocr_carea' id='block_1_51' title="bbox 415 3679 1999 3762">
    <p class='ocr_par' dir='ltr' id='par_1_51' title="bbox 415 3679 1999 3762">
     <span class='ocr_line' id='line_1_51' title="bbox 415 3679 1999 3762; baseline 0.009 -27"><span class='ocrx_word' id='word_1_348' title='bbox 415 3687 470 3735; x_wconf 84' lang='lat' dir='ltr'><strong>et</strong></span> <span class='ocrx_word' id='word_1_349' title='bbox 496 3679 695 3736; x_wconf 88' lang='lat' dir='ltr'><strong>ibimus</strong></span> <span class='ocrx_word' id='word_1_350' title='bbox 728 3679 781 3734; x_wconf 91' lang='lat' dir='ltr'><strong>in</strong></span> <span class='ocrx_word' id='word_1_351' title='bbox 806 3680 1014 3735; x_wconf 80' lang='lat' dir='ltr'><strong>semitis</strong></span> <span class='ocrx_word' id='word_1_352' title='bbox 1043 3681 1159 3751; x_wconf 89' lang='lat' dir='ltr'><strong>ejus</strong></span> <span class='ocrx_word' id='word_1_353' title='bbox 1194 3699 1207 3735; x_wconf 91' lang='lat'><strong>:</strong></span> <span class='ocrx_word' id='word_1_354' title='bbox 1262 3685 1385 3755; x_wconf 87' lang='lat' dir='ltr'><strong>quia</strong></span> <span class='ocrx_word' id='word_1_355' title='bbox 1410 3686 1479 3741; x_wconf 85' lang='lat' dir='ltr'><strong>de</strong></span> <span class='ocrx_word' id='word_1_356' title='bbox 1509 3687 1641 3745; x_wconf 88' lang='lat' dir='ltr'><strong>Sion</strong></span> <span class='ocrx_word' id='word_1_357' title='bbox 1694 3693 1999 3762; x_wconf 79' lang='lat' dir='ltr'><strong>egredietur</strong></span> 
     </span>
    </p>
   </div>
   <div class='ocr_carea' id='block_1_52' title="bbox 415 3772 1998 3855">
    <p class='ocr_par' dir='ltr' id='par_1_52' title="bbox 415 3772 1998 3855">
     <span class='ocr_line' id='line_1_52' title="bbox 415 3772 1998 3855; baseline 0.01 -28"><span class='ocrx_word' id='word_1_358' title='bbox 415 3772 526 3839; x_wconf 82' lang='lat' dir='ltr'><strong>lex,</strong></span> <span class='ocrx_word' id='word_1_359' title='bbox 556 3783 611 3828; x_wconf 90' lang='lat' dir='ltr'><strong>et</strong></span> <span class='ocrx_word' id='word_1_360' title='bbox 638 3774 861 3827; x_wconf 83' lang='lat' dir='ltr'><strong>verbum</strong></span> <span class='ocrx_word' id='word_1_361' title='bbox 898 3774 1106 3829; x_wconf 78' lang='lat' dir='ltr'><strong>Domini</strong></span> <span class='ocrx_word' id='word_1_362' title='bbox 1136 3776 1205 3831; x_wconf 92' lang='lat' dir='ltr'><strong>de</strong></span> <span class='ocrx_word' id='word_1_363' title='bbox 1235 3778 1595 3836; x_wconf 82' lang='lat' dir='ltr'><strong>Hierusalem.</strong></span> <span class='ocrx_word' id='word_1_364' title='bbox 1649 3783 1715 3839; x_wconf 85' lang='lat' dir='ltr'><strong>Et</strong></span> <span class='ocrx_word' id='word_1_365' title='bbox 1738 3784 1998 3855; x_wconf 61' lang='lat' dir='ltr'><strong>judicébit</strong></span> 
     </span>
    </p>
   </div>
   <div class='ocr_carea' id='block_1_53' title="bbox 415 3865 1996 3949">
    <p class='ocr_par' dir='ltr' id='par_1_53' title="bbox 415 3865 1996 3949">
     <span class='ocr_line' id='line_1_53' title="bbox 415 3865 1996 3949; baseline 0.01 -31"><span class='ocrx_word' id='word_1_366' title='bbox 415 3865 554 3920; x_wconf 85' lang='lat' dir='ltr'><strong>inter</strong></span> <span class='ocrx_word' id='word_1_367' title='bbox 583 3865 806 3934; x_wconf 83' lang='lat' dir='ltr'><strong>populos</strong></span> <span class='ocrx_word' id='word_1_368' title='bbox 832 3868 1047 3933; x_wconf 82' lang='lat' dir='ltr'><strong>multos,</strong></span> <span class='ocrx_word' id='word_1_369' title='bbox 1078 3878 1129 3922; x_wconf 90' lang='lat' dir='ltr'><strong>et</strong></span> <span class='ocrx_word' id='word_1_370' title='bbox 1157 3869 1415 3939; x_wconf 88' lang='lat' dir='ltr'><strong>corripiet</strong></span> <span class='ocrx_word' id='word_1_371' title='bbox 1442 3882 1627 3941; x_wconf 80' lang='lat' dir='ltr'><strong>gentes</strong></span> <span class='ocrx_word' id='word_1_372' title='bbox 1641 3874 1803 3932; x_wconf 75' lang='lat' dir='ltr'><strong>fortes</strong></span> <span class='ocrx_word' id='word_1_373' title='bbox 1829 3894 1996 3949; x_wconf 84' lang='lat' dir='ltr'><strong>usque</strong></span> 
     </span>
    </p>
   </div>
   <div class='ocr_carea' id='block_1_54' title="bbox 414 3957 1998 4033">
    <p class='ocr_par' dir='ltr' id='par_1_54' title="bbox 414 3957 1998 4033">
     <span class='ocr_line' id='line_1_54' title="bbox 414 3957 1998 4033; baseline 0.001 -21"><span class='ocrx_word' id='word_1_374' title='bbox 414 3958 468 4013; x_wconf 91' lang='lat' dir='ltr'><strong>in</strong></span> <span class='ocrx_word' id='word_1_375' title='bbox 498 3957 873 4028; x_wconf 78' lang='lat' dir='ltr'><strong>longinquum:</strong></span> <span class='ocrx_word' id='word_1_376' title='bbox 906 3968 957 4014; x_wconf 91' lang='lat' dir='ltr'><strong>et</strong></span> <span class='ocrx_word' id='word_1_377' title='bbox 986 3961 1269 4016; x_wconf 89' lang='lat' dir='ltr'><strong>concldent</strong></span> <span class='ocrx_word' id='word_1_378' title='bbox 1319 3963 1528 4033; x_wconf 75' lang='lat' dir='ltr'><strong>gladios</strong></span> <span class='ocrx_word' id='word_1_379' title='bbox 1555 3981 1680 4022; x_wconf 90' lang='lat' dir='ltr'><strong>suos</strong></span> <span class='ocrx_word' id='word_1_380' title='bbox 1719 3968 1771 4023; x_wconf 89' lang='lat' dir='ltr'><strong>in</strong></span> <span class='ocrx_word' id='word_1_381' title='bbox 1812 3970 1998 4027; x_wconf 84' lang='lat' dir='ltr'><strong>vome-</strong></span> 
     </span>
    </p>
   </div>
   <div class='ocr_carea' id='block_1_55' title="bbox 411 4049 1994 4132">
    <p class='ocr_par' dir='ltr' id='par_1_55' title="bbox 411 4049 1994 4132">
     <span class='ocr_line' id='line_1_55' title="bbox 411 4049 1994 4132; baseline 0.009 -28"><span class='ocrx_word' id='word_1_382' title='bbox 411 4064 526 4115; x_wconf 88' lang='lat' dir='ltr'><strong>res,</strong></span> <span class='ocrx_word' id='word_1_383' title='bbox 570 4058 624 4104; x_wconf 86' lang='lat' dir='ltr'><strong>et</strong></span> <span class='ocrx_word' id='word_1_384' title='bbox 664 4049 845 4104; x_wconf 86' lang='lat' dir='ltr'><strong>hastas</strong></span> <span class='ocrx_word' id='word_1_385' title='bbox 904 4064 1029 4105; x_wconf 89' lang='lat' dir='ltr'><strong>suas</strong></span> <span class='ocrx_word' id='word_1_386' title='bbox 1075 4050 1132 4105; x_wconf 89' lang='lat' dir='ltr'><strong>in</strong></span> <span class='ocrx_word' id='word_1_387' title='bbox 1189 4052 1441 4121; x_wconf 78' lang='lat' dir='ltr'><strong>ligones:</strong></span> <span class='ocrx_word' id='word_1_388' title='bbox 1482 4070 1588 4110; x_wconf 91' lang='lat' dir='ltr'><strong>non</strong></span> <span class='ocrx_word' id='word_1_389' title='bbox 1636 4070 1810 4115; x_wconf 88' lang='lat' dir='ltr'><strong>sumet</strong></span> <span class='ocrx_word' id='word_1_390' title='bbox 1860 4076 1994 4132; x_wconf 77' lang='lat' dir='ltr'><strong>gens</strong></span> 
     </span>
    </p>
   </div>
   <div class='ocr_carea' id='block_1_56' title="bbox 410 4142 1997 4227">
    <p class='ocr_par' dir='ltr' id='par_1_56' title="bbox 410 4142 1997 4227">
     <span class='ocr_line' id='line_1_56' title="bbox 410 4142 1997 4227; baseline 0.01 -30"><span class='ocrx_word' id='word_1_391' title='bbox 410 4152 597 4198; x_wconf 88' lang='lat' dir='ltr'><strong>contra</strong></span> <span class='ocrx_word' id='word_1_392' title='bbox 628 4154 839 4212; x_wconf 78' lang='lat' dir='ltr'><strong>gentem</strong></span> <span class='ocrx_word' id='word_1_393' title='bbox 871 4142 1108 4213; x_wconf 78' lang='lat' dir='ltr'><strong>gladium</strong></span> <span class='ocrx_word' id='word_1_394' title='bbox 1134 4162 1149 4201; x_wconf 88' lang='lat'><strong>:</strong></span> <span class='ocrx_word' id='word_1_395' title='bbox 1172 4155 1227 4201; x_wconf 90' lang='lat' dir='ltr'><strong>et</strong></span> <span class='ocrx_word' id='word_1_396' title='bbox 1247 4163 1351 4201; x_wconf 91' lang='lat' dir='ltr'><strong>non</strong></span> <span class='ocrx_word' id='word_1_397' title='bbox 1373 4148 1579 4205; x_wconf 86' lang='lat' dir='ltr'><strong>discent</strong></span> <span class='ocrx_word' id='word_1_398' title='bbox 1610 4152 1747 4209; x_wconf 71' lang='lat' dir='ltr'><strong>ultra</strong></span> <span class='ocrx_word' id='word_1_399' title='bbox 1776 4155 1997 4227; x_wconf 73' lang='lat' dir='ltr'><strong>bellige-</strong></span> 
     </span>
    </p>
   </div>
   <div class='ocr_carea' id='block_1_57' title="bbox 412 4234 1993 4309">
    <p class='ocr_par' dir='ltr' id='par_1_57' title="bbox 412 4234 1993 4309">
     <span class='ocr_line' id='line_1_57' title="bbox 412 4234 1993 4309; baseline 0.009 -19"><span class='ocrx_word' id='word_1_400' title='bbox 412 4235 555 4290; x_wconf 77' lang='lat' dir='ltr'><strong>rllre.</strong></span> <span class='ocrx_word' id='word_1_401' title='bbox 587 4234 652 4290; x_wconf 89' lang='lat' dir='ltr'><strong>Et</strong></span> <span class='ocrx_word' id='word_1_402' title='bbox 677 4235 884 4290; x_wconf 73' lang='lat' dir='ltr'><strong>sedebit</strong></span> <span class='ocrx_word' id='word_1_403' title='bbox 915 4235 995 4290; x_wconf 88' lang='lat' dir='ltr'><strong>vir</strong></span> <span class='ocrx_word' id='word_1_404' title='bbox 1046 4237 1233 4292; x_wconf 89' lang='lat' dir='ltr'><strong>subtus</strong></span> <span class='ocrx_word' id='word_1_405' title='bbox 1262 4238 1471 4295; x_wconf 85' lang='lat' dir='ltr'><strong>vineam</strong></span> <span class='ocrx_word' id='word_1_406' title='bbox 1500 4258 1654 4297; x_wconf 87' lang='lat' dir='ltr'><strong>suam</strong></span> <span class='ocrx_word' id='word_1_407' title='bbox 1677 4286 1693 4309; x_wconf 92' lang='lat'><strong>,</strong></span> <span class='ocrx_word' id='word_1_408' title='bbox 1724 4255 1780 4301; x_wconf 92' lang='lat' dir='ltr'><strong>et</strong></span> <span class='ocrx_word' id='word_1_409' title='bbox 1804 4246 1993 4303; x_wconf 89' lang='lat' dir='ltr'><strong>subtus</strong></span> 
     </span>
    </p>
   </div>
   <div class='ocr_carea' id='block_1_58' title="bbox 413 4328 1994 4406">
    <p class='ocr_par' dir='ltr' id='par_1_58' title="bbox 413 4328 1994 4406">
     <span class='ocr_line' id='line_1_58' title="bbox 413 4328 1994 4406; baseline 0.008 -25"><span class='ocrx_word' id='word_1_410' title='bbox 413 4328 572 4390; x_wconf 64' lang='lat' dir='ltr'><strong>limiti</strong></span> <span class='ocrx_word' id='word_1_411' title='bbox 602 4343 774 4395; x_wconf 88' lang='lat' dir='ltr'><strong>suam,</strong></span> <span class='ocrx_word' id='word_1_412' title='bbox 806 4338 861 4383; x_wconf 88' lang='lat' dir='ltr'><strong>et</strong></span> <span class='ocrx_word' id='word_1_413' title='bbox 888 4344 992 4384; x_wconf 89' lang='lat' dir='ltr'><strong>non</strong></span> <span class='ocrx_word' id='word_1_414' title='bbox 1014 4329 1142 4396; x_wconf 88' lang='lat' dir='ltr'><strong>erit,</strong></span> <span class='ocrx_word' id='word_1_415' title='bbox 1170 4332 1259 4401; x_wconf 90' lang='lat' dir='ltr'><strong>qui</strong></span> <span class='ocrx_word' id='word_1_416' title='bbox 1279 4331 1549 4389; x_wconf 76' lang='lat' dir='ltr'><strong>deterreat</strong></span> <span class='ocrx_word' id='word_1_417' title='bbox 1577 4353 1592 4391; x_wconf 88' lang='lat'><strong>:</strong></span> <span class='ocrx_word' id='word_1_418' title='bbox 1640 4337 1760 4406; x_wconf 86' lang='lat' dir='ltr'><strong>quia</strong></span> <span class='ocrx_word' id='word_1_419' title='bbox 1795 4352 1856 4393; x_wconf 90' lang='lat' dir='ltr'><strong>os</strong></span> <span class='ocrx_word' id='word_1_420' title='bbox 1889 4336 1994 4393; x_wconf 86' lang='lat' dir='ltr'><strong>Do-</strong></span> 
     </span>
    </p>
   </div>
   <div class='ocr_carea' id='block_1_59' title="bbox 412 4421 1988 4504">
    <p class='ocr_par' dir='ltr' id='par_1_59' title="bbox 412 4421 1988 4504">
     <span class='ocr_line' id='line_1_59' title="bbox 412 4421 1988 4504; baseline 0.01 -30"><span class='ocrx_word' id='word_1_421' title='bbox 412 4421 541 4475; x_wconf 89' lang='lat' dir='ltr'><strong>mini</strong></span> <span class='ocrx_word' id='word_1_422' title='bbox 572 4422 903 4477; x_wconf 75' lang='lat' dir='ltr'><strong>exercituum</strong></span> <span class='ocrx_word' id='word_1_423' title='bbox 957 4422 1193 4478; x_wconf 75' lang='lat' dir='ltr'><strong>locutum</strong></span> <span class='ocrx_word' id='word_1_424' title='bbox 1252 4434 1354 4480; x_wconf 91' lang='lat' dir='ltr'><strong>est.</strong></span> <span class='ocrx_word' id='word_1_425' title='bbox 1385 4426 1517 4493; x_wconf 83' lang='lat' dir='ltr'><strong>Quia</strong></span> <span class='ocrx_word' id='word_1_426' title='bbox 1566 4428 1756 4486; x_wconf 89' lang='lat' dir='ltr'><strong>omnes</strong></span> <span class='ocrx_word' id='word_1_427' title='bbox 1811 4430 1988 4504; x_wconf 79' lang='lat' dir='ltr'><strong>populi</strong></span> 
     </span>
    </p>
   </div>
   <div class='ocr_carea' id='block_1_60' title="bbox 2195 1946 3715 2037">
    <p class='ocr_par' dir='ltr' id='par_1_60' title="bbox 2195 1946 3715 2037">
     <span class='ocr_line' id='line_1_60' title="bbox 2195 1946 3715 2037; baseline 0.018 -39"><span class='ocrx_word' id='word_1_428' title='bbox 2195 1946 2397 2002; x_wconf 84' lang='lat' dir='ltr'><strong>Lauda.</strong></span> <span class='ocrx_word' id='word_1_429' title='bbox 2428 1950 2695 2008; x_wconf 74' lang='lat' dir='ltr'><strong>Memento</strong></span> <span class='ocrx_word' id='word_1_430' title='bbox 2747 1960 2940 2024; x_wconf 84' lang='lat' dir='ltr'><strong>nostri,</strong></span> <span class='ocrx_word' id='word_1_431' title='bbox 2992 1959 3241 2028; x_wconf 88' lang='lat' dir='ltr'><strong>Domine,</strong></span> <span class='ocrx_word' id='word_1_432' title='bbox 3278 1966 3328 2019; x_wconf 87' lang='lat' dir='ltr'><strong>itt</strong></span> <span class='ocrx_word' id='word_1_433' title='bbox 3375 1965 3715 2037; x_wconf 76' lang='lat' dir='ltr'><strong>beneplacito</strong></span> 
     </span>
    </p>
   </div>
   <div class='ocr_carea' id='block_1_61' title="bbox 2122 2038 3714 2125">
    <p class='ocr_par' dir='ltr' id='par_1_61' title="bbox 2122 2038 3714 2125">
     <span class='ocr_line' id='line_1_61' title="bbox 2122 2038 3714 2125; baseline 0.016 -32"><span class='ocrx_word' id='word_1_434' title='bbox 2122 2038 2302 2112; x_wconf 79' lang='lat' dir='ltr'><strong>populi</strong></span> <span class='ocrx_word' id='word_1_435' title='bbox 2335 2042 2449 2095; x_wconf 86' lang='lat' dir='ltr'><strong>tui-:</strong></span> <span class='ocrx_word' id='word_1_436' title='bbox 2500 2046 2734 2103; x_wconf 83' lang='lat' dir='ltr'><strong>alleluia.</strong></span> <span class='ocrx_word' id='word_1_437' title='bbox 2763 2047 2830 2102; x_wconf 86' lang='grc' dir='ltr'><strong>Ρ.</strong></span> <span class='ocrx_word' id='word_1_438' title='bbox 2867 2049 3031 2107; x_wconf 86' lang='lat' dir='ltr'><strong>Visita</strong></span> <span class='ocrx_word' id='word_1_439' title='bbox 3079 2068 3195 2119; x_wconf 89' lang='lat' dir='ltr'><strong>nos,</strong></span> <span class='ocrx_word' id='word_1_440' title='bbox 3230 2055 3393 2125; x_wconf 82' lang='lat' dir='ltr'><strong>Deus,</strong></span> <span class='ocrx_word' id='word_1_441' title='bbox 3428 2058 3481 2114; x_wconf 88' lang='lat' dir='ltr'><strong>in</strong></span> <span class='ocrx_word' id='word_1_442' title='bbox 3535 2062 3714 2119; x_wconf 76' lang='lat' dir='ltr'><strong>salute</strong></span> 
     </span>
    </p>
   </div>
   <div class='ocr_carea' id='block_1_62' title="bbox 2121 2134 3711 2214">
    <p class='ocr_par' dir='ltr' id='par_1_62' title="bbox 2121 2134 3711 2214">
     <span class='ocr_line' id='line_1_62' title="bbox 2121 2134 3711 2214; baseline 0.015 -28"><span class='ocrx_word' id='word_1_443' title='bbox 2121 2139 2243 2187; x_wconf 87' lang='lat' dir='ltr'><strong>tua:</strong></span> <span class='ocrx_word' id='word_1_444' title='bbox 2278 2134 2782 2205; x_wconf 79' lang='lat' dir='ltr'><strong>alleluia,allelt&#39;tia,</strong></span> <span class='ocrx_word' id='word_1_445' title='bbox 2827 2141 3065 2198; x_wconf 78' lang='lat' dir='ltr'><strong>alleluia.</strong></span> <span class='ocrx_word' id='word_1_446' title='bbox 3114 2146 3187 2214; x_wconf 71' lang='grc' dir='ltr'><strong>Ῡ.</strong></span> <span class='ocrx_word' id='word_1_447' title='bbox 3240 2146 3307 2203; x_wconf 91' lang='lat' dir='ltr'><strong>Ut</strong></span> <span class='ocrx_word' id='word_1_448' title='bbox 3352 2152 3711 2210; x_wconf 64' lang='lat' dir='ltr'><strong>conﬁteantur</strong></span> 
     </span>
    </p>
   </div>
   <div class='ocr_carea' id='block_1_63' title="bbox 2117 2222 3709 2303">
    <p class='ocr_par' dir='ltr' id='par_1_63' title="bbox 2117 2222 3709 2303">
     <span class='ocr_line' id='line_1_63' title="bbox 2117 2222 3709 2303; baseline 0.014 -25"><span class='ocrx_word' id='word_1_449' title='bbox 2117 2222 2321 2280; x_wconf 90' lang='lat' dir='ltr'><strong>nomini</strong></span> <span class='ocrx_word' id='word_1_450' title='bbox 2354 2238 2540 2283; x_wconf 82' lang='lat' dir='ltr'><strong>sancto</strong></span> <span class='ocrx_word' id='word_1_451' title='bbox 2567 2241 2677 2297; x_wconf 92' lang='lat' dir='ltr'><strong>tuo,</strong></span> <span class='ocrx_word' id='word_1_452' title='bbox 2711 2242 2766 2287; x_wconf 87' lang='lat' dir='ltr'><strong>et</strong></span> <span class='ocrx_word' id='word_1_453' title='bbox 2795 2234 3088 2303; x_wconf 74' lang='lat' dir='ltr'><strong>gloriemur</strong></span> <span class='ocrx_word' id='word_1_454' title='bbox 3119 2239 3171 2293; x_wconf 93' lang='lat' dir='ltr'><strong>in</strong></span> <span class='ocrx_word' id='word_1_455' title='bbox 3195 2239 3357 2298; x_wconf 86' lang='lat' dir='ltr'><strong>laude</strong></span> <span class='ocrx_word' id='word_1_456' title='bbox 3383 2253 3493 2299; x_wconf 81' lang='lat' dir='ltr'><strong>tua&#39;.</strong></span> <span class='ocrx_word' id='word_1_457' title='bbox 3521 2244 3588 2302; x_wconf 86' lang='lat' dir='ltr'><strong>P.</strong></span> <span class='ocrx_word' id='word_1_458' title='bbox 3614 2247 3709 2301; x_wconf 82' lang='lat' dir='ltr'><strong>Vi-</strong></span> 
     </span>
    </p>
   </div>
   <div class='ocr_carea' id='block_1_64' title="bbox 2116 2314 3705 2405">
    <p class='ocr_par' dir='ltr' id='par_1_64' title="bbox 2116 2314 3705 2405">
     <span class='ocr_line' id='line_1_64' title="bbox 2116 2314 3705 2405; baseline 0.014 -33"><span class='ocrx_word' id='word_1_459' title='bbox 2116 2317 2214 2372; x_wconf 82' lang='lat' dir='ltr'><strong>sita</strong></span> <span class='ocrx_word' id='word_1_460' title='bbox 2245 2333 2363 2384; x_wconf 90' lang='lat' dir='ltr'><strong>nos,</strong></span> <span class='ocrx_word' id='word_1_461' title='bbox 2386 2317 2544 2374; x_wconf 87' lang='lat' dir='ltr'><strong>Deus.</strong></span> <span class='ocrx_word' id='word_1_462' title='bbox 2588 2323 2622 2391; x_wconf 66' lang='lat'><em>7</em></span> <span class='ocrx_word' id='word_1_463' title='bbox 2646 2361 2663 2378; x_wconf 94' lang='lat'><strong>.</strong></span> <span class='ocrx_word' id='word_1_464' title='bbox 2692 2320 2896 2392; x_wconf 83' lang='lat' dir='ltr'><strong>Gloria,</strong></span> <span class='ocrx_word' id='word_1_465' title='bbox 2921 2335 2977 2381; x_wconf 88' lang='lat' dir='ltr'><strong>et</strong></span> <span class='ocrx_word' id='word_1_466' title='bbox 3033 2328 3209 2384; x_wconf 88' lang='lat' dir='ltr'><strong>honor</strong></span> <span class='ocrx_word' id='word_1_467' title='bbox 3239 2314 3380 2388; x_wconf 77' lang='lat' dir='ltr'><strong>Puri</strong></span> <span class='ocrx_word' id='word_1_468' title='bbox 3406 2375 3423 2401; x_wconf 93' lang='lat'><strong>,</strong></span> <span class='ocrx_word' id='word_1_469' title='bbox 3455 2346 3509 2390; x_wconf 89' lang='lat' dir='ltr'><strong>et</strong></span> <span class='ocrx_word' id='word_1_470' title='bbox 3541 2336 3705 2405; x_wconf 80' lang='lat' dir='ltr'><strong>Filio,</strong></span> 
     </span>
    </p>
   </div>
   <div class='ocr_carea' id='block_1_65' title="bbox 2114 2408 3605 2490">
    <p class='ocr_par' dir='ltr' id='par_1_65' title="bbox 2114 2408 3605 2490">
     <span class='ocr_line' id='line_1_65' title="bbox 2114 2408 3605 2490; baseline 0.013 -25"><span class='ocrx_word' id='word_1_471' title='bbox 2114 2417 2170 2465; x_wconf 89' lang='lat' dir='ltr'><strong>et</strong></span> <span class='ocrx_word' id='word_1_472' title='bbox 2199 2408 2416 2481; x_wconf 88' lang='lat' dir='ltr'><strong>Spiritui</strong></span> <span class='ocrx_word' id='word_1_473' title='bbox 2448 2413 2670 2469; x_wconf 87' lang='lat' dir='ltr'><strong>Sancto.</strong></span> <span class='ocrx_word' id='word_1_474' title='bbox 2698 2413 2766 2469; x_wconf 87' lang='lat' dir='ltr'><strong>P.</strong></span> <span class='ocrx_word' id='word_1_475' title='bbox 2802 2416 2964 2473; x_wconf 76' lang='lat' dir='ltr'><strong>\‘isita</strong></span> <span class='ocrx_word' id='word_1_476' title='bbox 2996 2436 3114 2487; x_wconf 84' lang='lat' dir='ltr'><strong>nos,</strong></span> <span class='ocrx_word' id='word_1_477' title='bbox 3140 2421 3307 2490; x_wconf 89' lang='lat' dir='ltr'><strong>Deus,</strong></span> <span class='ocrx_word' id='word_1_478' title='bbox 3332 2427 3385 2481; x_wconf 91' lang='lat' dir='ltr'><strong>in</strong></span> <span class='ocrx_word' id='word_1_479' title='bbox 3413 2441 3470 2481; x_wconf 89' lang='lat' dir='ltr'><strong>sa</strong></span> <span class='ocrx_word' id='word_1_480' title='bbox 3495 2431 3605 2485; x_wconf 75' lang='lat' dir='ltr'><strong>nte.</strong></span> 
     </span>
    </p>
   </div>
   <div class='ocr_carea' id='block_1_66' title="bbox 2186 2499 3706 2578">
    <p class='ocr_par' dir='ltr' id='par_1_66' title="bbox 2186 2499 3706 2578">
     <span class='ocr_line' id='line_1_66' title="bbox 2186 2499 3706 2578; baseline 0.017 -25"><span class='ocrx_word' id='word_1_481' title='bbox 2186 2499 2504 2559; x_wconf 79' lang='lat' dir='ltr'><strong>Benedictio.</strong></span> <span class='ocrx_word' id='word_1_482' title='bbox 2532 2506 2608 2559; x_wconf 77' lang='lat' dir='ltr'><strong>Ex</strong></span> <span class='ocrx_word' id='word_1_483' title='bbox 2630 2504 2760 2562; x_wconf 88' lang='lat' dir='ltr'><strong>Sion</strong></span> <span class='ocrx_word' id='word_1_484' title='bbox 2789 2507 3047 2566; x_wconf 86' lang='lat' dir='ltr'><strong>Dominus</strong></span> <span class='ocrx_word' id='word_1_485' title='bbox 3069 2512 3295 2571; x_wconf 80' lang='lat' dir='ltr'><strong>veniens</strong></span> <span class='ocrx_word' id='word_1_486' title='bbox 3311 2532 3410 2573; x_wconf 88' lang='lat' dir='ltr'><strong>nos</strong></span> <span class='ocrx_word' id='word_1_487' title='bbox 3437 2520 3507 2575; x_wconf 89' lang='lat' dir='ltr'><strong>ab</strong></span> <span class='ocrx_word' id='word_1_488' title='bbox 3530 2519 3706 2578; x_wconf 86' lang='lat' dir='ltr'><strong>omni-</strong></span> 
     </span>
    </p>
   </div>
   <div class='ocr_carea' id='block_1_67' title="bbox 2113 2593 3701 2678">
    <p class='ocr_par' dir='ltr' id='par_1_67' title="bbox 2113 2593 3701 2678">
     <span class='ocr_line' id='line_1_67' title="bbox 2113 2593 3701 2678; baseline 0.012 -28"><span class='ocrx_word' id='word_1_489' title='bbox 2113 2593 2213 2650; x_wconf 87' lang='lat' dir='ltr'><strong>bus</strong></span> <span class='ocrx_word' id='word_1_490' title='bbox 2242 2595 2607 2667; x_wconf 74' lang='lat' dir='ltr'><strong>impietatibus</strong></span> <span class='ocrx_word' id='word_1_491' title='bbox 2637 2602 2832 2657; x_wconf 87' lang='lat' dir='ltr'><strong>nostris</strong></span> <span class='ocrx_word' id='word_1_492' title='bbox 2879 2602 3085 2673; x_wconf 85' lang='lat' dir='ltr'><strong>eripiat.</strong></span> <span class='ocrx_word' id='word_1_493' title='bbox 3121 2605 3454 2678; x_wconf 75' lang='lat' dir='ltr'><strong>Respondeat</strong></span> <span class='ocrx_word' id='word_1_494' title='bbox 3479 2611 3701 2669; x_wconf 74' lang='lat' dir='ltr'><strong>Chorus.</strong></span> 
     </span>
    </p>
   </div>
   <div class='ocr_carea' id='block_1_68' title="bbox 2112 2689 2309 2745">
    <p class='ocr_par' dir='ltr' id='par_1_68' title="bbox 2112 2689 2309 2745">
     <span class='ocr_line' id='line_1_68' title="bbox 2112 2689 2309 2745; baseline 0.005 -1"><span class='ocrx_word' id='word_1_495' title='bbox 2112 2689 2309 2745; x_wconf 74' lang='lat' dir='ltr'><strong>Amen.</strong></span> 
     </span>
    </p>
   </div>
   <div class='ocr_carea' id='block_1_69' title="bbox 2181 2779 3702 2855">
    <p class='ocr_par' dir='ltr' id='par_1_69' title="bbox 2181 2779 3702 2855">
     <span class='ocr_line' id='line_1_69' title="bbox 2181 2779 3702 2855; baseline 0.012 -22"><span class='ocrx_word' id='word_1_496' title='bbox 2181 2779 2287 2835; x_wconf 83' lang='lat' dir='ltr'><strong>Per</strong></span> <span class='ocrx_word' id='word_1_497' title='bbox 2314 2781 2746 2839; x_wconf 87' lang='lat' dir='ltr'><strong>misericordiam</strong></span> <span class='ocrx_word' id='word_1_498' title='bbox 2778 2783 2948 2855; x_wconf 79' lang='lat' dir='ltr'><strong>ipsius</strong></span> <span class='ocrx_word' id='word_1_499' title='bbox 2977 2786 3070 2844; x_wconf 90' lang='lat' dir='ltr'><strong>Dei</strong></span> <span class='ocrx_word' id='word_1_500' title='bbox 3121 2788 3311 2846; x_wconf 87' lang='lat' dir='ltr'><strong>nostri.</strong></span> <span class='ocrx_word' id='word_1_501' title='bbox 3339 2790 3603 2849; x_wconf 85' lang='lat' dir='ltr'><strong>Dominus</strong></span> <span class='ocrx_word' id='word_1_502' title='bbox 3628 2796 3702 2853; x_wconf 89' lang='lat' dir='ltr'><strong>sit</strong></span> 
     </span>
    </p>
   </div>
   <div class='ocr_carea' id='block_1_70' title="bbox 2088 2874 2347 2941">
    <p class='ocr_par' dir='ltr' id='par_1_70' title="bbox 2088 2874 2347 2941">
     <span class='ocr_line' id='line_1_70' title="bbox 2088 2874 2347 2941; baseline 0.008 -16"><span class='ocrx_word' id='word_1_503' title='bbox 2088 2874 2221 2926; x_wconf 87' lang='lat' dir='ltr'><strong>&#39;sem</strong></span> <span class='ocrx_word' id='word_1_504' title='bbox 2230 2887 2347 2941; x_wconf 89' lang='lat' dir='ltr'><strong>per.</strong></span> 
     </span>
    </p>
   </div>
   <div class='ocr_carea' id='block_1_71' title="bbox 2180 2960 3698 3046">
    <p class='ocr_par' dir='ltr' id='par_1_71' title="bbox 2180 2960 3698 3046">
     <span class='ocr_line' id='line_1_71' title="bbox 2180 2960 3698 3046; baseline 0.014 -29"><span class='ocrx_word' id='word_1_505' title='bbox 2180 2960 2236 3017; x_wconf 91' lang='lat' dir='ltr'><strong>ln</strong></span> <span class='ocrx_word' id='word_1_506' title='bbox 2266 2963 2484 3021; x_wconf 89' lang='lat' dir='ltr'><strong>nomine</strong></span> <span class='ocrx_word' id='word_1_507' title='bbox 2513 2964 2724 3021; x_wconf 77' lang='lat' dir='ltr'><strong>Domini</strong></span> <span class='ocrx_word' id='word_1_508' title='bbox 2758 2970 2926 3023; x_wconf 87' lang='lat' dir='ltr'><strong>nostri</strong></span> <span class='ocrx_word' id='word_1_509' title='bbox 2971 2971 3099 3027; x_wconf 84' lang='lat' dir='ltr'><strong>Jesu</strong></span> <span class='ocrx_word' id='word_1_510' title='bbox 3126 2970 3327 3029; x_wconf 82' lang='lat' dir='ltr'><strong>Christi</strong></span> <span class='ocrx_word' id='word_1_511' title='bbox 3357 2976 3698 3046; x_wconf 56' lang='lat' dir='ltr'><strong>periit-ismtts</strong></span> 
     </span>
    </p>
   </div>
   <div class='ocr_carea' id='block_1_72' title="bbox 2106 3058 2918 3131">
    <p class='ocr_par' dir='ltr' id='par_1_72' title="bbox 2106 3058 2918 3131">
     <span class='ocr_line' id='line_1_72' title="bbox 2106 3058 2918 3131; baseline 0.007 -21"><span class='ocrx_word' id='word_1_512' title='bbox 2106 3069 2228 3111; x_wconf 89' lang='lat' dir='ltr'><strong>cum</strong></span> <span class='ocrx_word' id='word_1_513' title='bbox 2259 3072 2407 3125; x_wconf 85' lang='lat' dir='ltr'><strong>pace.</strong></span> <span class='ocrx_word' id='word_1_514' title='bbox 2457 3059 2527 3127; x_wconf 67' lang='grc' dir='ltr'><strong>ιῆ.</strong></span> <span class='ocrx_word' id='word_1_515' title='bbox 2562 3058 2676 3114; x_wconf 83' lang='lat' dir='ltr'><strong>Deo</strong></span> <span class='ocrx_word' id='word_1_516' title='bbox 2698 3061 2918 3131; x_wconf 75' lang='lat' dir='ltr'><strong>gratias.</strong></span> 
     </span>
    </p>
   </div>
   <div class='ocr_carea' id='block_1_73' title="bbox 2178 3147 3696 3231">
    <p class='ocr_par' dir='ltr' id='par_1_73' title="bbox 2178 3147 3696 3231">
     <span class='ocr_line' id='line_1_73' title="bbox 2178 3147 3696 3231; baseline 0.012 -29"><span class='ocrx_word' id='word_1_517' title='bbox 2178 3147 2413 3205; x_wconf 71' lang='lat' dir='ltr'><strong>Exeunte</strong></span> <span class='ocrx_word' id='word_1_518' title='bbox 2456 3152 2685 3220; x_wconf 65' lang='lat' dir='ltr'><strong>vesperni.</strong></span> <span class='ocrx_word' id='word_1_519' title='bbox 2736 3151 2936 3207; x_wconf 85' lang='lat' dir='ltr'><strong>Lauda.</strong></span> <span class='ocrx_word' id='word_1_520' title='bbox 2969 3154 3015 3209; x_wconf 82' lang='grc' dir='ltr'><strong>Α</strong></span> <span class='ocrx_word' id='word_1_521' title='bbox 3042 3154 3182 3212; x_wconf 87' lang='lat' dir='ltr'><strong>Solis</strong></span> <span class='ocrx_word' id='word_1_522' title='bbox 3230 3166 3351 3213; x_wconf 89' lang='lat' dir='ltr'><strong>ortu</strong></span> <span class='ocrx_word' id='word_1_523' title='bbox 3406 3175 3576 3231; x_wconf 88' lang='lat' dir='ltr'><strong>usque</strong></span> <span class='ocrx_word' id='word_1_524' title='bbox 3624 3164 3696 3221; x_wconf 89' lang='lat' dir='ltr'><strong>ad</strong></span> 
     </span>
    </p>
   </div>
   <div class='ocr_carea' id='block_1_74' title="bbox 2105 3241 3697 3320">
    <p class='ocr_par' dir='ltr' id='par_1_74' title="bbox 2105 3241 3697 3320">
     <span class='ocr_line' id='line_1_74' title="bbox 2105 3241 3697 3320; baseline 0.007 -23"><span class='ocrx_word' id='word_1_525' title='bbox 2105 3242 2375 3297; x_wconf 63' lang='lat' dir='ltr'><strong>occosum.</strong></span> <span class='ocrx_word' id='word_1_526' title='bbox 2404 3241 2471 3297; x_wconf 88' lang='lat' dir='ltr'><strong>P.</strong></span> <span class='ocrx_word' id='word_1_527' title='bbox 2520 3243 2811 3300; x_wconf 72' lang='lat' dir='ltr'><strong>Laudéoile</strong></span> <span class='ocrx_word' id='word_1_528' title='bbox 2864 3260 3059 3301; x_wconf 88' lang='lat' dir='ltr'><strong>nomen</strong></span> <span class='ocrx_word' id='word_1_529' title='bbox 3092 3247 3321 3306; x_wconf 90' lang='lat' dir='ltr'><strong>Domini.</strong></span> <span class='ocrx_word' id='word_1_530' title='bbox 3380 3251 3415 3320; x_wconf 59' lang='grc' dir='ltr'><em>ᾖ</em></span> <span class='ocrx_word' id='word_1_531' title='bbox 3438 3291 3452 3304; x_wconf 96' lang='grc'><strong>.</strong></span> <span class='ocrx_word' id='word_1_532' title='bbox 3486 3253 3566 3309; x_wconf 91' lang='lat' dir='ltr'><strong>Sit</strong></span> <span class='ocrx_word' id='word_1_533' title='bbox 3591 3268 3697 3308; x_wconf 89' lang='lat' dir='ltr'><strong>no-</strong></span> 
     </span>
    </p>
   </div>
   <div class='ocr_carea' id='block_1_75' title="bbox 2103 3334 3693 3411">
    <p class='ocr_par' dir='ltr' id='par_1_75' title="bbox 2103 3334 3693 3411">
     <span class='ocr_line' id='line_1_75' title="bbox 2103 3334 3693 3411; baseline 0.007 -22"><span class='ocrx_word' id='word_1_534' title='bbox 2103 3350 2225 3390; x_wconf 89' lang='lat' dir='ltr'><strong>men</strong></span> <span class='ocrx_word' id='word_1_535' title='bbox 2259 3334 2468 3390; x_wconf 89' lang='lat' dir='ltr'><strong>Domini</strong></span> <span class='ocrx_word' id='word_1_536' title='bbox 2524 3336 2892 3404; x_wconf 81' lang='lat' dir='ltr'><strong>benedictum,</strong></span> <span class='ocrx_word' id='word_1_537' title='bbox 2923 3338 3138 3410; x_wconf 69' lang='lat' dir='ltr'><strong>omodp,</strong></span> <span class='ocrx_word' id='word_1_538' title='bbox 3163 3349 3219 3398; x_wconf 91' lang='lat' dir='ltr'><strong>et</strong></span> <span class='ocrx_word' id='word_1_539' title='bbox 3264 3357 3428 3411; x_wconf 85' lang='lat' dir='ltr'><strong>usque</strong></span> <span class='ocrx_word' id='word_1_540' title='bbox 3454 3344 3508 3398; x_wconf 89' lang='lat' dir='ltr'><strong>in</strong></span> <span class='ocrx_word' id='word_1_541' title='bbox 3530 3344 3693 3400; x_wconf 66' lang='lat' dir='ltr'><strong>aeter-</strong></span> 
     </span>
    </p>
   </div>
   <div class='ocr_carea' id='block_1_76' title="bbox 2102 3427 3173 3489">
    <p class='ocr_par' dir='ltr' id='par_1_76' title="bbox 2102 3427 3173 3489">
     <span class='ocr_line' id='line_1_76' title="bbox 2102 3427 3173 3489; baseline 0.005 -5"><span class='ocrx_word' id='word_1_542' title='bbox 2102 3445 2251 3485; x_wconf 89' lang='lat' dir='ltr'><strong>num.</strong></span> <span class='ocrx_word' id='word_1_543' title='bbox 2284 3427 2349 3486; x_wconf 87' lang='lat' dir='ltr'><strong>P.</strong></span> <span class='ocrx_word' id='word_1_544' title='bbox 2392 3430 2689 3486; x_wconf 75' lang='lat' dir='ltr'><strong>Laudabile</strong></span> <span class='ocrx_word' id='word_1_545' title='bbox 2718 3447 2911 3487; x_wconf 88' lang='lat' dir='ltr'><strong>nomen</strong></span> <span class='ocrx_word' id='word_1_546' title='bbox 2940 3432 3173 3489; x_wconf 89' lang='lat' dir='ltr'><strong>Domini.</strong></span> 
     </span>
    </p>
   </div>
   <div class='ocr_carea' id='block_1_77' title="bbox 2174 3523 3671 3601">
    <p class='ocr_par' dir='ltr' id='par_1_77' title="bbox 2174 3523 3671 3601">
     <span class='ocr_line' id='line_1_77' title="bbox 2174 3523 3671 3601; baseline 0.007 -24"><span class='ocrx_word' id='word_1_547' title='bbox 2174 3523 2336 3579; x_wconf 88' lang='lat' dir='ltr'><strong>Sono.</strong></span> <span class='ocrx_word' id='word_1_548' title='bbox 2389 3524 2687 3593; x_wconf 76' lang='lat' dir='ltr'><strong>Apparebit</strong></span> <span class='ocrx_word' id='word_1_549' title='bbox 2719 3526 2870 3580; x_wconf 86' lang='lat' dir='ltr'><strong>nobis</strong></span> <span class='ocrx_word' id='word_1_550' title='bbox 2899 3526 3165 3583; x_wconf 78' lang='lat' dir='ltr'><strong>Salvator.</strong></span> <span class='ocrx_word' id='word_1_551' title='bbox 3218 3528 3441 3601; x_wconf 73' lang='lat' dir='ltr'><strong>Require</strong></span> <span class='ocrx_word' id='word_1_552' title='bbox 3455 3531 3551 3601; x_wconf 79' lang='lat' dir='ltr'><strong>fol.</strong></span> <span class='ocrx_word' id='word_1_553' title='bbox 3577 3533 3671 3588; x_wconf 71' lang='lat'><strong>32.</strong></span> 
     </span>
    </p>
   </div>
   <div class='ocr_carea' id='block_1_78' title="bbox 2176 3614 3691 3694">
    <p class='ocr_par' dir='ltr' id='par_1_78' title="bbox 2176 3614 3691 3694">
     <span class='ocr_line' id='line_1_78' title="bbox 2176 3614 3691 3694; baseline 0.01 -30"><span class='ocrx_word' id='word_1_554' title='bbox 2176 3616 2493 3681; x_wconf 72' lang='lat' dir='ltr'><strong>Antiphone.</strong></span> <span class='ocrx_word' id='word_1_555' title='bbox 2524 3614 2640 3669; x_wconf 87' lang='lat' dir='ltr'><strong>Erit</strong></span> <span class='ocrx_word' id='word_1_556' title='bbox 2669 3615 2948 3683; x_wconf 84' lang='lat' dir='ltr'><strong>Dominus,</strong></span> <span class='ocrx_word' id='word_1_557' title='bbox 2977 3617 3116 3673; x_wconf 86' lang='lat' dir='ltr'><strong>sicut</strong></span> <span class='ocrx_word' id='word_1_558' title='bbox 3142 3634 3231 3675; x_wconf 91' lang='lat' dir='ltr'><strong>ros</strong></span> <span class='ocrx_word' id='word_1_559' title='bbox 3262 3622 3458 3676; x_wconf 77' lang='lat' dir='ltr'><strong>:Israél</strong></span> <span class='ocrx_word' id='word_1_560' title='bbox 3488 3626 3691 3694; x_wconf 70' lang='lat' dir='ltr'><strong>germi-</strong></span> 
     </span>
    </p>
   </div>
   <div class='ocr_carea' id='block_1_79' title="bbox 2099 3704 3691 3784">
    <p class='ocr_par' dir='ltr' id='par_1_79' title="bbox 2099 3704 3691 3784">
     <span class='ocr_line' id='line_1_79' title="bbox 2099 3704 3691 3784; baseline 0.006 -23"><span class='ocrx_word' id='word_1_561' title='bbox 2099 3704 2266 3771; x_wconf 77' lang='lat' dir='ltr'><strong>nabit,</strong></span> <span class='ocrx_word' id='word_1_562' title='bbox 2300 3705 2439 3761; x_wconf 87' lang='lat' dir='ltr'><strong>sicut</strong></span> <span class='ocrx_word' id='word_1_563' title='bbox 2466 3707 2657 3763; x_wconf 87' lang='lat' dir='ltr'><strong>liliuut.</strong></span> <span class='ocrx_word' id='word_1_564' title='bbox 2694 3709 2761 3764; x_wconf 80' lang='grc' dir='ltr'><strong>Ρ.</strong></span> <span class='ocrx_word' id='word_1_565' title='bbox 2806 3710 2872 3764; x_wconf 86' lang='lat' dir='ltr'><strong>Et</strong></span> <span class='ocrx_word' id='word_1_566' title='bbox 2893 3711 3137 3781; x_wconf 84' lang='lat' dir='ltr'><strong>ert&#39;tmpet</strong></span> <span class='ocrx_word' id='word_1_567' title='bbox 3162 3712 3312 3767; x_wconf 78' lang='lat' dir='ltr'><strong>radix</strong></span> <span class='ocrx_word' id='word_1_568' title='bbox 3342 3713 3481 3784; x_wconf 76' lang='lat' dir='ltr'><strong>ejus,</strong></span> <span class='ocrx_word' id='word_1_569' title='bbox 3517 3727 3573 3770; x_wconf 88' lang='lat' dir='ltr'><strong>ut</strong></span> <span class='ocrx_word' id='word_1_570' title='bbox 3601 3716 3691 3771; x_wconf 83' lang='lat' dir='ltr'><strong>Li-</strong></span> 
     </span>
    </p>
   </div>
   <div class='ocr_carea' id='block_1_80' title="bbox 2096 3796 3692 3865">
    <p class='ocr_par' dir='ltr' id='par_1_80' title="bbox 2096 3796 3692 3865">
     <span class='ocr_line' id='line_1_80' title="bbox 2096 3796 3692 3865; baseline 0.006 -15"><span class='ocrx_word' id='word_1_571' title='bbox 2096 3796 2245 3851; x_wconf 81' lang='lat' dir='ltr'><strong>bani.</strong></span> <span class='ocrx_word' id='word_1_572' title='bbox 2268 3798 2303 3865; x_wconf 70' lang='grc' dir='ltr'><strong><em>Ῡ</em></strong></span> <span class='ocrx_word' id='word_1_573' title='bbox 2326 3797 2415 3853; x_wconf 83' lang='grc' dir='ltr'><strong>.·Ει</strong></span> <span class='ocrx_word' id='word_1_574' title='bbox 2435 3799 2534 3854; x_wconf 88' lang='lat' dir='ltr'><strong>erit</strong></span> <span class='ocrx_word' id='word_1_575' title='bbox 2557 3801 2949 3856; x_wconf 80' lang='lat' dir='ltr'><strong>lirmaméntum</strong></span> <span class='ocrx_word' id='word_1_576' title='bbox 2979 3804 3029 3858; x_wconf 93' lang='lat' dir='ltr'><strong>in</strong></span> <span class='ocrx_word' id='word_1_577' title='bbox 3054 3814 3192 3859; x_wconf 84' lang='lat' dir='ltr'><strong>terra</strong></span> <span class='ocrx_word' id='word_1_578' title='bbox 3220 3805 3272 3860; x_wconf 91' lang='lat' dir='ltr'><strong>in</strong></span> <span class='ocrx_word' id='word_1_579' title='bbox 3294 3810 3520 3860; x_wconf 87' lang='lat' dir='ltr'><strong>summis</strong></span> <span class='ocrx_word' id='word_1_580' title='bbox 3542 3808 3692 3861; x_wconf 80' lang='lat' dir='ltr'><strong>mon-</strong></span> 
     </span>
    </p>
   </div>
   <div class='ocr_carea' id='block_1_81' title="bbox 2099 3887 3688 3967">
    <p class='ocr_par' dir='ltr' id='par_1_81' title="bbox 2099 3887 3688 3967">
     <span class='ocr_line' id='line_1_81' title="bbox 2099 3887 3688 3967; baseline 0.006 -26"><span class='ocrx_word' id='word_1_581' title='bbox 2099 3887 2252 3955; x_wconf 88' lang='lat' dir='ltr'><strong>tium,</strong></span> <span class='ocrx_word' id='word_1_582' title='bbox 2276 3892 2727 3960; x_wconf 57' lang='lat' dir='ltr'><strong>suj‘ierextollétur</strong></span> <span class='ocrx_word' id='word_1_583' title='bbox 2748 3908 2909 3963; x_wconf 86' lang='lat' dir='ltr'><strong>super</strong></span> <span class='ocrx_word' id='word_1_584' title='bbox 2926 3893 3186 3950; x_wconf 86' lang='lat' dir='ltr'><strong>Libanum</strong></span> <span class='ocrx_word' id='word_1_585' title='bbox 3218 3895 3423 3952; x_wconf 77' lang='lat' dir='ltr'><strong>fructus</strong></span> <span class='ocrx_word' id='word_1_586' title='bbox 3448 3900 3601 3967; x_wconf 88' lang='lat' dir='ltr'><strong>ejus:</strong></span> <span class='ocrx_word' id='word_1_587' title='bbox 3627 3906 3688 3954; x_wconf 87' lang='lat' dir='ltr'><strong>et</strong></span> 
     </span>
    </p>
   </div>
   <div class='ocr_carea' id='block_1_82' title="bbox 2099 3980 3690 4049">
    <p class='ocr_par' dir='ltr' id='par_1_82' title="bbox 2099 3980 3690 4049">
     <span class='ocr_line' id='line_1_82' title="bbox 2099 3980 3690 4049; baseline 0.01 -15"><span class='ocrx_word' id='word_1_588' title='bbox 2099 3980 2451 4039; x_wconf 77' lang='lat' dir='ltr'><strong>ﬂorébunt°de</strong></span> <span class='ocrx_word' id='word_1_589' title='bbox 2472 3986 2687 4041; x_wconf 60' lang='lat' dir='ltr'><strong>civitéte</strong></span> <span class='ocrx_word' id='word_1_590' title='bbox 2715 3986 2856 4042; x_wconf 90' lang='lat' dir='ltr'><strong>sicut</strong></span> <span class='ocrx_word' id='word_1_591' title='bbox 2882 3987 3081 4043; x_wconf 65' lang='lat' dir='ltr'><strong>fatuum</strong></span> <span class='ocrx_word' id='word_1_592' title='bbox 3108 3998 3283 4045; x_wconf 63' lang='lat' dir='ltr'><strong>terra.</strong></span> <span class='ocrx_word' id='word_1_593' title='bbox 3319 3990 3385 4045; x_wconf 90' lang='lat' dir='ltr'><strong>P.</strong></span> <span class='ocrx_word' id='word_1_594' title='bbox 3420 3992 3480 4047; x_wconf 83' lang='lat' dir='ltr'><strong>Et</strong></span> <span class='ocrx_word' id='word_1_595' title='bbox 3506 3994 3690 4049; x_wconf 77' lang='lat' dir='ltr'><strong>enim-</strong></span> 
     </span>
    </p>
   </div>
   <div class='ocr_carea' id='block_1_83' title="bbox 2098 4072 3688 4154">
    <p class='ocr_par' dir='ltr' id='par_1_83' title="bbox 2098 4072 3688 4154">
     <span class='ocr_line' id='line_1_83' title="bbox 2098 4072 3688 4154; baseline 0.009 -30"><span class='ocrx_word' id='word_1_596' title='bbox 2098 4079 2187 4140; x_wconf 90' lang='lat' dir='ltr'><strong>pet</strong></span> <span class='ocrx_word' id='word_1_597' title='bbox 2211 4072 2359 4127; x_wconf 85' lang='lat' dir='ltr'><strong>radix</strong></span> <span class='ocrx_word' id='word_1_598' title='bbox 2390 4074 2525 4143; x_wconf 77' lang='lat' dir='ltr'><strong>ejus.</strong></span> <span class='ocrx_word' id='word_1_599' title='bbox 2567 4075 2602 4144; x_wconf 68' lang='grc' dir='ltr'><strong><em>Ῡ</em></strong></span> <span class='ocrx_word' id='word_1_600' title='bbox 2626 4114 2642 4131; x_wconf 93' lang='grc'><strong>.</strong></span> <span class='ocrx_word' id='word_1_601' title='bbox 2671 4076 2878 4143; x_wconf 84' lang='lat' dir='ltr'><strong>Gloria,</strong></span> <span class='ocrx_word' id='word_1_602' title='bbox 2906 4086 2961 4133; x_wconf 92' lang='lat' dir='ltr'><strong>et</strong></span> <span class='ocrx_word' id='word_1_603' title='bbox 2988 4079 3159 4134; x_wconf 88' lang='lat' dir='ltr'><strong>honor</strong></span> <span class='ocrx_word' id='word_1_604' title='bbox 3188 4079 3354 4146; x_wconf 87' lang='lat' dir='ltr'><strong>Patri,</strong></span> <span class='ocrx_word' id='word_1_605' title='bbox 3388 4082 3493 4154; x_wconf 82' lang='lat'><strong>35</strong></span> <span class='ocrx_word' id='word_1_606' title='bbox 3516 4094 3570 4138; x_wconf 91' lang='lat' dir='ltr'><strong>et</strong></span> <span class='ocrx_word' id='word_1_607' title='bbox 3596 4083 3688 4140; x_wconf 80' lang='lat' dir='ltr'><strong>Fi-</strong></span> 
     </span>
    </p>
   </div>
   <div class='ocr_carea' id='block_1_84' title="bbox 2097 4163 2864 4237">
    <p class='ocr_par' dir='ltr' id='par_1_84' title="bbox 2097 4163 2864 4237">
     <span class='ocr_line' id='line_1_84' title="bbox 2097 4163 2864 4237; baseline 0.012 -20"><span class='ocrx_word' id='word_1_608' title='bbox 2097 4163 2191 4218; x_wconf 90' lang='lat' dir='ltr'><strong>lio.</strong></span> <span class='ocrx_word' id='word_1_609' title='bbox 2237 4163 2303 4220; x_wconf 89' lang='lat' dir='ltr'><strong>P.</strong></span> <span class='ocrx_word' id='word_1_610' title='bbox 2331 4166 2399 4221; x_wconf 84' lang='lat' dir='ltr'><strong>Et</strong></span> <span class='ocrx_word' id='word_1_611' title='bbox 2424 4167 2670 4237; x_wconf 77' lang='lat' dir='ltr'><strong>erumpet</strong></span> <span class='ocrx_word' id='word_1_612' title='bbox 2693 4168 2864 4226; x_wconf 80' lang='lat' dir='ltr'><strong>radix.</strong></span> 
     </span>
    </p>
   </div>
   <div class='ocr_carea' id='block_1_85' title="bbox 2169 4254 3691 4337">
    <p class='ocr_par' dir='ltr' id='par_1_85' title="bbox 2169 4254 3691 4337">
     <span class='ocr_line' id='line_1_85' title="bbox 2169 4254 3691 4337; baseline 0.011 -30"><span class='ocrx_word' id='word_1_613' title='bbox 2169 4254 2375 4312; x_wconf 80' lang='lat' dir='ltr'><strong>Lauda.</strong></span> <span class='ocrx_word' id='word_1_614' title='bbox 2435 4257 2578 4313; x_wconf 88' lang='lat' dir='ltr'><strong>Deus</strong></span> <span class='ocrx_word' id='word_1_615' title='bbox 2629 4260 2884 4315; x_wconf 79' lang='lat' dir='ltr'><strong>virtutum</strong></span> <span class='ocrx_word' id='word_1_616' title='bbox 2926 4260 3224 4318; x_wconf 86' lang='lat' dir='ltr'><strong>nobiscum.</strong></span> <span class='ocrx_word' id='word_1_617' title='bbox 3278 4264 3345 4321; x_wconf 83' lang='lat' dir='ltr'><strong>P.</strong></span> <span class='ocrx_word' id='word_1_618' title='bbox 3396 4266 3691 4337; x_wconf 81' lang='lat' dir='ltr'><strong>Snscéptor</strong></span> 
     </span>
    </p>
   </div>
   <div class='ocr_carea' id='block_1_86' title="bbox 2094 4350 3683 4434">
    <p class='ocr_par' dir='ltr' id='par_1_86' title="bbox 2094 4350 3683 4434">
     <span class='ocr_line' id='line_1_86' title="bbox 2094 4350 3683 4434; baseline 0.011 -31"><span class='ocrx_word' id='word_1_619' title='bbox 2094 4360 2279 4404; x_wconf 89' lang='lat' dir='ltr'><strong>noster</strong></span> <span class='ocrx_word' id='word_1_620' title='bbox 2310 4350 2449 4406; x_wconf 91' lang='lat' dir='ltr'><strong>Deus</strong></span> <span class='ocrx_word' id='word_1_621' title='bbox 2486 4351 2981 4424; x_wconf 7' lang='lat' dir='ltr'><strong>,Jacob.jAllelt’tia,</strong></span> <span class='ocrx_word' id='word_1_622' title='bbox 3032 4358 3271 4426; x_wconf 78' lang='lat' dir='ltr'><strong>alleluia,</strong></span> <span class='ocrx_word' id='word_1_623' title='bbox 3317 4360 3555 4417; x_wconf 76' lang='lat' dir='ltr'><strong>allclt&#39;tli.</strong></span> <span class='ocrx_word' id='word_1_624' title='bbox 3606 4364 3683 4434; x_wconf 68' lang='grc' dir='ltr'><strong>Ῡ.</strong></span> 
     </span>
    </p>
   </div>
   <div class='ocr_carea' id='block_1_87' title="bbox 2096 4443 3683 4526">
    <p class='ocr_par' dir='ltr' id='par_1_87' title="bbox 2096 4443 3683 4526">
     <span class='ocr_line' id='line_1_87' title="bbox 2096 4443 3683 4526; baseline 0.009 -27"><span class='ocrx_word' id='word_1_625' title='bbox 2096 4443 2308 4505; x_wconf 77' lang='lat' dir='ltr'><strong>Veritas</strong></span> <span class='ocrx_word' id='word_1_626' title='bbox 2335 4445 2404 4501; x_wconf 92' lang='lat' dir='ltr'><strong>de</strong></span> <span class='ocrx_word' id='word_1_627' title='bbox 2448 4454 2591 4502; x_wconf 91' lang='lat' dir='ltr'><strong>terra</strong></span> <span class='ocrx_word' id='word_1_628' title='bbox 2622 4457 2736 4502; x_wconf 81' lang='lat' dir='ltr'><strong>orta</strong></span> <span class='ocrx_word' id='word_1_629' title='bbox 2767 4458 2850 4504; x_wconf 88' lang='lat' dir='ltr'><strong>est</strong></span> <span class='ocrx_word' id='word_1_630' title='bbox 2885 4466 2898 4504; x_wconf 90' lang='lat'><strong>:</strong></span> <span class='ocrx_word' id='word_1_631' title='bbox 2944 4460 2997 4507; x_wconf 91' lang='lat' dir='ltr'><strong>et</strong></span> <span class='ocrx_word' id='word_1_632' title='bbox 3040 4451 3244 4521; x_wconf 88' lang='lat' dir='ltr'><strong>justitia</strong></span> <span class='ocrx_word' id='word_1_633' title='bbox 3278 4453 3347 4510; x_wconf 84' lang='lat' dir='ltr'><strong>de</strong></span> <span class='ocrx_word' id='word_1_634' title='bbox 3374 4456 3514 4512; x_wconf 78' lang='lat' dir='ltr'><strong>cmlo</strong></span> <span class='ocrx_word' id='word_1_635' title='bbox 3554 4473 3683 4526; x_wconf 88' lang='lat' dir='ltr'><strong>pro-</strong></span> 
     </span>
    </p>
   </div>
   <div class='ocr_carea' id='block_1_88' title="bbox 410 4512 3687 4613">
    <p class='ocr_par' dir='ltr' id='par_1_88' title="bbox 410 4512 3687 4613">
     <span class='ocr_line' id='line_1_88' title="bbox 410 4512 3687 4613; baseline 0.012 -47"><span class='ocrx_word' id='word_1_636' title='bbox 410 4512 1144 4585; x_wconf 77' lang='lat' dir='ltr'><strong>atnbulobuntunusquisqtte</strong></span> <span class='ocrx_word' id='word_1_637' title='bbox 1170 4517 1223 4571; x_wconf 89' lang='lat' dir='ltr'><strong>in</strong></span> <span class='ocrx_word' id='word_1_638' title='bbox 1268 4517 1483 4575; x_wconf 85' lang='lat' dir='ltr'><strong>nomine</strong></span> <span class='ocrx_word' id='word_1_639' title='bbox 1515 4520 1722 4578; x_wconf 82' lang='lat' dir='ltr'><strong>Domini</strong></span> <span class='ocrx_word' id='word_1_640' title='bbox 1748 4524 1839 4579; x_wconf 87' lang='lat' dir='ltr'><strong>Dei</strong></span> <span class='ocrx_word' id='word_1_641' title='bbox 1857 4527 1938 4581; x_wconf 92' lang='lat' dir='ltr'><strong>sui</strong></span> <span class='ocrx_word' id='word_1_642' title='bbox 1970 4544 1985 4582; x_wconf 90' lang='lat'><strong>:</strong></span> <span class='ocrx_word' id='word_1_643' title='bbox 2019 4547 2066 4607; x_wconf 76' lang='grc' dir='ltr'><strong>υ</strong></span> <span class='ocrx_word' id='word_1_644' title='bbox 2093 4532 2287 4602; x_wconf 80' lang='lat' dir='ltr'><strong>spéxit.</strong></span> <span class='ocrx_word' id='word_1_645' title='bbox 2314 4532 2381 4589; x_wconf 89' lang='lat' dir='ltr'><strong>P.</strong></span> <span class='ocrx_word' id='word_1_646' title='bbox 2414 4535 2703 4607; x_wconf 83' lang='lat' dir='ltr'><strong>Suscéptor</strong></span> <span class='ocrx_word' id='word_1_647' title='bbox 2730 4549 2913 4595; x_wconf 88' lang='lat' dir='ltr'><strong>noster</strong></span> <span class='ocrx_word' id='word_1_648' title='bbox 2938 4512 3099 4597; x_wconf 67' lang='lat' dir='ltr'><strong>Deus.</strong></span> <span class='ocrx_word' id='word_1_649' title='bbox 3148 4545 3181 4612; x_wconf 67' lang='grc' dir='ltr'><strong><em>Ῡ</em></strong></span> <span class='ocrx_word' id='word_1_650' title='bbox 3205 4583 3221 4598; x_wconf 93' lang='grc'><strong>.</strong></span> <span class='ocrx_word' id='word_1_651' title='bbox 3254 4543 3456 4611; x_wconf 84' lang='lat' dir='ltr'><strong>Gloria,</strong></span> <span class='ocrx_word' id='word_1_652' title='bbox 3497 4512 3687 4613; x_wconf 52' lang='lat' dir='ltr'><strong>et&#39;bo-</strong></span> 
     </span>
    </p>
   </div>
   <div class='ocr_carea' id='block_1_89' title="bbox 412 4606 1990 4676">
    <p class='ocr_par' dir='ltr' id='par_1_89' title="bbox 412 4606 1990 4676">
     <span class='ocr_line' id='line_1_89' title="bbox 412 4606 1990 4676; baseline 0.011 -19"><span class='ocrx_word' id='word_1_653' title='bbox 412 4618 512 4658; x_wconf 91' lang='lat' dir='ltr'><strong>nos</strong></span> <span class='ocrx_word' id='word_1_654' title='bbox 536 4615 709 4660; x_wconf 88' lang='lat' dir='ltr'><strong>autem</strong></span> <span class='ocrx_word' id='word_1_655' title='bbox 741 4606 1135 4662; x_wconf 77' lang='lat' dir='ltr'><strong>ambulabimus</strong></span> <span class='ocrx_word' id='word_1_656' title='bbox 1162 4609 1214 4662; x_wconf 93' lang='lat' dir='ltr'><strong>in</strong></span> <span class='ocrx_word' id='word_1_657' title='bbox 1236 4608 1452 4666; x_wconf 89' lang='lat' dir='ltr'><strong>nomine</strong></span> <span class='ocrx_word' id='word_1_658' title='bbox 1473 4612 1684 4669; x_wconf 86' lang='lat' dir='ltr'><strong>Domini</strong></span> <span class='ocrx_word' id='word_1_659' title='bbox 1712 4616 1807 4671; x_wconf 91' lang='lat' dir='ltr'><strong>Dei</strong></span> <span class='ocrx_word' id='word_1_660' title='bbox 1823 4621 1990 4676; x_wconf 88' lang='lat' dir='ltr'><strong>nostri</strong></span> 
     </span>
    </p>
   </div>
   <div class='ocr_carea' id='block_1_90' title="bbox 413 4694 1990 4775">
    <p class='ocr_par' dir='ltr' id='par_1_90' title="bbox 413 4694 1990 4775">
     <span class='ocr_line' id='line_1_90' title="bbox 413 4694 1990 4775; baseline 0.01 -26"><span class='ocrx_word' id='word_1_661' title='bbox 413 4694 467 4750; x_wconf 92' lang='lat' dir='ltr'><strong>in</strong></span> <span class='ocrx_word' id='word_1_662' title='bbox 492 4695 750 4750; x_wconf 66' lang='lat' dir='ltr'><strong>aeternum</strong></span> <span class='ocrx_word' id='word_1_663' title='bbox 773 4705 826 4752; x_wconf 89' lang='lat' dir='ltr'><strong>et</strong></span> <span class='ocrx_word' id='word_1_664' title='bbox 854 4696 1011 4752; x_wconf 73' lang='lat' dir='ltr'><strong>ultra.</strong></span> <span class='ocrx_word' id='word_1_665' title='bbox 1040 4696 1094 4752; x_wconf 87' lang='lat' dir='ltr'><strong>In</strong></span> <span class='ocrx_word' id='word_1_666' title='bbox 1126 4698 1215 4754; x_wconf 91' lang='lat' dir='ltr'><strong>die</strong></span> <span class='ocrx_word' id='word_1_667' title='bbox 1245 4699 1355 4766; x_wconf 90' lang='lat' dir='ltr'><strong>illa,</strong></span> <span class='ocrx_word' id='word_1_668' title='bbox 1392 4701 1519 4757; x_wconf 92' lang='lat' dir='ltr'><strong>dicit</strong></span> <span class='ocrx_word' id='word_1_669' title='bbox 1549 4702 1831 4775; x_wconf 88' lang='lat' dir='ltr'><strong>Dominus,</strong></span> <span class='ocrx_word' id='word_1_670' title='bbox 1861 4723 1990 4764; x_wconf 88' lang='lat' dir='ltr'><strong>con-</strong></span> 
     </span>
    </p>
   </div>
   <div class='ocr_carea' id='block_1_91' title="bbox 410 4787 1988 4867">
    <p class='ocr_par' dir='ltr' id='par_1_91' title="bbox 410 4787 1988 4867">
     <span class='ocr_line' id='line_1_91' title="bbox 410 4787 1988 4867; baseline 0.009 -24"><span class='ocrx_word' id='word_1_671' title='bbox 410 4789 644 4860; x_wconf 75' lang='lat' dir='ltr'><strong>gregth</strong></span> <span class='ocrx_word' id='word_1_672' title='bbox 672 4787 1062 4845; x_wconf 68' lang='lat' dir='ltr'><strong>claudicéntem</strong></span> <span class='ocrx_word' id='word_1_673' title='bbox 1087 4810 1102 4846; x_wconf 89' lang='lat'><strong>:</strong></span> <span class='ocrx_word' id='word_1_674' title='bbox 1131 4802 1182 4847; x_wconf 92' lang='lat' dir='ltr'><strong>et</strong></span> <span class='ocrx_word' id='word_1_675' title='bbox 1200 4807 1338 4859; x_wconf 90' lang='lat' dir='ltr'><strong>eam,</strong></span> <span class='ocrx_word' id='word_1_676' title='bbox 1366 4810 1522 4863; x_wconf 89' lang='lat' dir='ltr'><strong>quam</strong></span> <span class='ocrx_word' id='word_1_677' title='bbox 1550 4797 1840 4867; x_wconf 83' lang='lat' dir='ltr'><strong>ejéceram,</strong></span> <span class='ocrx_word' id='word_1_678' title='bbox 1872 4800 1988 4856; x_wconf 85' lang='lat' dir='ltr'><strong>col-</strong></span> 
     </span>
    </p>
   </div>
   <div class='ocr_carea' id='block_1_92' title="bbox 411 4881 1986 4957">
    <p class='ocr_par' dir='ltr' id='par_1_92' title="bbox 411 4881 1986 4957">
     <span class='ocr_line' id='line_1_92' title="bbox 411 4881 1986 4957; baseline 0.009 -21"><span class='ocrx_word' id='word_1_679' title='bbox 411 4881 595 4952; x_wconf 73' lang='lat' dir='ltr'><strong>ligam;</strong></span> <span class='ocrx_word' id='word_1_680' title='bbox 644 4893 697 4938; x_wconf 88' lang='lat' dir='ltr'><strong>et</strong></span> <span class='ocrx_word' id='word_1_681' title='bbox 724 4899 880 4953; x_wconf 90' lang='lat' dir='ltr'><strong>quam</strong></span> <span class='ocrx_word' id='word_1_682' title='bbox 910 4882 1204 4942; x_wconf 77' lang='lat' dir='ltr'><strong>alﬂixeram</strong></span> <span class='ocrx_word' id='word_1_683' title='bbox 1232 4906 1242 4941; x_wconf 93' lang='lat'>:</span> <span class='ocrx_word' id='word_1_684' title='bbox 1274 4898 1325 4943; x_wconf 92' lang='lat' dir='ltr'><strong>et</strong></span> <span class='ocrx_word' id='word_1_685' title='bbox 1355 4904 1546 4957; x_wconf 84' lang='lat' dir='ltr'><strong>ponam</strong></span> <span class='ocrx_word' id='word_1_686' title='bbox 1596 4891 1986 4949; x_wconf 67' lang='lat' dir='ltr'><strong>claudit-limem</strong></span> 
     </span>
    </p>
   </div>
   <div class='ocr_carea' id='block_1_93' title="bbox 411 4973 1986 5055">
    <p class='ocr_par' dir='ltr' id='par_1_93' title="bbox 411 4973 1986 5055">
     <span class='ocr_line' id='line_1_93' title="bbox 411 4973 1986 5055; baseline 0.01 -28"><span class='ocrx_word' id='word_1_687' title='bbox 411 4973 467 5028; x_wconf 86' lang='lat' dir='ltr'><strong>in</strong></span> <span class='ocrx_word' id='word_1_688' title='bbox 523 4973 822 5044; x_wconf 87' lang='lat' dir='ltr'><strong>reliquias:</strong></span> <span class='ocrx_word' id='word_1_689' title='bbox 879 4986 937 5031; x_wconf 87' lang='lat' dir='ltr'><strong>et</strong></span> <span class='ocrx_word' id='word_1_690' title='bbox 962 4993 1103 5045; x_wconf 81' lang='lat' dir='ltr'><strong>eam,</strong></span> <span class='ocrx_word' id='word_1_691' title='bbox 1137 4994 1253 5049; x_wconf 80' lang='lat' dir='ltr'><strong>qua:</strong></span> <span class='ocrx_word' id='word_1_692' title='bbox 1304 4980 1641 5037; x_wconf 74' lang='lat' dir='ltr'><strong>laboraverat</strong></span> <span class='ocrx_word' id='word_1_693' title='bbox 1673 4982 1726 5036; x_wconf 92' lang='lat' dir='ltr'><strong>in</strong></span> <span class='ocrx_word' id='word_1_694' title='bbox 1776 4995 1986 5055; x_wconf 72' lang='lat' dir='ltr'><strong>gentem</strong></span> 
     </span>
    </p>
   </div>
   <div class='ocr_carea' id='block_1_94' title="bbox 410 5065 1990 5144">
    <p class='ocr_par' dir='ltr' id='par_1_94' title="bbox 410 5065 1990 5144">
     <span class='ocr_line' id='line_1_94' title="bbox 410 5065 1990 5144; baseline 0.01 -25"><span class='ocrx_word' id='word_1_695' title='bbox 410 5065 685 5122; x_wconf 70' lang='lat' dir='ltr'><strong>robustam</strong></span> <span class='ocrx_word' id='word_1_696' title='bbox 714 5084 726 5121; x_wconf 90' lang='lat'><strong>:</strong></span> <span class='ocrx_word' id='word_1_697' title='bbox 752 5078 806 5123; x_wconf 89' lang='lat' dir='ltr'><strong>et</strong></span> <span class='ocrx_word' id='word_1_698' title='bbox 831 5070 1073 5138; x_wconf 65' lang='lat' dir='ltr'><strong>regnAbit</strong></span> <span class='ocrx_word' id='word_1_699' title='bbox 1120 5071 1377 5128; x_wconf 88' lang='lat' dir='ltr'><strong>Dominus</strong></span> <span class='ocrx_word' id='word_1_700' title='bbox 1404 5090 1565 5144; x_wconf 89' lang='lat' dir='ltr'><strong>super</strong></span> <span class='ocrx_word' id='word_1_701' title='bbox 1593 5092 1686 5133; x_wconf 89' lang='lat' dir='ltr'><strong>eos</strong></span> <span class='ocrx_word' id='word_1_702' title='bbox 1725 5076 1778 5132; x_wconf 89' lang='lat' dir='ltr'><strong>in</strong></span> <span class='ocrx_word' id='word_1_703' title='bbox 1809 5090 1990 5135; x_wconf 82' lang='lat' dir='ltr'><strong>monte</strong></span> 
     </span>
    </p>
   </div>
   <div class='ocr_carea' id='block_1_95' title="bbox 402 5159 1988 5244">
    <p class='ocr_par' dir='ltr' id='par_1_95' title="bbox 402 5159 1988 5244">
     <span class='ocr_line' id='line_1_95' title="bbox 402 5159 1988 5244; baseline 0.009 -30"><span class='ocrx_word' id='word_1_704' title='bbox 402 5159 561 5235; x_wconf 83' lang='lat' dir='ltr'><strong>Sion,</strong></span> <span class='ocrx_word' id='word_1_705' title='bbox 591 5170 647 5215; x_wconf 85' lang='lat' dir='ltr'><strong>et.</strong></span> <span class='ocrx_word' id='word_1_706' title='bbox 677 5177 816 5219; x_wconf 90' lang='lat' dir='ltr'><strong>nunc</strong></span> <span class='ocrx_word' id='word_1_707' title='bbox 841 5172 894 5218; x_wconf 91' lang='lat' dir='ltr'><strong>et</strong></span> <span class='ocrx_word' id='word_1_708' title='bbox 922 5180 1091 5235; x_wconf 89' lang='lat' dir='ltr'><strong>usque</strong></span> <span class='ocrx_word' id='word_1_709' title='bbox 1114 5167 1167 5221; x_wconf 91' lang='lat' dir='ltr'><strong>in</strong></span> <span class='ocrx_word' id='word_1_710' title='bbox 1197 5167 1475 5223; x_wconf 66' lang='lat' dir='ltr'><strong>aeternum.</strong></span> <span class='ocrx_word' id='word_1_711' title='bbox 1510 5171 1574 5225; x_wconf 89' lang='lat' dir='ltr'><strong>Et</strong></span> <span class='ocrx_word' id='word_1_712' title='bbox 1596 5181 1649 5226; x_wconf 92' lang='lat' dir='ltr'><strong>tu</strong></span> <span class='ocrx_word' id='word_1_713' title='bbox 1679 5174 1838 5227; x_wconf 88' lang='lat' dir='ltr'><strong>turris</strong></span> <span class='ocrx_word' id='word_1_714' title='bbox 1863 5189 1988 5244; x_wconf 81' lang='lat' dir='ltr'><strong>gre-</strong></span> 
     </span>
    </p>
   </div>
   <div class='ocr_carea' id='block_1_96' title="bbox 406 5249 1987 5326">
    <p class='ocr_par' dir='ltr' id='par_1_96' title="bbox 406 5249 1987 5326">
     <span class='ocr_line' id='line_1_96' title="bbox 406 5249 1987 5326; baseline 0.012 -23"><span class='ocrx_word' id='word_1_715' title='bbox 406 5249 509 5319; x_wconf 70' lang='lat' dir='ltr'><strong>gis,</strong></span> <span class='ocrx_word' id='word_1_716' title='bbox 543 5252 797 5308; x_wconf 76' lang='lat' dir='ltr'><strong>nebuldsa</strong></span> <span class='ocrx_word' id='word_1_717' title='bbox 827 5254 930 5307; x_wconf 82' lang='lat' dir='ltr'><strong>lilia</strong></span> <span class='ocrx_word' id='word_1_718' title='bbox 962 5254 1088 5311; x_wconf 90' lang='lat' dir='ltr'><strong>Sion</strong></span> <span class='ocrx_word' id='word_1_719' title='bbox 1113 5272 1280 5326; x_wconf 85' lang='lat' dir='ltr'><strong>usque</strong></span> <span class='ocrx_word' id='word_1_720' title='bbox 1309 5259 1373 5313; x_wconf 86' lang='lat' dir='ltr'><strong>ad</strong></span> <span class='ocrx_word' id='word_1_721' title='bbox 1408 5269 1460 5315; x_wconf 88' lang='lat' dir='ltr'><strong>te</strong></span> <span class='ocrx_word' id='word_1_722' title='bbox 1493 5263 1639 5316; x_wconf 82' lang='lat' dir='ltr'><strong>venit</strong></span> <span class='ocrx_word' id='word_1_723' title='bbox 1671 5280 1685 5318; x_wconf 86' lang='lat'><strong>:</strong></span> <span class='ocrx_word' id='word_1_724' title='bbox 1717 5274 1773 5319; x_wconf 89' lang='lat' dir='ltr'><strong>et</strong></span> <span class='ocrx_word' id='word_1_725' title='bbox 1801 5267 1987 5322; x_wconf 81' lang='lat' dir='ltr'><strong>veniet</strong></span> 
     </span>
    </p>
   </div>
   <div class='ocr_carea' id='block_1_97' title="bbox 409 5341 1988 5429">
    <p class='ocr_par' dir='ltr' id='par_1_97' title="bbox 409 5341 1988 5429">
     <span class='ocr_line' id='line_1_97' title="bbox 409 5341 1988 5429; baseline 0.012 -34"><span class='ocrx_word' id='word_1_726' title='bbox 409 5341 645 5408; x_wconf 78' lang='lat' dir='ltr'><strong>potestas</strong></span> <span class='ocrx_word' id='word_1_727' title='bbox 677 5345 867 5416; x_wconf 89' lang='lat' dir='ltr'><strong>prima,</strong></span> <span class='ocrx_word' id='word_1_728' title='bbox 887 5353 1106 5417; x_wconf 76' lang='lat' dir='ltr'><strong>regnum</strong></span> <span class='ocrx_word' id='word_1_729' title='bbox 1137 5347 1260 5403; x_wconf 70' lang='lat' dir='ltr'><strong>lilia:</strong></span> <span class='ocrx_word' id='word_1_730' title='bbox 1288 5349 1988 5429; x_wconf 79' lang='lat' dir='ltr'><strong>Hierusalem.Nuncquare</strong></span> 
     </span>
    </p>
   </div>
   <div class='ocr_carea' id='block_1_98' title="bbox 409 5430 1989 5517">
    <p class='ocr_par' dir='ltr' id='par_1_98' title="bbox 409 5430 1989 5517">
     <span class='ocr_line' id='line_1_98' title="bbox 409 5430 1989 5517; baseline 0.011 -28"><span class='ocrx_word' id='word_1_731' title='bbox 409 5437 640 5494; x_wconf 69' lang='lat' dir='ltr'><strong>ttterre</strong></span> <span class='ocrx_word' id='word_1_732' title='bbox 669 5441 1047 5497; x_wconf 80' lang='lat' dir='ltr'><strong>consumeris?</strong></span> <span class='ocrx_word' id='word_1_733' title='bbox 1074 5430 1343 5515; x_wconf 83' lang='lat' dir='ltr'><strong>Numquid</strong></span> <span class='ocrx_word' id='word_1_734' title='bbox 1385 5461 1478 5501; x_wconf 81' lang='lat' dir='ltr'><strong>rex</strong></span> <span class='ocrx_word' id='word_1_735' title='bbox 1512 5464 1617 5504; x_wconf 89' lang='lat' dir='ltr'><strong>non</strong></span> <span class='ocrx_word' id='word_1_736' title='bbox 1639 5462 1717 5506; x_wconf 88' lang='lat' dir='ltr'><strong>est</strong></span> <span class='ocrx_word' id='word_1_737' title='bbox 1750 5452 1866 5517; x_wconf 90' lang='lat' dir='ltr'><strong>tibi,</strong></span> <span class='ocrx_word' id='word_1_738' title='bbox 1899 5462 1989 5507; x_wconf 90' lang='lat' dir='ltr'><strong>aut</strong></span> 
     </span>
    </p>
   </div>
   <div class='ocr_carea' id='block_1_99' title="bbox 406 5528 1989 5611">
    <p class='ocr_par' dir='ltr' id='par_1_99' title="bbox 406 5528 1989 5611">
     <span class='ocr_line' id='line_1_99' title="bbox 406 5528 1989 5611; baseline 0.013 -30"><span class='ocrx_word' id='word_1_739' title='bbox 406 5528 747 5584; x_wconf 72' lang='lat' dir='ltr'><strong>consiliarius</strong></span> <span class='ocrx_word' id='word_1_740' title='bbox 780 5540 899 5587; x_wconf 86' lang='lat' dir='ltr'><strong>tuus</strong></span> <span class='ocrx_word' id='word_1_741' title='bbox 930 5532 1109 5611; x_wconf 73' lang='lat' dir='ltr'><strong>periit,</strong></span> <span class='ocrx_word' id='word_1_742' title='bbox 1142 5537 1263 5605; x_wconf 88' lang='lat' dir='ltr'><strong>quia</strong></span> <span class='ocrx_word' id='word_1_743' title='bbox 1313 5542 1721 5610; x_wconf 85' lang='lat' dir='ltr'><strong>comprebén‘dit</strong></span> <span class='ocrx_word' id='word_1_744' title='bbox 1752 5553 1803 5600; x_wconf 90' lang='lat' dir='ltr'><strong>te</strong></span> <span class='ocrx_word' id='word_1_745' title='bbox 1833 5546 1989 5601; x_wconf 86' lang='lat' dir='ltr'><strong>dulur</strong></span> 
     </span>
    </p>
   </div>
   <div class='ocr_carea' id='block_1_100' title="bbox 406 5620 1986 5711">
    <p class='ocr_par' dir='ltr' id='par_1_100' title="bbox 406 5620 1986 5711">
     <span class='ocr_line' id='line_1_100' title="bbox 406 5620 1986 5711; baseline 0.013 -36"><span class='ocrx_word' id='word_1_746' title='bbox 406 5620 546 5677; x_wconf 90' lang='lat' dir='ltr'><strong>sicut</strong></span> <span class='ocrx_word' id='word_1_747' title='bbox 568 5624 999 5693; x_wconf 77' lang='lat' dir='ltr'><strong>parturientem?</strong></span> <span class='ocrx_word' id='word_1_748' title='bbox 1028 5627 1178 5696; x_wconf 87' lang='lat' dir='ltr'><strong>Dole,</strong></span> <span class='ocrx_word' id='word_1_749' title='bbox 1209 5640 1261 5686; x_wconf 90' lang='lat' dir='ltr'><strong>et</strong></span> <span class='ocrx_word' id='word_1_750' title='bbox 1294 5631 1477 5704; x_wconf 75' lang='lat' dir='ltr'><strong>satoge</strong></span> <span class='ocrx_word' id='word_1_751' title='bbox 1509 5635 1612 5691; x_wconf 81' lang='lat' dir='ltr'><strong>ﬁlia</strong></span> <span class='ocrx_word' id='word_1_752' title='bbox 1652 5638 1780 5694; x_wconf 84' lang='lat' dir='ltr'><strong>Sion</strong></span> <span class='ocrx_word' id='word_1_753' title='bbox 1832 5642 1986 5711; x_wconf 81' lang='lat' dir='ltr'><strong>quasi</strong></span> 
     </span>
    </p>
   </div>
   <div class='ocr_carea' id='block_1_101' title="bbox 408 5717 1985 5798">
    <p class='ocr_par' dir='ltr' id='par_1_101' title="bbox 408 5717 1985 5798">
     <span class='ocr_line' id='line_1_101' title="bbox 408 5717 1985 5798; baseline 0.014 -29"><span class='ocrx_word' id='word_1_754' title='bbox 408 5717 709 5785; x_wconf 77' lang='lat' dir='ltr'><strong>parturiens</strong></span> <span class='ocrx_word' id='word_1_755' title='bbox 734 5733 748 5774; x_wconf 88' lang='lat'><strong>:</strong></span> <span class='ocrx_word' id='word_1_756' title='bbox 798 5720 918 5791; x_wconf 90' lang='lat' dir='ltr'><strong>quia</strong></span> <span class='ocrx_word' id='word_1_757' title='bbox 952 5738 1094 5779; x_wconf 89' lang='lat' dir='ltr'><strong>nunc</strong></span> <span class='ocrx_word' id='word_1_758' title='bbox 1122 5725 1417 5796; x_wconf 71' lang='lat' dir='ltr'><strong>egredieris</strong></span> <span class='ocrx_word' id='word_1_759' title='bbox 1446 5730 1512 5785; x_wconf 90' lang='lat' dir='ltr'><strong>de</strong></span> <span class='ocrx_word' id='word_1_760' title='bbox 1532 5731 1772 5798; x_wconf 80' lang='lat' dir='ltr'><strong>civitate,</strong></span> <span class='ocrx_word' id='word_1_761' title='bbox 1805 5743 1859 5788; x_wconf 88' lang='lat' dir='ltr'><strong>ct</strong></span> <span class='ocrx_word' id='word_1_762' title='bbox 1889 5734 1985 5790; x_wconf 88' lang='lat' dir='ltr'><strong>ha-</strong></span> 
     </span>
    </p>
   </div>
   <div class='ocr_carea' id='block_1_102' title="bbox 302 5807 1983 5896">
    <p class='ocr_par' dir='ltr' id='par_1_102' title="bbox 302 5807 1983 5896">
     <span class='ocr_line' id='line_1_102' title="bbox 302 5807 1983 5896; baseline 0.014 -35"><span class='ocrx_word' id='word_1_763' title='bbox 302 5835 317 5841; x_wconf 60' lang='grc' dir='ltr'>ε</span> <span class='ocrx_word' id='word_1_764' title='bbox 405 5807 679 5893; x_wconf 76' lang='lat' dir='ltr'><strong>bitab‘tsi-u</strong></span> <span class='ocrx_word' id='word_1_765' title='bbox 713 5814 951 5884; x_wconf 67' lang='lat' dir='ltr'><strong>regione,</strong></span> <span class='ocrx_word' id='word_1_766' title='bbox 974 5826 1029 5872; x_wconf 88' lang='lat' dir='ltr'><strong>et</strong></span> <span class='ocrx_word' id='word_1_767' title='bbox 1070 5816 1252 5875; x_wconf 73' lang='lat' dir='ltr'><strong>vonies</strong></span> <span class='ocrx_word' id='word_1_768' title='bbox 1280 5834 1447 5891; x_wconf 87' lang='lat' dir='ltr'><strong>usque</strong></span> <span class='ocrx_word' id='word_1_769' title='bbox 1486 5821 1551 5876; x_wconf 83' lang='lat' dir='ltr'><strong>ad</strong></span> <span class='ocrx_word' id='word_1_770' title='bbox 1606 5824 1932 5896; x_wconf 76' lang='lat' dir='ltr'><strong>Babylonem</strong></span> <span class='ocrx_word' id='word_1_771' title='bbox 1969 5848 1983 5885; x_wconf 92' lang='lat'><strong>:</strong></span> 
     </span>
    </p>
   </div>
   <div class='ocr_carea' id='block_1_103' title="bbox 2096 4626 3310 4702">
    <p class='ocr_par' dir='ltr' id='par_1_103' title="bbox 2096 4626 3310 4702">
     <span class='ocr_line' id='line_1_103' title="bbox 2096 4626 3310 4702; baseline 0.008 -20"><span class='ocrx_word' id='word_1_772' title='bbox 2096 4641 2193 4682; x_wconf 92' lang='lat' dir='ltr'><strong>nor</strong></span> <span class='ocrx_word' id='word_1_773' title='bbox 2225 4626 2389 4683; x_wconf 84' lang='lat' dir='ltr'><strong>Patri.</strong></span> <span class='ocrx_word' id='word_1_774' title='bbox 2426 4627 2493 4682; x_wconf 84' lang='grc' dir='ltr'><strong>Ρ.</strong></span> <span class='ocrx_word' id='word_1_775' title='bbox 2529 4630 2777 4697; x_wconf 80' lang='lat' dir='ltr'><strong>Alleluia,</strong></span> <span class='ocrx_word' id='word_1_776' title='bbox 2811 4632 3046 4702; x_wconf 81' lang='lat' dir='ltr'><strong>alleluia,</strong></span> <span class='ocrx_word' id='word_1_777' title='bbox 3075 4637 3310 4693; x_wconf 82' lang='lat' dir='ltr'><strong>alleluia.</strong></span> 
     </span>
    </p>
   </div>
   <div class='ocr_carea' id='block_1_104' title="bbox 2168 4719 3681 4802">
    <p class='ocr_par' dir='ltr' id='par_1_104' title="bbox 2168 4719 3681 4802">
     <span class='ocr_line' id='line_1_104' title="bbox 2168 4719 3681 4802; baseline 0.013 -29"><span class='ocrx_word' id='word_1_778' title='bbox 2168 4719 2428 4790; x_wconf 74' lang='lat' dir='ltr'><strong>Hymnus.</strong></span> <span class='ocrx_word' id='word_1_779' title='bbox 2492 4722 2692 4778; x_wconf 85' lang='lat' dir='ltr'><strong>Christi</strong></span> <span class='ocrx_word' id='word_1_780' title='bbox 2742 4724 2955 4780; x_wconf 70' lang='lat' dir='ltr'><strong>catérva</strong></span> <span class='ocrx_word' id='word_1_781' title='bbox 3007 4727 3269 4786; x_wconf 75' lang='lat' dir='ltr'><strong>clamitet.</strong></span> <span class='ocrx_word' id='word_1_782' title='bbox 3330 4731 3681 4802; x_wconf 78' lang='lat' dir='ltr'><strong>Supplicdtio.</strong></span> 
     </span>
    </p>
   </div>
   <div class='ocr_carea' id='block_1_105' title="bbox 2096 4813 3681 4888">
    <p class='ocr_par' dir='ltr' id='par_1_105' title="bbox 2096 4813 3681 4888">
     <span class='ocr_line' id='line_1_105' title="bbox 2096 4813 3681 4888; baseline 0.01 -20"><span class='ocrx_word' id='word_1_783' title='bbox 2096 4813 2324 4871; x_wconf 76' lang='lat' dir='ltr'><strong>Oremus</strong></span> <span class='ocrx_word' id='word_1_784' title='bbox 2370 4817 2784 4888; x_wconf 74' lang='lat' dir='ltr'><strong>lletlcmptorcm</strong></span> <span class='ocrx_word' id='word_1_785' title='bbox 2833 4820 3015 4875; x_wconf 90' lang='lat' dir='ltr'><strong>mundi</strong></span> <span class='ocrx_word' id='word_1_786' title='bbox 3076 4822 3358 4886; x_wconf 62' lang='lat' dir='ltr'><strong>Domitium</strong></span> <span class='ocrx_word' id='word_1_787' title='bbox 3418 4836 3681 4884; x_wconf 72' lang='lat' dir='ltr'><strong>nostrum.</strong></span> 
     </span>
    </p>
   </div>
   <div class='ocr_carea' id='block_1_106' title="bbox 2099 4907 3681 4979">
    <p class='ocr_par' dir='ltr' id='par_1_106' title="bbox 2099 4907 3681 4979">
     <span class='ocr_line' id='line_1_106' title="bbox 2099 4907 3681 4979; baseline 0.008 -17"><span class='ocrx_word' id='word_1_788' title='bbox 2099 4907 2318 4979; x_wconf 80' lang='lat' dir='ltr'><strong>Require</strong></span> <span class='ocrx_word' id='word_1_789' title='bbox 2372 4909 2426 4963; x_wconf 81' lang='lat' dir='ltr'><strong>in</strong></span> <span class='ocrx_word' id='word_1_790' title='bbox 2481 4911 2646 4978; x_wconf 81' lang='lat' dir='ltr'><strong>primo</strong></span> <span class='ocrx_word' id='word_1_791' title='bbox 2710 4910 2979 4967; x_wconf 78' lang='lat' dir='ltr'><strong>Dominico</strong></span> <span class='ocrx_word' id='word_1_792' title='bbox 3031 4915 3095 4968; x_wconf 80' lang='lat' dir='ltr'><strong>de</strong></span> <span class='ocrx_word' id='word_1_793' title='bbox 3150 4914 3386 4972; x_wconf 68' lang='lat' dir='ltr'><strong>Adventu</strong></span> <span class='ocrx_word' id='word_1_794' title='bbox 3445 4918 3681 4976; x_wconf 75' lang='lat' dir='ltr'><strong>Domini.</strong></span> 
     </span>
    </p>
   </div>
   <div class='ocr_carea' id='block_1_107' title="bbox 2094 4999 2285 5071">
    <p class='ocr_par' dir='ltr' id='par_1_107' title="bbox 2094 4999 2285 5071">
     <span class='ocr_line' id='line_1_107' title="bbox 2094 4999 2285 5071; baseline 0.01 -18"><span class='ocrx_word' id='word_1_795' title='bbox 2094 5002 2186 5071; x_wconf 79' lang='lat' dir='ltr'><strong>fol.</strong></span> <span class='ocrx_word' id='word_1_796' title='bbox 2227 4999 2285 5056; x_wconf 74' lang='grc'><strong>2.</strong></span> 
     </span>
    </p>
   </div>
   <div class='ocr_carea' id='block_1_108' title="bbox 2167 5090 3680 5173">
    <p class='ocr_par' dir='ltr' id='par_1_108' title="bbox 2167 5090 3680 5173">
     <span class='ocr_line' id='line_1_108' title="bbox 2167 5090 3680 5173; baseline 0.009 -27"><span class='ocrx_word' id='word_1_797' title='bbox 2167 5090 2424 5163; x_wconf 52' lang='lat' dir='ltr'><strong>Capitula.</strong></span> <span class='ocrx_word' id='word_1_798' title='bbox 2472 5095 2633 5162; x_wconf 86' lang='lat' dir='ltr'><strong>Deus,</strong></span> <span class='ocrx_word' id='word_1_799' title='bbox 2660 5096 2833 5171; x_wconf 86' lang='lat' dir='ltr'><strong>cujus</strong></span> <span class='ocrx_word' id='word_1_800' title='bbox 2861 5097 3134 5153; x_wconf 70' lang='lat' dir='ltr'><strong>aatémitas</strong></span> <span class='ocrx_word' id='word_1_801' title='bbox 3168 5099 3405 5171; x_wconf 85' lang='lat' dir='ltr'><strong>témpora</strong></span> <span class='ocrx_word' id='word_1_802' title='bbox 3440 5104 3680 5173; x_wconf 69' lang='lat' dir='ltr'><strong>praescit,</strong></span> 
     </span>
    </p>
   </div>
   <div class='ocr_carea' id='block_1_109' title="bbox 2095 5183 3680 5264">
    <p class='ocr_par' dir='ltr' id='par_1_109' title="bbox 2095 5183 3680 5264">
     <span class='ocr_line' id='line_1_109' title="bbox 2095 5183 3680 5264; baseline 0.01 -26"><span class='ocrx_word' id='word_1_803' title='bbox 2095 5191 2149 5238; x_wconf 88' lang='lat' dir='ltr'><strong>et</strong></span> <span class='ocrx_word' id='word_1_804' title='bbox 2177 5183 2419 5251; x_wconf 90' lang='lat' dir='ltr'><strong>ordinat;</strong></span> <span class='ocrx_word' id='word_1_805' title='bbox 2462 5188 2549 5256; x_wconf 89' lang='lat' dir='ltr'><strong>qui</strong></span> <span class='ocrx_word' id='word_1_806' title='bbox 2582 5189 2634 5243; x_wconf 91' lang='lat' dir='ltr'><strong>in</strong></span> <span class='ocrx_word' id='word_1_807' title='bbox 2678 5188 3015 5257; x_wconf 80' lang='lat' dir='ltr'><strong>plenitudine</strong></span> <span class='ocrx_word' id='word_1_808' title='bbox 3060 5190 3363 5264; x_wconf 78' lang='lat' dir='ltr'><strong>temporum</strong></span> <span class='ocrx_word' id='word_1_809' title='bbox 3396 5195 3680 5255; x_wconf 84' lang='lat' dir='ltr'><strong>Dominum</strong></span> 
     </span>
    </p>
   </div>
   <div class='ocr_carea' id='block_1_110' title="bbox 2096 5275 3679 5344">
    <p class='ocr_par' dir='ltr' id='par_1_110' title="bbox 2096 5275 3679 5344">
     <span class='ocr_line' id='line_1_110' title="bbox 2096 5275 3679 5344; baseline 0.01 -18"><span class='ocrx_word' id='word_1_810' title='bbox 2096 5284 2337 5329; x_wconf 76' lang='lat' dir='ltr'><strong>nostrum</strong></span> <span class='ocrx_word' id='word_1_811' title='bbox 2384 5275 2568 5331; x_wconf 83' lang='lat' dir='ltr'><strong>Jesum</strong></span> <span class='ocrx_word' id='word_1_812' title='bbox 2621 5276 2889 5332; x_wconf 86' lang='lat' dir='ltr'><strong>Christum</strong></span> <span class='ocrx_word' id='word_1_813' title='bbox 2923 5278 3115 5336; x_wconf 85' lang='lat' dir='ltr'><strong>Filium</strong></span> <span class='ocrx_word' id='word_1_814' title='bbox 3162 5291 3306 5338; x_wconf 91' lang='lat' dir='ltr'><strong>tuum</strong></span> <span class='ocrx_word' id='word_1_815' title='bbox 3351 5286 3679 5344; x_wconf 77' lang='lat' dir='ltr'><strong>nasciturum</strong></span> 
     </span>
    </p>
   </div>
   <div class='ocr_carea' id='block_1_111' title="bbox 2095 5366 3682 5449">
    <p class='ocr_par' dir='ltr' id='par_1_111' title="bbox 2095 5366 3682 5449">
     <span class='ocr_line' id='line_1_111' title="bbox 2095 5366 3682 5449; baseline 0.011 -28"><span class='ocrx_word' id='word_1_816' title='bbox 2095 5380 2157 5421; x_wconf 79' lang='lat' dir='ltr'><strong>ex</strong></span> <span class='ocrx_word' id='word_1_817' title='bbox 2186 5366 2404 5437; x_wconf 75' lang='lat' dir='ltr'><strong>Virgine</strong></span> <span class='ocrx_word' id='word_1_818' title='bbox 2436 5367 2705 5435; x_wconf 76' lang='lat' dir='ltr'><strong>destinas;</strong></span> <span class='ocrx_word' id='word_1_819' title='bbox 2751 5378 2809 5424; x_wconf 92' lang='lat' dir='ltr'><strong>ut</strong></span> <span class='ocrx_word' id='word_1_820' title='bbox 2857 5370 3092 5427; x_wconf 65' lang='lat' dir='ltr'><strong>aeternus</strong></span> <span class='ocrx_word' id='word_1_821' title='bbox 3119 5388 3187 5429; x_wconf 79' lang='lat' dir='ltr'><strong>ex</strong></span> <span class='ocrx_word' id='word_1_822' title='bbox 3216 5384 3266 5429; x_wconf 88' lang='lat' dir='ltr'><strong>te</strong></span> <span class='ocrx_word' id='word_1_823' title='bbox 3294 5376 3410 5433; x_wconf 87' lang='lat' dir='ltr'><strong>sine</strong></span> <span class='ocrx_word' id='word_1_824' title='bbox 3441 5378 3682 5449; x_wconf 75' lang='lat' dir='ltr'><strong>tempore</strong></span> 
     </span>
    </p>
   </div>
   <div class='ocr_carea' id='block_1_112' title="bbox 2074 5459 3676 5542">
    <p class='ocr_par' dir='ltr' id='par_1_112' title="bbox 2074 5459 3676 5542">
     <span class='ocr_line' id='line_1_112' title="bbox 2074 5459 3676 5542; baseline 0.012 -31"><span class='ocrx_word' id='word_1_825' title='bbox 2074 5459 2369 5537; x_wconf 87' lang='lat' dir='ltr'><strong>prodiens,</strong></span> <span class='ocrx_word' id='word_1_826' title='bbox 2401 5476 2496 5531; x_wconf 85' lang='lat' dir='ltr'><strong>pro</strong></span> <span class='ocrx_word' id='word_1_827' title='bbox 2520 5463 2674 5518; x_wconf 88' lang='lat' dir='ltr'><strong>nobis</strong></span> <span class='ocrx_word' id='word_1_828' title='bbox 2703 5462 2951 5520; x_wconf 87' lang='lat' dir='ltr'><strong>conditor</strong></span> <span class='ocrx_word' id='word_1_829' title='bbox 2980 5466 3291 5524; x_wconf 77' lang='lat' dir='ltr'><strong>nasceretur</strong></span> <span class='ocrx_word' id='word_1_830' title='bbox 3318 5468 3373 5525; x_wconf 89' lang='lat' dir='ltr'><strong>in</strong></span> <span class='ocrx_word' id='word_1_831' title='bbox 3398 5470 3676 5542; x_wconf 70' lang='lat' dir='ltr'><strong>tempore;</strong></span> 
     </span>
    </p>
   </div>
   <div class='ocr_carea' id='block_1_113' title="bbox 2094 5555 3680 5635">
    <p class='ocr_par' dir='ltr' id='par_1_113' title="bbox 2094 5555 3680 5635">
     <span class='ocr_line' id='line_1_113' title="bbox 2094 5555 3680 5635; baseline 0.012 -30"><span class='ocrx_word' id='word_1_832' title='bbox 2094 5562 2151 5607; x_wconf 88' lang='lat' dir='ltr'><strong>ttt</strong></span> <span class='ocrx_word' id='word_1_833' title='bbox 2181 5562 2232 5608; x_wconf 89' lang='lat' dir='ltr'><strong>et</strong></span> <span class='ocrx_word' id='word_1_834' title='bbox 2262 5564 2440 5609; x_wconf 89' lang='lat' dir='ltr'><strong>nostra</strong></span> <span class='ocrx_word' id='word_1_835' title='bbox 2491 5555 2699 5612; x_wconf 88' lang='lat' dir='ltr'><strong>scilicet</strong></span> <span class='ocrx_word' id='word_1_836' title='bbox 2730 5559 2971 5628; x_wconf 76' lang='lat' dir='ltr'><strong>tempora</strong></span> <span class='ocrx_word' id='word_1_837' title='bbox 3023 5559 3224 5625; x_wconf 88' lang='lat' dir='ltr'><strong>visitet,</strong></span> <span class='ocrx_word' id='word_1_838' title='bbox 3257 5571 3311 5618; x_wconf 87' lang='lat' dir='ltr'><strong>et</strong></span> <span class='ocrx_word' id='word_1_839' title='bbox 3356 5567 3680 5635; x_wconf 78' lang='lat' dir='ltr'><strong>temporales</strong></span> 
     </span>
    </p>
   </div>
   <div class='ocr_carea' id='block_1_114' title="bbox 2092 5645 3678 5720">
    <p class='ocr_par' dir='ltr' id='par_1_114' title="bbox 2092 5645 3678 5720">
     <span class='ocr_line' id='line_1_114' title="bbox 2092 5645 3678 5720; baseline 0.012 -21"><span class='ocrx_word' id='word_1_840' title='bbox 2092 5659 2201 5701; x_wconf 67' lang='lat' dir='ltr'><strong>sua:</strong></span> <span class='ocrx_word' id='word_1_841' title='bbox 2253 5645 2665 5705; x_wconf 77' lang='lat' dir='ltr'><strong>immortalitatis</strong></span> <span class='ocrx_word' id='word_1_842' title='bbox 2715 5650 3006 5720; x_wconf 83' lang='lat' dir='ltr'><strong>participes</strong></span> <span class='ocrx_word' id='word_1_843' title='bbox 3060 5652 3283 5720; x_wconf 89' lang='lat' dir='ltr'><strong>reddat;</strong></span> <span class='ocrx_word' id='word_1_844' title='bbox 3333 5655 3550 5712; x_wconf 67' lang='lat' dir='ltr'><strong>assistat</strong></span> <span class='ocrx_word' id='word_1_845' title='bbox 3580 5659 3678 5718; x_wconf 82' lang='lat' dir='ltr'><strong>tibi</strong></span> 
     </span>
    </p>
   </div>
   <div class='ocr_carea' id='block_1_115' title="bbox 2095 5737 3675 5810">
    <p class='ocr_par' dir='ltr' id='par_1_115' title="bbox 2095 5737 3675 5810">
     <span class='ocr_line' id='line_1_115' title="bbox 2095 5737 3675 5810; baseline 0.009 -18"><span class='ocrx_word' id='word_1_846' title='bbox 2095 5752 2191 5807; x_wconf 83' lang='lat' dir='ltr'><strong>pro</strong></span> <span class='ocrx_word' id='word_1_847' title='bbox 2222 5737 2412 5795; x_wconf 87' lang='lat' dir='ltr'><strong>nobis:</strong></span> <span class='ocrx_word' id='word_1_848' title='bbox 2445 5747 2523 5807; x_wconf 93' lang='lat' dir='ltr'><strong>ut,</strong></span> <span class='ocrx_word' id='word_1_849' title='bbox 2554 5753 2688 5810; x_wconf 88' lang='lat' dir='ltr'><strong>quos</strong></span> <span class='ocrx_word' id='word_1_850' title='bbox 2730 5739 2973 5796; x_wconf 77' lang='lat' dir='ltr'><strong>Advéntu</strong></span> <span class='ocrx_word' id='word_1_851' title='bbox 3015 5758 3114 5798; x_wconf 91' lang='lat' dir='ltr'><strong>suo</strong></span> <span class='ocrx_word' id='word_1_852' title='bbox 3167 5744 3479 5803; x_wconf 71' lang='lat' dir='ltr'><strong>mirabiliter</strong></span> <span class='ocrx_word' id='word_1_853' title='bbox 3521 5749 3675 5806; x_wconf 64' lang='lat' dir='ltr'><strong>rctle~</strong></span> 
     </span>
    </p>
   </div>
   <div class='ocr_carea' id='block_1_116' title="bbox 2096 5834 3254 5901">
    <p class='ocr_par' dir='ltr' id='par_1_116' title="bbox 2096 5834 3254 5901">
     <span class='ocr_line' id='line_1_116' title="bbox 2096 5834 3254 5901; baseline 0.003 -13"><span class='ocrx_word' id='word_1_854' title='bbox 2096 5834 2207 5901; x_wconf 88' lang='lat' dir='ltr'><strong>mit,</strong></span> <span class='ocrx_word' id='word_1_855' title='bbox 2253 5834 2470 5891; x_wconf 79' lang='lat' dir='ltr'><strong>munere</strong></span> <span class='ocrx_word' id='word_1_856' title='bbox 2501 5849 2597 5890; x_wconf 90' lang='lat' dir='ltr'><strong>suo</strong></span> <span class='ocrx_word' id='word_1_857' title='bbox 2626 5834 3079 5892; x_wconf 45' lang='lat' dir='ltr'><strong>abundantissime</strong></span> <span class='ocrx_word' id='word_1_858' title='bbox 3107 5836 3254 5893; x_wconf 88' lang='lat' dir='ltr'><strong>ditet.</strong></span> 
     </span>
    </p>
   </div>
  </div>
