4044 6382
492 360 589 417 ωδ

989 476 1195 534 FEBIA
1244 478 1548 547 QUARTA.

1040 569 1119 622 Ad
1158 569 1498 629 Matutinum.

550 658 871 722 Antiphonta.
932 661 987 715 itt
1047 671 1099 717 te
1150 665 1378 718 conlidit
1411 664 1589 720 anima
1638 679 1778 721 mea.
1827 666 2068 724 Psalmus

483 765 587 806 Lrt.
622 751 821 807 Oratio.
853 753 991 808 Deus
1024 754 1115 809 Dei
1148 754 1336 822 Filius,
1374 757 1524 827 cujus
1569 760 1619 813 in
1650 760 1905 815 mtérnum
1937 761 2066 830 pc'r-

483 856 679 899 manet.
723 845 939 913 Require
971 846 1064 913 [οι.
1098 846 1150 899 5.

552 938 869 1007 Antiphone.
912 938 1230 1007 Egrediétur
1260 955 1411 1011 Virga
1465 941 1532 997 de
1563 944 1743 998 radice
1768 944 1943 1000 Jesse.
1998 945 2060 999 Ρ.

485 1027 549 1082 Et
576 1028 670 1083 llos
710 1030 778 1083 de
826 1032 1005 1085 radice
1036 1032 1153 1101 ejus
1181 1032 1461 1089 ascendet.
1500 1034 1565 1089 P.
1598 1038 1663 1090 Et
1707 1036 1969 1107 judicabit
2013 1042 2063 1094 in

478 1123 681 1189 justiti:
713 1125 1000 1195 pauperes.
1056 1128 1127 1196 ᾖ.
1176 1128 1388 1197 Virgam
1434 1131 1647 1185 virtutis
1702 1142 1805 1187 tua:
1857 1133 2065 1189 emittet

481 1214 739 1269 Dominus
768 1230 833 1270 ex
865 1216 991 1271 Sion
1027 1233 1043 1270 :
1076 1218 1357 1273 dominer
1399 1220 1450 1273 in
1496 1221 1674 1276 medio
1721 1224 2062 1281 inimicérum

480 1306 715 1365 tu'drum.
753 1310 819 1366 P.
866 1311 931 1365 Et
970 1310 1067 1365 llos
1097 1313 1163 1366 de
1192 1313 1399 1368 radice.
1447 1315 1518 1382 ᾗ.
1556 1316 1761 1382 Gloria,
1794 1328 1849 1374 et
1891 1319 2064 1374 honor

484 1402 653 1456 Patri.
689 1403 755 1458 P.
801 1402 865 1458 Et
896 1405 1181 1473 judicaltil.

552 1494 751 1551 Oratio.
794 1496 923 1551 Esto
951 1500 1126 1565 nobis,
1154 1501 1399 1567 Domine,
1436 1504 1633 1557 corOna
1657 1502 1843 1572 gloria!
1874 1503 1925 1557 itt
1954 1503 2058 1569 die,

476 1597 586 1654 quo
634 1584 846 1641 véneris
896 1590 1151 1643 saeculum
1191 1592 1436 1658 jndicére
1466 1610 1560 1661 per
1614 1595 1815 1663 ignem,
1867 1606 1925 1650 ut
1975 1597 2062 1649 hic

484 1680 629 1748 pi-it‘t's
657 1684 902 1738 vestiaris
951 1684 1266 1740 indumento
1289 1687 1536 1756 justitia‘,
1566 1698 1621 1743 et
1668 1689 1787 1757 pust
1821 1688 2059 1759 perlecta

475 1766 661 1845 gloria:
703 1776 969 1831 libertate.
994 1777 1332 1849 Respondeat
1363 1779 1585 1835 Chorus.
1615 1782 1809 1836 Amen.

545 1867 646 1919 Per
687 1867 1109 1922 ntisericOrdiam
1152 1879 1320 1937 tuam,
1356 1872 1498 1926 Deus
1530 1882 1732 1927 noster.

543 1954 840 2019 Antiphone
869 1959 919 2013 1.
953 1958 1157 2024 Quibus
1187 1976 1291 2014 non
1332 1970 1417 2015 est
1449 1963 1722 2015 narratum
1751 1962 1816 2016 de
1848 1977 1935 2027 eo,
1968 1977 2056 2015 rt-

475 2044 696 2102 debunt.
731 2046 800 2103 P.
835 2050 924 2115 Et,
955 2052 1044 2119 qui
1091 2068 1196 2107 non
1236 2053 1543 2120 audierunt,
1589 2053 1892 2123 intelligent
1937 2071 1951 2109 :
2003 2062 2058 2110 et

468 2135 741 2202 ascendet,
775 2141 914 2193 sicut
952 2141 1238 2209 virgultum
1282 2158 1463 2197 coram
1515 2160 1606 2207 eo,
1637 2154 1691 2197 et
1720 2144 1857 2198 sicut
1905 2146 2055 2201 radix

471 2224 540 2280 de
567 2236 707 2281 terra
738 2229 959 2285 sitienti.
998 2232 1070 2300 ᾖ.
1105 2232 1162 2286 in
1207 2249 1301 2289 sua
1324 2233 1531 2304 justitia
1569 2236 1825 2304 iudicabit
1856 2236 2055 2305 paupe-

468 2329 558 2370 res
603 2317 808 2388 populi,
841 2328 896 2375 et
924 2322 1097 2377 salvos
1131 2323 1290 2380 faciet
1333 2325 1469 2380 ﬁlios
1504 2325 1818 2397 pauperum,
1858 2338 1910 2382 et
1953 2327 2054 2383 hn-

468 2410 697 2464 milihbit
740 2414 1204 2473 calumniatérem.
1251 2416 1317 2472 P.
1366 2418 1453 2485 Et,
1492 2421 1578 2486 qui
1610 2435 1713 2473 nou
1746 2420 2050 2476 audierunt.

487 2501 519 2569 )
546 2541 557 2553 .
589 2501 793 2565 Gloria.
825 2514 879 2559 et
912 2507 1098 2560 honor.
1137 2506 1201 2562 Ρ.
1236 2507 1320 2572 Et,
1352 2511 1438 2578 qtti
1464 2524 1569 2563 non
1607 2510 1911 2572 audierunt.

543 2593 743 2650 ονάιὶο.
786 2598 987 2665 Quibus
1018 2615 1122 2654 non
1146 2609 1229 2655 est
1257 2604 1526 2657 narrtltum
1558 2602 1623 2658 de
1641 2618 1726 2670 eo,
1755 2602 2011 2657 videbunt
2035 2620 2049 2669 ;

471 2696 546 2752 et,
586 2690 675 2756 qui
718 2705 823 2744 non
855 2691 1157 2757 audierunt,
1190 2693 1523 2763 intelligunt;
1557 2698 1682 2764 quia
1708 2710 1834 2763 spes
1865 2695 1964 2748 lida
2000 2695 2051 2748 itt

464 2779 580 2845 ipso
601 2792 815 2849 semper
844 2790 1045 2850 manet,
1077 2782 1129 2837 in
1175 2800 1280 2853 quo
1311 2796 1396 2839 est
1441 2786 1672 2853 pertc'cta
1705 2786 1894 2854 gloria:
1936 2788 2051 2856 ple-

449 2871 665 2925 ‘nitudo.
691 2871 914 2942 Réplcat
935 2873 1114 2943 itaque
1140 2890 1201 2929 os
1229 2886 1475 2931 nostrum
1526 2878 1881 2947 jocunditate,
1915 2890 1966 2932 ut
1999 2888 2053 2933 ct

458 2975 561 3015 vox
594 2973 773 3016 ιιομιη
802 2962 920 3034 cjus
953 2966 1173 3020 resultet
1214 2966 1520 3036 prmcéuiis,
1549 2976 1602 3021 et
1626 2968 1912 3038 impleatur
1940 2969 2053 3023 {tui-

458 3065 542 3104 ma
566 3050 746 3107 donis.
775 3054 1107 3123 Respondeat
1139 3055 1362 3112 Chorus.
1397 3061 1594 3116 Amen.

525 3145 631 3200 Per
663 3148 1092 3205 misericordiam
1121 3160 1288 3207 tuam.

524 3238 823 3304 Aniiphona
852 3241 908 3295 2.
954 3243 1204 3299 Ελυιιύιρ
1246 3246 1296 3300 in
1336 3246 1518 3300 lzetitia
1565 3246 1753 3315 Jacob,
1807 3257 1861 3302 et
1913 3248 2041 3304 inite
2068 3212 2116 3275 ο

452 3342 637 3386 contra
664 3341 825 3402 caput
864 3335 1125 3405 gentium.
1165 3336 1230 3393 Ρ.
1268 3337 1586 3404 i’ersonate,
1636 3339 1835 3407 Canite,
1868 3353 1921 3395 et
1962 3340 2043 3394 di-

448 3426 574 3481 cite.
612 3424 677 3479 Ρ.
712 3427 895 3492 Salva,
956 3429 1207 3496 nemine,
1266 3431 1523 3500 pupulum
1569 3442 1741 3494 tuum.
1787 3432 2042 3502 reliquias

456 3516 641 3573 Israél.
692 3519 767 3586 ᾗ.
811 3520 1023 3575 St'ttnite
1065 3524 1349 3591 psalmum,
1407 3532 1461 3577 et
1511 3524 1635 3577 date
1684 3534 2035 3593 tympanum:

449 3607 762 3676 pSaltérintn
808 3608 1103 3679 jucundum
1154 3626 1277 3665 cum
1327 3611 1553 3666 cithara.
1606 3611 1672 3665 Ρ.
1728 3612 2039 3679 Pereonate,

447 3698 647 3755 chnite.
697 3700 732 3771 ᾗ
760 3742 774 3756 .
807 3700 1014 3769 Gloria,
1039 3712 1094 3758 et
1123 3703 1315 3759 honor.
1347 3702 1414 3759 P.
1445 3704 1627 3771 Salva,
1675 3703 1921 3761 Démine.

524 3793 724 3847 Oratio.
768 3793 897 3863 Fac,
932 3812 1049 3863 nos,
1081 3794 1329 3863 Dentine,
1370 3796 1532 3867 justé,
1565 3795 1744 3853 sobrie
1773 3806 1826 3851 et
1870 3794 1955 3866 pié
1986 3798 2037 3851 in

446 3880 550 3939 hoc
579 3883 776 3937 saeculo
807 3884 1012 3950 vivere,
1046 3886 1392 3952 expectantes
1443 3888 1652 3942 hehtam
1684 3887 1829 3941 illam
1858 3903 2036 3958 spem,

443 3987 501 4032 et
551 3977 851 4033 Adventum
902 3979 1164 4036 claritatis
1211 3982 1622 4052 magniﬁcentiae
1673 3995 1821 4039 tuae:
1879 3996 1930 4040 ct
1960 3984 2037 4043 sic

448 4086 542 4140 per
573 4072 793 4127 semitas
820 4073 1041 4143 justitiae
1086 4078 1389 4141 curramus,
1438 4088 1497 4133 ut
1534 4078 1727 4133 merito
1778 4079 2035 4134 accédere

444 4170 511 4221 ad
540 4168 800 4225 :etérnam
833 4171 1186 4228 hereditatem
1219 4178 1505 4244 possimus.
1535 4176 1863 4247 Respondeat
1901 4179 2036 4233 Cho-

439 4276 549 4315 rus.
580 4261 772 4317 Amen.

510 4353 615 4425 37
648 4355 747 4410 Per
772 4358 1193 4414 misericordiam
1226 4371 1391 4430 tuam,
1452 4361 1591 4418 Dens
1621 4374 1825 4421 noster.

525 4448 596 4513 ti.
631 4449 931 4519 l'lt'tcabilis,
982 4454 1340 4522 Hierusalem,
1387 4456 1597 4514 véniatn
1651 4462 1700 4515 itt
1758 4464 2029 4522 montibus

1690 366 2129 424 BREVIARIUM
2171 369 2543 431 GOTIIICUM.

2094 485 2141 543 Λ
2169 494 2221 538 et
2268 488 2609 548 adntiramini
2646 508 2659 543 :
2702 501 2911 549 montes
2955 495 3098 552 enim
3142 503 3645 575 commovebuntur,
3699 524 3755 570 et

3652 386 3757 454 108

2169 581 2541 638 concutiéntur
2561 583 2900 642 fundamenta
2923 596 3100 647 terrm.
3122 588 3188 646 P.
3215 594 3279 648 Et
3301 604 3440 650 terra
3460 599 3751 668 splenduit.

2183 672 2217 739 ᾗ
2242 714 2254 725 .
2280 672 2481 742 Gloria,
2508 687 2562 731 et
2602 677 2789 734 honor.
2824 682 3108 736 Reiterélur
3152 684 3572 757 Ilesponsdrium.
3618 695 3756 755 Ecce

2166 764 2440 834 majéstas.

2251 857 2284 924 ᾗ
2310 896 2324 912 .
2348 858 2561 913 Clamor
2583 860 2753 919 factus
2779 872 2861 919 est
2885 883 2896 917 :
2928 878 3055 922 ecce
3074 881 3302 935 Sponsus
3323 882 3490 929 venit.
3515 873 3579 930 P.
3600 877 3754 935 Exite

2167 947 2378 1003 obviam
2412 952 2481 1005 ci.
2526 953 2559 1019 ᾗ
2584 991 2598 1005 .
2634 954 2975 1020 Benedictus,
3007 960 3097 1027 qui
3139 961 3285 1017 venit
3315 964 3366 1017 in
3397 963 3614 1024 nomine
3644 969 3752 1024 Πύ-

2166 1042 2315 1105 mini,
2350 1060 2440 1097 rex
2473 1045 2651 1101 lsraél.
2679 1045 2745 1101 Ρ.
2774 1047 2945 1104 Exite.
2993 1051 3025 1117 ᾖ
3049 1089 3061 1101 .
3088 1048 3293 1119 ϐιότὶει,
3316 1067 3367 1109 et
3393 1056 3565 1113 honor
3586 1059 3748 1117 Patri.

2168 1132 2453 1189 Reiterétur
2474 1135 2896 1207 Responsérium.
2943 1140 3157 1197 Clamor
3187 1143 3359 1200 factus
3388 1159 3491 1202 est.
3591 1150 3616 1173 ‘

2250 1224 2321 1292 ἡ.
2368 1226 2506 1281 Ecce
2540 1227 2793 1283 Dominus
2835 1232 3090 1289 ascéndet
3132 1250 3295 1305 super
3323 1238 3517 1293 nubem
3548 1240 3744 1297 levem.

2169 1314 2235 1371 Ρ.
2279 1318 2345 1372 Et
2375 1321 2698 1389 ittgredetur
2723 1322 3032 1392 :Egyptum,
3064 1334 3136 1391 et,
3170 1336 3227 1381 ut
3254 1342 3346 1383 rex
3376 1329 3545 1396 tortis,
3577 1332 3749 1388 domi-

2163 1406 2377 1463 nabitur
2402 1411 2610 1465 cunctis
2638 1417 2900 1480 gentibus.
2948 1416 2977 1484 ᾗ
3008 1456 3023 1469 .
3057 1417 3193 1471 lleus
3226 1417 3507 1477 manifeste
3534 1422 3735 1491 veniet,

2166 1499 2306 1555 Deus
2338 1511 2539 1568 noster,
2569 1514 2623 1558 et
2660 1520 2765 1559 non
2794 1506 2991 1563 silebit.
3040 1505 3108 1563 P.
3146 1509 3211 1563 Et
3260 1509 3607 1580 ingredietur.
3672 1515 3706 1583 ᾗ
3729 1555 3745 1572 .

2163 1592 2363 1659 Gloria,
2391 1605 2446 1649 et
2472 1596 2659 1650 honor.
2682 1595 2749 1651 P.
2774 1599 2837 1653 Et
2868 1599 3212 1669 ingredietur.

2249 1686 2321 1753 ᾖ.
2365 1686 2503 1741 Ecce
2552 1687 2809 1744 Dt'uninus
2852 1690 3052 1757 veniet,
3084 1702 3138 1747 et
3167 1709 3273 1749 non
3314 1696 3622 1753 ntentiétur.
3674 1698 3741 1754 P.

2165 1776 2248 1842 Et,
2281 1777 2324 1830 si
2350 1794 2553 1833 moram
2589 1779 2796 1849 fécerit,
2826 1785 3045 1851 expecta
3067 1786 3209 1840 illutn
3232 1803 3246 1853 ;
3268 1787 3518 1855 quoniam
3543 1788 3740 1858 véniet,

2082 1853 2128 1913 Β
2158 1877 2335 1923 etnon
2367 1872 2613 1926 tardabit.
2663 1875 2693 1943 ᾖ
2721 1913 2735 1929 .
2764 1875 2863 1942 Qui
2893 1877 3091 1931 emittit
3138 1853 3410 1949 eloquium
3442 1890 3619 1948 terrae,
3654 1853 3745 1940 vel

2160 1958 2347 2014 lociter
2372 1962 2535 2015 currit
2563 1978 2741 2018 sermo
2785 1966 2920 2034 ejus.
2954 1967 3011 2020 Ρ.
3064 1968 3147 2033 Et,
3196 1970 3240 2023 si
3289 1986 3493 2027 moram
3535 1971 3740 2032 fecerit.

2174 2049 2206 2118 y
2234 2090 2245 2103 .
2278 2050 2477 2117 Gloria,
2510 2062 2563 2107 et
2594 2052 2763 2108 honor
2793 2056 2957 2111 Patri.
2992 2056 3050 2111 ι».
3086 2058 3171 2125 Ει,
3207 2061 3249 2114 si
3274 2076 3503 2119 moram.

2249 2141 2323 2209 ᾗ.
2356 2142 2570 2197 Oriétur
2621 2144 2933 2200 timentibus
2982 2148 3148 2201 Deum
3176 2150 3256 2204 sul
3284 2151 3530 2222 justitia,
3559 2164 3614 2210 et
3659 2155 3746 2210 sa-

2159 2230 2295 2283 nitas
2338 2232 2391 2286 in
2445 2234 2633 2303 pennis
2680 2235 2817 2304 ejus.
2888 2237 2960 2306 Ῡ.
3011 2237 3226 2294 Oriétur
3278 2241 3332 2295 in
3382 2242 3571 2299 diebus
3628 2246 3744 2315 ejus

2154 2323 2382 2392 justitia,
2414 2335 2468 2379 et
2497 2328 2822 2382 abundantia
2866 2330 3048 2399 pacis:
3083 2332 3253 2387 donec
3282 2335 3571 2390 extollitur
3593 2336 3741 2395 luna.

2164 2412 2227 2466 P.
2256 2416 2319 2468 Et
2340 2416 2559 2471 sanitas.
2616 2418 2648 2486 Ῡ
2675 2456 2688 2472 .
2721 2418 2924 2485 Gloria,
2954 2428 3008 2475 et
3036 2421 3211 2479 honor
3232 2421 3399 2490 Patri,
3428 2436 3484 2480 et
3508 2425 3664 2493 Filio,
3690 2436 3742 2483 et

2157 2508 2375 2575 Spiritui
2398 2510 2615 2564 Sancto.
2649 2509 2711 2564 P.
2742 2512 2809 2565 Et
2832 2512 3058 2567 sanitas.

2228 2600 2306 2651 Ad
2340 2597 2586 2668 Vésperos
2616 2602 2837 2671 dicatur,
2870 2611 2924 2656 ut
2968 2603 3021 2657 in
3049 2604 3181 2674 feria
3221 2614 3363 2660 sexta
3410 2608 3593 2677 prima:
3621 2608 3740 2664 lteb-

2156 2687 2415 2743 donandus.

2696 2783 2895 2840 FERIA
2938 2758 3215 2854 quin“.

2728 2898 2805 2951 Ad
2837 2897 3169 2954 Matutinum.

2193 2988 2538 3060 .Antiphoua.
2592 2989 2833 3054 Domine.
2866 2993 2993 3063 quid
3035 2995 3369 3065 multiplicati
3412 3001 3580 3055 sunt?
3610 2999 3735 3056 Cum

2155 3098 2249 3135 sua
2276 3081 2518 3135 Oratione
2540 3082 2865 3153 Multiplicati
2881 3096 3026 3151 sunt,
3048 3086 3295 3144 Dumine.
3321 3087 3542 3160 Require
3560 3094 3655 3163 [οι.
3679 3092 3733 3149 8.

2226 3174 2523 3242 Antiphone
2557 3176 2609 3229 i.
2636 3175 2773 3231 Ecce
2804 3176 3061 3231 Detninus
3084 3178 3335 3235 ascendet
3355 3196 3517 3251 super
3538 3186 3733 3241 nubem

2154 3262 2347 3318 let-em.
2397 3262 2465 3318 Ρ.
2510 3264 2577 3318 Et
2616 3266 2938 3335 ingredietur
2978 3268 3288 3339 Egyptum.
3325 3270 3390 3326 P.
3427 3274 3511 3337 Et,
3558 3287 3612 3330 ttt
3641 3292 3735 3333 rex

2150 3356 2325 3422 fortis,
2368 3355 2729 3414 dominabitur
2774 3363 2977 3416 cunctis
3008 3362 3274 3432 gentibus.
3344 3366 3416 3435 ᾗ.
3451 3366 3590 3421 Deus
3620 3384 3734 3423 ma-

2146 3446 2340 3503 nifeste
2377 3449 2574 3515 véuiet,
2609 3450 2747 3505 Deus
2786 3460 3002 3519 noster;
3046 3464 3100 3509 et
3146 3470 3249 3509 non
3296 3456 3490 3512 silebit.
3542 3457 3610 3514 P.
3669 3459 3736 3516 Et

2146 3540 2494 3611 ingred.étur.
2541 3543 2575 3613 Ῡ
2600 3582 2614 3597 .
2641 3543 2842 3609 Gléria,
2873 3556 2925 3600 et
2967 3546 3137 3602 honor
3179 3547 3343 3616 Patri,
3387 3560 3441 3604 et
3475 3548 3629 3605 Filio.
3667 3553 3730 3608 Ρ.

2145 3632 2229 3697 Ει,
2256 3642 2311 3687 ttt
2341 3650 2432 3688 rex
2458 3636 2631 3701 fortis,
2660 3636 3049 3693 dominabitur.

2217 3723 2416 3780 Oratio.
2446 3725 2583 3781 Ecce
2604 3743 2761 3797 super
2784 3729 2977 3785 nubem
3001 3739 3051 3785 te
3068 3730 3353 3787 Dominum
3373 3737 3720 3789 ascensurunt

2143 3814 2531 3884 Prophetarum
2597 3820 2842 3875 vaticinia
2918 3823 3278 3889 prmdixérunt
3328 3843 3341 3879 :
3388 3835 3442 3880 ct
3499 3824 3622 3880 ideo
3679 3838 3730 3881 te

2138 3924 2461 3980 qumsumus,
2490 3922 2564 3977 ut,
2590 3913 2678 3982 qui
2700 3914 2822 3967 olim
2856 3912 2909 3967 in
2933 3929 3094 3971 carne
3117 3918 3438 3980 nasciturus,
3474 3916 3727 3972 mundum

2140 4001 2326 4070 Ltique
2381 4000 2541 4055 istum
2584 4002 2888 4073 ingrediens
2938 4021 3029 4059 rex
3080 4006 3255 4072 furtis,
3303 4005 3597 4061 dominium
3636 4022 3729 4078 per

2140 4092 2298 4147 [idem
2356 4094 2632 4149 ohtinuisti
2691 4097 2741 4148 itt
2804 4096 3085 4163 gentibus;
3159 4098 3299 4165 pium
3359 4107 3413 4152 te
3474 4099 3527 4152 in
3576 4098 3727 4154 nobis

2137 4184 2407 4250 05téndas,
2471 4200 2594 4239 cum
2661 4188 2972 4256 apparueris
3037 4189 3322 4258 gloritistts.
3393 4188 3726 4260 Respondeat

2135 4278 2352 4332 Charm.
2379 4281 2570 4333 Amen.

2209 4368 2306 4423 l’cr
2336 4369 2757 4425 misericordiam
2795 4379 2958 4439 tuam,
2996 4372 3136 4427 Deus
3162 4382 3364 4428 noster.

2204 4461 2500 4529 Αηιίριιοηα
2528 4460 2582 4515 2.
2618 4462 2759 4519 Ecce
2790 4464 3046 4519 Durniuus
3088 4464 3290 4531 veniet,
3324 4474 3379 4519 et
3410 4480 3515 4520 non
3566 4481 3723 4521 men-

439 4541 541 4594 luis
579 4550 678 4595 :ct
719 4544 1001 4608 exultabis.
1048 4548 1166 4616 quia
1222 4548 1338 4604 dies
1385 4550 1593 4607 Domini
1644 4552 1854 4612 vénient
1909 4561 2019 4615 tibi.
2056 4581 2107 4643 ο
2138 4554 2320 4608 tiétur.
2382 4553 2452 4609 Ρ.
2508 4555 2595 4621 Et.
2658 4556 2703 4610 si
2751 4572 2955 4611 moram
3013 4556 3220 4624 fécerit,
3264 4558 3484 4628 expécla
3539 4559 3718 4623 illum;
3788 4576 3791 4579 '

436 4634 630 4703 Surge,
663 4635 825 4701 Sion;
878 4637 1195 4694 convertere
1240 4641 1305 4695 ad
1338 4644 1502 4697 Deum
1538 4654 1706 4700 tuum.
1738 4647 1943 4717 Ghnde,
1972 4667 2024 4707 et

2146 4644 2381 4713 muniam
2430 4645 2650 4702 véuiens
2694 4647 2888 4713 veniet,
2936 4658 2989 4703 et
3035 4665 3137 4703 non
3188 4648 3435 4705 tardabit.
3491 4651 3566 4720 Ῡ.
3618 4651 3719 4720 Qui

434 4722 639 4791 laetare,
670 4725 861 4784 Jacub.
897 4728 966 4793 Ρ.
993 4731 1128 4798 Quia
1169 4732 1238 4788 de
1283 4734 1459 4788 médio
1502 4736 1737 4806 gentium
1788 4743 2029 4799 salvator

435 4826 552 4871 tuus
575 4819 790 4888 prodiit.
836 4824 909 4892 ᾖ.
947 4824 1255 4892 Revertere,
1287 4829 1393 4883 ﬁlia
1434 4830 1563 4887 Sion
1600 4850 1613 4889 :
1651 4834 1924 4893 revertere
1957 4840 2023 4892 ad

429 4909 674 4967 civitates
709 4923 825 4969 tuas
858 4932 870 4967 :
904 4918 1194 4984 revertere,
1229 4922 1388 4991 :virgo
1433 4924 1613 4979 lsraél.
1663 4924 1727 4980 Ρ.
1773 4927 1905 4994 Quia
1959 4930 2025 4985 dc

429 5004 629 5060 tnédio.
694 5005 767 5075 ᾗ.
817 5006 1041 5075 Gloria,
1086 5022 1139 5066 et
1181 5013 1350 5068 honor
1402 5016 1565 5071 Patri.
1614 5018 1905 5075 Iieilerétur
1949 5022 2022 5089 ἡ.

428 5094 737 5163 Placabilis,
776 5100 1134 5159 Hierusalem.
1875 5121 1880 5125 '

502 5190 692 5246 Omnia
722 5194 831 5247 tilia
861 5211 1020 5263 usque
1048 5198 1101 5251 in
1157 5200 1308 5267 [mem
1357 5199 1605 5256 Matuttni
1660 5204 1924 5267 dicdntur,
1969 5215 2024 5258 ut

426 5285 480 5338 in
520 5297 661 5340 sexta
710 5288 840 5359 féria
884 5291 1062 5359 prima:
1108 5294 1441 5350 hebdomade:
1488 5295 1584 5368 fol.
1641 5296 1729 5350 15.
1790 5295 2022 5366 Επεέριά

431 5373 729 5445 Prophetid,
773 5396 887 5450 qua:
914 5392 983 5435 est
1032 5382 1247 5441 dicenda
1275 5387 1339 5441 de
1380 5390 1557 5455 quinto
1588 5388 1858 5443 Dominico
1882 5405 2017 5457 prm-

430 5473 585 5526 tért'to
624 5474 720 5545 fol.
752 5474 842 5530 34.

510 5565 547 5633 ii
572 5604 585 5619 .
621 5565 759 5623 Ecce
782 5569 1031 5637 maiestas
1059 5571 1153 5627 Dei
1175 5574 1322 5628 venit
1353 5588 1447 5641 per
1473 5589 1633 5639 vtam,
1658 5588 1775 5641 qua:
1798 5571 2018 5641 respicit

422 5652 488 5719 ad
517 5655 775 5713 orientem
811 5677 823 5712 :
856 5672 907 5715 ct
938 5678 1036 5715 Vox
1092 5662 1233 5732 ejus,
1273 5665 1411 5718 sicut
1439 5678 1542 5717 vox
1568 5663 1827 5734 aquirum
1874 5662 2015 5718 mul-

424 5743 616 5800 tarunt.
650 5747 717 5801 Ρ.
749 5750 813 5803 Et
843 5761 981 5806 terra
1010 5751 1282 5822 splenduit
1323 5753 1351 5806 it
1379 5753 1624 5810 claritate
1656 5753 1889 5811 Domini.
1936 5758 1969 5827 ᾗ
1996 5798 2013 5814 .

421 5835 634 5908 Audite,
690 5840 909 5908 insulto;
958 5843 1319 5911 ctotte’mlite,
1357 5845 1535 5917 populi
1577 5864 1589 5902 :
1629 5849 2010 5922 obstupescite,

2131 4738 2295 4792 mittit
2323 4738 2594 4808 eloquium
2639 4756 2792 4795 suum
2829 4750 3005 4811 terra),
3041 4742 3301 4798 velociter
3330 4744 3497 4799 currit
3539 4760 3719 4801 sermo

2130 4833 2264 4902 ejus.
2300 4830 2367 4887 P.
2402 4833 2496 4901 Et,
2546 4835 2591 4889 si
2638 4851 2865 4901 moram.
2928 4837 2962 4906 Ῡ
2988 4875 3001 4889 .
3036 4836 3235 4901 Gléria,
3266 4846 3319 4892 et
3351 4837 3525 4893 honor
3553 4839 3715 4904 Patri,

2127 4933 2181 4979 et
2211 4922 2369 4991 Filio,
2406 4934 2459 4980 et
2487 4924 2709 4994 Spiritui
2739 4926 2956 4982 Sancto.
2998 4926 3059 4981 Ρ.
3086 4928 3171 4995 Et,
3205 4929 3251 4984 si
3283 4945 3485 4984 moram
3506 4928 3715 4987 fecerit.

2201 5020 2401 5074 Ονάιὶο.
2432 5020 2786 5088 Expectiimus
2816 5029 2891 5085 te,
2928 5020 3169 5088 Dt'unine,
3208 5021 3459 5089 quoniam
3492 5022 3715 5079 véniens

2126 5110 2331 5167 venies.
2360 5109 2512 5165 Nunc
2537 5120 2739 5176 tamen,
2774 5110 2894 5180 quia
2935 5127 3160 5179 regnum
3192 5121 3337 5167 tuutn
3391 5128 3548 5182 supra
3602 5112 3713 5169 tér-

2128 5201 2300 5255 minos
2346 5211 2508 5256 teme
2557 5201 2901 5269 agnoscitur;
2961 5218 3064 5257 non
3094 5210 3146 5257 te
3194 5205 3475 5259 mentitum
3529 5204 3712 5271 fuisse,

2125 5293 2407 5349 infirmitas
2456 5306 2636 5349 nostra
2685 5294 3066 5365 c0nquéritur:
3100 5296 3315 5351 Etidro
3363 5300 3713 5364 expectemus

2124 5396 2176 5443 te
2206 5387 2474 5443 desiderio
2506 5388 2755 5451 ltt'tmiles.
2806 5397 2881 5454 ut,
2928 5390 3047 5443 cum
3098 5388 3331 5453 veneris,
3360 5388 3567 5444 elliciss
3614 5404 3712 5443 nos

2124 5481 2217 5535 tibi
2251 5478 2368 5535 sine
2401 5481 2506 5535 line
2548 5479 2846 5534 consortes.
2881 5479 3205 5547 Respondeat
3246 5479 3465 5535 Chorus.
3515 5483 3707 5538 Amen.

2198 5573 2301 5629 Per
2328 5572 2757 5629 misericordiam
2783 5584 2953 5639 tuam,
2982 5573 3120 5629 Deus
3142 5586 3343 5629 noster.

2192 5666 2483 5738 Antfpltona
2510 5667 2564 5722 '5.
2586 5666 2797 5723 Orietur
2824 5668 3131 5724 timentibus
3160 5668 3328 5723 Deum
3350 5668 3440 5723 Sol
3461 5669 3707 5737 Ῑυιιίιίιιι.

2121 5741 2189 5811 1³.
2225 5756 2292 5811 Et
2321 5756 2524 5812 sanitas
2564 5758 2615 5813 in
2646 5758 2835 5828 pennis
2879 5757 3015 5827 ejus.
3070 5759 3101 5822 ᾗ
3130 5797 3142 5812 .
3193 5758 3407 5814 Oriétur
3437 5760 3490 5814 in
3520 5760 3708 5815 diebus

2120 5850 2233 5921 ejus
2273 5850 2502 5918 justitia,
2536 5862 2587 5907 et
2618 5849 2937 5906 abundantia
2987 5852 3130 5921 pacis
3162 5868 3177 5907 :
3208 5851 3382 5910 donec
3418 5851 3706 5910 extollitur
