4044 6382
200 392 289 448 105
1021 386 1226 441 FElilA
1253 384 1336 442 ’ΥΙ
1376 386 1549 444 POST
1594 387 1823 444 DOMIN.
1869 388 1911 442 ’γ
1956 384 2333 442 ADVENTUS
2375 383 2627 441 DOMINI.
3350 388 3452 444 1.06

195 510 351 565 Luna.
389 504 455 561 P.
486 504 548 559 Et
582 504 802 560 sanitas.
856 506 887 572 ir
914 544 928 559 .
954 502 1133 559 Gloria
1156 546 1171 567 ,
1199 511 1257 560 et
1282 504 1457 560 honor
1505 504 1668 569 Patri,
1719 513 1772 558 et
1800 508 1846 567 Α
1876 512 2053 567 tuum;
2086 501 2251 556 libera
2280 499 2537 569 perditos,
2573 511 2703 567 quos
2736 494 3007 551 redemisti
3039 510 3232 568 magno
3262 497 3459 567 opere:

195 601 340 667 Filio,
366 608 420 655 et
450 598 671 669 Spiritui
716 599 935 654 Sancto.
967 596 1036 652 P.
1070 599 1139 653 Et
1166 598 1392 655 sanitas.
1882 605 1959 660 nt,
1990 594 2079 663 qui
2110 591 2366 648 inﬁrmari
2394 605 2491 661 pro
2516 589 2668 645 nobis
2690 582 2939 659 dignatus
2960 602 3019 643 es
3050 588 3233 673 homo,
3259 588 3463 646 Divini-

257 691 461 747 Onitio.
491 690 645 746 Oﬁre
684 689 735 745 in
767 689 1020 746 cordibus
1063 691 1281 757 nostris,
1310 690 1403 747 Sol
1449 690 1693 760 iustitiae,
1721 699 1778 745 et
1882 686 2005 740 totis
2064 695 2169 740 tua:
2231 684 2478 739 homines
2537 682 2771 753 digneris
2840 681 3146 751 praemuniri
3194 680 3459 741 subsidio.

191 783 425 840 illumina
451 795 549 836 nos
586 779 828 838 claritate
861 778 1146 836 Adventus
1176 781 1286 845 tui;
1317 791 1396 848 ut,
1424 783 1514 851 qui
1546 782 1599 835 in
1648 795 1779 836 voce
1887 779 2213 847 Respondeat
2237 777 2458 833 Chorus.
2491 774 2680 831 Amen.

192 871 564 945 promissionis
614 880 719 927 tua;
764 869 1153 938 ltilaréscimus,
1201 871 1254 927 in
1303 871 1552 929 Adventu
1592 870 1779 941 gloriae
1953 871 2054 927 Per
2085 870 2507 927 misericordiam
2532 878 2698 935 tuam,
2726 868 2866 925 Deus
2898 868 3107 924 noster.

192 974 288 1019 tute
335 954 485 1018 nullo
535 961 694 1018 modo
724 960 1144 1018 confundamur.
1193 961 1526 1032 Respondeat
1553 962 1775 1017 Chorus.
1969 964 2005 1030 ti
2029 1004 2043 1017 .
2075 963 2347 1018 Liberabit
2367 976 2464 1018 nos
2487 962 2745 1016 Dominus
2767 962 2796 1016 ἐι
2819 961 3095 1030 potentatu
3125 960 3465 1020 inituicorum

193 1059 385 1115 Amen.
1889 1054 2212 1110 nostrorum.
2258 1050 2321 1105 P.
2371 1050 2439 1107 Et
2460 1051 2639 1107 véniet
2664 1052 2817 1107 nobis
2845 1050 3102 1122 gaudium
3134 1060 3190 1109 et
3218 1052 3404 1109 laetitia
3436 1054 3468 1108 it

253 1148 358 1202 Per
388 1138 809 1203 misericordiam
860 1149 1030 1215 ipsius
1057 1148 1153 1204 Dei
1183 1150 1373 1204 nostri.
1888 1146 1994 1201 Deo
2022 1144 2243 1200 salutari
2275 1156 2460 1199 nosuo
2490 1143 2760 1200 celeriter.
2804 1144 2840 1212 Ῡ
2865 1182 2879 1196 .
2911 1143 3051 1199 Ecce
3093 1143 3209 1201 dies
3229 1144 3466 1211 venient,

268 1238 305 1296 ti
329 1276 344 1291 .
374 1236 593 1293 Véniatn
623 1237 692 1292 ad
721 1237 1027 1307 Sion,dicit
1052 1238 1332 1308 Dominus,
1363 1247 1418 1294 et
1446 1239 1699 1295 habitam
1727 1241 1781 1293 in
1882 1235 2011 1291 dicit
2039 1234 2299 1290 Diminus
2330 1250 2344 1288 :
2372 1233 2646 1290 suscitth
2681 1248 2845 1303 super
2873 1248 2969 1291 vos
2991 1234 3209 1291 verbum
3242 1236 3466 1302 bonum,

196 1329 552 1384 Hierusalem.
609 1326 678 1382 P.
741 1328 810 1383 Et
870 1329 1147 1384 vocabitur
1204 1329 1538 1385 Hierusalem
1591 1330 1780 1386 civitas
1883 1335 1938 1382 et
1965 1326 2283 1382 invocabitis
2312 1341 2421 1388 me,
2448 1336 2502 1381 et
2532 1326 3155 1396 timébitiszorobitis,et
3176 1330 3464 1399 eguexou-

189 1429 392 1473 sancta.
444 1419 478 1487 Ῡ
506 1458 520 1472 .
552 1418 711 1486 Audi,
739 1419 962 1488 populus
987 1434 1161 1497 meus,
1188 1429 1244 1475 et
1280 1422 1467 1492 loquar
1516 1422 1698 1486 lsraél,
1726 1431 1780 1476 et
1883 1422 2030 1477 diam
2080 1432 2200 1478 Vos.
2235 1419 2302 1474 P.
2338 1421 2406 1475 Et
2434 1419 2613 1476 veniet
2661 1419 2816 1476 nobis
2856 1421 3134 1491 gaudium,
3188 1422 3479 1478 etlaztitia.‘

191 1509 512 1564 tesﬁiicabor
542 1509 658 1574 tibi,
688 1507 870 1577 lsraél,
896 1511 940 1565 si
983 1525 1069 1566 me
1098 1511 1354 1568 audieris.
1396 1511 1463 1570 Ρ.
1512 1513 1579 1567 Et
1622 1512 1780 1568 voca-
1898 1515 1933 1583 ir
1960 1551 1976 1566 .
2004 1513 2205 1578 Gloria,
2234 1520 2289 1567 et
2305 1511 2477 1566 honor
2497 1511 2660 1577 Patri,
2683 1521 2734 1567 et
2756 1512 2911 1581 Filio,
2936 1523 2989 1569 et
3008 1512 3232 1584 Spiritui
3253 1516 3471 1571 Sancto.

189 1599 349 1653 bitur.
396 1600 429 1669 ᾗ
455 1640 471 1656 .
500 1598 708 1667 Gloria,
733 1610 786 1656 et
814 1600 1010 1656 honor.
1040 1599 1109 1655 Ρ.
1136 1602 1202 1657 Ει
1232 1603 1530 1660 vocabitur.

1922 1606 1953 1659 ⁵.
1988 1605 2053 1659 Et
2085 1604 2264 1660 veniet
2285 1603 2437 1659 nobis
2464 1602 2742 1673 gaudium,
2772 1612 2826 1658 et
2847 1604 3051 1659 laetitia.

260 1692 467 1746 Oratio.
514 1691 664 1758 Veni,
712 1691 958 1759 Domine,
997 1694 1136 1749 sicut
1165 1696 1478 1765 promisisti,
1528 1695 1583 1761 in
1627 1695 1775 1763 Sion,
1959 1698 2146 1752 Omnia
2167 1696 2426 1766 olimque
2452 1697 2735 1765 sequuntur
2763 1712 2923 1765 usque
2946 1697 2997 1750 in
3019 1697 3174 1765 finem
3204 1697 3471 1765 Matutim‘,

188 1791 238 1835 et
265 1782 447 1837 habita
475 1782 527 1838 in
557 1779 922 1851 Hierusalem;
957 1793 1035 1854 ut,
1068 1786 1159 1857 qui
1186 1786 1299 1856 jam
1328 1789 1437 1859 38
1463 1789 1592 1845 olim
1618 1805 1782 1860 appa-
1886 1788 2148 1853 dicantur,
2176 1797 2229 1842 ut
2259 1788 2312 1841 in
2343 1788 2477 1857 {éria
2505 1796 2688 1853 quarta
2716 1786 2955 1840 secundae
2994 1786 3330 1842 hebdomadas
3379 1786 3475 1857 (oi.

189 1873 343 1928 ruisti
368 1874 931 1946 perﬁdemgloridsus,
954 1878 1069 1933 illic
1087 1878 1377 1936 dcclaréris
1398 1883 1449 1936 in
1468 1884 1775 1937 nostrérum
1810 1882 1855 1941 Β
1885 1883 1974 1939 18.
2032 1881 2265 1952 Excéptd
2312 1879 2619 1949 PrOphetiti,
2669 1893 2782 1948 qua:
2837 1878 3027 1931 dicitur
3088 1879 3152 1930 de
3208 1878 3477 1934 Ποιηίηὶεο

188 1970 418 2035 operum
447 1973 762 2043 dignitatem
795 1990 809 2027 :
841 1984 898 2029 ut
921 1985 976 2029 et
1004 1976 1138 2030 visio
1165 1976 1314 2044 pacis
1338 1976 1581 2043 pacatum
1605 1976 1656 2028 in
1688 1989 1785 2029 nos
1884 1973 2059 2042 quinto
2081 1971 2341 2040 prwtérito
2365 1970 2459 2039 [οι.
2492 1969 2582 2024 54.

186 2062 454 2119 honorem
479 2064 713 2119 ntiminis
736 2066 808 2118 tui
826 2066 1078 2129 retentet,
1096 2075 1151 2120 et
1168 2064 1492 2120 desiderium
1512 2065 1787 2120 Adventus
1958 2064 2040 2117 Ad
2071 2062 2340 2133 Vésperos,
2374 2070 2429 2115 ut
2453 2062 2649 2115 dictum
2677 2070 2750 2115 est
2772 2063 2826 2115 in
2868 2061 3002 2132 [éria
3030 2070 3216 2131 quarta
3246 2062 3483 2117 secundm

186 2155 260 2209 tui
298 2169 456 2209 nova:
487 2155 623 2209 lucis
655 2155 809 2211 nobis
850 2156 901 2210 in
929 2171 992 2211 ea
1021 2155 1169 2212 sidus
1197 2154 1516 2211 accumulet.
1544 2153 1789 2224 Rapon-
1890 2156 2247 2213 Hebdomada:
2268 2154 2364 2224 fol.
2395 2154 2479 2209 19.

183 2246 320 2298 deat
352 2246 574 2299 Chorus.
608 2248 802 2302 Amen.
1959 2246 2275 2316 Antiphone.
2298 2245 2353 2301 In
2379 2256 2429 2300 te
2460 2245 2677 2301 cunﬁdit
2704 2245 2878 2300 anima
2908 2261 3046 2301 mea.
3076 2245 3313 2302 Psalmus
3338 2263 3481 2302 XLVI.

263 2334 373 2389 Per
400 2335 821 2391 misericordiam
852 2345 1022 2402 tuam,
1057 2338 1197 2393 Deus
1222 2346 1427 2393 noster.
1965 2341 2322 2396 Oratio.Deus
2337 2338 2430 2394 Dei
2448 2339 2631 2403 Filius,
2660 2338 2881 2410 cujusin
2905 2342 3160 2395 aeternum
3179 2341 3477 2409 permanet,

261 2429 455 2484 Omnia
484 2430 613 2498 alia,
641 2448 759 2502 qua:
787 2436 1094 2502 sequuntur,
1120 2435 1378 2498 dicantur,
1409 2433 1538 2487 utin
1563 2434 1788 2488 secunda
1890 2440 1946 2485 ut
1975 2444 2157 2500 supra.

192 2523 326 2591 féria
345 2523 583 2576 secunda:
604 2521 1095 2594 Hebddmadeol.
1117 2522 1206 2581 16.
1230 2523 1461 2597 Excepti
1475 2523 1784 2597 ProPItett'd,
1958 2522 2255 2592 Antipltana
2314 2523 2362 2576 1.
2397 2521 2665 2578 Atténdite
2702 2522 2769 2577 ad
2800 2538 2907 2591 me,
2960 2523 3186 2592 populus
3220 2538 3402 2592 meus;
3428 2536 3485 2581 ct

193 2621 305 2684 qua:
334 2614 530 2667 dicitur
556 2615 621 2670 de
657 2613 929 2669 Dominico
968 2617 1146 2686 quinto
1173 2617 1435 2684 pra’tét‘ilo
1464 2617 1559 2687 fol.
1586 2618 1676 2673 54.
1889 2618 2057 2676 tribus
2080 2633 2218 2685 mea,
2252 2630 2338 2672 me
2367 2616 2567 2673 audite.
2618 2616 2682 2670 Ρ.
2726 2617 2859 2686 Quia
2888 2617 3145 2686 judicium
3205 2635 3383 2676 meum
3428 2621 3482 2676 in

264 2709 353 2762 Ad
392 2708 647 2779 Vésperos
682 2710 943 2777 dicantur,
974 2720 1029 2764 ut
1078 2712 1235 2781 supra
1286 2712 1339 2764 in
1388 2712 1608 2766 secunda
1658 2714 1789 2784 [ἐι-ἔα
1888 2712 2006 2770 luce
2036 2711 2351 2782 p0pul0rum
2395 2710 2696 2780 apparebit.
2760 2710 2836 2780 ᾗ.
2888 2709 3085 2767 Audite
3132 2711 3245 2768 lucc
3295 2728 3486 2769 omnes

201 2790 293 2857 fol.
340 2802 427 2857 17.
1890 2814 2078 2877 gentes
2115 2821 2130 2859 :
2163 2802 2382 2859 auribus
2430 2802 2712 2874 percipite,
2752 2804 2841 2873 qui
2875 2803 3130 2861 habitans
3177 2807 3386 2865 orbem.
3415 2806 3485 2862 P.

1892 2896 2027 2964 Quia
2067 2893 2333 2964 judicium
2383 2907 2585 2949 meum.
2650 2895 2725 2962 ᾖ.
2765 2893 2965 2961 Gloria,
3010 2905 3066 2952 et
3105 2896 3276 2952 ltonor
3320 2898 3485 2964 Patri,

1892 2995 1948 3040 et
1978 2984 2132 3050 Filio,
2157 2994 2213 3041 et
2232 2983 2454 3055 Spiritui
2496 2982 2717 3041 Sancto.
2743 2983 2809 3039 P.
2838 2985 2970 3052 Quia
2996 2987 3255 3057 judicium
3282 3006 3488 3048 meum.

276 3086 590 3157 Antiphone.
625 3086 765 3143 Lava
796 3103 904 3155 me,
939 3087 1185 3155 Domine,
1216 3085 1285 3142 ab
1328 3084 1586 3156 injustitia
1638 3099 1785 3152 mea,

1968 3075 2168 3130 Oratio.
2193 3074 2274 3130 Ad
2303 3085 2375 3140 te,
2408 3074 2654 3142 Domine,
2680 3076 2848 3132 tribus
2876 3088 2981 3144 tua,
3011 3094 3158 3146 ecce,
3183 3093 3237 3137 et
3263 3082 3491 3154 populus

219 3181 265 3227 et
288 3173 318 3229 it
344 3177 577 3246 peccatis
625 3179 761 3234 meis
791 3177 985 3233 munda
1013 3193 1109 3234 cor
1133 3192 1335 3234 meum.
1366 3177 1604 3232 Psalmus
1630 3193 1681 3232 ι..
1835 3241 1865 3246 _
1895 3166 2235 3243 accedéllless
2266 3166 2497 3236 Ρέιίωυε
2524 3177 2578 3222 ει
2620 3169 2892 3237 misimus,
2928 3180 2985 3224 υι
3015 3172 3273 3241 Ξυάίείιιηι
3317 3186 3487 3243 Illum.

287 3241 359 3320 0r
390 3270 479 3323 tio.
509 3269 648 3325 Deus
674 3269 767 3326 Dei
789 3270 828 3324 F
832 3269 975 3339 ilius,
993 3269 1144 3340 cujus
1167 3270 1218 3324 in
1242 3269 1499 3325 mtérnum
1519 3269 1796 3339 permanet
1823 3241 1870 3304 ο
1901 3259 2043 3330 quod
2088 3260 2142 3313 in
2172 3258 2490 3329 populorum
2521 3258 2768 3328 apparuit
2808 3262 2946 3326 luce.
2990 3262 3043 3317 in
3087 3241 3489 3336 redemptorum

218 3372 427 3429 nomen,
458 3364 656 3434 quique
705 3378 871 3418 unum
914 3371 967 3419 te
995 3377 1120 3419 esse
1164 3361 1510 3417 innotéscens
1538 3360 1708 3416 Deum
1736 3374 1798 3415 ac
1899 3350 2222 3405 clariﬁcétnr
2267 3348 2567 3403 salvatione
2597 3366 2611 3402 :
2642 3356 2720 3417 ut,
2753 3367 2890 3421 quos
2918 3353 3117 3409 dudum
3167 3358 3314 3412 venit
3346 3361 3493 3416 redi-

220 3449 533 3524 Dominum,
588 3471 683 3526 per
734 3456 1001 3523 suscepta:
1040 3453 1429 3509 incarnatioms
1483 3450 1797 3523 mysterium

1922 3454 2048 3495 nere
2076 3454 2171 3510 per
2218 3438 2399 3504 (idem,
2434 3436 2618 3493 véniat
2663 3437 2858 3498 itert‘nn
2898 3443 2929 3499 a
2975 3459 3035 3501 se
3076 3446 3383 3519 redemptos
3422 3451 3492 3508 de

221 3541 409 3596 veniin
453 3544 505 3598 in
546 3560 744 3616 regem,
786 3554 845 3599 ttt
873 3543 1171 3600 redimeres
1202 3543 1496 3610 sacculum;
1529 3543 1596 3598 da
1644 3541 1799 3598 nobis

793 2918 951 2960 FERIA
989 2917 1183 2959 SEXTA.

773 2996 852 3050 Ad
883 2995 1216 3050 Matutinum.

1901 3532 2214 3591 mternitétis
2261 3532 2522 3607 supplicio
2564 3532 2815 3597 liberare.
2882 3539 3216 3612 Respondeat
3268 3543 3488 3601 Chorus.

221 3627 296 3682 ita
326 3629 524 3689 ferrére
564 3634 723 3706 ltujus
754 3635 1014 3708 mysterio
1045 3634 1279 3705 pietatis,
1318 3644 1378 3691 ut
1407 3650 1503 3705 per
1527 3635 1643 3690 lucc
1669 3648 1799 3691 eva-

215 3720 402 3779 dimus
444 3727 792 3797 muscipulam
851 3727 1203 3797 deceptoris:
1237 3737 1316 3796 ut,
1367 3728 1458 3798 qui
1516 3726 1798 3784 Adventus

214 3812 291 3866 tui
317 3813 504 3883 gaudia
525 3817 720 3872 diﬂ‘uso
749 3833 841 3872 ore
873 3815 1234 3886 praecinimus,
1260 3816 1496 3873 salvatos
1528 3816 1648 3881 nos,
1674 3817 1799 3871 ct‘tm

213 3901 278 3957 ad
300 3902 558 3974 judicium
599 3906 831 3977 véneris,
860 3908 1137 3979 tejttdice,
1166 3907 1527 3980 gratulemur.
1562 3908 1801 3979 Respon-

214 3993 335 4050 ἄξαι
362 3996 581 4056 Chorus.
607 3996 801 4057 Amen.

286 4089 391 4147 Per
441 4094 864 4150 misericordiam
917 4105 1081 4161 luant,
1119 4096 1260 4151 Deus
1315 4105 1519 4162 noster,
1552 4095 1661 4164 qui,
1694 4103 1800 4150 etc.

284 4183 589 4255 Antiphona
617 4188 668 4241 1.
716 4186 949 4242 Verbum
1000 4189 1164 4243 mittit
1220 4186 1478 4243 Dominus
1532 4188 1584 4242 in
1615 4187 1804 4253 Jacob,

214 4282 269 4330 et
292 4277 472 4333 véniet
522 4279 572 4333 in
605 4280 786 4336 lsraél.
819 4278 885 4335 P.
916 4280 984 4337 Ut
1025 4281 1161 4337 sciat
1186 4281 1360 4337 omnis
1388 4281 1636 4352 populus,
1685 4281 1806 4351 quia

216 4365 331 4436 ipse
352 4378 456 4424 est.
498 4370 532 4437 ᾗ
560 4412 572 4426 .
598 4371 696 4439 Qui
726 4372 890 4427 mittit
932 4372 1155 4428 verbum
1204 4386 1360 4428 suum
1412 4381 1573 4429 terra:
1613 4392 1625 4426 :
1662 4372 1810 4428 velo-

214 4456 349 4513 citer
387 4462 559 4515 currit
592 4476 771 4517 sermo
796 4463 932 4532 ejus.
958 4462 1025 4517 P.
1053 4462 1123 4519 Ut
1158 4465 1295 4519 sciat
1333 4465 1509 4519 omnis
1556 4464 1808 4536 populus.

223 4550 303 4616 ᾖ.
353 4551 562 4619 Gloria,
613 4563 668 4609 et
712 4553 883 4610 honor
926 4554 1093 4622 Patri,
1149 4564 1205 4611 et
1264 4555 1421 4624 Filio,
1477 4565 1533 4612 et
1586 4556 1808 4626 Spiritui

213 4642 444 4701 Sancto.
474 4645 537 4701 P.
572 4647 636 4704 Ut
660 4650 796 4704 sciat
822 4649 1017 4705 omnis.

290 4740 502 4795 Oritio.
551 4739 698 4796 Mitte
742 4740 979 4796 Verbum
1033 4750 1206 4810 tuum,
1250 4749 1589 4812 omnipotens
1639 4742 1816 4807 Pater,

216 4831 284 4887 de
331 4820 560 4889 sedibus
590 4835 718 4899 tuis,
767 4844 825 4890 ut
863 4843 1019 4890 sanet
1056 4842 1112 4891 et
1152 4833 1448 4891 consolidet
1474 4848 1662 4889 omnes
1692 4849 1822 4889 cutt-

218 4928 399 4991 tritus,
457 4934 513 4981 et
566 4925 738 4998 érigat
786 4927 970 4993 elisos,
1031 4925 1316 4983 conferens
1370 4925 1526 4981 nobis
1580 4925 1817 4981 lretitiam

216 5018 461 5073 nominis
492 5019 594 5074 sui.
628 5018 957 5089 Respondeat
986 5018 1199 5073 Chorus.
1247 5017 1442 5074 Amen.

290 5111 401 5166 Per
427 5108 847 5166 misericordiam
888 5120 1054 5175 tuam,
1096 5108 1236 5165 Deus
1257 5118 1458 5165 noster.

288 5203 596 5272 Antiphone
624 5203 679 5261 2.
712 5201 853 5259 Ecce
874 5202 1051 5258 véniet
1086 5201 1190 5267 vir,
1219 5201 1374 5272 cujus
1408 5200 1590 5258 oriens
1621 5215 1817 5256 nomen

215 5296 336 5364 ejus
368 5312 385 5352 :
420 5295 605 5351 subter
641 5310 765 5351 eum
810 5294 1014 5352 orietur
1048 5294 1275 5364 justitia.
1326 5293 1391 5350 P.
1448 5293 1514 5349 Et
1559 5295 1675 5363 ipse
1720 5293 1821 5348 crit

214 5388 369 5448 salus
413 5388 620 5458 populi.
666 5395 702 5457 γ
730 5424 747 5459 ,
778 5386 990 5443 Oriétur
1012 5386 1065 5442 in
1096 5384 1328 5442 tenebris
1358 5384 1474 5455 ejus
1500 5384 1737 5455 justitia;
1767 5394 1822 5439 et

214 5478 324 5530 erit
356 5475 759 5530 ﬁrmamentum
790 5473 846 5529 in
878 5482 1020 5529 terra
1069 5474 1123 5527 in
1169 5472 1395 5527 summis
1434 5470 1717 5527 montium.
1755 5469 1821 5525 Ρ.

216 5566 290 5622 Et
314 5568 441 5637 ipse
482 5569 604 5624 erit.
650 5568 686 5637 Ῡ
714 5612 727 5626 .
753 5567 956 5634 Gloria,
989 5575 1042 5623 et
1069 5566 1242 5623 ltonor
1269 5565 1407 5621 Patri
1473 5576 1527 5619 et
1575 5564 1727 5631 Filio,
1771 5574 1825 5619 et

216 5660 457 5731 Spiritui
477 5661 697 5718 Sancto.
724 5660 793 5716 Ρ.
826 5660 893 5716 Et
916 5661 1031 5731 ipse
1059 5661 1182 5717 erit.

295 5753 511 5808 Oratio.
566 5753 703 5809 Ecce
747 5763 801 5808 tu
845 5751 1073 5808 Domine
1123 5752 1263 5808 Deus
1304 5758 1503 5813 noster,
1556 5765 1643 5820 qua
1691 5750 1818 5805 olim

215 5847 610 5917 redempturus
640 5845 895 5901 mundum
946 5845 1162 5911 venisti,
1208 5844 1361 5916 cujus
1401 5843 1579 5901 oriens
1622 5860 1817 5901 nomen

518 5940 791 6001 PATROL.
840 5938 1011 6000 LXX
1026 5938 1190 5999 XVI.

1901 3624 2094 3680 Amen.

1973 3717 2077 3773 Per
2108 3719 2535 3778 misericordiam
2568 3734 2735 3793 tuam,
2766 3724 2908 3780 Deus
2938 3733 3142 3780 noster.

1972 3812 2274 3885 Antipltona
2302 3813 2357 3870 2.
2395 3815 2565 3873 Glude
2592 3817 2920 3884 serménem,
2951 3817 3076 3874 dicit
3110 3816 3367 3875 Dominus
3397 3836 3409 3873 :
3440 3829 3496 3876 et

1904 3903 2052 3976 signa
2097 3906 2292 3964 librum
2344 3925 2509 3981 usque
2554 3911 2621 3966 ad
2650 3910 2795 3966 diem
2836 3910 3110 3967 Adventus
3158 3910 3391 3968 Domini.
3424 3910 3495 3968 Ρ.

1905 3999 2176 4071 multiplex
2230 4002 2372 4059 enim
2421 4004 2525 4060 erit
2573 4004 2816 4061 scientia.
2858 4006 2933 4075 Ῡ.
2970 4005 3110 4061 Deus
3166 4004 3270 4061 deo
3303 4020 3389 4060 um
3443 4016 3499 4060 et

1908 4095 2168 4154 Dominus
2188 4098 2400 4155 locutus
2429 4106 2535 4168 est,
2551 4108 2604 4156 et
2633 4100 2843 4155 vocAvit
2876 4112 3093 4154 terram.
3130 4096 3198 4153 P.
3222 4098 3497 4169 Multiplex

1907 4189 2049 4243 enim
2098 4190 2220 4245 erit.
2286 4191 2321 4255 ᾖ
2346 4229 2361 4244 .
2393 4190 2597 4256 Gloria,
2628 4202 2683 4247 et
2711 4191 2886 4247 bonor
2930 4192 3094 4257 Patri,
3165 4200 3221 4245 et
3249 4190 3409 4258 Filio,
3446 4201 3502 4245 et

1909 4283 2128 4351 Spiritui
2168 4282 2387 4339 Sancto.
2422 4283 2490 4340 P.
2517 4284 2787 4352 Mt’tltiplex
2811 4286 2975 4338 enim.

1981 4375 2091 4445 39
2116 4374 2315 4430 Oratio.
2351 4375 2513 4443 Deus,
2540 4376 2631 4446 qui
2664 4375 3012 4445 multiplicem
3043 4375 3336 4446 pratdixisti
3379 4391 3503 4433 esse

1913 4465 2195 4523 scientiam
2229 4467 2546 4522 nuncLOrum
2567 4507 2583 4534 ,
2616 4466 2741 4521 dum
2773 4482 2869 4535 per
2916 4467 3248 4524 incrementa
3296 4469 3504 4540 tempo-

1924 4575 2042 4614 rum
2068 4568 2222 4615 aucta
2273 4568 2359 4615 est
2386 4559 2556 4629 gratia
2588 4558 3031 4627 prtetiicz'tntium;
3073 4560 3154 4617 l'ac
3179 4576 3279 4618 nos
3335 4564 3504 4619 clausi

1922 4652 2187 4709 sermonis
2234 4653 2539 4723 signatique
2570 4652 2692 4708 libri
2748 4651 2818 4707 ita
2874 4651 3129 4724 mysteria
3172 4652 3425 4723 credere,
3452 4667 3508 4712 et

1924 4746 2135 4801 crc’dita
2165 4746 2435 4813 retinere;
2478 4756 2539 4802 ut
2562 4747 2613 4802 in
2651 4748 2739 4802 die
2767 4746 3046 4804 Adventus
3075 4749 3150 4803 tui
3204 4751 3507 4805 mereAmur

1923 4839 2028 4895 tuis
2047 4854 2227 4895 coram
2252 4839 2425 4895 oculis
2465 4841 2582 4896 sine
2625 4839 2941 4896 confusione
2968 4840 3242 4898 assistere.
3274 4842 3508 4915 Respon-

1924 4931 2038 4985 deat
2065 4930 2281 4987 Chorus.
2306 4932 2499 4986 Amen.

1994 5010 2098 5067 Per
2128 5010 2549 5066 misericordiam
2576 5020 2742 5081 tuam,
2771 5012 2937 5070 Deus.

1996 5104 2291 5173 Antiphona
2342 5104 2394 5159 5.
2444 5105 2725 5161 Suscitobo
2778 5121 2901 5163 eum
2951 5108 3017 5161 ad
3063 5108 3345 5178 juSIitiam.
3377 5109 3509 5163 dicit

1927 5196 2205 5251 Dominus.
2257 5195 2320 5250 P.
2354 5198 2418 5252 Et
2448 5212 2636 5253 omnes
2668 5199 2786 5253 vias
2814 5199 2931 5269 ejus
2959 5200 3208 5270 dirigam,
3238 5210 3294 5257 et
3331 5202 3505 5276 capti-

1929 5285 2142 5342 vitétem
2169 5286 2368 5357 populo
2397 5302 2518 5344 meo
2545 5290 2831 5345 dimittam.
2870 5290 2906 5359 ᾗ
2928 5327 2945 5345 .
2976 5289 3191 5347 Oriétur
3219 5291 3271 5345 in
3314 5290 3506 5347 diébus

1927 5380 2287 5450 ejusjustitia,
2322 5390 2378 5435 et
2420 5381 2745 5438 abundantia
2777 5383 2966 5454 pacis:
3001 5384 3175 5439 donec
3217 5383 3507 5439 extollatur

1930 5473 2097 5529 Luna.
2132 5472 2200 5530 P.
2229 5477 2293 5529 Et
2328 5488 2515 5530 omnes
2544 5476 2675 5534 vias.
2721 5476 2793 5545 ᾗ.
2828 5474 3033 5536 Gloria.
3061 5482 3115 5531 et
3140 5474 3310 5530 ltonor
3337 5475 3505 5533 Patri.

1937 5565 1998 5619 P.
2032 5566 2096 5620 Et
2118 5580 2326 5621 omnes.
2698 5625 2706 5637 _

2007 5657 2207 5711 Oratio.
2241 5657 2382 5712 Deus
2412 5657 2592 5725 Pater,
2623 5659 2712 5727 qui
2761 5657 2943 5712 Jesum
2994 5653 3267 5711 Christum
3317 5655 3507 5711 Filium

1931 5758 2075 5804 tuum
2103 5748 2370 5804 suscitosti
2395 5750 2459 5803 ad
2483 5748 2767 5817 justitiam,
2790 5744 3122 5803 ostendendo
3149 5763 3273 5806 eum
3302 5748 3353 5803 iu
3384 5763 3509 5801 car-
3588 5771 3599 5779 -

1928 5858 2028 5901 ne;
2083 5840 2166 5897 l‘ac
2221 5855 2318 5896 nos
2364 5855 2577 5910 semper
2640 5838 2783 5895 illius
2836 5840 2989 5912 sequi
3036 5842 3200 5911 pedes
3242 5840 3428 5912 opere,
3458 5848 3514 5896 et

3072 5935 3111 5995 Ιι.
