4044 6382
274 458 381 515 199
1341 448 1667 507 DOMINICA
1709 448 1774 503 Vl
1815 442 2178 503 ADVENTUS
2220 443 2467 499 DOMINI.
3435 441 3535 497 110

275 592 329 631 ιιι
380 583 543 628 carne
592 566 853 639 proﬁcere
909 564 1265 631 castimonia,
1315 574 1372 620 ut
1414 580 1520 621 non
1569 566 1853 621 timeumus
1882 558 2218 623 ADoininus
2266 558 2333 612 ad
2379 572 2466 613 me
2498 573 2511 610 :
2542 556 2706 613 Sume
2754 556 2848 611 tibi
2905 555 3099 611 librum
3146 554 3427 625 grandem,
3481 568 3537 610 et

273 665 477 724 reverti
507 663 558 719 in
590 662 682 718 illo
710 660 953 731 pulvere,
996 675 1059 715 ex
1088 674 1194 729 quo
1220 674 1333 724 eos,
1362 660 1452 728 qui
1482 658 1536 714 in
1568 672 1634 714 eo
1676 665 1852 724 erant,
1960 654 2134 708 scribe
2164 653 2215 705 in
2247 666 2313 707 eo
2342 652 2467 707 stilo
2494 650 2726 706 hominis
2752 668 2764 703 :
2798 650 3069 717 Velociter
3094 650 3266 720 spulia
3292 650 3534 713 détrahc,

274 759 500 815 véniens
545 736 906 819 excitaveras;
958 752 1055 809 sed
1102 750 1313 807 laudem
1361 752 1542 819 illam,
1590 752 1692 820 qua
1725 765 1857 819 ιιι-ιν·
1960 740 2069 796 cito
2096 740 2355 811 prmdt‘lre.
2388 740 2453 795 Et
2482 739 2700 796 adhibui
2732 738 2866 794 mihi
2910 748 3075 795 testes
3116 740 3322 808 lidéles,
3355 740 3535 796 Uriain

275 849 421 920 cépti
444 856 605 913 sunt,
633 842 692 900 ut
721 856 774 901 te
801 844 1212 909 benedicerent,
1254 844 1327 899 ita
1376 844 1427 898 in
1476 842 1629 897 nobis
1661 842 1855 906 forma,
1961 833 2345 897 Sacerdotem,
2387 842 2442 888 et
2485 829 2803 887 Zachariam
2861 830 3031 887 lilium
3086 831 3359 887 Barachiac
3419 850 3433 887 :
3481 843 3539 888 et

276 940 572 999 utanobis
601 938 988 994 incessabiliter
1019 948 1233 1008 semper
1263 934 1512 993 laudéris.
1563 936 1853 1003 ii..\ineii.
1961 922 2165 979 accéssi
2222 923 2288 977 ad
2338 923 2770 993 prophetissam.
2819 933 2874 979 ει
2919 923 3205 992 εοιιεόρίι.
3250 924 3540 994 etpéperit

350 1036 454 1090 per
475 1030 901 1087 misericordium
932 1038 1098 1085 mam,
1962 1015 2149 1069 lilium.
2173 1015 2239 1068 Et
2275 1015 2410 1068 dixit
2441 1014 2694 1071 Dominus
2722 1014 2790 1069 ad
2817 1030 2904 1070 me
2935 1033 2948 1068 :
2977 1015 3118 1071 Voca
3148 1031 3342 1071 nomen
3374 1016 3490 1086 ejus
3522 1036 3535 1072 :

365 1117 441 1193 ἢ,
475 1124 583 1179 μσς
624 1135 814 1177 omnes
848 1121 1241 1175 ambulabimus
1289 1136 1343 1174 ,η
1391 1119 1609 1173 nomine
1643 1115 1856 1171 Βόηιίηῑ
1960 1105 2213 1162 Accélera
2260 1104 2431 1173 spolia
2475 1104 2697 1161 detrahe
2760 1123 2775 1161 :
2836 1106 3047 1161 Festina
3104 1108 3353 1176 praedari.
3404 1109 3537 1175 Quia

274 1218 331 1273 in
361 1215 653 1283 aeternum,
682 1216 933 1285 quoniam
979 1214 1225 1285 regnabit
1257 1210 1512 1267 Dominus
1568 1212 1622 1265 in
1677 1218 1858 1265 mante

1958 1197 2243 1267 antequam
2274 1198 2410 1253 sciat
2439 1212 2569 1266 puer
2619 1197 2815 1253 vocére
2864 1208 3067 1266 patrem
3115 1215 3289 1263 suum,
3343 1209 3535 1254 etma-

273 1308 428 1364 Slon.
454 1306 530 1359 'P.
564 1306 629 1360 Et
666 1316 719 1358 tu
754 1302 920 1360 turris
955 1304 1116 1371 Regis
1164 1302 1442 1371 nebulosa,
1469 1300 1576 1354 lilia
1608 1300 1759 1365 Sion,
1790 1298 1855 1351 ad
1962 1301 2095 1346 trem
2132 1306 2307 1358 suam,
2356 1291 2632 1347 auferetur
2672 1293 2930 1347 fortitudo
2959 1293 3223 1357 Damasci,
3260 1305 3314 1349 et
3365 1294 3535 1367 spiilia

274 1410 332 1455 te
356 1401 532 1456 véniet
582 1399 851 1463 Salvator,
881 1406 934 1452 et
965 1396 1148 1452 véniet
1176 1394 1415 1463 potestas
1444 1388 1619 1463 prima
1674 1408 1855 1462 rogum
1961 1384 2215 1440 Samarize
2242 1399 2422 1441 coram
2448 1400 2572 1455 rege
2596 1386 2958 1456 Assyriérum.
2982 1386 3043 1440 Et
3066 1386 3250 1456 adjecit
3283 1387 3433 1441 Di'nni
3460 1405 3542 1440 ius

272 1492 386 1547 ﬁlia
412 1490 762 1546 Hierusalem.
806 1490 840 1555 ᾖ
866 1527 879 1540 .
913 1489 1051 1545 Ecce
1080 1488 1408 1543 habitatores
1436 1486 1608 1541 Petrae
1637 1485 1704 1539 dc
1734 1485 1856 1540 vér-
1962 1474 2105 1542 10αυί
2158 1474 2226 1529 ad
2272 1490 2359 1530 me
2414 1475 2602 1530 dicens
2633 1475 2808 1531 ίὶάιιῖιο
2841 1494 2854 1530 ε
2889 1478 2995 1533 Pro
3034 1493 3101 1533 eo
3146 1482 3286 1549 Quod
3340 1480 3539 1548 alijécit

273 1583 380 1639 tice
407 1584 666 1638 montium
693 1583 1021 1649 clama-bunt,
1067 1592 1123 1638 et
1164 1583 1345 1638 dicent
1378 1596 1393 1635 :
1422 1580 1635 1646 Venite,
1666 1578 1856 1634 ambu-
1960 1569 2191 1639 βόυυίυδ
2214 1570 2313 1626 me
2332 1584 2502 1639 aquas
2531 1571 2831 1641 δίιοέιαυω
2854 1574 3053 1631 "ldum
3081 1591 3201 1629 00m
3232 1574 3542 1644 Si'étlli0.cl

272 1675 445 1730 lenitus
475 1676 528 1730 in
572 1676 770 1730 lumine
811 1674 1021 1729 Domini
1063 1674 1176 1728 Dci.
1214 1673 1281 1727 P.
1336 1673 1399 1727 Et
1450 1683 1502 1727 ιιι
1558 1673 1737 1727 turris.
1786 1671 1856 1737 ᾗ.
1959 1664 2253 1733 assumpsit
2275 1665 2442 1734 magis
2464 1663 2650 1731 Rasin,
2683 1674 2740 1720 et
2774 1666 2938 1721 lilium
2984 1666 3240 1723 Romelim
3271 1684 3286 1721 :
3320 1680 3540 1736 propter

271 1766 478 1832 Gloria,
507 1777 560 1823 et
592 1767 782 1823 honor.
810 1766 1115 1821 Reitirétw.
1160 1766 1194 1824 iii
1220 1805 1233 1819 .
1267 1764 1373 1819 Nos
1402 1776 1591 1818 omnes
1618 1761 1859 1817 ambult’i-
1963 1752 2065 1808 hoc
2084 1767 2211 1810 ecce
2235 1754 2493 1810 Déminus
2531 1754 2763 1811 adducet
2785 1770 2947 1825 super
2977 1771 3072 1812 eos
3111 1772 3273 1827 aquas
3305 1758 3544 1814 ﬂuminis

272 1858 474 1915 bimus.
1965 1844 2127 1901 fortes
2156 1856 2210 1901 et
2240 1847 2456 1913 multas,
2488 1862 2667 1918 regem
2698 1847 3075 1918 Assyri‘drum,
3102 1860 3154 1904 et
3184 1864 3397 1905 omnem
3429 1850 3544 1918 glo-

350 1952 549 2007 Ordtio.
598 1952 706 2007 Nos
756 1962 945 2006 omnes
1000 1950 1341 2004 ambulantes
1380 1949 1433 2003 in
1490 1946 1710 2001 nomine
1741 1955 1855 2009 tuo,
1895 1919 1935 1975 Β
1963 1939 2096 1994 riam
2124 1939 2240 2008 ejus
2268 1959 2281 1994 :
2306 1951 2361 1996 et
2403 1940 2660 1996 asréndet
2707 1956 2869 2010 super
2916 1955 3105 1997 omnes
3148 1942 3293 1996 rivos
3320 1942 3460 2011 ejus,
3490 1952 3546 1997 et

266 2042 559 2113 Unige’nite
590 2042 757 2097 Filius
780 2043 868 2096 Dei
897 2042 1093 2104 Patris,
1116 2039 1370 2108 péiiinus,
1398 2038 1669 2104 rogamus,
1702 2044 1863 2102 atque
1964 2031 2097 2086 ﬂuet
2121 2046 2284 2102 super
2309 2032 2587 2088 universas
2611 2033 2755 2103 ripas
2781 2035 2920 2104 ejus,
2952 2043 3008 2089 et
3035 2034 3133 2090 ibit
3160 2048 3321 2103 supra
3349 2033 3540 2091 Judam

264 2133 626 2200 expdscimus
650 2149 664 2197 ;
688 2140 747 2185 ιιι
770 2132 858 2199 qui
893 2140 945 2184 te
992 2130 1328 2185 incarnatum
1372 2126 1642 2182 credimus
1668 2128 1719 2180 in
1750 2126 1865 2180 ute-
1967 2124 2258 2190 inundans,
2306 2136 2360 2181 et
2391 2126 2659 2182 transiens
2703 2142 2871 2197 usque
2916 2129 2983 2185 ad
3011 2130 3210 2185 collum
3245 2131 3443 2187 veniet.
3480 2131 3546 2186 Et

259 2238 395 2278 rum
428 2221 683 2290 Virginis,
744 2220 866 2273 ﬁdei
918 2218 1326 2274 reinunerémur
1363 2234 1429 2273 ex
1485 2217 1721 2287 prtemiis
1764 2234 1779 2272 :
1810 2227 1866 2270 ut
1967 2216 2334 2273 eritexténsio
2350 2216 2553 2272 alarum
2582 2219 2721 2287 ejus,
2740 2218 2969 2288 implens
2999 2220 3335 2275 altitudinem
3365 2228 3541 2284 terrae,

256 2313 369 2380 qui
403 2322 456 2368 te
487 2314 540 2366 in
574 2321 807 2367 montem
855 2310 987 2366 Sion
1046 2312 1386 2375 regnaturum
1433 2310 1779 2377 pronuncias,
1811 2310 1863 2363 in
1965 2308 2000 2361 ὀ
2062 2306 2402 2363 Emmanuel.
2451 2307 2895 2379 Congregamini,
2948 2320 3004 2365 et
3049 2311 3228 2365 audite
3283 2311 3547 2367 universus

252 2405 473 2461 nostris
502 2405 757 2460 cordibus
792 2405 1157 2459 liabitatﬁrum
1185 2413 1235 2457 tc
1278 2404 1396 2457 sine
1445 2401 1552 2456 line
1584 2400 1857 2457 ostéudas.
1967 2397 2147 2466 procul
2190 2405 2347 2453 terra:
2400 2414 2416 2452 :
2464 2396 2887 2464 confortdmini,
2938 2408 2994 2453 et
3044 2399 3321 2455 vincimini
3362 2403 3544 2456 :inite

284 2499 335 2565 ιῆ
357 2535 373 2551 .
407 2499 601 2551 Amen.
1971 2489 2282 2555 consilium,
2311 2497 2365 2544 et
2418 2488 2808 2558 dissipabitur:
2844 2490 3123 2558 loquimini
3179 2493 3398 2548 verbum
3426 2534 3440 2559 ,
3491 2503 3547 2547 et

350 2588 452 2644 Per
480 2587 905 2644 misericordiam
940 2598 1106 2642 tuam.
1965 2596 2069 2635 non
2104 2581 2232 2635 liat:
2262 2581 2383 2651 quia
2408 2580 2685 2636 nobiscum
2714 2590 2795 2636 est
2823 2581 2986 2638 Deus.
3030 2584 3065 2651 ii
3088 2622 3105 2638 .
3135 2584 3327 2638 Amen.

348 2680 428 2734 Ad
450 2679 736 2735 comicum.
763 2680 1081 2750 Antiphone.
1113 2677 1212 2746 Qui
1239 2674 1649 2732 reniinis‘clmini
1677 2673 1861 2731 Dénii-
2038 2674 2295 2745 Hymnus.
2321 2674 2647 2731 Cunctlirum
2673 2675 2784 2730 Rex
2813 2675 3172 2746 OmnipOtcns.
3201 2678 3296 2747 fol.
3322 2678 3375 2731 7.
3404 2676 3546 2746 Sup-

264 2790 426 2839 num,
450 2790 518 2830 ne
550 2775 793 2837 tacentis,
819 2786 872 2828 et
898 2786 966 2828 ne
994 2773 1134 2827 detis
1163 2770 1455 2836 siléntinm,
1487 2770 1662 2826 donec
1690 2769 1859 2825 stabi-
1963 2766 2196 2837 plictilt'o.
2215 2765 2441 2822 Oremus
2463 2766 2876 2837 Redemptérem
2901 2767 3107 2823 mundi.
3130 2768 3350 2838 nequire
3369 2772 3462 2838 fol.
3487 2770 3541 2824 2.

268 2867 392 2933 liat,
426 2877 480 2921 et
507 2875 673 2936 ponat
705 2865 1039 2919 Hierusalem
1066 2864 1275 2919 laudent
1314 2863 1366 2917 in
1395 2872 1563 2919 terra.
2034 2857 2299 2928 Capitula.
2335 2858 2578 2925 Domine,
2610 2859 2765 2930 cujus
2804 2867 2890 2916 est
2920 2875 3138 2932 regnum
3168 2862 3406 2934 posc'ntit‘t
3440 2874 3548 2921 ter-

358 2956 645 3013 Cdnticum.
675 2955 926 3012 Gaudens
955 2955 1217 3027 gaudebo.
1248 2954 1467 3022 llequlre
1505 2954 1599 3023 fol.
1625 2953 1714 3009 18.
1860 2964 1871 2975 '
1963 2950 2149 3018 ribile,
2179 2962 2235 3007 et
2266 2952 2612 3022 prmeinctum
2643 2953 2837 3008 virtute
2856 2995 2872 3019 ,
2906 2968 3062 3023 quem
3094 2954 3314 3011 ﬂumina
3345 2956 3548 3012 Docto-

350 3052 433 3103 Ad
467 3050 791 3104 Benedictus.
844 3051 1162 3119 Antiphone.
1219 3046 1522 3103 Benedicite
1578 3045 1861 3101 Dominum
1964 3056 2083 3096 rum
2132 3040 2358 3098 elevatis
2406 3042 2627 3099 vocibus
2679 3042 2920 3110 laudant,
2969 3055 3024 3099 ct
3074 3046 3335 3101 mirabilia
3387 3048 3549 3102 maris

281 3140 479 3209 pusilli,
523 3151 577 3196 et
609 3141 808 3211 magni,
839 3154 1028 3195 omnes
1051 3179 1069 3207 ,
1116 3139 1205 3209 qni
1244 3137 1537 3209 expectatis
1575 3136 1862 3192 advéntuin
1964 3135 2344 3191 concelebrant
2376 3153 2389 3188 :
2423 3136 2596 3191 excita
2628 3135 2921 3205 potentiam
2956 3145 3121 3203 tuam,
3154 3148 3209 3191 et
3237 3139 3441 3194 bruchii
3474 3142 3550 3195 tui

285 3233 468 3301 ipsius.
1890 3279 1934 3301 η
1969 3225 2265 3280 terribilem
2298 3225 2690 3290 fortitudinem,
2718 3241 2840 3295 quin
2869 3225 3111 3280 conterat
3128 3228 3311 3296 jugnm
3347 3239 3545 3283 nostra:

353 3320 618 3375 Cénticum
648 3320 879 3377 Danie‘lls
904 3336 982 3377 ιιι.
1008 3317 1331 3375 Benedictus
1359 3331 1441 3383 es,
1472 3317 1704 3371 Dbmtne
1719 3315 1862 3370 Deus
1889 3279 1938 3339 ο
1970 3315 2246 3370 servitutis
2294 3315 2614 3370 niiserOrnm
2662 3316 2797 3370 colla
2851 3316 3138 3385 prementis
3166 3333 3178 3379 ;
3229 3317 3547 3387 nostrasque

281 3421 491 3481 patrum
521 3412 842 3467 nostrérum.
876 3410 1098 3482 nequire
1146 3411 1243 3481 fol.
1276 3410 1328 3465 6.
1374 3408 1540 3465 Sana.
1570 3407 1672 3474 Qui
1721 3406 1862 3478 regis
1969 3406 2213 3478 fatigatas
2257 3407 2525 3462 confi'irtet
2568 3422 2793 3473 manus,
2841 3406 3039 3461 debilia
3081 3407 3302 3464 ruboret
3347 3406 3541 3478 géutla,

287 3502 477 3557 Israel.
508 3502 724 3572 Require
754 3504 808 3557 in
844 3501 1085 3571 Vesperi:
1111 3502 1205 3573 fol.
1229 3500 1319 3556 59.
1966 3498 2346 3553 convalescere
2376 3497 2740 3568 pusillanimes
2770 3497 2957 3562 faciat;
2992 3513 3090 3554 nec
3121 3498 3254 3554 ultra
3282 3500 3372 3567 sit,
3403 3500 3545 3570 quod

366 3589 560 3646 Lauda.
604 3593 841 3648 Laudate
881 3591 1165 3647 Dominum
1223 3591 1290 3647 de
1342 3589 1513 3646 cmlis.
1574 3586 1799 3644 Alleluia
1846 3606 1859 3642 :
1968 3590 2251 3646 timeamus
2282 3606 2344 3645 ex
2379 3588 2619 3657 inimico,
2652 3590 2777 3660 quia
2807 3601 3024 3661 propter
3063 3591 3412 3647 salvatioiieni
3443 3610 3541 3646 nn-

285 3680 498 3737 laudéte
543 3698 664 3738 eum
698 3684 749 3738 in
796 3681 1046 3739 excelsis.
1079 3681 1324 3737 Alleluia.
1356 3679 1602 3734 Pealmus
1640 3684 1858 3735 CXLVI".
1964 3690 2131 3738 stram
2172 3683 2355 3737 venire
2398 3682 2665 3737 crc'dimus
2696 3694 2936 3738 nostrum
2973 3684 3267 3753 piissimum
3312 3684 3546 3740 Redem-

496 3774 668 3829 Léctt'o
690 3776 804 3830 libri
838 3776 1010 3830 Esaia:
1039 3773 1313 3845 PrOphéta’
1347 3773 1495 3846 (Cap.
1521 3789 1571 3829 νι
1597 3773 1638 3844 ).
1967 3774 2197 3843 ptdrem.

366 3866 405 3935 ιῆ
425 3902 441 3919 .
474 3867 583 3923 Deo
613 3867 835 3938 gratias.
2036 3866 2197 3923 Pater
2221 3876 2423 3924 noster.
2450 3867 2687 3924 Liber-uti
2718 3869 2746 3923 :‘i
2776 3870 2934 3924 malo.
2972 3872 3063 3941 fol.
3096 3870 3149 3925 2.

351 3958 586 4014 Locutus
607 3969 689 4015 est
711 3959 970 4014 Dominus
1010 3958 1077 4014 ad
1106 3959 1307 4024 Achaz,
1341 3957 1524 4014 dicens
1558 3974 1573 4012 :
1607 3957 1734 4012 Pcte
1762 3955 1856 4013 tibi
2039 3958 2243 4014 Lauda.
2274 3957 2548 4023 Miserere,
2576 3959 2717 4015 Deus
2741 3959 3001 4015 (inminui.
3033 3960 3347 4018 Benedictio.
3382 3963 3545 4029 Deus,

274 4050 489 4119 signum
520 4049 549 4103 ξι
576 4049 806 4104 Domino
837 4048 948 4103 Deo
972 4060 1061 4103 tuo
1084 4048 1136 4103 in
1162 4048 1479 4115 profundum
1510 4043 1724 4112 inlérni,
1748 4046 1861 4101 sive
1963 4049 2053 4120 qui
2084 4051 2248 4106 venit.
2288 4050 2504 4115 Require
2533 4052 2627 4122 fol.
2658 4054 2747 4108 59.

274 4142 333 4196 in
359 4141 631 4197 exiélsum
656 4156 839 4211 supra.
891 4142 954 4196 Et
993 4140 1129 4196 dixit
1154 4140 1331 4195 Achaz
1357 4159 1369 4192 :
1401 4139 1515 4195 Non
1564 4148 1762 4210 petam,
1807 4147 1862 4194 et
2038 4143 2094 4197 ln
2123 4141 2342 4198 nomine
2368 4143 2579 4198 Dumini
2610 4143 2780 4198 nostri
2811 4144 2938 4200 Jesu
2968 4144 3171 4199 Christi
3202 4145 3543 4216 perlicidmns

274 4246 387 4284 non
414 4232 633 4287 teutabo
656 4231 962 4307 Dominum.
995 4231 1063 4286 Et
1083 4230 1220 4285 dixit
1248 4249 1259 4283 :
1294 4230 1487 4285 Audite
1516 4246 1643 4300 ergo
1669 4230 1862 4285 domus
1964 4248 2083 4289 cum
2112 4249 2263 4303 pace.
2304 4235 2340 4303 ιῇ
2363 4275 2376 4288 .
2409 4235 2520 4291 Deo
2544 4236 2763 4305 gratias.

271 4323 453 4377 David
499 4324 807 4395 :Numquid
853 4339 1039 4395 parum
1071 4323 1222 4377 vobis
1268 4330 1388 4388 est,
1436 4318 1691 4377 inolésios
1740 4334 1862 4376 esse
2035 4322 2269 4381 Excipite
2306 4329 2534 4397 vespero.
2578 4327 2780 4380 Lauda.
2834 4327 2946 4382 Erit
2985 4329 3075 4383 lux
3121 4346 3339 4399 magna.
3379 4331 3544 4388 Souo.

148 4396 177 4481 ἠ
269 4416 606 4484 hominibus,
636 4420 756 4485 quia
795 4416 1003 4471 molésti
1033 4416 1162 4470 estis
1202 4423 1257 4470 et
1303 4415 1410 4470 Deo
1435 4415 1591 4469 meo?
1639 4413 1861 4484 Propter
1964 4420 2064 4486 Qui
2096 4420 2234 4490 regis
2266 4420 2450 4475 lsraél.
2484 4419 2709 4488 Βριγιιῖιέ
2738 4420 2833 4489 fol.
2865 4412 2953 4473 59.

268 4510 377 4564 hoc
413 4507 563 4563 dabit
594 4508 852 4563 Dominus
896 4509 1010 4578 ipse
1039 4507 1189 4562 vobis
1229 4506 1457 4576 signum.
1512 4506 1648 4563 Ecce
1700 4506 1861 4576 Virgo
2035 4511 2347 4579 Antiphonti.
2373 4510 2542 4578 Quam
2578 4509 2784 4579 pulchri
2815 4520 2940 4565 sunt
2961 4527 3126 4582 super
3147 4524 3359 4571 montes
3382 4516 3545 4585 pedes

263 4602 570 4671 concipiet,
601 4609 656 4656 et
695 4600 870 4669 pariet
898 4600 1089 4665 lilium,
1113 4609 1168 4654 et
1217 4598 1493 4653 vocabitur
1521 4611 1714 4652 nomen
1742 4598 1860 4667 ejus

1967 4600 2399 4670 evangelizantes
2431 4614 2614 4672 pacem
2648 4618 2660 4654 :
2697 4602 3051 4669 prtediciiutes
3079 4607 3326 4671 salutem,
3358 4608 3545 4663 ilicén-

264 4654 618 4751 Emmanuel.
649 4693 902 4765 Butyrutn
925 4702 980 4749 et
1005 4693 1107 4748 mel
1129 4691 1467 4758 c6medet,ut
1495 4693 1626 4747 sciat
1648 4690 1751 4763 41
1777 4706 1863 4746 re-
1886 4654 1937 4716 D
1967 4704 2066 4746 tes.
2099 4690 2166 4745 P.
2195 4691 2345 4754 Sion,
2372 4654 2614 4760 retgnabit
2647 4690 2786 4745 Deus
2817 4701 2957 4747 tuus.
3005 4693 3039 4761 ς’
3065 4734 3080 4748 .
3116 4654 3326 4750 Omnes,
3347 4697 3548 4755 Gentes

261 4789 511 4859 probére
561 4787 782 4851 malum,
811 4794 866 4840 et
904 4786 1105 4856 eligere
1154 4786 1371 4841 bonum.
1403 4787 1534 4852 Qui:
1573 4784 1859 4854 antequam
1964 4782 2200 4853 plaudite
2226 4782 2471 4838 manibus
2503 4799 2518 4838 :
2544 4783 2772 4852 jubilate
2802 4782 2911 4838 Deo
2944 4786 2995 4837 in
3026 4800 3158 4841 voce
3179 4787 3539 4845 exultatidnis.

260 4880 410 4935 sciat
457 4893 590 4946 puer
619 4878 908 4948 reprobare
936 4878 1132 4933 malum
1153 4918 1169 4945 ,
1200 4887 1252 4932 et
1273 4871 1472 4947 eligere
1502 4876 1724 4941 bonum,
1765 4876 1856 4931 de-
1967 4875 2031 4929 Ι).
2065 4874 2194 4929 Sion
2226 4874 2486 4943 regnabit.
2535 4875 2569 4943 Ῡ
2594 4912 2609 4928 .
2641 4872 2851 4942 Gloria,
2885 4884 2940 4930 et
2972 4876 3144 4933 honor
3172 4879 3339 4948 Patri,
3372 4892 3423 4937 et
3456 4883 3543 4937 Fi-

260 4968 609 5039 relinqubtur
641 4982 806 5036 terra,
835 4985 993 5039 quam
1043 4979 1097 5024 tu
1146 4970 1433 5025 detestt‘tris
1477 4968 1506 5023 ξι
1540 4969 1676 5024 facie
1725 4968 1860 5023 dno-
1964 4966 2055 5032 lio,
2088 4976 2192 5021 etc.
2229 4964 2292 5019 Ρ.
2324 4967 2451 5020 Sion
2482 4967 2744 5034 regnabit.

260 5078 392 5117 rum
430 5060 655 5130 Regum.
686 5058 927 5117 Adducet
952 5062 1202 5117 Dt’iminus
1229 5078 1389 5131 super
1422 5069 1565 5126 te,et
1584 5076 1743 5128 super
1764 5062 1860 5115 do-
2034 5058 2235 5112 Lauda.
2260 5057 2485 5113 Caritate
2512 5058 2759 5121 Domino,
2784 5068 2840 5115 et
2863 5060 3164 5119 benedicite
3187 5081 3379 5121 nomen
3402 5082 3540 5133 ejus.

257 5169 422 5208 nium
472 5154 639 5221 patris
666 5154 764 5218 tui,
792 5161 848 5207 et
894 5167 1057 5222 super
1100 5153 1353 5223 populum
1402 5160 1547 5206 tuum
1603 5150 1856 5219 dies,'qui
1963 5152 2214 5206 Alleluia.
2252 5149 2316 5203 Ρ.
2364 5150 2504 5204 Bene
2536 5152 2786 5208 nunciate
2829 5152 2895 5206 de
2926 5152 3012 5208 die
3042 5155 3094 5208 in
3136 5155 3277 5211 diem
3307 5158 3542 5211 salutare

256 5261 379 5301 non
405 5246 677 5301 venerunt
700 5246 729 5299 ii
768 5245 957 5301 diebus
978 5246 1332 5316 separatiénis
1358 5246 1615 5315 Ephraim
1647 5247 1677 5301 ὸ
1714 5243 1858 5302 Juda
1961 5243 2097 5313 ejus.
2144 5243 2394 5299 Alleluia.
2428 5242 2674 5298 Alleluia.
2734 5245 2767 5313 ᾗ
2793 5284 2806 5298 .
2840 5244 2972 5300 Cum
3004 5249 3328 5303 converterit
3361 5248 3544 5301 υόιηὶ-

254 5355 395 5395 cum
425 5353 554 5408 rege
585 5338 945 5413 Assyridrum.
993 5338 1047 5394 In
1092 5339 1180 5394 die
1211 5339 1295 5393 illa
1337 5339 1489 5396 radet
1517 5341 1775 5398 Dominus
1804 5343 1851 5397 in

1963 5352 2063 5391 nus
2092 5336 2461 5405 captivitatem
2494 5336 2666 5407 plebis
2694 5351 2827 5405 sum,
2856 5339 3066 5394 ltctétur
3091 5338 3276 5408 Jacob,
3308 5348 3363 5391 et
3392 5341 3542 5394 exul-

256 5430 597 5487 novaculam
620 5431 938 5485 conductam
971 5429 1078 5494 his,
1110 5431 1199 5500 qui
1230 5436 1377 5484 trans
1404 5430 1603 5486 ﬂumen
1632 5433 1856 5497 sunt,in
1965 5440 2040 5487 tet
2077 5429 2258 5485 lsraél.
2305 5429 2369 5483 P.
2413 5429 2554 5484 [lene
2594 5430 2862 5485 uuncibte.
2920 5431 2954 5499 ᾗ
2980 5470 2992 5485 .
3038 5429 3237 5493 Gléria,
3278 5440 3333 5485 et
3374 5434 3543 5486 honor

252 5536 402 5592 rege
433 5519 803 5591 Assyridrum,
837 5530 995 5592 caput
1032 5531 1089 5577 et
1132 5521 1268 5590 pilos
1308 5520 1526 5590 pedum,
1554 5531 1607 5577 et
1636 5522 1856 5577 barbam
1965 5523 2128 5590 l’atri,
2161 5532 2213 5578 et
2245 5522 2401 5588 Filio,
2431 5530 2538 5577 etc.
2568 5520 2634 5576 P.
2672 5523 2813 5578 Bene
2844 5526 3111 5578 nunciate.

254 5612 606 5669 universam.
653 5612 721 5668 Et
757 5613 859 5667 erit
887 5613 938 5667 in
981 5612 1070 5668 die
1121 5614 1206 5668 illa
1235 5628 1248 5665 :
1281 5612 1489 5667 Nutriet
1543 5612 1705 5669 homo
1732 5628 1857 5670 vac-
2034 5612 2293 5684 Hymnus.
2324 5612 2524 5669 Christi
2557 5612 2772 5668 caterva
2800 5613 3059 5668 clamitet.
3098 5612 3315 5682 lleqnlre
3352 5617 3447 5685 fol.
3484 5620 3531 5672 l.

249 5723 389 5763 eam
421 5706 607 5772 boum,
641 5714 697 5761 et
723 5705 856 5761 duas
882 5720 1031 5772 oves,
1064 5716 1116 5760 et
1137 5722 1248 5777 pra:
1279 5705 1519 5760 ubertate
1556 5705 1709 5761 lactis
1755 5705 1851 5761 co-
1963 5704 2220 5776 Capitula.
2265 5704 2435 5772 Deus,
2475 5703 2625 5773 cujus
2664 5703 2952 5760 aeternitas.
2988 5702 3205 5773 Require
3228 5707 3320 5775 ful.
3356 5708 3406 5761 8.
3442 5708 3540 5761 Be-

248 5796 459 5854 rnedet
484 5797 779 5867 butyrum:
823 5796 1069 5867 butyrum
1101 5798 1245 5852 enim
1277 5805 1328 5851 et
1377 5796 1482 5851 mel
1513 5797 1853 5851 manducabit
1961 5797 2203 5849 nedietio.
2245 5794 2487 5851 Christus
2522 5794 2803 5863 Dominus,
2850 5796 2937 5865 qui
2973 5810 3067 5866 per
3106 5799 3388 5867 susceptio.
3434 5797 3535 5852 lle.

251 5887 453 5947 omnis
479 5886 570 5959 qui
602 5889 821 5946 relictus
866 5880 1025 5944 fuerit
1056 5890 1106 5943 in
1154 5888 1334 5945 medio
1386 5897 1563 5947 terrae.
1618 5886 1683 5943 Et
1712 5887 1851 5947 dixit
1958 5890 2107 5959 quire
2137 5889 2229 5960 fol.
2258 5890 2309 5941 8.
2880 5876 2883 5879 ’
