4044 6382
504 467 600 521 111

1726 448 2147 507 BREVIAKIUM
2190 444 2568 501 GOTHIGUM.

3680 438 3794 494 ιιι

574 579 769 633 Lauda.
811 574 1086 642 Univérsi,
1116 572 1203 642 qui
1239 581 1289 627 tc
1325 569 1638 639 expéctaut.
1688 567 1933 622 Alleluia.
1966 565 2079 620 Non
2115 569 2159 627 Λ
2188 573 2407 627 terram;
2439 569 2493 616 et
2520 558 2651 615 dicit
2678 558 2741 613 ad
2772 557 2921 613 Sion.
2958 556 3020 610 P.
3051 557 3226 621 Quare
3251 556 3502 610 maerore.
3548 556 3619 626 Ῡ.
3653 555 3791 613 θη»-

499 669 915 727 conl’nnd‘éntur.
952 666 1198 722 Alleluia.
1238 662 1301 717 P.
1336 662 1468 730 Quia
1500 670 1553 717 tu
1579 676 1637 716 es
1671 660 1810 715 Deus
1840 658 2091 713 salutaris

506 778 677 817 meus.
708 759 950 815 ‘Alleh'ria
974 803 989 827 ,
1021 755 1234 812 alleluia
1258 796 1275 820 ,
1306 752 1541 809 alleluia.
1603 753 1635 821 ᾖν
1662 790 1675 804 .
1713 751 1890 819 Dirige
1920 762 2003 801 me
2033 748 2090 799 in

506 855 739 910 veritate
780 860 868 905 tua
916 868 929 904 :
972 849 1141 905 édoce
1167 862 1272 913 me,
1321 846 1443 913 quia
1473 854 1529 899 tu
1561 858 1618 899 es
1665 844 1805 897 Deus
1846 839 2092 895 Salvator

504 959 674 998 meus.
724 940 787 995 Ρ.
814 941 959 1009 “Quia
1002 948 1079 992 tu.
1127 938 1201 1008 ᾗ.
1242 934 1446 999 Gloria,
1479 941 1532 987 et
1571 932 1739 986 honor
1779 929 1943 993 Patri,
1984 938 2084 982 etc.

504 1033 571 1086 Ρ.
604 1034 738 1101 Quia
770 1042 821 1085 tu
853 1046 911 1086 es
939 1032 1099 1084 Deus.

585 1125 786 1176 Duilio.
834 1122 1125 1177 Consolfrre
1156 1118 1380 1173 Domine
1410 1116 1825 1185 expectitutittm.
1873 1110 2093 1176 Ii‘rquire

506 1214 605 1283 fol.
640 1215 722 1270 to.

776 1348 928 1401 ruma
969 1360 1201 1401 secusna
1243 1338 1429 1399 suis»:
1470 1354 1821 1393 nennontom.

1067 1460 1147 1511 Ad
1178 1456 1517 1511 Matutinum.

578 1575 895 1646 Antiphane.
930 1552 1176 1635 Domine,
1206 1568 1332 1639 quid
1375 1565 1707 1635 multiplicati
1741 1563 1908 1618 sunt?
2002 1634 2005 1641 λ

582 1670 783 1723 omna.
821 1663 1152 1735 Multiplicati
1182 1672 1333 1725 sunt,
1372 1661 1615 1714 Domine.
1656 1659 1873 1728 liequire
1902 1657 1995 1727 fol.
2031 1658 2086 1710 8.

577 1764 889 1833 Antiphonti.
916 1759 1054 1813 Ecce
1078 1771 1179 1826 ego
1201 1756 1460 1809 adducam
1494 1754 1657 1807 lilium
1687 1767 1865 1805 meum
1889 1749 2086 1805 Orien-

503 1866 635 1922 tem,
660 1855 692 1908 d
712 1855 789 1906 'cit
815 1851 1091 1907 Dominus.
1128 1846 1191 1900 Ρ.
1222 1846 1353 1913 Quia
1382 1844 1535 1913 lapis,
1568 1858 1725 1911 quem
1753 1840 1876 1896 dedi
1906 1853 2089 1894 coram

2197 657 2294 720 ria,
2325 666 2379 709 et
2406 654 2596 709 honor.
2630 650 2693 706 P.
2718 648 2851 719 Quia
2882 648 3200 704 incurvavit.

2271 747 2471 802 Ortitio.
2518 746 2658 801 Deus
2702 743 2795 798 Det
2840 742 3029 808 Filius,
3073 741 3161 811 qui
3205 730 3443 795 auditum
3486 741 3691 796 triciens
3718 741 3791 795 ah

2197 838 2452 895 extrémis
2477 847 2655 901 teme,
2688 834 2887 890 ruundo
2917 834 3210 903 apparuisti
3246 832 3297 886 in
3330 846 3528 898 carne;
3555 834 3791 887 restitue

2198 932 2426 997 teipsum
2462 926 2766 982 mercedem
2798 926 2920 981 ﬁdei
2953 935 3152 979 nostra:
3185 940 3199 977 :
3236 931 3311 988 ut,
3345 924 3433 992 qui
3466 938 3599 992 opus
3633 934 3787 977 tuum

2198 1021 2442 1075 mirabile
2474 1018 2860 1086 prmdicamus,
2895 1014 3143 1070 mcrcéde
3174 1015 3260 1069 illa
3284 1058 3297 1079 ,
3344 1029 3462 1083 qua
3507 1028 3691 1068 coram
3730 1022 3788 1067 te

2194 1123 2297 1176 est,
2328 1109 2632 1180 apuléutit‘rs
2663 1107 3022 1162 numeremur.
3075 1106 3110 1172 ἡ
3132 1146 3146 1160 .
3180 1105 3372 1159 Amen.

2270 1204 2371 1258 Per
2401 1199 2824 1256 miscricordiam
2855 1209 2997 1253 tuam
3033 1199 3172 1252 Deus.
3199 1206 3399 1250 noster.

2270 1294 2455 1346 Omnia
2483 1293 2611 1356 dlia,
2639 1306 2753 1361 qua?
2780 1293 3061 1360 sequuntur
3088 1305 3244 1358 usque
3270 1289 3321 1340 in
3347 1287 3499 1355 ﬁnem
3535 1286 3787 1339 Matutim'

2196 1387 2452 1447 dirdnmr,
2475 1395 2529 1437 ut
2551 1386 2601 1437 in
2624 1382 2845 1438 uerinda
2868 1382 2996 1451 feria
3017 1382 3198 1450 prima:
3219 1379 3349 1432 Itebd
3379 1378 3577 1431 'ntadw.
3606 1376 3701 1446 fol.
3727 1378 3785 1431 8.

2200 1476 2428 1544 Excepto
2453 1476 2741 1543 propltttid,
2763 1490 2875 1544 qua
2898 1473 3087 1526 dicitur
3109 1472 3173 1525 de
3198 1469 3470 1524 Dominico
3492 1478 3631 1522 sexto
3652 1484 3790 1538 prc-

2196 1570 2361 1623 térilo.
2399 1567 2490 1638 fol.
2524 1566 2612 1621 80.
2652 1566 2726 1617 Ad
2774 1564 3025 1635 Véspems
3052 1605 3065 1627 ,
3103 1574 3157 1616 ut
3190 1562 3350 1629 ευρνὰ
3378 1560 3429 1613 in
3459 1560 3681 1614 secunda
3712 1562 3789 1627 [e-

2194 1676 2291 1713 Ha.

2424 1751 2486 1804 IN
2530 1748 2779 1805 VlGlLIA
2822 1746 3250 1802 NATIVITATIS
3292 1743 3545 1800 DOMINI.

2765 1843 2841 1895 Ad
2874 1840 3210 1893 Maturinum.

508 1950 655 2012 Jesu,
687 1955 890 2015 septem
923 1944 976 1997 in
1007 1958 1072 1997 eo
1102 1941 1240 1996 oculi
1272 1948 1416 1995 sunt.
1463 1940 1495 2006 Ῡ
1523 1978 1535 1991 .
1572 1937 1757 1991 Manus
1788 1936 1932 1991 enim
1965 1948 2083 1990 mea
2122 1936 2166 1995 Β
2268 1940 2583 2007 Antiphone.
2620 1938 2758 1992 Lava
2790 1952 2895 2000 me,
2934 1936 3181 1997 Domine.
3220 1934 3287 1986 ab
3330 1932 3403 2000 ἰν]
3430 1930 3584 1984 stitia
3616 1944 3733 1985 mea
3769 1948 3783 1985 :

507 2037 849 2093 auxiliobitur
875 2034 948 2099 ei,
982 2044 1036 2087 et
1073 2031 1348 2085 brachium
1380 2043 1558 2083 meum
1586 2026 1912 2083 confortébit
1938 2039 2085 2080 eum.

503 2131 572 2187 P.
597 2130 729 2199 Quia
760 2127 926 2199 lapis,
960 2140 1136 2196 quem.
1187 2124 1222 2193 ᾗ
1244 2161 1259 2176 .
1292 2121 1507 2185 Gloria,
1538 2131 1592 2175 et
1623 2123 1795 2175 honor
1824 2116 1986 2174 Patri.
2021 2114 2084 2169 P.

502 2224 635 2290 Quia
664 2221 817 2291 lapis,
838 2234 1019 2290 quem.

578 2313 685 2385 [‘2
732 2313 930 2364 Oratio.
969 2312 1105 2365 Deus
1150 2310 1325 2375 Pater,
1369 2306 1460 2376 qui
1504 2305 1697 2359 Filium
1725 2312 1873 2359 tuum
1907 2302 2091 2357 Domi-

511 2420 637 2457 trnnt
668 2411 909 2457 nostrum
951 2401 1133 2454 Jesum
1162 2399 1437 2453 Christum
1469 2396 1600 2451 oriri
1632 2395 1804 2450 fecisti
1846 2394 1899 2449 in
1930 2407 2091 2447 carne

504 2497 749 2567 tempore
792 2493 1180 2549 lncarnatiOnis
1219 2507 1330 2547 sua:
1376 2508 1386 2543 :
1431 2490 1668 2546 concede
1700 2487 1853 2544 nobis
1879 2530 1893 2555 ,
1941 2497 1997 2541 ut
2037 2486 2089 2540 in

503 2588 623 2658 ejus
654 2586 877 2649 visione,
908 2585 1027 2639 cum
1066 2584 1128 2637 ad
1158 2582 1417 2653 judicium
1462 2581 1690 2646 vénerit,
1724 2594 1816 2635 cor
1849 2588 2089 2634 nostrum

507 2680 790 2747 reﬂorcat,
834 2680 891 2733 et
928 2676 1315 2732 consolationis
1356 2675 1557 2730 donum
1598 2674 1666 2729 de
1710 2674 1933 2728 visionis
1974 2672 2091 2742 ejus

505 2772 717 2844 gaudiis
744 2769 1091 2839 adipiscz'itnr.
1151 2768 1188 2836 ἡ
1208 2806 1223 2819 .
1258 2769 1451 2821 Amen.

580 2864 684 2917 Per
714 2860 1146 2915 misericordiam
1177 2869 1322 2912 tuam
1356 2857 1498 2912 Deus
1528 2864 1713 2912 noster

580 2958 896 3026 Antiphona.
922 2956 1082 3024 Quasi
1107 2953 1345 3011 diluculo
1368 2952 1693 3023 praeparétus
1716 2960 1796 3006 est
1818 2948 2095 3005 Advéntus

506 3046 742 3103 Domini.
795 3046 856 3100 Ρ.
911 3047 975 3102 lit
1015 3046 1192 3099 véniet
1229 3044 1385 3099 nobis
1422 3042 1572 3113 quasi
1613 3041 1785 3095 imber
1824 3038 2095 3109 tempora-

509 3154 662 3201 nens,
704 3149 759 3193 et
797 3138 1087 3193 serotinns.
1138 3138 1211 3207 ᾗ.
1252 3136 1452 3191 Omnes
1480 3142 1664 3206 gentes
1698 3132 1933 3202 plaudite
1974 3131 2092 3185 ma-

502 3234 660 3288 nibus
713 3248 727 3285 :
775 3232 1002 3300 jubilate
1049 3230 1157 3284 Deo
1206 3227 1260 3282 in
1312 3242 1443 3282 voce
1490 3225 1858 3282 exultatidnis.
1916 3223 1983 3278 Ρ.
2031 3224 2095 3278 Et

2193 2042 2249 2090 et
2278 2034 2307 2088 it
2338 2032 2570 2099 peccatis
2596 2030 2729 2086 meis
2753 2028 2947 2083 munda
2980 2041 3078 2081 cor
3106 2038 3305 2079 meum.
3345 2024 3539 2076 l’mlm.
3568 2038 3616 2075 ι.

2270 2127 2471 2181 Ονάιὶο.
2504 2126 2641 2180 Deus
2665 2123 2756 2177 Dei
2788 2121 2973 2176 Filius.
3010 2118 3227 2188 Require
3252 2116 3347 2185 fol.
3374 2116 3427 2170 5.

2270 2219 2585 2289 Αιειίριιοηα.
2620 2216 2777 2271 Exiet
2802 2215 2946 2283 virga
2969 2212 3036 2267 de
3068 2209 3265 2265 Radice
3285 2208 3455 2263 Jesse.
3496 2205 3559 2258 P.
3592 2207 3657 2260 Et
3690 2205 3735 2259 u
3758 2219 3786 2257 s

2194 2312 2263 2365 de
2291 2312 2469 2365 radice
2496 2308 2614 2378 ejus
2645 2304 2916 2369 ascendet,
2952 2312 3007 2358 et
3048 2300 3350 2371 requiescet
3378 2299 3429 2353 in
3460 2314 3525 2353 eo
3553 2296 3786 2363 Spiritus

2198 2400 2446 2464 Domini,
2480 2398 2704 2467 spiritus
2745 2393 3024 2463 sapientia:
3060 2390 3415 2461 septiformis.
3463 2390 3536 2456 Ῠ.
3570 2388 3785 2458 Virgam

2196 2492 2408 2548 virtutis
2442 2499 2543 2545 tua:
2588 2489 2798 2545 emittet
2834 2486 3088 2542 Dominus
3117 2499 3183 2539 ex
3212 2483 3342 2538 Sion
3378 2499 3392 2537 :
3424 2482 3704 2535 dominare
3734 2481 3783 2532 in

2198 2586 2375 2641 medio
2400 2583 2738 2640 inimicorum
2766 2581 3001 2636 tudrum.
3039 2580 3071 2647 Ῡ
3098 2619 3111 2632 .
3148 2577 3216 2632 Et
3245 2577 3343 2631 llos
3370 2578 3437 2631 de
3467 2577 3663 2629 radice.
3710 2574 3741 2642 ᾖ
3768 2612 3782 2626 .

2198 2679 2398 2743 Gloria,
2427 2688 2481 2732 et
2510 2680 2680 2731 honor
2702 2674 2867 2740 Patri,
2902 2684 3011 2729 etc.
3044 2670 3108 2727 P.
3140 2671 3207 2726 Et
3233 2670 3353 2725 ﬂos.

2270 2768 2471 2821 omna.
2517 2767 2593 2822 Ex
2628 2766 2807 2822 radice
2846 2765 2999 2821 Jesse
3039 2763 3224 2818 exiens
3256 2762 3423 2830 virga,
3475 2758 3782 2815 crcdéutem

2198 2863 2291 2916 tibi
2337 2861 2589 2932 populum
2634 2860 2799 2925 salva,
2831 2868 2884 2913 et
2914 2857 3159 2927 spiritum
3205 2854 3569 2924 septiformem
3616 2851 3668 2906 in
3706 2852 3787 2906 eis

2199 2955 2417 3008 infunde
2460 2972 2473 3007 :
2517 2964 2596 3019 ut,
2648 2953 2739 3022 qui
2790 2952 2841 3006 in
2881 2952 3104 3006 salutem
3150 2948 3345 3002 venisti
3386 2946 3688 3001 nasciturus
3732 2945 3783 2998 in

2199 3050 2379 3111 terris,
2417 3047 2706 3118 gloriosum
2740 3060 2933 3100 nomen
2968 3052 3115 3098 tuum
3149 3041 3201 3096 in
3231 3041 3333 3109 eis,
3376 3040 3463 3110 qni
3506 3048 3557 3095 te
3592 3038 3785 3107 depre-

2197 3140 2410 3203 cantur,
2442 3138 2711 3194 ostendas.
2764 3139 2800 3207 ἡ
2822 3175 2837 3192 .
2866 3139 3056 3193 Amen.

2271 3233 2370 3287 Per
2398 3229 2815 3285 misericordiam
2845 3240 3011 3296 luam,
3036 3227 3178 3281 Deus
3206 3233 3403 3280 “Ostt’l‘.

497 3324 679 3379 veniet
720 3296 891 3376 nobis.
941 3324 1009 3390 ᾖ.
1041 3319 1250 3386 Gloria,
1280 3327 1334 3375 et
1374 3320 1545 3374 honor
1577 3317 1739 3384 Patri,
1771 3327 1877 3374 etc.
1922 3314 1988 3371 Ρ.
2025 3316 2091 3370 Ει

2269 3324 2586 3393 ΑηιὶρΙιοηα.
2615 3323 2908 3389 Alténdite,
2937 3320 3158 3388 Gentes,
3182 3331 3236 3375 et
3260 3320 3457 3381 audite,
3485 3325 3537 3371 et
3561 3314 3785 3370 auribus

500 3416 702 3471 \‘éniet.

575 3524 777 3583 Oratio.
809 3522 1054 3582 Dih’rculo
1088 3525 1365 3596 egressum
1397 3529 1567 3585 tuum,
1594 3519 1806 3576 Christe
1838 3518 2087 3585 Domine,

502 3622 864 3693 pra-paratum
909 3618 1074 3675 fuisse
1110 3618 1484 3689 cognoscimus
1520 3636 1534 3673 :
1572 3616 1691 3670 ideo
1734 3624 1786 3669 te
1816 3613 2086 3684 rogamus,

501 3722 602 3780 ut,
647 3714 736 3783 qui
779 3712 950 3768 imber
991 3709 1400 3781 temporimeus,
1451 3717 1505 3763 et
1542 3705 1821 3763 serotinus
1853 3714 2004 3760 ortus
2033 3718 2092 3757 es

504 3807 684 3870 terris,
735 3816 931 3861 terram
981 3802 1162 3859 cordis
1212 3801 1378 3855 nostri
1429 3798 1855 3855 indelicie'ntibus
1900 3796 2091 3864 irriges

505 3897 702 3967 pluviis
740 3906 846 3950 tua:
877 3893 1303 3958 benedictionis;
1354 3901 1432 3959 ut,
1480 3891 1570 3960 qui
1614 3890 1770 3959 primi
1816 3886 2091 3943 Adventus

505 3990 583 4045 tui
614 3982 808 4045 festum
848 3986 1044 4043 devoto
1074 3986 1416 4056 suscipimus,
1448 3982 1671 4040 secundi
1704 3981 1981 4038 Adventus
2014 3981 2091 4034 tui

501 4081 934 4139 manifestatione
964 4082 1258 4136 salvémur.
1300 4080 1335 4148 ri)
1360 4121 1373 4135 .
1404 4080 1599 4134 Amen.

580 4173 687 4231 Per
716 4170 1140 4228 misericordiam
1173 4180 1316 4225 tuam
1352 4170 1490 4224 Deus
1521 4174 1724 4235 noster,
1753 4176 1859 4223 etc.

577 4269 875 4337 Antiphona
902 4269 957 4323 3.
997 4266 1285 4322 Suscilavit
1324 4264 1585 4319 Dominus
1623 4265 1690 4316 ah
1744 4261 1953 4319 (iriénle
2003 4260 2090 4330 ju-

505 4369 671 4417 stum.
692 4360 755 4415 Ι).
786 4359 938 4415 Dabit
968 4362 1020 4414 in
1048 4355 1336 4428 corrSpéctu
1363 4356 1478 4425 ejus
1507 4354 1726 4409 Gentes.
1758 4352 1822 4408 P.
1855 4353 1921 4407 Et
1943 4364 2095 4422 reges

504 4456 791 4511 obtinébil.
852 4455 927 4524 ᾗ.
972 4454 1189 4522 Magnus
1234 4450 1497 4504 Dominus
1546 4452 1749 4513 nosrdi‘,
1800 4456 1855 4502 et
1904 4460 2092 4515 magna

503 4549 677 4602 virtus
704 4546 841 4615 ejus,
890 4554 945 4601 et
988 4544 1266 4612 sapic'ntize
1307 4542 1425 4611 ejus
1457 4558 1560 4595 non
1592 4550 1676 4594 eSt
1703 4540 1980 4593 m'rmerus.
2027 4535 2095 4591 P.

504 4639 664 4694 Dabit
702 4636 755 4692 in
786 4636 1098 4706 conspectu.
1151 4636 1182 4703 ἲ
1209 4674 1222 4687 .
1256 4633 1463 4699 Gloria,
1495 4641 1549 4686 et
1582 4633 1752 4685 honor
1781 4630 1950 4695 Patri,
1982 4639 2089 4682 etc.

505 4734 575 4792 P.
605 4735 670 4789 Et
699 4748 871 4803 reges.

582 4828 785 4883 Qrdtio.
818 4827 961 4880 Deus
990 4825 1168 4889 Pater,
1199 4823 1289 4892 qni
1315 4821 1381 4876 ab
1410 4820 1618 4875 oriéute
1642 4817 1852 4874 Justum
1881 4817 2093 4872 exusci-

509 4930 594 4974 tas
626 4938 639 4975 :
673 4920 741 4975 da
774 4918 950 4981 nobis,
982 4927 1036 4970 ut
1069 4918 1119 4970 in
1151 4915 1268 4985 ejus
1293 4916 1562 4985 amplexu,
1596 4929 1753 4984 quem
1784 4912 1851 4967 ad
1884 4912 2093 4966 redem—

507 5013 744 5082 ptiOnem
777 5019 1015 5065 nostram
1045 5008 1261 5073 misisti,
1286 5019 1484 5061 nostrzc
1512 5006 1704 5060 animm
1735 5004 2088 5065 reviviscunt;

509 5113 569 5158 ut
595 5102 758 5169 Justi,
793 5100 883 5171 qui
916 5101 1035 5154 sine
1064 5086 1282 5152 altériu’s
1309 5097 1529 5167 iustitia:
1560 5093 1970 5164 participatione
2011 5102 2093 5145 est

507 5199 715 5262 .Iustus,
751 5193 1039 5266 participes
1083 5206 1226 5260 es;~e,
1273 5200 1323 5246 te
1361 5189 1611 5260 propitio,
1642 5186 1967 5268 mer-comm.
2017 5185 2087 5250 Ii.

507 5291 703 5345 Amen.

585 5383 687 5437 Per
711 5376 1136 5435 misericordiam
1168 5384 1334 5431 luam.

597 5471 674 5541 ἠ.
725 5469 1060 5525 Hierusalem
1104 5467 1213 5523 cito
1255 5465 1436 5521 véuiet
1480 5464 1627 5520 salus
1669 5471 1778 5516 tua.
1822 5460 1887 5516 P.
1922 5461 2098 5527 Quare

513 5563 750 5619 rnoerdre
776 5560 1143 5617 consumeris?
1175 5558 1429 5630 numquid
1460 5572 1552 5611 rex
1599 5570 1704 5609 non
1735 5564 1817 5609 est
1845 5552 1974 5608 tibi?
2004 5563 2094 5607 aut

509 5642 853 5710 consiliarius
882 5661 1002 5707 tuus
1030 5649 1224 5719 périit?
1257 5647 1324 5701 P.
1354 5648 1485 5711 Quia
1515 5644 1807 5699 incurvavit
1843 5653 1894 5698 te
1918 5644 2091 5707 dolor,

515 5744 655 5802 sicut
687 5746 1089 5816 parturientem,
1114 5740 1331 5796 salvabo
1362 5751 1433 5805 te,
1466 5749 1519 5792 et
1550 5735 1817 5792 innovhbo
1854 5745 1905 5790 te
1934 5753 1947 5801 ;
1984 5734 2093 5788 noli

517 5839 732 5907 pavere.
795 5838 867 5908 ᾗ.
914 5836 1053 5890 Ecce
1085 5833 1287 5889 vocabo
1332 5846 1544 5884 servum
1590 5843 1789 5892 meum,
1821 5835 1875 5882 et
1903 5840 2097 5897 ponam

519 5931 680 5986 verba
720 5943 838 5985 mea
879 5929 935 5984 in
972 5939 1067 5982 ore
1108 5923 1246 5993 cjns,
1279 5932 1331 5977 ut
1363 5923 1563 5990 plantet
1596 5919 1781 5988 caelos,
1817 5928 1871 5976 et
1916 5917 2099 5974 fundet

2196 3415 2457 3487 percipite
2492 3433 2503 3468 :
2538 3414 2723 3470 audiat
2753 3424 2916 3482 terra,
2947 3422 3002 3468 et
3029 3410 3307 3483 plenitudo
3338 3410 3504 3474 orbis,
3535 3417 3588 3463 et
3617 3423 3786 3463 omne

2192 3522 2415 3579 germen
2449 3506 2587 3578 ejus.
2617 3505 2681 3561 Ρ.
2710 3507 2842 3573 Quia
2865 3506 3123 3561 Dominus
3150 3504 3393 3561 Salvhtor
3416 3510 3593 3557 noster
3616 3504 3781 3556 venit.

2208 3601 2241 3667 Ῡ
2267 3642 2283 3656 .
2314 3599 2514 3656 Omnes
2556 3601 2756 3657 Gentes
2804 3598 3037 3669 plaudite
3074 3598 3325 3654 monibus
3367 3614 3381 3650 :
3421 3595 3645 3665 iubilate
3671 3591 3784 3649 Deo

2194 3693 2245 3748 in
2285 3707 2413 3749 voce
2444 3693 2785 3748 exultationis
2827 3691 2895 3746 P.
2929 3692 3062 3760 Quia
3098 3690 3360 3745 Dominus
3385 3688 3655 3743 Salioror.
3706 3686 3740 3756 Ῡ
3765 3726 3780 3739 .

2194 3783 2397 3851 Gloria,
2430 3793 2485 3840 et
2521 3787 2693 3840 honor
2720 3783 2886 3850 Patri,
2918 3791 2973 3839 et
3007 3782 3165 3848 Filio,
3196 3784 3303 3837 etc.
3335 3774 3402 3835 Ρ.
3435 3780 3566 3846 Quia
3602 3777 3782 3833 Domi-

2194 3892 2292 3932 nus
2317 3876 2581 3932 Salvator.
3210 3875 3217 3878 ’

2268 3969 2471 4024 Or'étio.
2514 3968 2737 4024 Domine
2765 3967 2892 4024 Jesu
2920 3966 3152 4027 Christe.
3196 3964 3278 4020 fac
3306 3979 3403 4019 nos
3432 3961 3690 4019 accedere
3716 3960 3783 4014 ad

2195 4070 2246 4117 te
2279 4081 2291 4114 :
2334 4062 2509 4116 tribue
2552 4061 2706 4116 nobis
2748 4061 2947 4115 donum
2987 4057 3373 4115 misericordiae
3407 4067 3550 4121 tum;
3584 4064 3663 4117 ut,
3692 4054 3783 4123 qui

2198 4156 2350 4212 faciéi
2410 4163 2514 4211 ture
2570 4155 2942 4225 praestolamur
2996 4153 3358 4224 prseséntiam,
3422 4150 3779 4213 meritorum,

2197 4248 2502 4304 nostrorum
2532 4247 2819 4303 evadimus
2848 4246 3136 4302 torménta.
3194 4245 3228 4313 ri
3255 4285 3269 4299 .
3302 4245 3491 4299 Amen.

2268 4342 2370 4398 Per
2394 4341 2819 4397 misericordiam
2850 4350 2993 4396 tuam
3026 4342 3165 4396 Deus
3191 4350 3394 4395 noster.

2276 4438 2587 4508 Antiplzona.
2619 4436 2757 4491 Ecce
2786 4435 3041 4506 procédet
3068 4436 3289 4490 verbum
3318 4433 3386 4487 de
3414 4431 3634 4486 Throno
3663 4428 3785 4493 Dei,

2199 4527 2531 4582 conlitémini
2569 4525 2831 4591 Domino,
2866 4536 2922 4581 et
2965 4524 3174 4579 laudem
3207 4524 3367 4578 dicite
3401 4521 3495 4576 illi.
3534 4521 3596 4573 Ρ.
3641 4519 3798 4585 Quod

2202 4618 2342 4671 niam
2382 4615 2550 4684 venit,
2587 4625 2644 4672 et
2677 4616 2792 4671 dies
2820 4614 3031 4670 Domini
3063 4630 3276 4684 magna,
3308 4623 3360 4669 et
3394 4611 3649 4682 pra'clora
3678 4609 3791 4664 val-

2123 4680 2172 4738 ο
2197 4709 2287 4765 de.
2330 4710 2363 4779 ir
2390 4747 2403 4763 .
2426 4709 2528 4775 Qui
2559 4708 2752 4764 emittit
2783 4709 3002 4764 verbum
3030 4680 3208 4773 Suum,
3238 4715 3292 4761 et
3321 4680 3593 4775 liquefacit
3619 4718 3739 4757 earn
3773 4720 3786 4757 :

2197 4802 2345 4855 flavit
2372 4802 2591 4871 spiritus
2620 4802 2735 4870 ejus
2761 4846 2775 4871 ,
2818 4809 2873 4857 et
2903 4801 3071 4855 ﬂuent
3097 4816 3268 4869 aqure.
3303 4798 3367 4852 Ρ.
3402 4797 3664 4865 Quoniam
3698 4811 3791 4852 ve-

2198 4897 2295 4951 nit.
2341 4896 2376 4965 Ῡ
2402 4937 2414 4949 .
2450 4895 2655 4963 Gloria,
2685 4907 2737 4952 et
2772 4897 2962 4949 honor.
3011 4892 3075 4947 P.
3108 4892 3369 4961 Quoniam
3403 4891 3567 4946 venit.

2266 4987 2372 5058 43
2406 4986 2608 5041 Oratio.
2647 4986 2953 5041 Procedens
2982 4986 3049 5039 de
3080 4985 3299 5039 'l‘hrono
3331 4984 3423 5038 Dei
3456 4981 3629 5037 Patris
3661 4981 3788 5035 rini-

2200 5098 2319 5137 cmu
2353 5083 2607 5149 verbum,
2642 5081 2785 5136 salva
2820 5081 2956 5133 filios
2988 5078 3261 5133 hominum
3306 5096 3318 5131 :
3352 5086 3435 5143 ut,
3468 5074 3793 5131 confitentes

2202 5172 2295 5226 tibi
2338 5171 2655 5241 laudemque
2694 5170 2970 5236 dicéntes,
3018 5170 3138 5223 cum
3171 5184 3361 5239 magna
3403 5169 3519 5223 dies
3563 5167 3650 5221 illa
3682 5167 3793 5221 Ad-

2200 5266 2392 5321 véutus
2423 5264 2498 5318 tui
2531 5263 2830 5327 advénerit,
2864 5278 2959 5333 per
2990 5262 3092 5317 hoc
3121 5264 3260 5332 quod
3293 5264 3361 5317 de
3394 5272 3446 5318 te
3476 5259 3637 5316 modo
3666 5261 3790 5315 (πός

2200 5358 2416 5423 dimus,
2471 5356 2539 5411 ab
2591 5355 2805 5412 aeternis
2858 5365 2985 5411 tune
3037 5355 3314 5426 suppliciis
3362 5355 3634 5409 eruantur.
3712 5353 3787 5422 ιῆ.

2203 5453 2396 5505 Amen.
3060 5507 3065 5511 '

2275 5541 2376 5595 Per
2403 5539 2825 5596 miscricordiam
2856 5549 3024 5595 tuam.

2288 5633 2359 5699 ri.
2394 5634 2535 5690 Ecce
2559 5635 2760 5690 oriétur
2805 5636 2959 5689 nobis
2988 5634 3243 5702 Princeps
3282 5632 3351 5687 de
3392 5630 3599 5686 sémine
3626 5628 3788 5694 Iuda,

2202 5738 2257 5785 et
2284 5728 2556 5798 apparebit
2585 5729 2822 5784 omnium
2852 5729 3100 5783 Gentium
3134 5726 3396 5781 Dominus
3424 5742 3438 5780 :
3472 5724 3527 5779 in
3559 5724 3805 5778 excélsis‘

2204 5821 2531 5878 revelabitur
2556 5821 2774 5876 eloritas
2819 5820 2966 5888 regni
3010 5820 3125 5888 ejus
3164 5819 3231 5874 ad
3275 5817 3659 5874 conteréndam
3691 5816 3795 5870 vir-

2206 5917 2373 5971 tutem
2428 5914 2766 5971 inimicdrum
2818 5915 3057 5969 sudrum.
3116 5912 3179 5968 Ρ.
3240 5911 3306 5967 Et
3355 5910 3503 5967 dabit
3552 5907 3794 5980 réquiem
