4044 6382
301 368 403 443 ita

1431 368 1493 421 IN
1537 366 1644 420 DIE
1684 364 2110 435 NATIVITATIS
2150 364 2403 420 DUMLNI.

3453 360 3551 416 ιη

298 489 546 547 erunibus
589 486 900 544 timentibus
953 499 1029 540 se.
1098 486 1167 559 χ.
1220 482 1328 553 Ego
1377 483 1582 557 locutus
1625 499 1765 547 sum,
1815 490 1868 537 et
1900 487 1944 544 Α
1974 482 2196 535 munere
2224 478 2563 549 indulgentiae
2593 479 2907 533 sentiamus.
2964 478 3033 545 ti.
3068 477 3257 533 Amen.

296 585 482 639 vocavi
527 596 668 651 eum,
700 580 971 637 etadduxi
1006 595 1147 634 eum.
1193 576 1259 631 Ρ.
1309 576 1376 631 Et
1419 577 1563 632 dabit
1608 575 1868 646 requiem.

312 678 347 745 Ῡ
375 713 390 729 .
413 674 619 742 Gloria,
646 671 916 728 et'honor.
942 669 1007 730 Ρ.
1045 669 1109 724 Et
1135 667 1302 725 dabit.

374 765 573 821 Oratio.
621 763 699 818 Te
738 762 904 818 Deum
948 759 1355 828 Bedemptérem
1388 766 1625 813 nostrum
1657 756 1871 813 benedi-

295 860 494 922 cituus,
522 857 611 927 qui
637 871 702 911 ex
732 854 939 911 sémine
960 853 1097 919 Juda
1126 850 1275 907 nasci
1301 851 1546 919 dignatus
1572 864 1631 906 es
1658 869 1671 903 :
1701 858 1756 905 et
1782 848 1874 918 pé-

295 957 483 1019 timus;
510 960 567 1021 ut
598 949 743 1017 nullo
771 946 1046 1009 obstaculo
1075 946 1105 1001 s
1138 954 1228 999 tuo
1259 943 1643 1014 proltibeiimur
1669 940 1868 1013 ofﬁcio.

295 1047 633 1127 Quicumque
670 1044 796 1105 vero
836 1051 908 1111 te,
940 1040 1186 1108 Domine,
1217 1038 1555 1104 conﬁtemur,
1590 1035 1749 1090 ditari
1785 1045 1873 1089 tuo

312 1199 2659 1234 Μ

672 1347 782 1423 IN
844 1326 1921 1432 NATIVITATE'DOMINI

825 1525 931 1598 45
963 1524 1041 1578 Ad
1074 1524 1336 1592 vesperae.

366 1623 679 1694 Antiphona.
714 1620 900 1674 Paravi
936 1616 1208 1679 lucernam
1256 1612 1467 1668 Christo
1506 1623 1645 1665 meo.
1694 1605 1873 1661 inimi-

291 1731 390 1772 cos
414 1717 531 1786 ejus
563 1713 778 1768 induam
816 1708 1149 1766 confusione.
1182 1705 1248 1759 P.
1280 1703 1452 1771 Super
1481 1703 1653 1770 ipsum
1696 1704 1872 1752 autem

291 1785 503 1865 ﬂoréliit
530 1804 881 1862 sanctiﬁcatio
907 1816 1044 1857 mea.
1093 1802 1128 1871 ᾗ
1155 1838 1167 1853 .
1200 1795 1404 1853 Juravit
1430 1791 1688 1847 Dominus
1709 1785 1872 1842 David

290 1901 349 1958 in
378 1901 624 1963 veritate,
653 1906 708 1954 et
745 1911 849 1951 non
881 1893 1152 1949 auferetur
1190 1889 1257 1944 ab
1286 1902 1351 1942 eo
1382 1903 1397 1940 :
1424 1885 1492 1939 de
1534 1883 1708 1937 [ructu
1742 1892 1874 1937 ven-

294 1993 395 2047 tris
423 1992 499 2045 tui
540 2003 732 2059 ponam
761 2000 923 2053 super
947 1982 1130 2038 sedem
1161 1991 1354 2035 meatu.
1379 1974 1447 2028 P.
1476 1973 1650 2040 Super
1680 1968 1871 2037 ipsum.

2048 574 2147 627 Per
2177 572 2595 628 misericordiam
2630 581 2789 626 tuam.
2876 618 2877 621 η

2045 662 2308 718 Cdmicum
2330 704 2344 726 ,
2383 673 2430 717 et
2460 665 2632 716 όηηιὶα
2670 663 2775 716 tilia
2799 703 2813 729 ,
2853 677 2968 735 qua:
2999 665 3270 730 sequuntur
3312 676 3467 730 usque
3494 660 3549 712 in

1977 758 2128 825 ﬁnem
2176 756 2420 810 Malutz’m’
2458 756 2714 823 dicdutur,
2767 766 2820 808 ut
2868 756 2921 811 in
2967 766 3151 824 quarta
3198 754 3331 823 feria
3374 752 3553 822 prima:

1978 849 2308 903 Il’ebddmada:
2347 848 2410 902 de
2442 849 2675 901 Adventu
2708 847 2937 916 Domini.
2970 846 3068 915 [οι.
3105 844 3191 901 ιι.
3221 854 3276 900 et
3306 845 3390 898 12.
3439 843 3549 896 Ei:-

1978 942 2125 1009 réptti
2144 940 2444 1011 Prophetid.
2474 940 2705 994 Locutus
2732 949 2814 995 est
2838 940 3097 1001 Durniuus
3118 939 3184 992 ad
3214 939 3414 1001 Achaz,
3443 947 3547 990 etc.

1984 1048 2098 1103 quia
2126 1033 2313 1086 dicitur
2342 1032 2403 1085 de
2429 1040 2572 1085 sexta
2604 1020 2872 1103 Domin'ico
2901 1029 3159 1103 prwlé‘rito
3189 1030 3280 1099 fol.
3315 1026 3404 1097 ω.

3424 1192 3551 1208 ενι-

1983 1326 2356 1405 NOSTBI
2416 1325 2657 1400 JESU
2714 1322 3158 1400 CHRISTI.
3212 1270 3223 1278 ’

1987 1510 2137 1563 vatus
2165 1506 2195 1562 ὲ
2226 1506 2364 1561 ςωιο
2391 1519 2604 1559 causam
2632 1503 3011 1559 lncaruatidnis
3038 1511 3174 1568 tuae;
3205 1511 3282 1570 ut,
3310 1506 3427 1572 quia
3463 1519 3557 1557 uo-

1984 1601 2064 1655 bis
2110 1613 2245 1667 opus
2288 1597 2402 1664 fuit,
2450 1606 2503 1652 te
2547 1595 2817 1650 hominem
2870 1594 2981 1649 ﬁeri
3018 1611 3031 1645 :
3065 1608 3213 1648 tuum
3264 1593 3556 1647 habeamus

1982 1689 2319 1759 suifragium,
2349 1688 2439 1758 qui
2489 1699 2539 1742 te
2586 1685 2859 1740 hominem
2896 1682 3228 1748 conﬁtemur,
3260 1692 3314 1738 et
3367 1682 3551 1751 Deum.

1997 1782 2032 1839 Ii
2057 1823 2070 1837 .
2099 1782 2289 1836 Amen.

1937 1882 1945 1889 '
2052 1874 2152 1932 Per
2179 1872 2627 1939 misericordiam,
2650 1880 2751 1938 etc.

2051 1963 2366 2035 ΑηιίρΙιοηα.
2398 1963 2596 2019 Borate
2625 1964 2747 2019 caeli
2785 1963 3034 2032 desuper,
3077 1968 3131 2021 et
3169 1959 3354 2019 nubes
3375 1957 3559 2028 pluunt

304 2085 345 2153 ᾇ
371 2122 386 2139 .
419 2082 487 2137 Et
511 2048 610 2149 ego
635 2079 783 2133 illum
809 2048 1002 2144 ponam
1034 2067 1446 2140 primogenitum
1475 2061 1746 2119 excelsum
1769 2073 1879 2127 prae.
1976 2053 2227 2153 justum:
2255 2054 2527 2120 aperiatur
2581 2062 2744 2119 terra,
2791 2062 2845 2108 et
2892 2052 3156 2123 germinet
3204 2048 3556 2106 Salvaltirem.

293 2152 514 2245 regibus
543 2181 718 2226 terrae.
753 2168 820 2223 P.
852 2166 1021 2234 Super
1042 2165 1236 2231 ipsum.
1283 2161 1316 2228 it
1340 2196 1356 2214 .
1392 2158 1458 2213 Et
1492 2169 1605 2213 ero,
1622 2152 1675 2213 ei
1707 2152 1761 2207 in
1790 2164 1881 2220 pa-

297 2276 459 2331 trem,
490 2274 544 2320 et
571 2264 683 2332 ipse
706 2262 809 2316 erit
842 2258 969 2314 mihi
998 2257 1051 2311 iu
1079 2254 1268 2309 lilium.
1300 2249 1368 2309 P.
1400 2249 1575 2319 Super
1606 2246 1802 2315 ipsum.

371 2373 573 2428 Oratio.
611 2368 941 2438 Vespertiuis
980 2363 1222 2417 laudibus
1260 2360 1371 2429 jam
1411 2353 1722 2426 praemissis,
1775 2350 1879 2404 Do-

290 2440 470 2535 mine,
520 2461 766 2530 paramus
813 2456 1086 2510 lucernam
1116 2451 1328 2506 Christo
1383 2458 1476 2502 tuo
1527 2443 1788 2506 Domino,
1816 2452 1879 2493 ac

292 2532 636 2623 Deo-nostro
664 2568 681 2610 :
712 2561 771 2605 ut
818 2550 988 2605 fructu
1032 2544 1249 2615 justitia:
1298 2539 1600 2609 repleamur
1644 2532 1880 2603 adgra-

290 2645 460 2711 tiam;
491 2653 544 2700 et
578 2628 803 2698 verbum
833 2640 953 2694 vita:
997 2637 1364 2692 contineamus
1400 2631 1466 2687 ad
1504 2627 1750 2701 gloriam.
1798 2624 1875 2692 ἢ..

290 2743 489 2795 Amen.

364 2830 472 2885 Per
496 2826 938 2884 miscricérdiam.

364 2923 528 2979 Sana.
556 2922 613 2977 in
653 2918 1032 2990 splendoribus
1077 2916 1416 2978 sanctorum;
1452 2929 1515 2969 ex
1565 2916 1718 2969 I'Itero
1755 2919 1879 2968 ante

292 3016 575 3074 luciferum
600 3013 756 3085 genui
780 3021 851 3069 te.
885 3010 1132 3067 Alleluia.
1180 3010 1208 3077 ᾖ
1239 3049 1253 3064 .
1279 3007 1483 3063 ,ΙιπΔνίι
1514 3006 1791 3071 Dominus,
1824 3012 1880 3060 et

296 3124 401 3165 non
432 3105 709 3178 ptenitébit
734 3120 856 3162 eum
888 3121 901 3158 :
937 3114 988 3158 tu
1017 3118 1076 3158 es
1107 3100 1376 3158 Sacerdos
1414 3100 1465 3155 in
1496 3098 1758 3155 :etérnum
1787 3112 1876 3152 se-
1902 3123 1949 3185 ρ

299 3200 530 3257 cundum
559 3197 802 3253 ordinem
834 3193 1243 3250 Melchisedech.
1289 3192 1325 3262 Ῡ
1350 3228 1365 3244 .
1407 3190 1662 3245 Deminus
1690 3188 1720 3242 ὲ
1747 3188 1877 3242 dex-

300 3293 395 3349 tris
431 3293 536 3348 tuis
562 3287 827 3359 confregit
852 3289 903 3342 in
932 3286 1018 3341 die
1048 3286 1140 3340 ira:
1168 3298 1281 3339 sum
1321 3296 1493 3352 reges.
1525 3278 1797 3335 Judicabit
1823 3281 1876 3332 in

303 3385 632 3453 nationibus,
682 3382 924 3455 implebit
981 3381 1162 3437 ruinas
1208 3396 1223 3434 :
1265 3376 1643 3446 conquassabit
1700 3373 1875 3443 capita

308 3478 468 3532 multa
513 3479 568 3533 in
609 3487 749 3533 terra
796 3474 1034 3544 copiosa.
1071 3472 1143 3534 De
1187 3470 1427 3527 torrente
1468 3468 1521 3522 in
1574 3465 1655 3522 via
1685 3464 1815 3520 vivit
1859 3482 1871 3515 :

315 3571 581 3641 propterea
624 3568 875 3627 exaltavit
917 3574 1094 3636 caput.

376 3664 683 3736 Antiphona.
722 3663 915 3718 Audite
957 3660 1145 3716 domus
1191 3656 1354 3713 David
1389 3672 1401 3711 :
1435 3654 1692 3711 Dominus
1732 3651 1880 3708 dabit

246 3795 253 3801 .
306 3738 448 3833 vobis
491 3738 720 3828 signum.
755 3756 819 3810 Ρ.
857 3755 993 3811 Ecce
1031 3753 1182 3824 virgo
1220 3750 1504 3821 concipiet,
1532 3757 1586 3804 et
1614 3748 1786 3818 pariet
1812 3746 1876 3801 li-

304 3850 447 3925 lium,
475 3860 531 3913 et
573 3850 832 3907 vocabitis
880 3862 1074 3905 nomen
1121 3846 1238 3918 ejus
1268 3845 1606 3901 Emmanuel.
1666 3845 1700 3913 ᾖ
1727 3882 1741 3897 .
1771 3844 1880 3897 Au-

302 3942 405 3999 dite
433 3942 550 3998 bare
579 3956 765 3998 omnes
808 3941 1004 4007 Gentes
1041 3959 1053 3992 :
1087 3938 1305 3993 auribus
1333 3935 1606 4006 percipite,
1652 3934 1741 4003 qui
1785 3934 1878 3987 ha-

302 4018 479 4089 bitatis
506 4032 715 4102 urbem.
748 4030 816 4085 P.
860 4032 997 4087 Ecce
1028 4029 1188 4099 Virgo
1229 4026 1514 4096 concipiet.
1559 4027 1630 4095 Ῡ.
1670 4024 1874 4095 Gloria,

300 4128 545 4197 et‘honor
574 4123 739 4187 Patri,
764 4134 868 4178 etc.
898 4120 965 4176 P.
1011 4122 1146 4177 Ecce
1183 4120 1345 4191 Virgo
1373 4117 1660 4187 concipiet.

371 4218 578 4273 ονάιὶο.
613 4214 856 4280 Domine,
888 4216 977 4285 qui
1009 4214 1198 4269 domus
1239 4210 1405 4266 David
1449 4210 1602 4280 signo
1649 4207 1881 4261 admira-

300 4310 388 4366 bili
435 4309 625 4366 salutis
672 4306 971 4378 properans
1015 4304 1231 4374 Virgine
1279 4313 1459 4357 natum
1509 4303 1580 4355 ob
1626 4298 1877 4355 auxilium

302 4400 521 4455 humani
569 4399 784 4470 generis
831 4398 1111 4453 destinasti
1146 4413 1159 4451 :
1191 4396 1347 4449 nobis
1392 4394 1597 4459 annue;
1642 4403 1703 4446 ut
1743 4392 1875 4459 vita,

300 4508 417 4563 qua:
444 4490 627 4547 Mariae
649 4498 799 4560 partu
825 4489 1029 4559 prolata
1052 4495 1155 4555 est,
1184 4485 1440 4542 Ecclesia:
1467 4494 1571 4540 tua
1592 4485 1661 4539 sit
1682 4482 1879 4539 mtérna
1910 4481 1958 4540 D

301 4581 599 4653 redemptio
626 4600 638 4638 :
670 4594 744 4648 ut,
779 4596 936 4651 quem
981 4581 1067 4635 illa
1111 4586 1301 4634 ventre
1328 4576 1575 4647 gestavit,
1623 4577 1882 4645 partuque

298 4673 469 4742 fudit,
498 4674 743 4731 eumdem
797 4688 895 4729 nos
935 4672 1097 4728 corde
1149 4671 1543 4747 concipiamus,
1584 4655 1646 4745 ac
1699 4652 1882 4723 nostro

300 4782 514 4836 semper
544 4765 874 4836 proferemus
899 4781 963 4819 ex
995 4780 1106 4818 ore.
1166 4764 1201 4829 Ii
1224 4801 1237 4816 .
1264 4762 1451 4816 Amen.

370 4862 475 4918 Per
503 4859 922 4916 misericOrdtam
955 4867 1113 4912 tuam.

373 4952 684 5023 Antiphone.
720 4950 934 5005 Elevate
959 4949 1166 5018 signum
1198 4947 1263 5001 ad
1303 4944 1529 5015 populos
1562 4960 1574 4997 :
1611 4942 1746 4997 Ecce
1777 4941 1882 4995 Do—

303 5043 481 5098 tninus
509 5043 747 5117 auditum
790 5039 916 5111 fecit
954 5040 1006 5093 in
1036 5036 1292 5094 extrémis
1326 5046 1481 5091 terrae
1514 5052 1525 5087 :
1559 5033 1722 5089 dicite
1761 5033 1883 5087 tilia:

303 5137 455 5194 Sion.
492 5134 557 5188 P.
596 5134 735 5188 Ecce
784 5132 1027 5187 Salvator
1071 5139 1191 5184 tuus
1240 5127 1407 5195 venit,
1439 5135 1495 5182 et
1523 5140 1729 5181 merces
1766 5126 1882 5193 ejus

303 5245 425 5284 cum
449 5242 535 5282 eo.
579 5227 612 5294 ᾖε
639 5263 653 5278 .
684 5224 883 5279 Omnes
909 5220 1107 5277 Gentes
1145 5219 1379 5289 plaudite
1409 5218 1656 5273 munibus
1688 5234 1701 5270 :
1741 5215 1883 5286 jubi-

305 5318 416 5373 late
445 5317 555 5372 Deo
585 5315 637 5369 in
664 5328 798 5368 voce
825 5308 1185 5367 exultatidnis.
1225 5307 1290 5364 Ρ.
1324 5308 1463 5363 Ecce
1485 5308 1729 5365 Salvator
1762 5304 1882 5361 tuus

304 5409 471 5465 venit.
518 5409 589 5477 ᾗ.
626 5405 831 5471 Gloria,
863 5413 919 5460 et
959 5404 1128 5459 honor
1172 5402 1337 5470 Patri,
1368 5412 1469 5457 etc.
1501 5399 1568 5457 Ρ.
1597 5402 1731 5455 Ecce
1768 5400 1881 5455 Sal-

305 5504 458 5559 vitor
478 5512 598 5556 tuus
621 5502 785 5555 venit.

380 5594 579 5650 Oratio.
612 5591 833 5646 Domine
866 5589 987 5645 Jesu
1031 5588 1262 5653 Christe,
1305 5588 1396 5655 qui
1441 5585 1740 5640 Nativitatis
1782 5593 1881 5640 tua:

307 5698 482 5743 ortum
505 5704 528 5741 ε
551 5687 696 5741 deris
719 5684 913 5738 indicio
941 5683 1239 5751 innotuisti,
1266 5692 1338 5748 et,
1357 5679 1532 5735 erecto
1564 5681 1684 5737 ﬂdei
1708 5680 1878 5751 signo,

308 5781 543 5837 extrema
569 5789 722 5835 terra:
741 5775 1049 5848 conspicere
1079 5773 1331 5831 monuisti
1359 5791 1366 5826 :
1402 5771 1608 5843 respice
1632 5773 1743 5842 jam
1774 5773 1883 5829 ele-

1983 2141 2051 2196 P.
2084 2143 2149 2198 Et
2172 2140 2376 2212 justitia
2397 2143 2599 2198 oriatur
2619 2144 2798 2211 simul,
2816 2159 2913 2213 ego
2936 2142 3192 2213 Deminus
3214 2138 3393 2196 creavi
3413 2154 3555 2203 eum.

2000 2233 2239 2303 Llei
2283 2234 2537 2288 enarraut
2580 2233 2802 2304 gleriam
2852 2235 2964 2300 Dei,
3006 2243 3062 2290 et
3099 2233 3260 2302 opera
3303 2231 3562 2286 manuum

1982 2324 2098 2393 ejus
2141 2325 2423 2379 annuntiat
2449 2325 2859 2397 ﬁrmamentum.
2889 2325 2954 2378 P.
2993 2325 3059 2379 Et
3094 2324 3299 2394 justitia
3336 2321 3555 2391 oriatur.

1997 2431 2025 2485 γ
2057 2456 2068 2467 .
2103 2414 2379 2481 Gléria,et
2402 2418 2571 2490 honor
2600 2415 2763 2481 Patri,
2783 2426 2886 2471 etc.
2916 2415 2979 2469 Ρ.
3016 2415 3079 2469 Et
3102 2415 3311 2485 justit‘a
3332 2414 3557 2489 oriatur.

2053 2506 2255 2562 Lauda.
2290 2508 2530 2565 Potestas
2559 2508 2711 2578 ejus;
2745 2517 2800 2564 et
2842 2523 2943 2577 pax
2980 2507 3097 2577 ejus
3126 2522 3232 2562 non
3262 2508 3369 2561 erit
3412 2506 3553 2578 finis.

1980 2598 2230 2656 Alleluia.
2264 2598 2327 2653 P.
2370 2601 2542 2668 Super
2569 2600 2818 2655 thronum
2855 2590 3016 2655 David
3043 2599 3272 2666 sedebit,
3306 2608 3362 2653 ut
3390 2597 3560 2653 corri-

1981 2700 2068 2761 gat
2095 2707 2237 2748 eum.
2270 2691 2333 2747 Ρ.
2362 2693 2427 2748 Et
2444 2692 2651 2749 sedebit
2679 2692 2732 2747 iu
2756 2694 2979 2749 veritate
3012 2708 3181 2763 USqlle
3204 2695 3254 2748 iu
3279 2691 3559 2748 aatérnum.

1982 2781 2233 2848 Alleluia,
2283 2781 2523 2857 alleluia.
2570 2784 2642 2853 Ῡ.
2674 2783 2894 2859 Magnus
2946 2784 3201 2838 Dominus
3258 2791 3476 2852 uoster,
3507 2794 3563 2839 et

1982 2887 2171 2944 magna
2202 2876 2367 2949 virtus
2396 2876 2511 2947 ejus
2545 2895 2556 2930 :
2590 2885 2645 2935 et
2665 2877 2937 2947 sapientia:
2979 2877 3096 2947 ejus
3117 2893 3222 2932 uon
3264 2888 3345 2933 est
3375 2878 3561 2930 utime-

1982 2981 2091 3020 rus.
2127 2964 2191 3021 P.
2223 2965 2395 3037 Super
2422 2960 2673 3025 thronum
2721 2970 2907 3025 David.
2958 2971 2987 3039 ir
3016 3010 3027 3024 .
3057 2970 3259 3027 Gloria.
3291 2982 3343 3025 et
3395 2972 3564 3025 honor

1984 3056 2149 3125 Patri,
2177 3065 2279 3116 etc.
2310 3058 2377 3116 P.
2406 3060 2469 3114 Et
2500 3060 2723 3117 Sedebit.

2645 3174 2898 3247 Hymnus.

2205 3286 2354 3353 Veni,
2383 3286 2706 3356 Redemptor
2732 3288 3004 3354 Gentium,

2127 3376 2363 3432 Usténde
2394 3385 2601 3447 partum
2630 3378 2859 3447 Virginis
2888 3395 2904 3435 :

2049 3544 2055 3548 ἢ
2127 3467 2344 3523 Miretur
2366 3483 2528 3524 omne
2556 3469 2811 3524 saeculum
2849 3487 2865 3525 :

2124 3558 2268 3615 Talis
2297 3559 2454 3617 decet
2482 3571 2664 3631 partus
2696 3562 2886 3617 Deum.

2058 3658 2059 3661 ‘
2194 3653 2312 3710 Non
2333 3670 2397 3712 ex
2427 3656 2567 3712 virili
2593 3656 2815 3724 seruine,

2126 3744 2231 3800 Sed
2263 3745 2488 3817 mystico
2510 3745 2801 3816 spiramine

2128 3838 2358 3893 Verbum
2386 3837 2481 3894 Dei
2511 3839 2705 3894 factum
2722 3822 2883 3907 caro,

2128 3930 2432 3999 Frutusque
2459 3930 2659 3990 ventris
2690 3930 2889 4001 “eruit,

2194 4019 2359 4075 Alvus
2389 4018 2629 4089 tumescit
2660 4019 2910 4091 Virginis,

2123 4110 2611 4183 Claustrapudoris
2639 4108 2953 4182 pérmanent
2980 4130 2991 4165 :

2125 4204 2329 4258 Vexilla
2368 4204 2622 4260 virtutum
2652 4206 2849 4260 micant
2879 4224 2890 4258 :

2130 4294 2382 4364 Versetur
2419 4296 2473 4350 in
2503 4298 2701 4365 templo
2727 4296 2889 4371 Deus.

2194 4388 2494 4459 Procedens
2516 4392 2584 4445 de
2613 4391 2847 4457 thalamo
2874 4405 2995 4458 suo,

2128 4478 2352 4553 Pudoris
2377 4480 2496 4534 aula
2533 4479 2678 4552 régia

2127 4569 2364 4626 Gemina:
2392 4574 2539 4643 gigas
2564 4572 2898 4642 subst-amite,

2126 4662 2345 4735 Alacris
2362 4672 2419 4718 ut
2442 4673 2621 4719 currat
2648 4664 2806 4727 viam.

2194 4752 2448 4824 Egressus
2478 4753 2594 4824 ejus
2616 4756 2645 4810 it
2678 4757 2869 4821 Patre;

2123 4846 2234 4917 46
2263 4835 2557 4917 Regressus
2585 4850 2700 4917 ejus
2727 4850 2792 4905 ad
2821 4850 3029 4909 Patrem
3061 4872 3077 4911 ς

2130 4922 2397 4992 Εκέὑτςιιε
2427 4953 2593 5008 usque
2618 4940 2681 4994 ad
2713 4940 2932 5012 inferos,

2124 5028 2392 5084 Recursus
2414 5031 2484 5095 [ad
2513 5030 2697 5086 sedem
2733 5032 2843 5088 Dei.

2194 5119 2436 5191 IEqualis
2458 5122 2681 5178 Aitérno
2708 5123 2849 5180 Patri

2124 5214 2314 5270 Carnis
2338 5216 2584 5285 treplueo
2612 5217 2921 5287 accingere;

2126 5310 2339 5365 inlirma
2370 5311 2538 5366 nostri
2567 5310 2811 5381 curporis

2128 5402 2331 5457 Virtute
2361 5402 2579 5458 ﬁrmans
2607 5404 2886 5474 pérpetim.

2196 5494 2441 5563 Przesépe
2463 5496 2572 5564 jatn
2608 5496 2770 5567 fulget
2795 5506 2964 5566 tuum,

2128 5584 2435 5654 Luménque
2462 5601 2565 5641 nox
2591 5587 2759 5656 spirat
2788 5601 2999 5649 novum,

2127 5676 2277 5743 Quod
2310 5677 2452 5732 nulla
2484 5693 2584 5733 nox
2615 5678 2935 5746 interpellet,

2128 5768 2360 5839 Fidéque
2377 5767 2484 5840 jugi
2513 5770 2701 5823 luceat.
