4044 6382
503 399 603 455 1ιό

708 509 872 564 ιε’ωηο
896 506 1074 579 jacére
1106 502 1320 573 pértulit
1348 519 1361 553 ε

637 600 879 669 Prtesépe
908 614 1009 651 nun
1049 594 1323 650 abhorruit
1360 613 1368 645 :

643 696 917 763 Parvojue
947 693 1081 746 lactt:
1121 698 1299 759 pﬂsliIS
1327 698 1429 752 e~t,

636 790 738 844 l’rr
768 801 925 856 quem
963 799 1059 838 nec
1082 781 1194 836 ales
1217 780 1406 835 esurit.

708 877 915 934 Gaudet
944 876 1141 929 chorus
1166 868 1487 934 coelestium,

636 970 702 1024 Et
730 967 915 1038 Angeli
946 974 1143 1020 canunt
1174 963 1321 1027 Deo;

640 1060 927 1128 Parumque
958 1058 1015 1111 lit
1042 1054 1344 1126 pastoribus

640 1152 847 1215 Pastor,
880 1148 1101 1203 Creotor
1128 1146 1392 1200 omnium.

710 1240 891 1296 Gloria
922 1239 1037 1304 libi,
1070 1238 1317 1303 Domine,

638 1332 740 1400 Qui
771 1338 923 1387 natus
952 1344 1010 1385 es
1033 1329 1099 1384 de
1128 1327 1364 1397 Virgine,

640 1422 771 1478 Cum
800 1422 975 1486 Patre,
1003 1431 1056 1476 et
1081 1420 1278 1475 Sancto
1307 1417 1507 1486 Spiritu

640 1515 696 1569 in
726 1513 1050 1584 sempiterna
1079 1510 1293 1568 saecula.

572 1611 916 1770 δυρρῖἱῗέἱῗῗιι.
946 1695 1171 1750 Oremus
1200 1692 1292 1748 Dei
1336 1690 1509 1747 Patris
1539 1686 1938 1759 Omnipoténtis
1974 1688 2073 1741 mi-

1689 384 2111 441 BliEVIARIUM
2152 386 2521 442 GOTHICUSI.

2091 502 2143 558 Α
2245 500 2443 555 omne.
2478 500 2738 570 Benedic,
2790 502 3043 574 DOmine,
3092 510 3364 567 cortinam.
3397 510 3617 585 chuirc
3661 518 3755 574 his

3642 402 3749 461 H6

2167 588 2323 656 ξηρὰ.

2730 686 2811 741 Ad
2842 686 3170 747 Matutinum.

2244 770 2554 839 Antiphone.
2599 775 2806 832 Domini
2846 790 2928 835 est
2967 783 3112 837 salus
3145 802 3155 836 :
3190 794 3245 839 et
3281 800 3443 855 super
3490 789 3747 862 populum

2172 866 2341 924 tuum,
2370 862 2614 924 Domine.
2651 869 2951 926 benedictio
2980 882 3087 928 tua.
3128 874 3275 933 Psal.
3307 894 3383 934 ut.

2246 950 2445 1009 arduo.
2497 954 2577 1011 Tu
2610 973 2689 1025 es,
2717 959 2963 1033 Domine,
3006 967 3174 1034 salus,
3208 977 3263 1024 et
3307 980 3395 1024 tua
3432 981 3511 1027 est
3551 974 3697 1031 salus
3727 993 3745 1037 :

2174 1040 2312 1098 hanc
2340 1047 2629 1113 gaudemus
2661 1051 2713 1104 in
2746 1053 2899 1107 nobis
2926 1053 3163 1125 largitam
3200 1076 3212 1113 ε
3244 1060 3377 1115 hanc
3406 1077 3574 1133 usque
3602 1066 3655 1119 iu
3686 1067 3750 1120 li-

2175 1152 2294 1190 nem
2334 1138 2364 1192 a
2408 1150 2461 1195 te
2491 1140 2718 1209 pétimus
2752 1144 3075 1215 largiéndam
3107 1165 3121 1203 :
3153 1151 3389 1216 eﬂunde,
3415 1170 3747 1223 qumsumus,

2173 1239 2337 1295 super
2363 1228 2615 1297 populum
2648 1241 2794 1288 tuum
2828 1235 3251 1294 benedictionem
3282 1254 3451 1308 tuam;
3486 1252 3541 1298 ut
3572 1245 3750 1312 privo-

2175 1325 2259 1371 tur
2284 1320 2589 1375 maledictio
2620 1337 2812 1392 ptenae,
2843 1336 2896 1381 et
2917 1326 3141 1383 ditéscat
3174 1330 3226 1385 iu
3253 1332 3406 1389 nobis
3432 1334 3634 1390 fructus
3655 1336 3749 1405 ju-

2174 1409 2354 1477 stitize,
2376 1416 2534 1481 atque
2558 1413 2775 1469 laetitia}.
2822 1417 2858 1486 ιῆ
2880 1450 2896 1472 .
2923 1420 3113 1474 Amen.

2244 1500 2347 1571 Per
2370 1503 2787 1570 misericordiam
2824 1517 2967 1574 tuam
2996 1511 3131 1577 Deus
3160 1523 3356 1583 noster.

2245 1593 2558 1663 Antiphonti.
2586 1598 2641 1653 in
2672 1598 2759 1655 die
2788 1601 3011 1673 insignis
3044 1606 3400 1662 solemnitatis
3426 1618 3642 1664 nostrae.
3675 1607 3743 1664 Ρ.

2178 1683 2409 1742 Benedic
2459 1686 2600 1745 Deus
2642 1692 2896 1749 cortinam
2943 1698 3066 1751 anni
3121 1698 3457 1769 benignitﬁtis
3504 1710 3643 1768 tute,
3689 1713 3749 1758 ut

500 1788 865 1851 sericordiam,
909 1786 1176 1856 supplices
1220 1783 1601 1853 imploremus;
1649 1791 1707 1835 ut
1760 1794 1856 1834 nos
1903 1776 2072 1849 gratia
2107 1845 2146 1863 ﬁ
2176 1780 2352 1850 campi
2387 1783 2457 1836 tui
2485 1783 2792 1853 repleantur
2813 1788 3072 1845 ubertate.
3121 1790 3156 1861 ᾗ
3179 1832 3195 1847 .
3227 1790 3303 1846 Te
3325 1792 3481 1848 decet
3506 1793 3749 1863 Hymnus

502 1880 695 1935 Christi
735 1880 833 1943 sui,
852 1845 1077 1933 Domini
1109 1878 1276 1932 nostri
1298 1845 1433 1931 'Jesu
1455 1845 1651 1930 Christi
1694 1845 1953 1943 propitius
1987 1870 2073 1941 ju-
2107 1845 2149 1905 Β
2181 1872 2319 1929 Deus
2358 1875 2414 1930 in
2444 1876 2572 1931 Sion
2606 1895 2622 1938 ;
2653 1886 2709 1933 et
2758 1880 2851 1936 tlbi
2882 1845 3136 1948 redd'étut:
3179 1892 3358 1943 votum
3390 1885 3442 1939 itt
3492 1845 3749 1945 Hierusao.

498 1972 728 2027 stilictre
756 1971 1024 2041 dignetur.

566 2089 765 2143 Prtesta
800 2086 1037 2152 lEtérne,
1058 2084 1406 2153 Omnipotens
1437 2080 1593 2136 Deus.
1626 2079 1812 2151 Kyrie,
1847 2077 2070 2135 eléison.

511 2182 548 2249 ιῆ
571 2220 584 2234 .
615 2180 845 2246 Christe,
874 2154 1097 2234 eléisoiu.
1143 2176 1325 2246 Kyrie.
1356 2175 1577 2230 eléison.

565 2289 823 2361 Capitula.
850 2289 1049 2344 Roréte
1079 2289 1209 2344 Coeli
1232 2287 1480 2357 desuper,
1500 2287 1680 2354 utique
1705 2281 2075 2354 pr0phetando

494 2379 784 2448 Christum,
808 2392 864 2436 et
904 2380 1071 2436 nubes
1101 2382 1285 2453 pluaut
1324 2380 1564 2449 justum;
1606 2379 1732 2433 dum
1758 2379 1931 2432 sancti
1956 2392 2073 2442 om-

497 2486 594 2526 nes
620 2471 737 2541 ejus
759 2471 1125 2540 prtecont'intur
1156 2470 1464 2527 adventum.
1491 2469 1770 2539 Aperiétur
1793 2480 1959 2534 terra,
1994 2482 2071 2534 ut,

496 2566 697 2634 Angelo
726 2562 931 2618 scilicet
950 2564 1279 2633 alloquénte,
1310 2564 1471 2636 Virgo
1498 2564 1783 2634 concipiat,
1816 2574 1871 2621 et
1901 2564 2074 2633 poriat

497 2655 849 2711 Salvatorem.
881 2656 980 2711 llic
1028 2657 1191 2727 igitur
1238 2672 1345 2723 ros,
1374 2658 1462 2728 qui
1502 2658 1597 2713 abs
1629 2668 1680 2713 te
1714 2667 1795 2713 est
1822 2657 2073 2728 Omnipo-

497 2756 615 2801 tens
645 2747 823 2811 Pater,
852 2748 1115 2819 rogamus,
1147 2758 1202 2805 et
1238 2749 1487 2819 petimus,
1519 2761 1575 2804 ut
1621 2750 1714 2804 ﬁat
1739 2750 1943 2805 situitas
1987 2750 2070 2804 iu-

496 2839 808 2905 ﬁrmdrum;
834 2850 910 2910 et,
940 2840 1056 2896 bazc
1077 2841 1251 2910 plﬁvia
1292 2841 1533 2901 Matutiui
1559 2842 1837 2912 temporis,
1869 2842 2070 2912 praebe,

497 2934 666 2988 nostri
697 2933 952 3004 témporis
978 2934 1223 2991 infundat
1247 2934 1513 3001 arentem,
1547 2951 1688 3006 quae,
1718 2935 1894 2991 infusa
1926 2937 2071 2990 tanta

492 3028 685 3097 gratia,
718 3028 1042 3097 praeteritum
1084 3028 1291 3085 facinus
1332 3028 1536 3096 abluat,
1576 3039 1630 3085 et
1663 3029 1919 3085 internum
1952 3044 2072 3086 cre-

494 3118 743 3175 dentibus
784 3120 1004 3189 justitite
1056 3121 1232 3176 lumen
1281 3120 1553 3187 infundat;
1580 3134 1786 3180 necnon
1832 3119 2069 3189 ejusdem

429 3272 433 3276 _
494 3212 615 3267 Filii
657 3213 729 3267 tui
768 3212 979 3268 Domini
1023 3212 1190 3267 nostri
1234 3212 1512 3269 indemnes
1549 3214 1884 3283 prmséntiam
1934 3226 1997 3267 co

493 3306 722 3373 tuentes,
754 3316 910 3378 atque
938 3322 1057 3363 cum
1088 3307 1343 3363 coelicolis
1379 3307 1538 3363 οωιυί
1568 3307 1683 3377 ejus
1712 3309 1761 3362 in
1784 3306 1958 3378 jt’ibilo
1983 3320 2069 3361 oc-

493 3400 790 3466 currentes,
825 3399 924 3461 hoc
953 3398 1219 3455 canticum
1265 3398 1463 3455 Iustitiae
1508 3399 1858 3470 praecinimus
1903 3398 2067 3454 ovan-

493 3502 574 3546 ter
600 3510 611 3544 :
643 3490 982 3557 Benedictus,
1013 3491 1104 3560 qui
1134 3492 1281 3546 venit
1310 3492 1361 3545 in
1393 3490 1609 3545 nomine
1653 3490 1888 3556 Dimini,
1923 3490 2067 3545 Deus

493 3584 771 3648 Dominus,
797 3591 851 3638 et
892 3583 1067 3637 illuxit
1096 3582 1283 3648 nobis;
1316 3582 1471 3653 cujus
1501 3597 1599 3637 nos
1628 3582 1886 3637 adventus
1915 3580 2067 3635 rede-

494 3680 609 3746 mit,
642 3688 695 3734 et
724 3678 980 3733 Natiritas
1022 3675 1344 3732 illustravit:
1378 3675 1478 3744 Qui
1520 3674 1743 3730 veniens
1787 3672 2066 3744 requisivit

493 3771 748 3838 perditos,
776 3780 830 3825 et.
860 3771 1174 3825 illuminant
1218 3771 1268 3824 in
1301 3768 1535 3826 ténebris
1568 3767 1909 3824 constitutos.
1942 3766 2064 3821 Tri-

493 3865 598 3919 l-ue
626 3880 752 3934 ergo
779 3863 1122 3930 Omnipotens
1153 3862 1327 3928 Pater,
1360 3870 1418 3916 ut
1445 3859 1586 3922 diem
1630 3859 1927 3915 Nativitétis
1951 3858 2065 3928 ejus

492 3957 566 4009 ita
613 3954 895 4010 devotiOne
939 3953 1172 4023 piissima
1224 3953 1576 4017 celebremus,
1605 3962 1659 4007 ut
1702 3951 1882 4020 judicii
1923 3952 2062 4007 diem

491 4045 827 4099 mitissimum
872 4046 1164 4099 seutiAmus
1198 4062 1209 4097 :
1245 4054 1339 4110 ut,
1388 4044 1541 4115 cujus
1584 4042 1959 4114 benignithtem
2011 4045 2061 4098 iu

490 4138 853 4206 redemptione
897 4138 1267 4207 cognovimus,
1299 4139 1416 4208 ejus
1462 4140 1715 4207 pietatem
1773 4137 1823 4192 in
1864 4136 2063 4206 judicio

490 4229 818 4287 mansuetam
846 4229 1157 4285 sentiamus.

560 4321 718 4377 Pater
748 4332 943 4378 noster.
983 4321 1215 4377 Liberali
1243 4322 1271 4376 ξι
1300 4323 1459 4378 malo.
1497 4320 1713 4391 Requirc
1736 4322 1828 4391 fol.
1861 4321 1917 4376 2.

559 4430 875 4486 Benedictio.
909 4433 1195 4495 Benedicat
1241 4451 1337 4487 vos
1379 4433 1638 4493 Dominus
1677 4439 1858 4487 noster
1901 4431 2061 4488 Jesus

2175 1968 2298 2023 lem.
2333 1967 2400 2023 P.
2445 1970 2675 2027 Benedic
2715 1972 2875 2030 Deus.
2926 1975 2997 2044 ᾗ.
3025 1974 3158 2029 Glor
3177 1990 3229 2043 a,
3260 1986 3314 2031 et
3360 1976 3533 2034 honor
3580 1979 3743 2046 Patri,

2171 2067 2225 2113 et
2252 2058 2411 2127 Filio,
2442 2070 2547 2117 etc.
2590 2060 2655 2116 P.
2690 2064 2916 2120 Benedic
2947 2065 3109 2121 Deus.

2243 2150 2447 2207 Ονάιὶο.
2478 2153 2728 2221 Benedic,
2778 2156 3017 2223 Domine,
3048 2160 3299 2214 cortinam
3345 2160 3473 2217 anni
3504 2159 3747 2232 benigni-

2173 2246 2297 2301 tétis
2329 2257 2460 2315 tute;
2490 2258 2550 2303 ut
2590 2259 2644 2304 et
2673 2260 2879 2306 mentes
2923 2251 3079 2321 copia
3114 2252 3376 2308 Doctrina:
3423 2254 3744 2325 refulgeaut,

2170 2348 2227 2396 et
2272 2340 2445 2410 campi
2496 2340 2757 2407 donatum
2820 2352 3028 2399 tuorum
3082 2346 3327 2413 ubertate
3374 2345 3744 2415 pinguescant.

2173 2431 2290 2500 Quo
2320 2433 2390 2488 ita
2422 2434 2574 2489 nobis
2616 2433 2913 2491 substéntia
2956 2452 3076 2491 eum
3121 2447 3205 2491 tua
3251 2438 3423 2507 gratia
3457 2438 3745 2508 largiatur;

2174 2530 2231 2576 ut
2258 2532 2313 2578 et
2355 2538 2479 2580 caro
2509 2525 2769 2595 frugibus,
2798 2536 2853 2581 et
2880 2526 3055 2583 anima
3085 2527 3277 2583 divinis
3309 2536 3458 2597 pasta
3495 2528 3745 2585 cuulsntén

2175 2624 2261 2670 tur
2299 2616 2601 2672 virtutibus.
2651 2619 2688 2687 [ἢ
2712 2659 2727 2673 .
2758 2622 2949 2677 Amen.

2244 2707 2347 2764 Per
2372 2708 2791 2766 misericordium
2824 2722 2987 2769 tuam.

2243 2802 2554 2870 Antip/wna.
2589 2803 2943 2869 ASpiciéham,
2966 2811 3022 2859 et
3047 2818 3174 2861 ecce
3210 2819 3330 2859 cum
3362 2803 3593 2860 nubibus
3622 2806 3743 2867 σε»Ιί

2172 2889 2277 2962 4⁷
2308 2892 2457 2960 quasi
2488 2892 2628 2947 [ilius
2658 2893 2887 2957 hominis
2912 2896 3178 2951 veniebat.
3211 2895 3280 2949 P.
3308 2896 3375 2951 Et
3401 2896 3559 2951 tlatus
3588 2907 3671 2953 est
3694 2898 3747 2953 ei

2175 2984 2518 3053 principatus,
2547 2994 2604 3040 et
2637 2984 2827 3052 honor,
2852 2996 2904 3040 et
2929 3002 3148 3057 regnum
3172 3005 3185 3053 ;
3213 3000 3266 3041 et
3296 2988 3471 3042 omnis
3494 2987 3740 3058 populus,

2176 3073 2364 3141 tribus,
2394 3088 2456 3129 ac
2485 3074 2679 3144 lingua:
2704 3076 2803 3145 ipsi
2831 3075 3089 3133 serviunt.
3113 3077 3180 3132 P.
3213 3078 3455 3134 Potestas
3484 3080 3621 3148 ejus,
3652 3094 3747 3148 po-

2094 3195 2143 3259 c
2174 3164 2337 3224 testas
2375 3167 2597 3231 aeterna,
2628 3183 2744 3236 qua:
2785 3185 2890 3227 non
2919 3169 3221 3235 auferétur;
3258 3179 3314 3227 et
3350 3186 3571 3240 regnum
3602 3171 3746 3245 ejus,

2170 3259 2311 3330 quod
2339 3275 2445 3317 non
2485 3265 2874 3333 corrumpetur.
2921 3264 2956 3335 ᾗ
2983 3306 2995 3319 .
3028 3265 3095 3321 Ει
3131 3265 3491 3321 dominabitur
3533 3267 3562 3320 ὸ
3606 3269 3744 3321 mari

2169 3366 2336 3426 usque
2376 3353 2443 3408 ad
2471 3370 2639 3421 mare,
2670 3367 2721 3410 et
2764 3355 2795 3410 ἐι
2826 3357 3044 3413 nomine
3071 3374 3239 3430 usque
3266 3358 3331 3413 ad
3365 3358 3617 3414 terminos
3652 3374 3749 3414 or-

2170 3444 2250 3499 bis
2275 3447 2557 3501 territrum.
2583 3446 2648 3502 P.
2681 3448 2747 3509 Et
2765 3449 2918 3505 datus
2946 3460 3028 3506 est
3054 3453 3125 3507 ei.
3164 3454 3196 3521 ᾖ
3222 3490 3237 3507 .
3267 3452 3471 3518 Gloria,
3493 3462 3546 3508 et
3574 3453 3749 3517 honor

2170 3535 2335 3602 Patri,
2368 3545 2423 3591 et
2453 3537 2609 3603 Filio,
2643 3548 2749 3595 etc.
2783 3540 2847 3595 Ρ.
2882 3542 3123 3600 Putéstas
3143 3544 3278 3613 ejus.
3303 3546 3565 3615 potestas.

2243 3626 2443 3683 (Initio.
2491 3628 2771 3699 Uuigéuite
2814 3632 2909 3688 Fili
2957 3634 3051 3689 Dei
3097 3635 3287 3703 Patris,
3321 3639 3410 3707 qui
3451 3638 3751 3706 aspieiénte

2168 3718 2430 3788 PrOpltéta
2460 3718 2514 3773 iu
2543 3721 2667 3776 εωΙί
2697 3722 2926 3779 nubibus
2959 3724 3119 3779 Filius
3148 3724 3383 3783 hominis
3412 3727 3743 3795 declariris;

2166 3810 2250 3864 cui
2278 3808 2437 3866 Pater
2464 3811 2645 3882 utique
2673 3814 3042 3885 principatum,
3093 3828 3148 3873 et
3195 3834 3414 3889 regnum
3454 3821 3694 3876 attribuit
3727 3840 3745 3889 ;

2165 3899 2290 3955 dum
2340 3902 2517 3959 omnia
2568 3905 2817 3974 potestoti
2872 3916 2974 3962 tum
3020 3908 3245 3978 sub;écit
3274 3929 3291 3966 :
3322 3910 3405 3967 {ac
3452 3927 3571 3979 nos,
3626 3928 3746 3977 esse

2164 4005 2382 4063 regnum
2436 4002 2601 4059 tuum,
2649 3995 2887 4052 tribuens
2924 3998 3074 4054 nobis
3121 4000 3499 4071 municipotum
3550 4004 3743 4074 perpo-

2168 4094 2336 4152 tuum,
2411 4087 2801 4156 coaeternisque
2844 4104 3060 4160 semper
3106 4092 3383 4149 desideriis
3427 4097 3749 4152 anhelantes

2164 4176 2327 4232 tutori
2391 4178 2581 4248 regni,
2630 4183 2933 4243 mereamur
2988 4184 3221 4245 existere
3274 4187 3588 4245 coheredes.
3661 4188 3743 4255 ti}.

2163 4271 2352 4325 Amen.

2232 4359 2334 4414 Per
2361 4360 2783 4418 misericordiam
2814 4372 2977 4419 tuam.

2230 4454 2543 4519 Antiphone.
2576 4455 2713 4512 Ecce
2735 4458 2994 4512 annuntio
3017 4460 3166 4514 vobis
3186 4459 3436 4531 gaudium
3467 4477 3739 4532 magnum,

489 4521 752 4624 Chriswfi
782 4524 869 4624 (lui
889 4525 1022 4624 2""!
1052 4526 1235 4624 indm:
1260 4526 1345 4579 die
1372 4524 1679 4624 Ρθξῑότίδυε
1719 4525 1768 4624 in
1797 4524 2057 4624 ιξνωείξρῖο
2092 4564 2140 4624 D
2166 4543 2303 4613 quod
2332 4543 2435 4599 erit
2480 4544 2731 4601 univérso
2763 4545 2961 4615 populo
2991 4566 3005 4603 :
3037 4521 3214 4606 hodie.
3240 4562 3395 4606 natus
3436 4564 3517 4607 est
3551 4521 3741 4621 nobis;

488 4613 735 4681 appitruit
773 4615 1052 4683 gloriosus.
1098 4617 1170 4684 ἡ.
1204 4618 1395 4671 Amen.
1440 4616 1557 4685 Ipse
1602 4630 1700 4672 nos
1730 4617 1782 4672 in
1809 4617 2059 4672 omnibus

488 4706 754 4775 protegat,
787 4722 848 4762 ac
886 4706 1157 4773 defendat,
1188 4707 1279 4779 qui
1308 4724 1403 4778 pro
1443 4708 1599 4764 nobis
1630 4708 1932 4767 misericors
1964 4712 2061 4764 liu-

488 4798 699 4851 nthnam
721 4800 957 4866 suscepit
983 4799 1280 4855 infantiam.
1329 4801 1364 4869 ft)
1386 4839 1403 4858 .
1428 4802 1622 4859 Amen.
1649 4802 1747 4871 Qui
1777 4813 1958 4858 noster
1979 4811 2060 4857 est

488 4890 767 4957 Dominus,
790 4902 844 4946 et
871 4891 1211 4961 Redemptor,
1237 4895 1353 4964 ipse
1398 4911 1500 4963 nos
1548 4897 1601 4952 in
1641 4898 1895 4954 aztérnum
1936 4912 2059 4966 pro-

486 4982 647 5050 pitius
677 4984 993 5037 conservare
1022 4984 1288 5054 dignetur.
1329 4986 1366 5053 ti
1391 5027 1405 5042 .
1434 4987 1626 5043 Amen.

556 5071 661 5131 Per
692 5072 1108 5129 misericordiam
1134 5074 1300 5144 ipsius
1329 5074 1419 5132 Dei
1449 5077 1632 5132 nostri.

555 5182 757 5238 Lauda.
785 5184 1080 5254 Antequam
1105 5188 1286 5244 ﬁrmos
1308 5191 1520 5257 pareret
1547 5202 1755 5255 montes
1775 5192 1874 5247 sub
1892 5192 2052 5260 cmlo,

482 5287 604 5327 cum
649 5288 716 5328 eo
761 5289 904 5328 eram
933 5278 1257 5345 componens
1297 5280 1511 5346 omnia;
1539 5282 1844 5355 gratulabar
1876 5291 2054 5338 autem

481 5362 612 5425 orbe
656 5362 910 5430 perfecto.
945 5364 1010 5420 Ρ.
1043 5366 1154 5436 Ego
1182 5384 1326 5439 sum,
1354 5372 1438 5425 cui
1483 5372 1643 5427 Pater
1690 5374 2056 5441 congaudebut

480 5452 738 5522 quotidie.
764 5455 1009 5525 Alleluia,
1041 5460 1289 5517 Alleluia.
1340 5463 1374 5530 ᾗ
1400 5502 1414 5517 .
1441 5462 1590 5517 Tunc
1618 5464 1727 5519 dixi
1760 5483 1771 5516 :
1804 5466 1944 5521 Ecce
1975 5480 2058 5521 ve-

482 5545 572 5599 nio
606 5563 620 5601 :
654 5545 705 5601 in
746 5548 921 5620 cépite
951 5550 1067 5607 libri
1093 5555 1351 5624 scriptum
1374 5562 1459 5609 est
1488 5554 1555 5609 de
1584 5572 1706 5623 me;
1745 5564 1802 5612 ut
1825 5556 2053 5612 iacerem

482 5638 811 5697 voluntétem
849 5651 1011 5698 tuam.
1044 5642 1112 5698 Ρ.
1146 5646 1259 5716 Ego
1295 5661 1435 5713 sum,
1466 5648 1549 5702 cui
1600 5648 1777 5704 Pater.
1826 5650 1857 5719 ᾗ
1885 5688 1899 5705 .
1929 5649 2053 5705 Glo-

484 5729 582 5797 ria,
613 5739 667 5787 et
699 5732 881 5791 'honor
919 5733 1083 5804 Patri,
1114 5743 1166 5795 et
1213 5735 1367 5804 Filio,
1401 5749 1502 5794 etc.
1538 5737 1604 5795 P.
1639 5739 1750 5811 Ego
1796 5755 1936 5810 sum,
1969 5743 2050 5797 cui

484 5818 653 5883 φίλιοι.

2168 4632 2232 4688 Ρ.
2284 4632 2531 4689 δεινὲιοῑ
2559 4636 2761 4703 mundi,
2794 4640 2880 4707 qui
2926 4650 3009 4697 est
3048 4641 3290 4697 Christus
3336 4644 3631 4711 Dominus;
3686 4647 3741 4701 itt

2160 4728 2373 4781 civitate
2405 4728 2567 4784 David
2594 4732 2856 4798 regnabit,
2889 4744 2943 4789 et
2971 4734 3183 4802 sapiens
3211 4739 3334 4804 erit,
3366 4749 3419 4793 et
3448 4738 3596 4807 regni
3619 4737 3744 4808 ejus

2159 4833 2264 4873 non
2312 4820 2415 4873 erit
2460 4820 2599 4874 linis.
2663 4822 2735 4887 Ῡ.
2786 4822 3060 4891 ιέιρὶἀειιι.
3113 4841 3269 4892 quem
3317 4827 3743 4895 reprobavéruut

2158 4912 2504 4980 aediﬁcantes,
2535 4914 2620 4969 hic
2647 4915 2818 4971 factus
2849 4927 2931 4972 est
2960 4915 3012 4971 in
3043 4927 3199 4986 caput
3226 4918 3424 4989 anguli.
3456 4919 3520 4975 P.
3554 4921 3743 4978 Salva-

2161 5014 2243 5063 tor
2282 5003 2487 5068 mundi,
2518 5006 2607 5075 qui
2646 5013 2729 5061 est
2763 5005 3028 5063 Christus.
3076 5010 3148 5078 Ῡ.
3201 5000 3400 5077 Gloria,
3456 5021 3512 5068 et
3566 5013 3743 5068 honor

2158 5097 2322 5161 Patri,
2348 5108 2404 5151 et
2432 5098 2587 5164 Filio,
2610 5108 2719 5152 etc.
2752 5098 2815 5152 P.
2850 5099 3098 5156 Salvhtor
3124 5104 3327 5171 mundi,
3362 5107 3448 5176 qui
3477 5116 3559 5162 est
3584 5103 3739 5161 Citri-

2156 5197 2291 5244 stus.

2231 5278 2432 5333 θνάιίο.
2466 5279 2565 5345 Te,
2618 5280 2860 5346 Domine,
2908 5286 3136 5352 luréute,
3184 5289 3533 5344 anuunciétur
3576 5289 3738 5346 nobis

2157 5370 2325 5429 sancti
2376 5375 2564 5444 Angeli
2614 5376 2908 5432 ministerio
2957 5376 3207 5446 goudium
3264 5395 3533 5449 magnum,
3590 5380 3739 5447 quod

2157 5463 2355 5533 populo
2395 5464 2466 5520 sit
2508 5468 2802 5523 christiano
2847 5469 2899 5523 in
2943 5476 3055 5520 toto
3078 5467 3188 5539 jam
3220 5472 3437 5524 mundo.
3490 5471 3737 5526 Christus

2154 5556 2296 5609 enim
2325 5555 2584 5613 Dominus
2613 5558 2773 5614 hodie
2799 5565 2953 5613 natus
2980 5569 3065 5611 est
3090 5558 3335 5614 omnibus
3363 5562 3528 5626 salus,
3571 5572 3739 5632 atque

2155 5647 2400 5717 Saivhtor
2417 5650 2645 5705 :etérnus
2666 5647 2718 5703 in
2743 5650 2957 5704 civitate
2986 5648 3170 5717 David,
3201 5666 3319 5721 quae
3346 5662 3430 5707 est
3458 5652 3733 5719 Ecclesia;

2156 5740 2207 5793 iu
2255 5754 2318 5794 ea
2367 5755 2579 5811 quoque
2604 5743 2716 5796 sine
2745 5741 2849 5796 ﬁne
2878 5743 3141 5811 regnabit,
3169 5743 3294 5799 dum
3323 5761 3439 5801 eam
3474 5761 3639 5815 usque
3665 5748 3735 5800 ad

2157 5833 2312 5900 tinem
2341 5835 2589 5904 custodit,
2618 5850 2678 5891 ac
2700 5834 2834 5907 regit
2866 5853 2878 5891 :
2904 5834 3105 5906 Praesta
3126 5854 3274 5909 ergo,
3300 5849 3354 5896 ut
3374 5854 3489 5898 eam
3512 5855 3735 5904 regnum
