4044 6382
221 380 311 435 ll?

1341 371 1406 427 ΙΝ
1450 370 1559 426 DIE
1599 363 2036 425 NATIVITATIS
2073 364 2310 421 DOMINI

3365 349 3468 406 “3

214 504 358 549 suum
387 504 450 545 ex
481 496 593 544 toto
620 487 836 551 eltlciat,
867 486 992 540 dum
1023 487 1079 540 in
1109 491 1220 539 toto
1247 483 1448 538 mundo
1490 482 1695 545 dilatat,
1730 487 1782 532 et
1816 479 1860 539 Α
1892 478 1977 544 qui
2010 488 2133 530 tunc
2172 476 2222 530 in
2256 473 2515 530 faciendis
2559 473 2717 526 rebus
2769 470 2957 525 aderas
3015 467 3299 532 institutor,
3349 467 3468 536 pius

214 583 500 640 caelestium
531 579 810 634 aeternitati
837 579 953 632 sine
983 576 1086 630 (ine
1113 575 1362 630 assuciat.
1411 573 1446 640 ti
1470 609 1484 624 .
1520 577 1708 625 Amen.

276 674 378 730 Per
401 670 820 728 misericordiam
844 679 1008 723 luam.

291 764 326 831 πῆ
351 805 363 818 .
400 763 728 818 lliert'tsalem
761 761 918 815 ho‘die
947 770 1103 814 natus
1126 769 1207 815 est
1236 759 1327 814 tibi
1376 757 1631 823 Princeps
1672 755 1787 810 Sal-

213 857 358 910 vator
388 856 623 910 omnium
651 872 664 919 ;
713 854 778 909 ad
808 852 960 920 cujus
981 851 1262 918 imperium
1291 850 1648 905 movebuntur
1677 849 1786 901 vir-

214 948 352 1005 t'ittes
380 948 637 1004 caelorum
672 965 684 999 :
721 945 963 1014 regnabit
1001 945 1052 997 in
1084 943 1362 1008 aatérnum,
1392 953 1442 996 et
1473 941 1641 1010 gloria
1671 939 1786 1008 ejus

213 1056 326 1096 cum
358 1049 514 1094 terra:
537 1053 688 1108 pace.
720 1037 781 1090 P.
805 1036 858 1090 In
883 1035 1108 1091 excélsis
1133 1037 1200 1088 ah
1222 1033 1441 1103 Angelis
1463 1032 1785 1087 declaratur.

225 1132 291 1197 ἲ.
328 1130 582 1184 Dominus
603 1128 862 1197 regnavit,
887 1127 1136 1181 decdrem
1160 1125 1332 1180 indttit
1358 1142 1372 1177 :
1401 1124 1569 1178 induit
1601 1121 1787 1176 Dumi-

213 1237 303 1275 nus
336 1219 720 1283 fortittidinem,
746 1231 801 1273 et
830 1217 1105 1286 praecinxit
1126 1233 1204 1270 se.
1238 1215 1304 1269 P.
1330 1217 1385 1270 ln
1417 1215 1664 1272 excelsis.
1712 1215 1746 1281 ᾖ
1772 1254 1785 1267 .

212 1297 477 1380 lttrsbjtes
507 1308 764 1363 elationes
795 1308 978 1370 maris,
1003 1305 1259 1360 mirabilis
1282 1308 1332 1358 in
1356 1304 1478 1358 altis
1508 1303 1785 1362 uenimus.

213 1403 275 1457 Ρ.
318 1403 402 1457 Ab
431 1402 666 1472 Angelis.
726 1401 796 1468 ᾖ.
840 1398 1046 1469 Gloria,
1076 1406 1130 1453 et
1156 1398 1326 1452 honor
1357 1396 1518 1461 Patri,
1552 1405 1604 1451 et
1631 1394 1787 1463 Filio,

211 1505 307 1550 etc.
344 1493 411 1546 Ρ.
440 1494 493 1548 In
521 1494 767 1548 excelsis.

280 1582 481 1636 Oratio.
515 1582 620 1637 Fac
648 1598 767 1648 nos,
801 1579 1042 1644 Dumine,
1071 1578 1244 1633 beatae
1286 1578 1426 1632 illius
1459 1575 1786 1631 Hierusalem

210 1671 410 1727 visione
441 1673 629 1740 laetari,
649 1683 702 1728 et
724 1674 774 1726 in
802 1671 1008 1741 grémio
1035 1671 1148 1740 ejus
1175 1670 1428 1739 perpetua
1453 1669 1788 1738 jocunditate

210 1763 375 1816 attolli
410 1781 422 1816 :
449 1773 508 1818 ut
532 1765 582 1817 in
604 1764 757 1834 cujus
778 1761 982 1833 grémio
1004 1761 1306 1816 sanctérnm
1340 1760 1628 1814 multitudo
1653 1773 1785 1812 con-

210 1853 384 1919 sistit;
415 1854 466 1906 in
493 1854 607 1922 ejus
633 1869 844 1923 quoque
874 1868 972 1908 nos
997 1853 1116 1907 sinu
1138 1865 1255 1906 csse
1276 1850 1553 1920 cumpotes
1582 1849 1786 1904 merea-
1817 1821 1867 1883 Β

209 1960 328 1999 mttr
363 1964 374 1997 :
409 1954 465 2000 ut
492 1945 806 2016 Unigénitus
836 1956 956 1998 tuus
989 1945 1232 2012 princeps
1262 1944 1448 2011 utique
1469 1950 1522 1994 et
1552 1941 1790 1994 Omnium

208 2034 473 2102 Salvator,
512 2036 576 2092 ad
608 2035 761 2104 cujus
802 2035 1102 2102 impérium-
1131 2032 1492 2088 movebuntur
1533 2031 1792 2085 cancrum

208 2126 460 2188 virtutes,
510 2125 589 2179 sic
629 2125 680 2177 itt
723 2124 876 2177 nobis
925 2123 1066 2176 milis
1117 2136 1330 2188 semper
1379 2119 1689 2189 conrégnet,
1738 2127 1796 2172 ut

207 2214 490 2282 sapientiae
539 2228 648 2268 suae
695 2229 786 2268 ora
833 2221 1013 2267 nostra
1063 2213 1113 2266 in
1158 2210 1371 2266 laudem
1434 2214 1514 2265 sul
1565 2208 1798 2264 numinis

207 2313 360 2369 aptet
402 2304 698 2373 :qualiter,
749 2313 799 2357 et
849 2303 934 2356 hic
976 2303 1092 2372 pius
1138 2301 1416 2356 succurrat
1457 2299 1690 2364 miseris,
1744 2310 1794 2354 et

208 2392 335 2461 pbst
362 2393 414 2446 in
447 2408 612 2460 regno
643 2407 741 2446 suo
773 2392 1088 2461 permanens
1117 2392 1183 2447 sit
1215 2392 1267 2446 in
1299 2390 1550 2446 solatium
1580 2388 1791 2444 redéut-

211 2483 334 2552 ptis.
368 2482 713 2549 Respondeat.
741 2487 929 2538 Amen.

283 2576 387 2632 Per
416 2575 836 2635 misericérdiam
862 2585 1003 2630 tuam
1040 2575 1180 2631 Deus
1205 2584 1408 2630 noster.
1442 2572 1698 2628 Doluittus
1725 2572 1793 2626 sit

214 2679 426 2732 semper
448 2665 743 2722 vobiscum.
788 2665 823 2732 πῆ
849 2706 862 2719 .
893 2665 1123 2722 Etcum.

289 2757 604 2826 Antiphonti.
646 2756 758 2810 Vox
808 2755 1018 2811 Domini
1070 2754 1342 2810 reddéntis
1392 2753 1792 2810 retributiénem

219 2849 444 2904 inimicis
465 2849 577 2904 suis
603 2866 617 2903 :
643 2847 926 2917 antequam
960 2850 1265 2918 parturiret,
1298 2846 1542 2917 peperit;
1574 2855 1625 2902 et
1647 2846 1795 2901 ante-

221 2941 373 3010 quam
411 2941 620 2996 veniret
653 2949 835 3009 partus
866 2942 1002 3008 ejus,
1052 2938 1256 3008 péperit
1298 2937 1615 2992 masculum.
1665 2935 1796 3003 Quis

227 3032 422 3087 audivit
444 3032 631 3087 talem!
664 3041 757 3086 aut
782 3032 900 3102 quis
929 3031 1056 3086 vidit
1086 3029 1207 3085 huic
1238 3030 1501 3085 similem!
1535 3028 1603 3083 Ρ.
1633 3027 1797 3083 Num-

231 3123 343 3192 quid
375 3125 465 3196 qui
494 3123 628 3180 alios
651 3123 839 3195 parere
878 3122 1036 3188 facio,
1071 3123 1184 3190 ipse
1219 3136 1324 3175 non
1373 3119 1621 3190 pariam?
1668 3119 1796 3174 dicit

235 3214 474 3272 Dominus
506 3234 518 3270 :
552 3216 654 3283 Qui
687 3215 1088 3285 generationem
1137 3212 1344 3269 cmteris
1378 3210 1573 3277 tribuo,
1603 3209 1799 3265 stérilis

232 3309 353 3360 ero?
380 3309 455 3365 ait
496 3306 753 3362 Dominus
797 3306 939 3361 Deus
968 3315 1170 3360 noster.
1214 3305 1247 3373 ᾗ
1273 3343 1286 3356 .
1335 3303 1447 3358 Vox
1496 3301 1706 3356 Domini
1749 3303 1799 3354 in

232 3403 440 3472 virtute,
483 3420 580 3458 vox
625 3401 834 3458 deini
874 3402 927 3457 in
976 3397 1388 3470 magniﬁcentia.
1419 3396 1489 3450 P.
1534 3395 1800 3461 Numquid

238 3495 325 3561 qui
353 3495 482 3550 alios
505 3497 690 3564 parere
716 3495 873 3549 facio.
919 3493 953 3562 Ῡ
979 3533 992 3547 .
1026 3491 1232 3560 Gléria,
1265 3499 1318 3546 et
1345 3489 1514 3544 honor
1544 3489 1705 3555 Patri,
1751 3497 1804 3544 et

243 3581 393 3648 FJio,
419 3595 519 3640 etc.
551 3585 612 3639 P.
637 3583 897 3654 Numquid
926 3583 1016 3653 qui
1042 3582 1200 3637 alios.

309 3675 495 3732 Ονὰιὶο.
525 3677 664 3734 Deus
692 3677 848 3732 Pater
876 3674 1249 3745 Omnipotens,
1285 3676 1370 3744 qui
1394 3687 1524 3728 voce
1569 3673 1660 3726 tua
1703 3671 1802 3726 ini-

235 3766 380 3823 micis
409 3768 600 3823 animae
642 3777 836 3824 nostra:
883 3765 1064 3820 reddis
1092 3764 1518 3828 retributidnem,
1562 3771 1617 3817 et
1645 3761 1800 3816 ante-

232 3861 382 3926 anam
428 3878 493 3917 ex
542 3871 592 3918 te
623 3861 842 3918 verbum
901 3861 1196 3924 eructares,
1240 3859 1348 3928 jam
1395 3858 1567 3928 ipsum
1620 3857 1802 3926 utique

231 3953 442 4009 verbum
472 3955 608 4009 nova
639 3953 1005 4024 parturitiunis
1049 3950 1186 4007 série
1228 3950 1548 4020 parturieras
1582 3966 1595 4002 :
1623 3958 1677 4003 et
1707 3948 1803 4002 5m-

231 4045 432 4114 tequam
481 4047 662 4115 partes
712 4045 784 4098 tui
834 4042 1093 4098 terminus
1151 4039 1446 4106 adveniret,
1508 4038 1799 4094 masculum

231 4136 411 4204 utique
437 4137 746 4208 generhras.
793 4135 922 4202 Quis
951 4134 1149 4190 etenim
1184 4134 1286 4187 tale
1313 4131 1499 4187 audire
1523 4130 1798 4199 umquam,

230 4241 284 4283 se
310 4229 512 4286 diceret
541 4227 870 4296 aliquando?
924 4236 1013 4281 aut
1046 4242 1104 4280 sc
1148 4224 1343 4278 vidisse
1371 4223 1494 4277 huic
1524 4222 1701 4277 simile
1729 4221 1804 4275 fa-

230 4330 369 4376 ctum
421 4321 672 4390 putiiret?
700 4334 824 4374 cum
865 4318 1031 4374 Deum
1081 4315 1330 4385 genuisse
1378 4314 1568 4377 Deum,
1625 4313 1802 4367 lumen

231 4412 500 4479 peperisse
531 4411 707 4465 lumen
738 4408 1153 4474 comprobaret:
1189 4404 1370 4459 Presta
1407 4402 1560 4457 nobis
1609 4402 1805 4456 inﬁmis

1889 573 2145 639 apparens
2199 572 2250 624 in
2305 569 2456 623 nobis
2511 567 2803 621 retributur
2851 579 2867 618 :
2918 571 2974 617 et
3014 563 3133 630 quia
3180 559 3466 630 antequam

1890 664 2116 717 mundus
2145 662 2412 716 constaret
2457 661 2506 713 in
2554 654 2881 711 sublimitate
2932 664 2984 707 te
3032 651 3302 705 habitasse
3346 665 3465 719 per-

1891 754 2187 822 pendimus,
2222 753 2251 805 ἐι
2283 752 2479 805 n05tris
2508 746 2897 803 colluvidnibus
2926 744 3078 798 liberi
3126 743 3418 797 existhmus
3452 759 3466 805 ;

1891 854 1949 898 ut
1988 845 2052 897 ad
2099 846 2262 896 instar
2309 841 2496 912 legans
2537 839 2802 893 columna:
2844 852 3004 903 super
3030 849 3186 902 quam
3218 833 3467 887 thrénunt

1891 944 2038 988 tuum
2092 934 2399 1003 apparuisse
2449 929 2761 993 denuncias,
2815 941 2911 982 nos
2968 925 3150 979 itidem
3201 924 3471 992 supplices

1892 1034 2012 1079 tuos
2042 1040 2135 1092 per
2161 1025 2338 1077 omnia
2366 1023 2570 1077 similes
2603 1021 2816 1085 reddas,
2845 1034 2947 1086 quo
2975 1017 3042 1071 de
3084 1016 3312 1083 utraque
3348 1013 3470 1068 mt't-

1893 1131 2020 1171 nere
2051 1116 2200 1170 laatos
2231 1115 2470 1178 ell‘éctos,
2524 1127 2643 1166 cum
2674 1110 2874 1164 sanctis
2924 1108 3026 1162 tuis
3066 1106 3229 1160 iacias
3261 1117 3472 1175 perma-

1892 1209 2019 1262 nere
2049 1208 2264 1262 illaesos.
2309 1207 2344 1274 ti)
2369 1246 2381 1258 .
2411 1209 2603 1259 Amen.

1969 1297 2070 1352 Per
2095 1295 2538 1352 misericérdiant.

1960 1390 2278 1460 Antiphona.
2326 1390 2461 1442 Ante
2505 1386 2666 1441 colles
2706 1399 2805 1454 ego
2846 1379 3181 1452 parturiébar
3233 1397 3245 1432 :
3299 1375 3475 1432 adhuc

1897 1488 2088 1536 terram
2139 1497 2243 1535 non
2293 1479 2508 1534 lécerat.
2560 1477 2628 1531 P.
2666 1476 2887 1542 Quando
2915 1473 3084 1529 cmlos
3112 1470 3469 1541 praeparabat,

1890 1574 2107 1629 aderam
2163 1591 2177 1628 :
2233 1573 2358 1628 dum
2399 1571 2620 1626 vallhret
2666 1570 2796 1624 mari
2855 1567 3134 1630 terminos,
3196 1574 3248 1619 et
3301 1564 3472 1630 legem

1889 1665 2110 1736 poneret
2134 1663 2305 1734 aquis,
2332 1678 2429 1732 ego
2459 1677 2628 1717 eram.
2671 1661 2704 1727 Ῡ
2730 1699 2745 1715 .
2776 1659 2924 1712 Tunc
2947 1657 3058 1710 dixi
3092 1675 3104 1709 :
3138 1670 3262 1710 ecce
3294 1654 3472 1717 vénio,

1891 1757 1943 1812 in
1969 1756 2146 1826 capite
2176 1755 2294 1809 libri
2325 1755 2580 1822 scriptum
2610 1759 2692 1806 est
2722 1751 2788 1804 de
2814 1763 2919 1810 me,
2951 1757 3007 1802 ut
3031 1748 3261 1801 iacerem
3285 1745 3474 1799 volun-

1897 1852 2056 1907 létem
2083 1861 2246 1904 tuam.
2279 1849 2347 1902 Ρ.
2375 1847 2598 1916 Quando
2626 1845 2811 1900 caelos.
2861 1844 2894 1912 ᾗ
2921 1884 2933 1895 .
2967 1840 3173 1902 Gloria,
3203 1847 3256 1892 et
3305 1840 3475 1892 honor

1895 1941 2059 2005 Patri,
2081 1948 2137 1993 et
2161 1937 2319 2003 Filio,
2351 1945 2453 1991 etc.
2489 1935 2556 1990 P.
2586 1934 2810 2003 Quando
2839 1933 3006 1987 caelos
3034 1930 3387 2000 praeparabat.

1971 2030 2172 2083 Oratio.
2214 2029 2462 2082 Doctrina
2512 2027 2626 2090 Dei,
2671 2024 2938 2094 Sapiéntia
2990 2022 3182 2084 Patris,
3222 2019 3310 2086 qui
3353 2027 3477 2071 ante

1897 2121 2079 2187 colles,
2105 2130 2161 2176 et
2185 2120 2442 2174 montium
2467 2121 2653 2185 moles,
2685 2133 2781 2172 nec
2811 2119 2933 2171 dum
2963 2115 3136 2170 adhuc
3163 2125 3302 2168 terra
3325 2115 3476 2181 aequa

1901 2212 2050 2268 lance
2067 2213 2256 2267 libréta
2279 2211 2575 2276 constabat,
2600 2221 2650 2264 et
2669 2210 2779 2280 jam
2804 2209 2959 2262 Pater
2979 2208 3204 2277 populus
3228 2205 3475 2274 parabat:

1897 2317 2017 2356 cum
2043 2301 2153 2372 jam
2186 2302 2368 2370 t’ttique
2397 2311 2451 2355 tu
2484 2301 2590 2354 illic
2616 2300 2826 2362 aderas,
2880 2299 3090 2367 quando
3131 2298 3293 2353 etiam
3341 2297 3476 2351 tnari

1900 2391 2158 2447 términos
2205 2392 2320 2445 rata
2368 2389 2634 2444 soliditate
2684 2389 2934 2452 vallabat,
2996 2389 3274 2457 legemque
3324 2387 3478 2456 aquis

1896 2480 2262 2544 constitueret,
2305 2479 2356 2534 in
2393 2481 2546 2535 unius
2586 2479 2811 2534 Deitatis
2841 2479 3030 2533 natura
3063 2487 3117 2532 tu
3166 2478 3280 2546 ipse
3309 2491 3428 2532 eras
3462 2494 3475 2530 :

1897 2577 2084 2631 adésto
2113 2576 2440 2647 supplicibus
2463 2575 2600 2640 tuis;
2635 2584 2684 2628 ut
2720 2574 2888 2628 moles
2916 2572 3197 2626 criminum
3227 2570 3478 2625 commis-

1895 2671 2098 2734 sorum,
2129 2669 2321 2739 quibus
2347 2668 2521 2724 acrius
2553 2669 2862 2738 prémimur,
2890 2674 2990 2720 tuae
3018 2667 3229 2735 pietdtis
3255 2665 3478 2720 dextera

1896 2764 1962 2817 ad
1993 2763 2218 2818 nihilum
2259 2762 2608 2830 redigantur:
2651 2769 2705 2816 et
2727 2761 2795 2814 ita
2829 2763 2881 2815 itt
2907 2760 3067 2829 hujus
3111 2759 3290 2815 surculi
3319 2775 3477 2813 amne

1897 2854 2269 2923 navigantibus
2288 2853 2404 2908 vela
2432 2862 2536 2907 tute
2561 2853 2905 2922 protectidnis
2930 2851 3184 2921 adit-igas,
3214 2860 3272 2904 ut
3301 2858 3477 2904 trans-

1897 2947 2088 3000 et’mtes
2117 2960 2263 2999 mare
2287 2944 2351 2998 ad
2382 2944 2611 3013 supérna
2641 2957 2737 2996 nos
2763 2956 2975 3008 semper
3013 2957 3108 3012 per
3149 2941 3347 3010 lignum
3374 2949 3479 2994 tua:

1899 3035 2085 3090 Crucis
2110 3033 2385 3090 sustollas.
2419 3033 2767 3104 llespdndeat.
2803 3034 2992 3087 Amen.

1971 3126 2073 3183 Per
2101 3127 2543 3182 misericordiam.

1991 3221 2026 3287 ti)
2051 3258 2066 3274 .
2097 3220 2150 3274 In
2179 3219 2278 3273 ista
2311 3218 2397 3274 die
2431 3218 2626 3289 prodiit
2666 3219 2911 3276 Salvhtor
2948 3218 3132 3285 lsraél,
3187 3225 3244 3270 ut
3293 3217 3485 3271 liberet

1903 3323 2089 3365 omnes
2133 3308 2394 3378 captivos,
2440 3324 2612 3364 caecos
2660 3310 2999 3371 illuminavit,
3051 3318 3105 3360 et
3132 3308 3322 3361 surdos
3355 3307 3482 3360 fecit

1903 3402 2090 3455 audire
2124 3418 2135 3453 :
2168 3409 2398 3463 montes,
2431 3409 2485 3454 et
2521 3414 2708 3454 omnes
2755 3398 2922 3453 colles
2962 3397 3358 3467 geriiiinahunt.
3410 3397 3477 3451 P.

1907 3491 1974 3545 Et
2012 3491 2102 3560 qui
2143 3491 2195 3546 in
2229 3489 2466 3546 ténebris
2507 3490 2714 3558 sedent,
2747 3490 3143 3556 exclamabunt,
3177 3499 3231 3544 et
3258 3491 3477 3546 dicent:

1904 3582 2148 3646 Duntine,
2178 3581 2439 3651 appareas
2465 3597 2625 3652 super
2654 3597 2771 3648 nos,
2823 3582 3076 3651 splendor
3121 3581 3306 3652 glerite
3349 3591 3479 3636 tuae.

1917 3675 1990 3742 Ῡ.
2031 3673 2285 3743 Pupulus,
2333 3675 2421 3740 qui
2470 3673 2690 3729 sedebat
2741 3676 2791 3728 itt
2841 3674 3102 3738 tenebris,
3135 3673 3268 3727 vidit
3301 3676 3481 3726 lumen

1905 3780 2150 3834 magnum
2186 3781 2200 3818 :
2245 3763 2610 3819 habitantibus
2658 3767 2712 3819 in
2757 3764 2973 3834 regiOne
3025 3766 3228 3818 umbra:
3275 3765 3482 3830 mortis,

1904 3859 1990 3912 lux
2021 3867 2135 3913 orta
2164 3869 2247 3913 est
2272 3859 2370 3914 eis.
2399 3856 2467 3912 P.
2500 3857 2569 3912 Et
2596 3859 2707 3927 qui.
2747 3859 2781 3928 ᾖ
2807 3897 2821 3912 .
2850 3857 3054 3923 Gléria,
3096 3869 3150 3915 et
3177 3860 3369 3914 honor.
3413 3857 3482 3913 P.

1905 3951 1972 4006 Et
1990 3952 2098 4021 qui.

1977 4043 2180 4099 Ονάιὶο.
2214 4042 2381 4102 Hodie
2409 4044 2589 4100 lumen
2639 4043 2820 4100 mundi
2867 4044 3102 4115 prodiit:
3136 4043 3297 4099 libdie
3339 4044 3486 4096 salus

1905 4143 2003 4195 atri
2045 4142 2262 4196 emicuit
2291 4159 2303 4194 :
2339 4139 2499 4196 hodie
2537 4141 2780 4196 Salvétor
2826 4140 2988 4195 lsraél
3024 4139 3091 4194 de
3119 4139 3333 4193 climate
3363 4138 3484 4192 coeli

1906 4232 2206 4297 descendit,
2236 4243 2298 4287 ut
2333 4233 2487 4288 éruat
2513 4248 2702 4288 omnes
2741 4233 3004 4299 captivos,
3055 4245 3190 4300 quos
3231 4231 3485 4296 antiquus

1909 4325 2076 4378 hostis
2104 4322 2286 4394 praedo
2317 4337 2410 4392 per
2435 4323 2590 4392 primi
2621 4322 2858 4375 heminis
2882 4321 3139 4375 delictum
3180 4318 3485 4387 captivavc-

1909 4427 2030 4473 rat:
2061 4425 2115 4470 et
2163 4424 2221 4469 ut
2262 4415 2422 4469 ctecis
2470 4414 2738 4467 mentibus
2786 4413 2985 4475 lumen,
3018 4411 3195 4465 surdis
3222 4410 3483 4473 auditum,

229 4502 402 4557 servis
430 4502 554 4567 tuis,
604 4509 662 4555 ut
701 4500 789 4569 qui
839 4499 956 4553 aliis
999 4499 1053 4552 in
1097 4497 1350 4566 pariéndo
1404 4495 1800 4552 facunditatem

1912 4507 2078 4575 gratia
2112 4503 2490 4574 praeveniente,
2536 4505 2842 4558 restitueret
2873 4503 2979 4557 :ob
3023 4502 3174 4556 istius
3213 4501 3342 4555 tanti
3373 4518 3488 4571 my-

231 4601 469 4658 ttrmstas,
525 4592 641 4661 ipse
685 4591 737 4645 in
783 4591 935 4644 nobis
964 4589 1257 4659 conceptus
1283 4588 1468 4660 gratia:
1503 4587 1678 4656 parias
1707 4604 1718 4640 :
1750 4593 1807 4639 ut

238 4682 516 4746 sterilitas,
543 4697 662 4750 qua:
692 4695 757 4736 ex
789 4690 973 4735 nostro
1000 4679 1416 4737 inl‘mcunditatis
1446 4677 1577 4734 vitio
1615 4677 1806 4740 oritur,

231 4774 316 4828 tua
343 4773 668 4842 cooperante
693 4773 886 4844 gratia,
918 4773 969 4826 in
1005 4787 1100 4827 nos
1129 4769 1472 4839 multiplicius
1520 4768 1805 4824 redundet.

245 4863 280 4928 ἢ
303 4905 317 4920 .
347 4865 539 4919 Amen.

300 4955 407 5011 Per
435 4955 854 5010 tnisericdrdiam
888 4964 1048 5009 tuam.

300 5046 619 5116 Antiphona.
669 5045 780 5114 Ego
825 5044 1210 5115 primogénitus
1236 5041 1378 5096 exivi
1425 5051 1548 5096 ante
1593 5057 1807 5096 omnem

230 5138 558 5189 creaturam.
596 5133 660 5188 Ρ.
706 5135 816 5204 Ego
847 5133 946 5189 feci
977 5134 1028 5186 in
1059 5132 1234 5197 caelis,
1268 5141 1321 5184 ut
1349 5132 1580 5187 oriretur
1611 5134 1808 5185 lumen.

232 5226 340 5296 Ego
373 5228 432 5282 in
455 5226 577 5280 altis
598 5225 780 5281 habito
814 5244 826 5278 :
856 5236 909 5280 et
941 5226 1161 5279 thronus
1189 5239 1334 5278 meus
1365 5225 1416 5277 in
1443 5225 1688 5277 columna
1715 5239 1813 5278 nu-

232 5316 311 5371 bis
337 5318 636 5387 apparebit.
677 5317 711 5384 Ῡ
737 5358 750 5370 .
779 5316 1036 5370 Dominus
1067 5314 1198 5368 dixit
1221 5314 1286 5367 ad
1315 5329 1400 5368 me
1425 5331 1435 5365 :
1469 5313 1634 5367 Filius
1662 5329 1813 5369 meus

229 5422 288 5460 cs
318 5418 402 5471 tu,
430 5422 528 5476 ego
558 5407 717 5462 hodie
743 5407 900 5474 genui
933 5416 1003 5460 te.
1030 5403 1094 5459 P.
1133 5406 1241 5475 Ego
1266 5407 1361 5459 feci
1392 5405 1441 5456 in
1473 5405 1643 5458 costis.

307 5499 515 5552 omne.
542 5498 674 5554 Vera
708 5498 796 5553 Dei
826 5497 1087 5567 sapientia
1118 5495 1310 5561 Patris,
1341 5496 1430 5564 qui
1458 5505 1580 5548 ante
1601 5509 1813 5550 omnem

235 5593 540 5645 creaturam
591 5590 744 5644 existi
804 5605 869 5644 ex
923 5589 1011 5643 illa
1063 5586 1339 5641 invisibilis
1395 5585 1662 5640 Genitdris
1707 5584 1816 5656 48

237 5697 385 5746 arce,
415 5691 466 5736 te
497 5680 691 5735 etenim
739 5681 929 5735 fecisse
973 5680 1024 5733 in
1073 5678 1223 5734 cmlis
1271 5676 1383 5731 fore
1429 5675 1716 5744 credimus,
1761 5685 1816 5730 ut

238 5751 470 5829 'ci'irétur
500 5773 677 5833 lutucn
726 5771 1056 5844 rhomphcali
1103 5769 1348 5826 ﬂammea
1393 5766 1656 5824 dimicans
1699 5787 1712 5825 :
1762 5777 1817 5824 ut

1912 4597 2060 4652 ste'rii
2091 4597 2347 4653 beneﬁcia
2375 4604 2605 4660 montes,
2638 4606 2693 4651 ct
2715 4597 2881 4651 colles
2921 4594 3231 4665 tripudiant,
3266 4595 3488 4664 ipsaque

1912 4690 2095 4744 mundi
2136 4689 2398 4746 elementa
2431 4687 2684 4743 inell‘abili
2716 4687 2909 4757 gaudio
2947 4687 3047 4741 ista
3091 4686 3143 4740 in
3192 4685 3280 4739 die
3320 4687 3489 4739 melos

1912 4785 2198 4840 decantant
2228 4801 2244 4840 :
2285 4785 2356 4840 ob
2384 4787 2484 4839 hoc
2510 4783 2844 4854 gemebunda
2876 4797 3031 4848 prece
3060 4783 3131 4851 pii
3163 4779 3490 4848 Redempto-

1915 4879 1986 4932 ris
2014 4876 2349 4932 clementiam
2378 4876 2688 4946 suppliciter
2715 4877 3035 4941 exoremus;
3078 4885 3135 4928 ut
3164 4887 3283 4939 nos,
3315 4873 3403 4941 qui
3436 4872 3486 4923 in

1915 4971 2148 5026 ténehris
2205 4971 2542 5039 peccatdrum
2614 4969 2919 5024 nostrdrum
2987 4967 3328 5030 involvimur,
3393 4977 3490 5029 per

1913 5063 2090 5118 cordis
2114 5061 2550 5116 acclamationem
2594 5061 2839 5129 prutint‘ts
2867 5059 3164 5128 expiamur,
3213 5065 3270 5111 ut
3313 5055 3403 5110 illo
3435 5056 3486 5105 in

1914 5156 2066 5209 nobis
2111 5154 2423 5224 apparénte,
2458 5163 2511 5209 et
2552 5155 2800 5224 splendor
2848 5153 3032 5222 gldrize
3068 5149 3374 5221 iocundius,
3425 5159 3488 5197 ac

1915 5243 2261 5312 multiplicius
2309 5245 2504 5297 nostris
2539 5243 2591 5297 in
2633 5242 2942 5312 przecordiis
2970 5241 3164 5311 vigeat,
3203 5247 3258 5293 et
3300 5234 3488 5290 saletis

1915 5337 2106 5406 gaudia
2127 5339 2242 5390 sine
2274 5338 2376 5389 line
2396 5336 2719 5391 dulcéscant.
2765 5336 2837 5404 ἡ.
2867 5336 3056 5390 Amen.

1985 5428 2084 5482 Per
2107 5426 2551 5490 misericérdiatn,
2573 5437 2675 5480 etc.

1988 5519 2299 5585 Antipltona.
2320 5515 2457 5569 Ante
2474 5529 2685 5569 omnem
2701 5516 3000 5570 creaturam
3013 5527 3114 5580 ego
3131 5525 3193 5563 ex
3215 5524 3309 5565 ore
3325 5509 3489 5564 Altis-

1917 5609 2036 5663 situi
2061 5606 2291 5673 processi
2326 5605 2674 5674 :prit’tsquam
2720 5603 2931 5660 Lt'tcil‘er
2961 5604 3208 5667 oriretur,
3239 5615 3338 5671 ego
3362 5599 3432 5655 fui
3472 5619 3482 5651 :

1918 5700 2226 5772 priusquam
2283 5699 2336 5752 in
2392 5697 2604 5766 planitie
2653 5695 3017 5766 prosterneret
3061 5708 3298 5764 campos,
3337 5703 3391 5747 et
3433 5698 3489 5748 ln

1920 5793 2083 5851 ullum
2113 5790 2340 5858 erigeret
2369 5796 2599 5852 montes,
2631 5801 2728 5853 ego
2759 5800 2926 5842 eram.
2966 5784 3030 5840 Ρ.
3076 5783 3173 5841 Cui
3218 5785 3492 5848 adaaude-
