4044 6382
543 382 645 438 H9

539 590 677 654 Quia
705 603 805 659 ego
848 590 1097 661 cognovi,
1129 592 1288 661 quam
1337 607 1561 663 magnus
1604 602 1686 648 est
1734 593 2016 660 Dominus,
2070 606 2122 650 et

540 680 682 736 Deus
715 693 900 737 n05ter
929 697 1039 751 pm
1069 682 1320 738 omnibus
1349 683 1475 738 diis.
1511 683 1582 740 P.
1625 683 1718 739 Cui
1764 686 2117 756 adgaudébat.

555 773 589 841 ᾗ
616 812 630 827 .
652 772 857 841 Gloria,
891 784 943 830 et
974 776 1167 842 honor,
1198 788 1303 832 etc.
1337 775 1404 832 P.
1432 776 1549 834 Cui.

615 864 820 922 Oratio.
860 866 1084 924 Domine
1128 868 1254 924 Jesu
1299 868 1537 935 Christe,
1584 869 1675 941 qui
1730 880 1853 925 ante
1907 885 2120 925 onmem

538 963 839 1018 creaturam
869 977 935 1017 ex
963 976 1058 1019 ore
1087 962 1349 1020 Altissimi
1380 963 1653 1033 prodiens,
1698 965 1883 1019 mundi
1914 964 2121 1019 machi-

540 1067 665 1109 nam
694 1052 1048 1123 dispositione
1077 1056 1309 1113 mirabili
1350 1057 1635 1133 condidisti
1668 1076 1680 1109 :
1715 1057 1900 1113 adesto
1932 1057 2121 1113 Eccle-

541 1140 636 1197 sia:
659 1150 787 1211 tuae,
818 1159 977 1214 quam
999 1160 1066 1202 ex
1094 1156 1207 1203 toto
1235 1148 1367 1204 orbe
1391 1149 1719 1219 congregare
1742 1149 1989 1219 dignatus
2016 1163 2076 1205 es
2104 1167 2114 1201 :

542 1241 598 1286 ut
624 1232 764 1289 sicut
790 1234 973 1292 mundi
1001 1236 1255 1294 conditor
1281 1253 1403 1296 esse
1431 1239 1783 1310 ilignosceris,
1832 1241 1904 1296 ita
1936 1241 2121 1297 Eccle-

537 1322 633 1378 sia:
661 1321 908 1386 suum:
934 1326 988 1386 in
1026 1327 1279 1389 omnibus
1306 1344 1369 1385 ac
1398 1344 1493 1401 per
1523 1329 1700 1386 omnia
1747 1331 2116 1403 cognoscaris.

554 1414 592 1482 ἡ
612 1453 628 1469 .
657 1417 847 1472 Amen.

612 1505 719 1568 Per
739 1508 1158 1564 misericordiam
1192 1520 1355 1582 tuam,
1391 1511 1531 1568 Deus
1560 1522 1762 1579 noster,
1793 1522 1899 1571 etc.

605 1599 923 1671 Antiphona.
951 1602 1241 1663 Suscitabit
1271 1604 1528 1661 Dominus
1552 1606 1675 1661 caeli
1703 1621 1906 1676 regem,
1948 1608 2037 1678 qui
2067 1609 2119 1663 in

533 1691 795 1749 aeternum
835 1711 944 1751 non
997 1698 1449 1755 commovebitur.
1502 1700 1567 1755 Ρ.
1622 1702 1690 1756 Ει
1736 1719 1958 1775 regnum
2003 1705 2121 1776 ejus

534 1787 733 1858 populo
777 1790 930 1846 alteri
980 1806 1086 1848 non
1139 1793 1397 1848 dabitur:
1432 1796 1715 1864 percutiet,
1770 1806 1824 1851 et
1876 1797 2119 1856 conteret

1752 389 2174 449 BREVIARIUM
2212 388 2587 449 GOTHICUM.

541 497 632 552 bat
675 498 930 569 quotidie,
981 498 1107 554 dum
1152 500 1509 565 delectaretur
1556 503 1686 558 orbe
1735 504 1995 573 perfecto.
2036 506 2069 573 ᾗ
2096 544 2111 559 .
2145 508 2186 564 Α
2214 503 2385 573 jugis,
2438 504 2746 574 magnitudo
2789 504 3041 575 perennis
3083 524 3095 562 :

3713 404 3742 459 1
3753 404 3821 464 Ξ(

3148 517 3204 563 ιιι
3252 523 3411 567 omne
3449 526 3553 568 non
3584 520 3735 571 tuum
3767 520 3825 575 in

2225 593 2380 647 nobis
2428 593 2725 664 reperiens,
2779 596 3009 662 auferas,
3069 613 3272 668 trosque
3324 611 3444 657 tuos
3473 602 3525 657 in
3557 602 3817 665 omnibus

2222 698 2285 737 ac
2328 699 2421 753 per
2450 685 2628 741 omnia
2679 686 2841 744 facias
2875 706 2888 741 :
2940 698 2997 746 ut
3021 706 3117 747 nec
3146 695 3399 764 potestati
3430 706 3535 754 tute
3563 700 3615 755 in
3648 703 3812 760 nobis

2223 775 2510 845 quidquam
2558 778 2775 843 officiat,
2829 796 2927 837 nec
2977 784 3092 853 paci
3124 786 3373 863 resistat;
3399 790 3491 845 sed
3522 792 3636 862 ipse
3664 796 3823 853 solus

2222 882 2321 923 nos
2370 870 2664 939 possideas,
2713 873 2803 954 qui
2834 874 2949 930 Rex
2980 892 3164 946 regum
3192 890 3246 934 et
3272 880 3532 940 deinus
3554 886 3810 947 domino-

2223 974 2360 1023 rum.
2394 977 2534 1019 nunc
2562 974 2614 1018 et
2644 980 2737 1034 per
2764 966 2941 1022 omnia
2975 971 3171 1024 szecnla
3197 988 3405 1043 regnas.
3448 976 3519 1032 ἡ.
3553 978 3751 1033 Amen.

2293 1053 2394 1108 Per
2415 1056 2842 1114 misericdrdiam
2871 1069 3034 1116 tuam.

2293 1144 2606 1214 Antiphona.
2653 1148 2913 1205 Parvulus
2941 1163 3096 1208 natus
3122 1162 3204 1209 est
3233 1167 3408 1223 nobis,
3437 1167 3494 1213 et
3521 1157 3687 1217 Filius
3710 1162 3813 1216 da.

2223 1246 2306 1293 ttts
2324 1247 2408 1294 est
2458 1240 2633 1307 nobis,
2689 1250 2745 1297 et
2785 1243 2955 1299 factus
2990 1255 3074 1300 est
3123 1247 3453 1317 principatus
3489 1265 3605 1320 ejus
3636 1267 3807 1322 super

2221 1330 2475 1387 humeros
2510 1334 2650 1403 ejus.
2699 1333 2766 1389 P.
2820 1334 2886 1390 Et
2933 1338 3209 1395 vocabitur
3248 1355 3443 1396 nomen
3471 1342 3589 1411 ejus
3616 1347 3804 1413 tnagni

2221 1426 2428 1480 consilii
2460 1426 2716 1497 Angelus,
2750 1428 3116 1499 Admirabilis,
3141 1434 3502 1489 consiliarius.
3534 1436 3682 1496 Deus
3713 1437 3804 1494 for

2219 1515 2305 1581 tis,
2342 1515 2673 1584 Dominator,
2724 1517 2978 1590 Princeps
3024 1522 3193 1593 pacis,
3226 1523 3383 1579 Pater
3405 1526 3565 1581 futuri
3594 1529 3805 1584 seculi.

2222 1610 2663 1678 Multiplicabitur
2714 1613 2831 1683 ejus
2890 1614 3195 1682 imperium,
3254 1626 3310 1673 et
3358 1618 3501 1687 pacis
3562 1622 3810 1676 nouerit

2220 1702 2362 1757 linis.
2430 1704 2503 1773 ᾗ.
2562 1704 2627 1760 Et
2644 1704 2749 1761 erit
2784 1707 3179 1763 ﬁrmamentum
3226 1708 3281 1764 in
3314 1719 3457 1765 terra
3497 1710 3549 1766 in
3578 1714 3806 1766 summis

2219 1791 2500 1861 montium,
2552 1803 2607 1850 et
2648 1796 3097 1865 superextolletur
3124 1813 3285 1869 super
3315 1799 3573 1854 Libanum
3603 1801 3813 1857 fructus

533 1881 778 1937 universa
800 1898 959 1953 regna
981 1896 1035 1939 et
1055 1885 1229 1955 ipsum
1252 1863 1609 1942 solumstabit
1635 1887 1687 1943 in
1711 1888 1993 1946 mtérnum.
2040 1893 2074 1961 Ῡ
2099 1931 2106 1946 .

2226 1884 2342 1952 ejus
2382 1901 2396 1939 :
2444 1895 2501 1942 et
2554 1863 2766 1942 ﬂorébit
2792 1887 2859 1944 de
2885 1890 3099 1945 civitate
3127 1863 3265 1945 sicut
3292 1892 3488 1947 (mnum
3523 1902 3700 1949 terra.
3727 1893 3806 1948 Ρ.

531 1973 592 2028 In
622 1973 953 2045 suajustitia
979 1976 1244 2045 judicabit
1273 1977 1535 2048 pauperes
1579 1978 1785 2048 populi,
1837 1990 1893 2045 et
1939 1981 2117 2059 salvos

529 2062 686 2119 faciet
734 2064 874 2121 ﬁlios
928 2067 1251 2138 pauperum;
1304 2078 1359 2135 et
1408 2069 1711 2127 humiliabit
1757 2074 2112 2129 calumniato-

525 2169 663 2211 rem.
699 2155 767 2212 P.
801 2156 869 2213 Et
910 2173 1133 2229 regnum
1164 2160 1281 2231 ejus
1313 2162 1509 2234 populo
1540 2164 1699 2220 alteri
1727 2181 1832 2221 non
1874 2167 2111 2223 dabitur.

540 2249 575 2317 ᾖ
601 2289 617 2304 .
650 2247 858 2318 Gloria,
899 2259 955 2305 et
984 2252 1155 2308 honor
1183 2253 1349 2323 Patri,
1382 2265 1435 2311 et
1466 2254 1624 2323 Filio,
1656 2267 1761 2314 etc.
1795 2257 1860 2312 P.
1920 2260 1985 2314 Et
2030 2275 2114 2327 re-

524 2355 711 2409 gnum,

601 2432 802 2487 Oratio.
849 2432 990 2497 Deus
1031 2434 1210 2504 Pater,
1255 2438 1344 2509 qui
1389 2437 1572 2505 Jesum
1602 2440 1873 2505 Christum
1920 2443 2110 2499 Filium

526 2532 675 2578 tuum
730 2523 825 2580 tibi
876 2527 1229 2598 comtéruum,
1282 2540 1337 2592 et
1385 2533 1716 2602 coaequalem
1764 2535 1886 2592 cmli
1930 2551 2108 2606 regem

526 2614 800 2671 suscitasti
825 2617 1165 2676 ostendendo
1188 2636 1309 2687 eum
1339 2622 1391 2677 in
1421 2637 1614 2691 carne;
1649 2625 1731 2681 fac
1761 2641 1858 2681 nos
1899 2642 2112 2698 semper

527 2703 670 2765 illius
697 2707 845 2777 sequi
876 2716 932 2765 et
959 2708 1089 2778 ﬁde,
1118 2720 1173 2766 et
1202 2712 1365 2784 opere
1386 2730 1575 2770 vocem
1602 2733 1617 2773 :
1661 2728 1718 2771 ut
1760 2732 1879 2773 eam
1924 2720 2109 2777 auditu

527 2800 710 2857 cordis
738 2800 856 2856 sine
886 2803 1285 2862 intermissione
1310 2807 1611 2876 audientes,
1640 2809 1822 2881 gloriae
1850 2825 1962 2867 sua:
1999 2828 2111 2870 me-

528 2889 748 2960 reAmur
774 2908 895 2957 esse
925 2896 1233 2969 participes.
1282 2901 1321 2966 ἡ
1342 2941 1359 2958 .
1389 2901 1580 2959 Amen.

596 2984 700 3038 Per
726 2983 1149 3043 misericordiam
1182 2998 1324 3045 tuam
1356 2992 1497 3047 Deus
1526 3002 1727 3059 noster,
1759 3004 1861 3051 etc.

594 3076 915 3149 Antiphona.
946 3080 1144 3137 Emitte
1172 3097 1388 3153 agnum,
1426 3085 1669 3155 Domine,
1710 3088 2107 3150 Dominatérem

525 3176 686 3227 terrae
725 3169 800 3225 de
825 3180 973 3240 petra
1022 3173 1221 3241 deserti
1271 3178 1338 3232 ad
1381 3188 1616 3236 montem
1664 3181 1786 3241 filiae
1828 3183 1996 3251 Sion;
2054 3197 2109 3243 et

525 3261 916 3330 praeparabitur
942 3263 998 3320 in
1030 3266 1401 3334 misericordia
1451 3271 1569 3342 ejus
1613 3272 1724 3345 69
1768 3275 1986 3332 solium.
2033 3276 2101 3333 P.

522 3349 594 3405 Et
636 3351 844 3409 sedebit
894 3368 1063 3425 super
1111 3372 1237 3419 eum
1288 3360 1342 3421 in
1384 3362 1612 3427 veritate
1650 3364 1703 3420 in
1761 3368 2107 3425 tabernaculo

524 3444 711 3502 David.
754 3449 790 3519 ᾖ
812 3490 826 3504 .
860 3450 904 3504 0
926 3450 1148 3510 Domine
1176 3457 1353 3514 salvos
1385 3474 1480 3515 nos
1518 3460 1620 3528 fac,
1653 3462 1687 3517 o
1715 3463 1942 3522 Domine
1966 3466 2105 3524 bene

522 3539 863 3605 prosperare.
890 3539 960 3595 Ρ.
1001 3542 1070 3597 Ει
1095 3545 1305 3601 sedebit
1328 3562 1489 3618 super
1516 3565 1657 3607 eum.

599 3627 802 3687 Oratio.
855 3631 1115 3690 Imménsa
1172 3637 1267 3693 Dei
1306 3641 1562 3710 sapientia
1592 3643 1785 3713 Patris,
1811 3648 1901 3719 qui
1934 3648 2105 3711 Filius

522 3720 890 3812 Dominusque
938 3724 1128 3789 David.
1167 3729 1556 3802 Prophetarum
1597 3739 1869 3795 vaticiniis
1907 3756 2105 3812 appro.

520 3808 700 3869 baris:
734 3821 791 3868 tu
816 3814 870 3869 in
901 3814 1096 3873 throno
1127 3818 1299 3877 Patris
1328 3825 1649 3895 consistens,
1671 3838 1829 3901 atque
1856 3832 1926 3889 de
1943 3808 2103 3904 petra

522 3897 720 3991 deserti
748 3902 818 3957 ad
847 3913 1081 3962 montem
1109 3908 1233 3964 [ilize
1260 3909 1415 3979 Sion,
1444 3915 1662 3971 domum
1692 3897 1882 3990 Jacob,
1917 3897 1971 3979 id
1995 3934 2098 3991 est,

523 3989 820 4054 Ecclésiam
860 4009 1052 4067 regens
1088 4016 1103 4053 :
1148 4001 1229 4057 sic
1280 4004 1434 4062 nobis
1466 4006 1714 4066 omnibus
1743 4012 1797 4066 in
1829 3989 1890 4068 ea
1921 4019 2101 4073 consi-

525 4082 793 4143 Sténtibus
839 4092 1188 4158 protectionis
1236 4102 1343 4152 tute
1390 4098 1749 4170 gubernacula
1780 4104 2009 4177 porrige,
2044 4118 2103 4165 ut

524 4185 699 4232 tecum
750 4181 1056 4251 mereamur
1095 4184 1278 4243 vivere
1323 4188 1439 4246 sine
1482 4191 1634 4247 ﬁne:
1685 4197 1818 4252 utin
1844 4209 1934 4254 tuo
1963 4200 2102 4259 solio

519 4268 641 4329 sine
686 4269 793 4339 line
842 4272 1103 4343 vivamus,
1151 4278 1302 4349 cujus
1348 4284 1496 4351 regni
1538 4283 1699 4342 ﬁnem
1745 4289 1949 4345 nullum
1978 4306 2102 4349 esse

521 4362 893 4434 pat'éscimus;
924 4368 1125 4440 quique
1146 4387 1310 4437 unum
1333 4371 1385 4434 in
1416 4374 1678 4439 Trinittlte
1706 4394 1899 4437 nomen
1926 4383 2101 4453 possi-

521 4454 617 4511 det
662 4464 839 4515 tecum
886 4469 1087 4519 etcum
1110 4464 1313 4534 Spiritu
1341 4467 1541 4533 Sancto
1567 4468 1621 4526 in
1643 4473 1837 4535 saecula
1866 4479 2099 4543 δίπρυιὸ-

521 4563 657 4604 rum.
706 4551 745 4617 ii
766 4592 779 4604 .
810 4554 1001 4615 Amen.

594 4642 699 4699 Per
726 4646 1148 4704 misericordiam
1180 4659 1323 4709 tuam
1356 4653 1496 4718 Deus
1519 4666 1723 4727 uoster,
1747 4651 1854 4722 etc.

609 4739 679 4805 ἡ.
732 4739 1095 4810 Suscipiamus
1143 4759 1362 4814 regnum
1424 4747 1517 4803 Dei
1540 4752 1711 4813 nostri
1751 4755 1923 4810 sancti
1953 4756 2102 4813 altis-

522 4827 670 4896 simi,
700 4840 755 4885 et
785 4832 1153 4900 possideamus
1180 4836 1322 4891 illico
1351 4852 1520 4910 usque
1540 4841 1595 4897 iu
1610 4844 1868 4904 saeculum
1892 4848 2098 4913 saeculi,

521 4923 695 4979 donec
739 4923 919 4980 veniat
938 4927 1188 4997 antiquus
1215 4930 1447 4999 dierum,
1475 4937 1728 5006 quoniam
1762 4950 1971 5011 tempus
2000 4945 2099 4999 ad-

522 5016 691 5081 venit,
744 5026 803 5071 ut
841 5018 999 5075 detur
1038 5022 1180 5076 ontni
1232 5024 1430 5093 populo
1473 5031 1784 5101 magnitudo
1828 5036 1999 5102 regni.
2037 5035 2094 5090 P.

521 5107 673 5172 Quod
715 5116 800 5165 est
834 5124 996 5181 super
1023 5127 1183 5170 omne
1210 5118 1432 5182 ctelum,
1465 5130 1520 5175 et
1539 5137 1727 5178 omnes
1756 5139 1909 5194 reges
1942 5138 2099 5188 terra:

520 5200 759 5269 venient,
806 5212 860 5258 et
903 5203 1155 5261 obédient
1194 5209 1265 5263 ei.
1322 5210 1393 5278 ᾗ.
1420 5211 1665 5270 Potestas
1704 5217 1822 5284 ejus
1864 5216 2099 5283 potestas

518 5294 742 5363 acterna,
792 5304 848 5350 et
883 5311 1105 5366 regnum
1146 5298 1264 5369 ejus
1306 5317 1527 5373 regnum
1580 5306 1990 5375 sempiternum.
2026 5309 2093 5365 P.

519 5384 674 5451 Quod
719 5393 804 5440 est
840 5398 1020 5457 super.
1062 5389 1134 5458 ᾗ.
1166 5390 1372 5457 Gloria,
1428 5403 1531 5450 etc.
1566 5395 1851 5452 Reiterétur
1894 5400 1930 5469 ti)
1953 5440 1966 5454 .
1997 5400 2099 5457 Su-

514 5474 803 5543 scipiamus
825 5492 1046 5548 regnum
1076 5481 1170 5542 Dei
1200 5485 1387 5538 nostri.
1802 5554 1807 5559 1

589 5565 792 5624 υιτὰιὶο.
844 5568 1069 5627 Domine
1114 5572 1244 5630 Jesu
1291 5573 1536 5642 Christe,
1581 5578 1672 5647 qui
1715 5592 1775 5635 es
1828 5580 2097 5639 ineﬂabile

518 5653 773 5725 gaudium
824 5658 1189 5729 Christianis;
1231 5664 1383 5733 cujus
1407 5666 1687 5733 putestatis
1735 5678 1789 5725 et
1814 5672 1961 5741 pacis
1988 5687 2095 5729 non

515 5746 617 5803 erit
665 5747 806 5816 linis,
839 5749 921 5807 fac
948 5768 1047 5807 nos
1078 5753 1354 5823 suscipere
1378 5769 1601 5826 regnum
1634 5765 1807 5829 tuum,
1839 5770 1891 5818 et
1922 5764 2093 5832 possi-

515 5835 639 5894 dere
688 5840 864 5911 illud;
912 5852 966 5900 ut
989 5844 1201 5901 maneat
1245 5846 1298 5902 in
1325 5862 1422 5907 nos
1450 5849 1661 5921 imperii
1693 5854 1767 5931 tui
1796 5853 2092 5925 dominatio

2219 1974 2282 2028 Et
2328 1975 2609 2033 vocabitur
2643 1992 2838 2035 nomen
2862 1979 2998 2050 ejus.
3046 1981 3119 2049 ᾖ.
3144 1980 3345 2037 Gloria.
3378 1982 3443 2038 P.
3479 1983 3542 2038 Et
3572 1986 3790 2043 vocabi-

2218 2075 2303 2122 lUl’
2333 2082 2551 2126 nomen.

2288 2179 2488 2239 Oratio.
2545 2182 2804 2239 Parvulas
2852 2194 3007 2240 natus
3050 2195 3133 2241 est
3163 2184 3339 2252 nobis,
3363 2197 3416 2242 et
3446 2187 3616 2245 Filius
3643 2189 3805 2247 datus

2214 2283 2297 2330 est
2335 2276 2508 2342 nobis,
2554 2284 2613 2332 ut
2639 2279 2728 2348 qui
2752 2292 2873 2334 eras
2902 2277 3063 2335 Filius
3092 2278 3360 2348 perfectus
3387 2280 3454 2337 de
3482 2281 3667 2352 l’atre,
3698 2299 3798 2353 pro

2213 2366 2369 2425 nobis
2414 2367 2674 2437 parvulus
2719 2383 2869 2431 esses
2920 2385 2983 2431 ex
3015 2370 3181 2427 Matre
3212 2388 3227 2427 :
3265 2371 3375 2429 illic
3402 2373 3716 2441 immensus,
3747 2388 3807 2431 et

2213 2456 2301 2511 hic
2356 2457 2606 2527 pusillus,
2628 2457 2977 2529 ‘pérmancus
3020 2461 3073 2514 in
3104 2462 3225 2517 sinu
3249 2461 3445 2529 Patris,
3474 2465 3711 2532 gesta‘ttus
3742 2466 3800 2520 in

2213 2550 2367 2604 utero
2410 2550 2632 2617 Matris;
2681 2560 2736 2608 et
2754 2566 2876 2609 eum
2919 2553 3098 2615 Deitas
3126 2564 3213 2609 tua
3243 2556 3717 2622 incommutabilis,
3737 2572 3801 2615 et

2212 2639 2530 2698 Humanitas
2554 2643 2833 2713 permanet
2859 2646 3165 2717 singularis,
3184 2647 3308 2717 quia
3325 2649 3380 2704 in
3403 2652 3625 2721 utraque
3649 2653 3802 2716 Unus

2212 2732 2462 2804 idemque
2499 2737 2750 2793 subsistis
2784 2755 2797 2792 :
2830 2748 2884 2793 et
2935 2741 2988 2793 in
3019 2740 3106 2795 illa
3129 2754 3226 2796 nos
3241 2743 3501 2809 condens,
3525 2753 3580 2799 et
3621 2745 3675 2799 in
3700 2755 3804 2801 ista

2216 2842 2319 2883 nos
2343 2828 2634 2887 redimens.
2679 2830 2719 2903 ἢ
2735 2868 2750 2885 .
2779 2834 2970 2887 Amen.

2284 2939 2468 2998 νει-,ιο
2505 2942 2786 2998 Dominum
2816 2955 3073 3011 nomrum,
3108 2946 3197 3015 qui
3226 2961 3349 3001 cum
3382 2947 3559 3014 Patre,
3592 2957 3645 3003 et
3671 2948 3807 3018 Spi—

2212 3032 2316 3087 ritu
2338 3034 2534 3089 Sancto
2563 3049 2704 3090 unus
2726 3051 2783 3090 es
2813 3036 2953 3092 Deus
2977 3038 3032 3098 in
3052 3037 3232 3109 omnia
3262 3040 3804 3123 saeculastcculorum-

2228 3126 2265 3194 ιζ
2288 3163 2302 3179 .
2331 3127 2525 3182 Amen.

2132 3234 2179 3296 ο
2285 3218 2542 3276 Dominus
2570 3223 2658 3277 sit.
2698 3223 2771 3291 ἠ.
2804 3223 2872 3282 Et
2902 3240 3045 3283 cum.

2820 3317 2885 3371 In
2914 3317 3199 3375 Laudibus.

2282 3405 2362 3458 Ad
2380 3402 2666 3461 comicum.
2689 3408 3006 3478 Antiphone.
3031 3411 3255 3466 Catulus
3268 3412 3439 3468 leonis
3451 3411 3584 3467 Juda
3600 3410 3665 3464 de
3680 3413 3808 3482 κέν,

2207 3499 2372 3562 mine,
2397 3498 2591 3563 iiIi,:ita
2611 3500 2922 3566 ascendisti,
2957 3503 3299 3573 requiescens
3315 3504 3603 3559 accubuisti
3620 3513 3677 3558 ut
3691 3504 3801 3572 leo,

2207 3601 2261 3645 et
2289 3593 2440 3661 quasi
2470 3592 2680 3646 catulus
2697 3593 3057 3662 leonis,qnem
3080 3597 3339 3652 suscitare
3364 3599 3540 3653 nullus
3557 3597 3800 3654 audebit.

2566 3686 2836 3742 comicum
2877 3687 3108 3758 (Genesis
3139 3708 3254 3761 cap.
3280 3694 3449 3763 XLIX).

2283 3776 2503 3833 VocAvit
2528 3762 2692 3834 Jacob
2718 3779 2857 3835 iilios
2888 3795 3034 3843 suos,
3062 3786 3079 3807 ‘
3110 3794 3164 3837 et
3191 3785 3265 3838 ait
3290 3784 3407 3837 eis:

2276 3854 2707 3937 Cougregamini‘,
2770 3879 2829 3923 ut
2866 3856 3174 3947 annuntiem
3227 3888 3348 3941 quae
3396 3876 3616 3943 ventura
3669 3882 3797 3929 sunt

2207 3959 2359 4014 vobis
2386 3965 2403 3982 ‘
2429 3960 2618 4016 diebus
2647 3962 2974 4017 novissimis.
3268 3962 3271 3965 ’

2277 4051 2710 4120 Cougregamini,
2763 4062 2817 4108 et
2863 4054 3041 4110 audite
3094 4054 3186 4110 ﬁlii
3227 4055 3416 4121 Jacob,
3446 4059 3465 4080 “
3496 4055 3678 4111 audite
3706 4058 3788 4112 Is-

2207 4140 2317 4195 raél
2348 4140 2557 4196 Patrem
2587 4150 2847 4197 vestrum.
3628 4138 3631 4141 ’

2280 4232 2467 4288 [iuben
2517 4232 2906 4303 Primogéuitus
2964 4251 3133 4305 meus,
3188 4251 3240 4293 tu
3282 4239 3539 4294 fortitudo
3567 4256 3707 4306 mea,
3734 4252 3792 4295 et

2207 4322 2521 4392 principium
2561 4324 2765 4381 doldris
2793 4327 2896 4382 mei
2922 4342 2937 4381 :
2975 4327 2995 4349 ‘
3016 4329 3161 4397 prior
3202 4329 3257 4385 in
3284 4321 3663 4401 danis,'major
3689 4334 3790 4387 itu-

2208 4411 2376 4481 pério.
2420 4413 2636 4470 Ell'usus
2685 4430 2747 4471 es
2788 4418 2927 4472 sicut
2956 4434 3111 4488 aqua,
3145 4434 3249 4474 non
3277 4436 3489 4478 crescas
3513 4440 3527 4476 :
3551 4424 3674 4491 quia
3704 4438 3795 4478 as-

2204 4510 2431 4567 cendfsti
2470 4513 2644 4569 cubile
2674 4514 2843 4571 Patris
2874 4518 2971 4587 tui,
2997 4528 3050 4574 et
3077 4520 3354 4575 maculasti
3384 4531 3610 4577 stratum
3644 4523 3789 4592 ejus.

2126 4596 2182 4657 Β
2278 4603 2493 4673 Simcon
2514 4615 2567 4663 et
2596 4605 2723 4662 Levi
2758 4609 2945 4666 fratres
2973 4610 3124 4681 ejus:
3156 4615 3170 4633 '
3193 4627 3316 4697 vasa
3341 4614 3637 4683 iniquitatis
3670 4613 3791 4671 bel-

2204 4694 2390 4750 lautia.

2275 4767 2333 4821 In
2384 4769 2610 4824 consilio
2664 4773 2848 4826 eorum
2895 4788 2999 4827 non
3023 4774 3200 4829 véuiat
3224 4775 3400 4831 anima
3430 4793 3575 4842 mea,
3604 4777 3623 4812 θ
3654 4787 3707 4833 et
3736 4780 3793 4833 in

2204 4872 2346 4914 cmtu
2375 4859 2584 4916 illdrum
2618 4880 2721 4917 non
2753 4867 2825 4919 sit
2852 4865 3022 4936 gloria
3048 4883 3164 4921 mea
3199 4885 3213 4921 :

2273 4952 2373 5019 Qui
2428 4954 2480 5008 in
2520 4954 2702 5011 furtirc
2744 4972 2841 5012 suo
2880 4959 3194 5015 occiderunt
3236 4961 3431 5025 virum,
3464 4962 3476 4981 ‘
3511 4964 3651 5017 etin
3688 4979 3788 5017 vo-

2202 5040 2404 5096 luntate
2429 5058 2523 5097 sua
2550 5046 2881 5100 suil‘odérunt
2912 5063 3139 5103 murum.

2271 5132 2582 5188 Maledictus
2626 5134 2774 5190 furor
2817 5138 3027 5208 eorum,
3069 5142 3193 5211 quia
3243 5144 3486 5213 pertinax
3517 5164 3529 5199 :
3555 5156 3609 5200 et
3640 5147 3781 5202 indi-

2200 5222 2381 5291 gnatio
2426 5226 2633 5293 eerum,
2690 5229 2812 5297 quia
2839 5231 3011 5287 dura:
3047 5236 3067 5256 ’
3093 5235 3325 5291 dividam
3371 5238 3492 5293 illos
3519 5239 3571 5293 in
3593 5238 3791 5305 Jacob,

2200 5321 2253 5369 et
2274 5311 2574 5384 dispergam
2601 5330 2696 5371 eos
2726 5319 2778 5373 in
2810 5319 2995 5378 lsraél.

2269 5404 2429 5472 Juda,
2473 5408 2535 5462 te
2576 5408 2955 5469 collaudz'ibunt
3011 5418 3203 5474 fratres
3234 5420 3311 5475 tui
3338 5438 3352 5475 :
3377 5436 3568 5478 manus
3597 5430 3699 5478 tum
3729 5426 3786 5480 in

2199 5497 2505 5553 cervicibus
2550 5499 2885 5559 inimicérnm
2929 5508 3163 5577 tutirutu,
3196 5521 3251 5566 et
3281 5513 3583 5568 adorabunt
3613 5523 3664 5570 te
3687 5515 3792 5571 lilii

2198 5587 2363 5656 patris
2387 5589 2483 5643 tui.
2511 5593 2527 5612 ‘
2559 5590 2777 5650 Catulus
2800 5596 2968 5655 leéuis
2992 5599 3126 5655 Juda
3164 5622 3173 5653 :
3210 5603 3274 5658 ad
3310 5605 3564 5674 prtedam,
3587 5606 3656 5660 iiIi
3683 5607 3785 5671 mi.

2196 5678 2482 5733 ascendisti
2511 5698 2522 5732 :

2268 5769 2627 5840 Requiéscens
2671 5779 2967 5838 accubuisti
3019 5792 3072 5840 ut
3098 5784 3210 5855 leo,
3265 5788 3281 5807 '
3318 5797 3375 5861 et
3410 5791 3560 5865 quasi
3593 5791 3788 5863 lcerna,

2196 5862 2315 5932 quis
2344 5866 2626 5924 suscitabit
2657 5873 2817 5926 eum?
