4044 6382
286 444 383 502 εει

282 653 528 710 tndribus
556 651 693 721 ejus,

361 746 539 801 Donec
588 742 767 797 veniat
811 741 902 809 qui
931 737 1221 794 mittendus
1252 745 1355 799 est,
1390 740 1404 757 '
1428 743 1481 790 ct
1506 735 1620 805 ipse
1642 735 1744 790 erit
1774 750 1867 789 ex—

283 833 521 907 pectatio
547 830 820 887 Gentium.

358 925 553 995 Ligans
602 923 669 978 a‘d
722 921 928 976 vineam
962 918 1164 989 pullum
1194 932 1375 984 suum,
1400 920 1416 940 '
1448 925 1500 971 et
1529 915 1593 970 ad
1624 914 1805 979 vitem,
1833 915 1866 969 ὸ

288 1018 363 1074 ﬁli
389 1017 485 1079 mi,
507 1014 711 1069 asinam
738 1026 913 1068 suam.
1026 1068 1031 1069 ,

360 1103 584 1164 Lavabit
632 1104 685 1159 in
718 1103 896 1158 vinum
924 1100 1116 1158 stolam
1147 1113 1319 1164 suam,
1349 1101 1366 1120 ⁴
1394 1104 1449 1152 et
1478 1096 1528 1150 in
1551 1093 1866 1164 sanguinem

283 1218 403 1258 uva:
430 1199 648 1271 pallium
671 1211 849 1253 suum.

358 1295 467 1367 50
513 1290 855 1349 l’ulcbridres
891 1286 1037 1342 éculi
1067 1300 1184 1355 ejus
1214 1286 1360 1347 vino,
1396 1284 1417 1305 "
1444 1290 1499 1337 et
1524 1280 1711 1334 dentes
1733 1286 1869 1331 .acte

282 1385 649 1441 candididres.

358 1476 596 1539 zabulon
645 1474 699 1528 in
723 1472 900 1541 littore
941 1470 1103 1533 maris
1146 1467 1427 1535 habitéhit,
1461 1468 1479 1487 ‘
1504 1474 1556 1520 et
1578 1462 1867 1519 statidnem

285 1570 505 1625 navium
539 1567 849 1637 pertingens
878 1578 1045 1634 usque
1070 1563 1135 1616 ad
1166 1560 1440 1617 Sidduem.

362 1659 626 1726 lssachar,
654 1658 833 1718 asinus
856 1656 1011 1719 (ortis
1034 1653 1302 1723 accubans
1330 1651 1385 1706 in
1414 1649 1696 1715 terminos.
1723 1650 1742 1672 ‘
1778 1644 1870 1700 Vi-

292 1751 374 1809 dit
401 1748 640 1818 requiem
668 1747 809 1817 quod
823 1754 969 1801 esset
994 1745 1166 1799 bona:
1199 1752 1254 1798 et
1271 1752 1465 1803 terram
1486 1739 1631 1810 quod
1645 1738 1869 1808 ()ptima:

362 1843 429 1897 Et
454 1840 736 1911 suppdsuit
760 1839 1043 1895 humerum
1083 1851 1239 1893 suum
1277 1835 1343 1891 ad
1373 1834 1717 1906 portandum,
1752 1833 1766 1851 ‘
1796 1832 1872 1885 ia-

284 1936 514 2004 ctusque
538 1940 622 1990 est
644 1931 840 1987 tributo
866 1930 1125 1987 serviens.

316 2017 321 2023 ’
364 2024 477 2079 Dan
526 2022 790 2093 indicitbit
844 2020 1099 2092 populum
1143 2033 1297 2075 suum
1327 2021 1346 2043 ⁶
1379 2026 1436 2071 ιιι
1469 2016 1571 2071 alia
1601 2015 1770 2071 tribus
1797 2013 1871 2068 ls-

288 2116 427 2171 raél.

373 2204 490 2258 Fiat
536 2204 650 2259 Dan
678 2203 899 2259 ccluber
922 2205 973 2257 in
998 2204 1100 2271 via,
1132 2202 1373 2256 cerastes
1402 2203 1459 2254 in
1489 2200 1700 2264 semita,
1733 2212 1875 2252 mor'

287 2296 431 2349 deus
475 2295 700 2364 ungulas
737 2297 880 2363 equi,
936 2296 952 2315 '
1001 2305 1055 2349 ut
1097 2294 1254 2348 cadat
1282 2292 1535 2348 ascénsor
1558 2292 1676 2361 ejus
1704 2291 1871 2348 retro.

286 2390 543 2445 Salutare
573 2398 719 2444 tuum
749 2386 1047 2458 expectabo
1076 2384 1321 2439 Domine.

364 2479 500 2544 Gad,
526 2480 796 2535 accinctus
820 2478 1148 2548 praeliabitur
1171 2487 1297 2532 ante
1324 2492 1444 2532 eum
1472 2496 1483 2530 :
1519 2479 1541 2500 '
1563 2486 1618 2533 et
1638 2477 1755 2548 ipse
1782 2490 1871 2531 ac-

286 2570 538 2640 cingétur
568 2569 885 2625 retrdrsum.

366 2663 524 2727 Aser,
571 2661 782 2731 pinguis
825 2661 975 2729 panis
1012 2660 1151 2730 ejus,

296 2756 537 2827 regibus.
560 2750 565 2755 ’

364 2844 691 2912 Népbtalim,
723 2858 917 2900 cervus
943 2843 1195 2907 emissus,
1236 2844 1254 2864 ‘
1278 2850 1332 2897 et
1359 2840 1493 2898 dans
1522 2840 1731 2912 eloquia
1760 2842 1877 2912 pul-

297 2935 637 2992 chritudinis.

372 3027 536 3081 Filius
586 3024 904 3081 accréscens
950 3024 1169 3094 σοςθριι,
1223 3022 1361 3078 ﬁlius
1394 3023 1713 3079 accrescens
1743 3024 1763 3046 ⁶
1823 3030 1877 3078 et

311 3118 521 3174 decdrus
545 3116 763 3185 aspéctu
795 3135 808 3171 :

376 3212 518 3267 Filiae
560 3209 927 3266 discurrerunt
950 3225 1110 3279 supra
1144 3224 1378 3264 murum.
1406 3212 1420 3233 ‘
1451 3208 1560 3265 Sed
1590 3224 1877 3278 exaspera-

308 3304 488 3359 verunt
516 3319 657 3375 eum,
691 3312 745 3359 et
767 3302 960 3374 jurgati
983 3312 1127 3363 sunt,
1156 3301 1459 3357 invidéntes
1506 3300 1579 3356 illi
1621 3301 1879 3359 habentes

301 3396 501 3468 iacula.

371 3490 521 3545 Sedit
560 3490 612 3543 in
638 3490 756 3545 forti
779 3502 937 3543 arcus
964 3488 1101 3558 ejus,
1140 3496 1194 3541 et
1221 3486 1481 3544 dissoluta
1508 3495 1637 3542 sunt
1668 3486 1877 3542 vincula

305 3580 640 3636 brachidrum
663 3582 779 3651 ejus
802 3590 855 3635 et
885 3581 1139 3635 manuum
1172 3580 1313 3635 illius
1336 3594 1430 3649 per
1458 3594 1673 3634 manum
1693 3579 1879 3649 potén-

302 3672 372 3726 tis
398 3671 564 3727 Jacob
588 3688 603 3724 :
654 3673 672 3693 ¹
713 3672 835 3725 inde
862 3680 1041 3738 pastor
1063 3670 1311 3739 egressus
1340 3680 1445 3738 est,
1475 3680 1658 3741 pastor
1691 3671 1877 3726 lsraél.

373 3761 516 3817 Deus
564 3761 740 3819 Patris
766 3763 840 3818 tui
873 3763 975 3818 erit
1003 3762 1215 3833 adjdtor
1238 3771 1377 3829 tuus,
1409 3765 1427 3785 ‘
1454 3773 1509 3819 et
1534 3764 1875 3835 omnipotens

298 3851 581 3907 benedicet
608 3852 723 3907 tibi.

372 3944 844 4000 Benedictiénibus
916 3944 1039 4000 coeli
1091 3943 1357 4015 desuper,
1411 3945 1876 4003 benedictionibus

298 4038 480 4108 abyssi
522 4037 748 4108 jacentis
794 4036 1069 4105 déorsum,
1101 4041 1119 4061 ‘
1148 4038 1616 4095 benedictionibus
1652 4039 1877 4095 uberum

297 4141 355 4187 et
387 4134 579 4186 vulvm.

375 4223 781 4279 Benedictidnes
830 4222 1002 4277 Patris
1036 4222 1108 4276 tui
1147 4222 1464 4277 confortiitaa
1492 4231 1619 4277 sunt
1660 4222 1879 4278 benedi-

295 4314 569 4369 ctionibns
601 4314 775 4367 Patris
824 4313 942 4383 ejus
989 4332 1000 4365 :
1052 4315 1070 4335 ·
1096 4313 1266 4368 donec
1308 4314 1515 4369 veniret
1554 4313 1875 4370 desiderium

290 4405 517 4475 collium
546 4406 869 4461 aeternorum
904 4422 916 4460 :

370 4497 529 4552 Fiant
582 4499 634 4553 in
690 4498 865 4574 capite
903 4496 1120 4568 Ioseph,
1148 4498 1167 4518 ⁶
1194 4506 1248 4553 et
1277 4498 1329 4552 in
1360 4497 1612 4555 verticem
1642 4500 1876 4557 Nazarmi

289 4594 441 4655 inter
470 4594 662 4649 fratres
683 4610 828 4649 suos.

368 4684 650 4753 Bénjamin
702 4686 856 4755 lupus
905 4701 1090 4754 rapax,
1119 4687 1135 4708 θ
1172 4687 1325 4741 inane
1352 4687 1596 4743 cdniedet
1620 4687 1876 4755 praedam,

288 4789 351 4833 et
382 4787 541 4833 nocte
568 4778 769 4832 dividet
797 4778 991 4846 spdlia.

370 4872 438 4926 Ρ.
470 4872 534 4925 ει
560 4873 711 4941 quasi
741 4871 970 4925 catulus.
1470 4928 1479 4937 ,

366 4962 577 5035 (ξιύτίθ,
597 4974 650 5017 et
684 4964 853 5017 honor
877 4962 1043 5028 Patri,
1073 4971 1175 5017 etc.
1210 4961 1276 5019 Ρ.
1307 4963 1529 5017 catulus
1555 4963 1744 5016 lcdnis.

372 5053 578 5121 Oratio.
611 5052 706 5121 Te,
731 5053 945 5108 Christe
974 5054 1224 5119 Démine,
1254 5054 1484 5108 catulum
1506 5054 1674 5109 lcdnis
1699 5054 1877 5107 ddmui

282 5146 434 5217 Juda
486 5144 703 5201 aﬂ‘uisse
766 5146 1140 5215 cognovimus,
1186 5162 1343 5216 quem
1397 5148 1518 5202 totis
1569 5146 1879 5217 pnucoi-diis

282 5236 661 5307 postulamus;
715 5246 773 5290 ut
821 5237 925 5307 qui
965 5236 1256 5306 apparuisti
1309 5238 1360 5291 in
1399 5254 1580 5303 carne,
1614 5238 1683 5293 de
1717 5254 1879 5291 manu

280 5333 456 5387 furtis
506 5330 725 5399 capiens
752 5330 1009 5400 praedam,
1048 5331 1111 5385 ad
1131 5331 1389 5401 judicium
1424 5330 1645 5386 vénicns
1668 5331 1878 5386 miseri-

279 5422 540 5481 cdrdiam
568 5422 837 5492 prteroges
858 5423 1101 5478 lidélibus
1125 5424 1525 5493 repromissam.
1573 5424 1611 5492 Ii
1631 5464 1645 5479 .
1681 5426 1873 5479 Amen.

364 5514 478 5569 Per
505 5514 924 5569 misericordiam
955 5523 1119 5568 tuam.
1592 5512 1593 5515 “

364 5604 455 5658 Ad
483 5603 773 5659 Cdnticum.
822 5606 1139 5675 Antiphona.
1179 5604 1444 5660 Exultavit
1476 5604 1707 5673 Spiritus
1729 5622 1879 5661 meus

283 5701 348 5754 in
391 5696 504 5750 Deo
528 5696 749 5751 salutari
783 5711 923 5753 meo.
954 5697 1083 5763 Quia
1127 5696 1364 5765 reSpéxit
1392 5696 1750 5751 humilitatem
1782 5714 1879 5751 au-

284 5787 454 5844 cilla:
480 5802 630 5842 suae:
663 5803 789 5843 ecce
824 5789 963 5843 enim
1000 5804 1063 5843 ex
1098 5787 1196 5844 hec
1226 5787 1431 5843 beatam
1460 5788 1731 5845 medicent
1752 5805 1877 5846 om-

280 5894 394 5935 ucs
416 5880 808 5950 generationes.

1210 2660 1229 2680 ⁶
1272 2670 1327 2714 et
1370 2658 1625 2729 prtebebit
1652 2658 1864 2715 deiitias

1404 439 1468 494 IN
1511 438 1621 495 DIE
1660 434 2098 494 NATIVITATIS
2140 434 2399 492 DOMINI.

355 562 472 618 Non
495 558 764 615 auferetur
787 564 1055 627 sceptrum
1086 554 1152 610 de
1179 553 1335 616 Juda,
1372 555 1390 575 ‘
1424 570 1520 610 nec
1547 554 1651 609 dux
1685 554 1752 609 de
1784 554 1855 609 fe-
1890 557 1937 613 Α

3442 434 3549 492 £22

2479 549 2745 607 Cunticum
2768 550 2946 621 (Luae
2973 550 3035 619 1).

2041 644 2343 714 Magniﬁcat
2368 645 2397 680 ¥
2420 644 2596 698 anima
2625 660 2740 699 mea
2771 643 3056 698 deinum
3082 660 3093 670 ·

2042 737 2107 792 Et
2132 735 2389 791 cxuhdvit
2436 736 2658 806 spiritus
2690 752 2840 791 meus
2862 737 2891 771 '*
2919 752 2972 790 tn
3001 735 3115 793 Deo
3149 734 3373 790 salutari
3400 750 3544 791 meo.

2040 832 2171 898 Quia
2212 830 2451 901 respexit
2502 829 2855 884 humilitétem
2896 828 3106 883 ancillae
3154 842 3267 882 suae
3310 844 3322 879 :
3372 826 3394 849 ‘
3421 842 3550 882 ecce

1971 923 2118 978 enim
2149 938 2213 978 ex
2242 925 2342 978 hoe
2372 924 2580 978 beatam
2613 938 2699 977 me
2726 921 2909 977 dicent
2930 935 3116 975 omnes
3146 918 3547 989 generatidnes.

2040 1015 2175 1080 Quia
2224 1014 2346 1070 fecit
2386 1013 2515 1069 mihi
2546 1028 2734 1084 magna
2765 1014 2855 1082 qui
2889 1020 3082 1083 potens
3124 1020 3208 1066 est
3241 1028 3254 1065 :
3284 1008 3305 1031 "
3334 1017 3388 1065 et
3425 1021 3551 1064 san-

1970 1114 2113 1161 ctum
2146 1120 2339 1160 nomen
2368 1104 2509 1175 ejus.

2044 1197 2111 1251 Et
2158 1197 2525 1253 misericdrdia
2567 1198 2683 1267 ejus
2732 1197 2762 1251 ὸ
2812 1195 3064 1269 progenie
3096 1197 3147 1251 in
3182 1192 3495 1266 progénieui
3534 1194 3554 1212 “

1972 1286 2278 1342 timentibus
2307 1302 2454 1342 eum.

2043 1377 2191 1434 Fecit
2217 1378 2503 1447 potentiam
2535 1379 2586 1432 in
2613 1377 2830 1433 brachio
2858 1392 2993 1434 suo:
3027 1378 3044 1400 ⁴
3075 1375 3334 1447 dispersit
3356 1374 3547 1444 supc'r-

1972 1469 2069 1525 bos
2101 1479 2279 1524 mente
2306 1468 2486 1525 cordis
2510 1472 2615 1530 sui.

2050 1560 2303 1630 Depdsuit
2332 1561 2578 1631 poténtes
2607 1562 2675 1617 de
2700 1562 2849 1627 sede,
2932 1570 2988 1617 et
3016 1558 3271 1618 exaltavit
3298 1558 3550 1613 humiles.

2046 1653 2357 1710 Esuriénles
2405 1654 2647 1726 implevit
2694 1654 2850 1709 bonis
2900 1672 2911 1706 :
2967 1654 2997 1689 ⁸
3050 1662 3105 1710 et
3130 1651 3324 1708 divites
3358 1649 3560 1706 dimisit

1974 1745 2181 1801 inanes.
2380 1736 2383 1739 ⁷

2049 1835 2297 1905 Suscepit
2355 1835 2523 1895 lsraél
2567 1838 2790 1907 puerum
2837 1850 3014 1903 suum,
3064 1836 3095 1870 ⁵*
3143 1834 3457 1894 recordatus
3479 1842 3563 1888 est

1898 1905 1948 1966 Β
1980 1928 2365 1984 misericdrdia:
2390 1944 2522 1984 suaz.

2047 2024 2197 2079 Sicut
2253 2024 2460 2079 locutus
2501 2032 2585 2080 est
2628 2023 2693 2079 ad
2721 2022 2906 2081 Patres
2938 2030 3173 2087 nostros,
3207 2022 3236 2055 “
3266 2018 3537 2077 Abraham

1977 2125 2030 2169 et
2053 2112 2243 2168 semini
2269 2113 2385 2183 ejus
2416 2113 2468 2168 in
2498 2114 2717 2169 szecula.

2052 2203 2117 2257 P.
2151 2204 2283 2269 Quia
2307 2202 2543 2273 respexit
2564 2202 2918 2258 humilitatem

2051 2296 2255 2362 Gldria,
2307 2306 2362 2351 et
2404 2294 2575 2351 honor
2608 2293 2773 2361 Patri,
2808 2304 2912 2351 etc.
2943 2292 3011 2348 P.
3047 2291 3323 2348 Exultant
3349 2290 3566 2362 spiritus

1981 2404 2152 2445 meus.
2994 2408 2999 2411 '

2053 2482 2255 2538 Oratio.
2308 2482 2538 2539 deine
2585 2482 2710 2538 Jesu
2751 2480 2985 2551 Christe,
3017 2481 3106 2551 qui
3132 2496 3197 2535 ex
3234 2479 3390 2535 Patre
3427 2479 3567 2534 Deus

1981 2591 2227 2646 magnus,
2261 2591 2357 2644 pro
2385 2575 2539 2630 nobis
2568 2574 2818 2645 dignatus
2844 2589 2902 2630 es
2926 2575 3073 2628 nasci
3103 2588 3167 2628 ex
3199 2572 3415 2626 hdmine
3440 2586 3563 2640 par-

1979 2682 2101 2734 vus,
2154 2676 2209 2721 ut
2250 2681 2345 2737 per
2395 2675 2447 2722 te
2486 2667 2678 2732 iactus,
2730 2675 2899 2736 perte
2926 2666 3229 2721 salvaretur
3255 2664 3371 2720 sine
3392 2662 3561 2719 dubio

1980 2758 2247 2825 mundus;
2299 2758 2557 2829 propitius
2606 2769 2723 2814 esto
2773 2766 2828 2813 et
2848 2757 3108 2814 miserere
3136 2755 3566 2825 nobisznosquc

1980 2854 2008 2903 ὸ
2026 2849 2309 2905 mundanis
2322 2850 2582 2920 contagiis
2597 2851 2813 2918 munda,
2837 2858 2892 2905 et
2915 2848 2969 2903 in
2996 2849 3097 2905 hoc
3118 2848 3315 2903 Mundo
3338 2846 3567 2902 mundos

1980 2955 2079 2996 nos
2134 2955 2257 2997 esse
2309 2941 2599 3007 constitue,
2654 2943 2743 3011 qui
2778 2956 2881 2995 non
2915 2940 3182 3011 judicare,
3233 2938 3326 2994 sed
3351 2938 3564 2992 salvere

1980 3034 2193 3101 venisti,
2225 3044 2281 3090 ut
2310 3034 2464 3091 nobis
2502 3035 2757 3105 parvulus
2789 3045 2966 3101 natus,
2992 3034 3256 3103 nobisque
3299 3032 3440 3086 [ilius
3466 3030 3563 3085 da-

1983 3134 2088 3195 tus,
2113 3127 2164 3182 in
2190 3137 2242 3183 te
2271 3137 2325 3182 et
2354 3128 2776 3197 regenerationis
2805 3140 3004 3195 ortum,
3032 3136 3087 3182 et
3115 3125 3422 3196 adoptionis
3446 3138 3557 3180 me-

1983 3220 2199 3274 reamur
2220 3220 2477 3290 censequi
2505 3220 2728 3275 donum.
2763 3221 2798 3287 ιῆ
2821 3260 2835 3274 .
2866 3222 3057 3274 Amen.

2058 3311 2159 3366 Per
2179 3311 2604 3367 misericdrdiam
2634 3323 2777 3367 tuam
2811 3313 2948 3369 Deus
2979 3320 3181 3367 noster.

2056 3404 2136 3457 Ad
2166 3402 2492 3458 Benedictus.
2526 3404 2848 3471 Antiplrena.
2872 3402 2990 3457 Tibi
3023 3402 3120 3457 soli
3155 3402 3266 3457 Deo
3293 3398 3488 3471 honor,
3516 3410 3569 3458 et

1984 3492 2172 3563 gldria,
2205 3493 2395 3559 virtus,
2432 3503 2484 3549 et
2516 3492 2751 3561 potestas
2780 3494 2833 3549 in
2856 3494 3053 3549 saecula
3080 3492 3421 3549 szeculdrum.

2054 3582 2345 3639 Crinticum.
2394 3584 2713 3642 Benedictus
2759 3601 2840 3653 es,
2888 3585 3112 3641 Domine
3158 3586 3299 3642 Deus
3348 3587 3564 3642 Patrum

1934 3754 1937 3757 _
1983 3677 2307 3732 nostrorum.
2342 3675 2559 3747 nequire
2586 3677 2679 3747 fol.
2702 3676 2757 3732 6.

2055 3768 2215 3822 Sono.
2263 3765 2523 3823 Durninus
2571 3768 2711 3823 dixit
2760 3769 2825 3824 ad
2853 3784 2935 3825 me
2981 3786 2996 3825 :
3039 3769 3172 3825 ﬁlius
3217 3784 3368 3824 meus
3398 3785 3457 3825 es
3489 3781 3565 3836 tu,

1984 3872 2085 3929 ego
2115 3857 2280 3913 hddie
2322 3857 2481 3929 génui
2507 3868 2579 3914 te.
2618 3859 2870 3915 Alleluia.
2925 3861 2959 3930 ᾗ
2984 3900 2997 3914 .
3026 3859 3153 3915 Pete
3177 3860 3202 3915 ii
3230 3876 3337 3923 nte,
3357 3870 3410 3916 et
3430 3860 3567 3916 dabo

1982 3949 2075 4003 tibi
2102 3948 2300 4004 Gentes
2331 3948 2681 4005 hereditétem
2715 3959 2881 4018 tuam,
2914 3960 2968 4007 et
2994 3952 3391 4021 possessionem
3419 3961 3560 4007 tuam

1982 4043 2235 4096 terminos
2289 4051 2463 4096 terrae.
2518 4041 2693 4112 Reges
2733 4056 2827 4097 eos
2855 4043 2907 4097 in
2941 4044 3085 4112 virga
3117 4042 3311 4110 ferrea,
3347 4051 3401 4097 et
3432 4055 3564 4097 tam-

1978 4147 2137 4200 quam
2179 4146 2273 4188 vas
2297 4132 2439 4204 ﬁguli
2481 4132 2786 4203 confringes
2810 4148 2924 4189 eos.
2960 4133 3026 4187 Et
3050 4149 3189 4189 nunc
3219 4149 3374 4203 reges
3405 4135 3564 4188 intel-

1981 4224 2163 4294 iigite:
2220 4224 2504 4302 erudimjni
2543 4239 2755 4291 omnes,
2804 4225 2891 4294 qui
2920 4224 3172 4295 judicatis
3203 4234 3421 4279 terram.
3458 4227 3568 4295 Fgu

1977 4326 2154 4371 autem
2184 4316 2505 4371 constitutus
2536 4330 2653 4369 sum
2687 4329 2783 4369 rex
2812 4330 2973 4386 super
3019 4315 3148 4370 Sion
3174 4325 3409 4369 montem
3446 4330 3569 4372 san-

1977 4420 2141 4465 ctum.
2177 4407 2243 4463 P.
2274 4408 2446 4464 Génui
2477 4416 2546 4462 te.
2576 4405 2827 4464 Alleluia.

2050 4501 2252 4556 Lauda.
2283 4501 2519 4556 Laudate
2550 4496 2833 4555 Dominum
2865 4500 2932 4555 de
2964 4500 3137 4555 cmlis.
3172 4499 3426 4556 Alleluia.
3460 4501 3563 4592 51

1908 4619 1959 4677 D
1987 4594 2219 4649 Laudate
2244 4608 2364 4648 eum
2388 4594 2440 4647 in
2467 4594 2715 4648 excelsis.
2746 4592 2997 4657 Alleluia,
3040 4592 3279 4647 Psnlnms
3308 4609 3527 4649 C\L\’Ill.

2282 4686 2453 4739 Lectio
2484 4685 2639 4741 Isaia:
2664 4685 2939 4759 Prorhétw
2970 4684 3129 4758 (Cdp.
3164 4693 3265 4756 lx).

2072 4777 2108 4843 ἢ
2131 4815 2145 4829 .
2184 4777 2295 4831 Deo
2319 4778 2540 4846 gratias.

2053 4869 2232 4923 Primo
2283 4869 2521 4938 tempore
2570 4870 2813 4926 allevidta
2865 4879 2946 4924 est
2996 4881 3133 4924 terra
3193 4869 3466 4934 Zithnlon,
3514 4878 3568 4922 et

1984 4971 2122 5017 terra
2151 4962 2484 5032 Néplttbaiim
2509 4980 2522 5028 ;
2554 4973 2609 5018 et
2638 4964 2690 5018 in
2720 4963 3023 5017 novissimis
3053 4964 3337 5033 aggravata
3367 4970 3448 5015 cst
3480 4960 3564 5011 via

1983 5053 2145 5109 maris
2174 5064 2319 5109 trans
2364 5054 2650 5109 Iordanem
2707 5054 2940 5109 Galilane
2984 5054 3251 5109 Gentium.
3309 5053 3560 5120 Pupulus,

1981 5147 2068 5214 qui
2110 5145 2329 5202 sedébat
2357 5146 2412 5200 in
2460 5143 2712 5210 ténebris,
2746 5144 2876 5200 vidit
2925 5147 3102 5201 lumen
3150 5156 3438 5213 magnum:
3473 5140 3565 5191 ha-

1983 5238 2272 5296 bitantibus
2318 5239 2371 5293 in
2421 5239 2641 5308 regidne
2687 5237 2891 5294 umbrae
2937 5237 3145 5301 mortis,
3192 5238 3283 5290 lux
3335 5242 3449 5287 orta
3481 5242 3565 5288 est

1980 5331 2078 5385 eis.
2125 5327 2483 5400 Multiplicasti
2514 5339 2752 5400 gentem,
2783 5344 2887 5385 non
2920 5326 3271 5399 magniﬁcasti
3297 5325 3559 5380 ketitiam.

1981 5415 2324 5478 Lmtabt'intur
2353 5437 2532 5478 coram
2566 5431 2637 5489 te,
2676 5422 2814 5478 sicut
2844 5421 3092 5476 laetantur
3122 5420 3173 5472 in
3200 5429 3395 5486 messe,
3427 5417 3567 5471 sicut

1982 5513 2223 5567 exultant
2268 5512 2523 5576 victores,
2570 5513 2784 5583 quando
2833 5511 3076 5568 dividunt
3125 5506 3316 5575 Spolia.
3372 5508 3561 5577 Jugnm

1983 5606 2124 5659 enim
2170 5605 2349 5661 (meris
2390 5603 2525 5674 ejus,
2576 5613 2631 5659 et
2661 5605 2861 5674 virgam
2906 5600 3115 5656 humeri
3161 5599 3298 5669 ejus,
3347 5610 3401 5655 ct
3443 5616 3561 5656 scc-

1985 5708 2156 5766 ptrum
2199 5696 2465 5751 cxactéris
2493 5698 2609 5764 cjus
2639 5694 2904 5765 superasti
2947 5694 3086 5747 sicut
3116 5693 3168 5746 iu
3199 5693 3284 5747 die
3332 5693 3560 5747 Madian.

1983 5788 2115 5853 Quia
2145 5788 2320 5842 omnis
2351 5787 2579 5842 violénta
2613 5784 2867 5854 praedatio
2893 5798 3011 5844 cum
3044 5785 3294 5851 tumultu,
3321 5795 3371 5839 et
3400 5785 3559 5836 vcsti-

1984 5882 2219 5938 méntum
2266 5882 2482 5940 mistum
2523 5880 2814 5949 sanguine,
2866 5879 2967 5937 erit
3015 5881 3067 5936 in
3111 5876 3556 5936 combustic’mcm.
