4044 6382
481 405 580 457 12-5
1681 389 2107 451 BllEVIARlUM

2146 386 2441 445 GOTUICU
2454 386 2496 440 Μ
2508 426 2519 439 .
3628 385 3743 444 124

475 526 528 572 et
554 515 706 570 ciuus
731 512 885 582 ignis.
916 510 1176 567 Pitrvulus
1216 508 1357 565 enim
1404 516 1558 565 natus
1587 515 1670 563 est
1709 506 1881 571 nobis,
1905 515 1960 561 et
1990 507 2050 561 [1-
2080 507 2132 566 Α
2157 516 2354 557 meum.
2397 501 2467 569 Ῡ.
2496 497 2698 563 Cluria,
2739 506 2795 553 et
2832 497 3003 556 honor
3044 495 3210 564 Patri,
3260 506 3367 556 etc.
3416 497 3482 557 Ρ.
3513 498 3577 555 Et
3605 502 3744 571 ape-

476 609 576 663 tius
613 604 766 659 datus
804 612 888 659 est
937 601 1112 663 nobis,
1157 608 1212 656 et
1253 600 1424 655 lactus
1463 607 1545 654 est
1573 598 1895 669 principatus
1933 596 2050 666 ejus

476 713 635 767 super
665 698 918 752 humeros
956 696 1073 766 ejus
1102 714 1114 748 :
1152 695 1217 750 Et
1246 693 1521 748 vocabitur
1552 707 1747 747 nomen
1794 691 1907 761 ejus
1936 690 2049 745 A'd-

476 788 757 866 mirabilis,
789 787 1147 854 consiliarius,
1182 776 1342 852 Deus,
1385 785 1555 851 fortis,
1598 786 1928 850 Dominhtor,
1958 798 2052 853 pa-

478 892 557 937 ter
585 879 750 936 futuri
772 879 975 947 saeculis
1009 871 1255 948 princeps
1282 877 1441 948 pacis.
1473 876 1905 946 Multiplicabitur
1933 876 2049 944 ejus

478 972 785 1043 imperium,
814 981 868 1029 et
896 973 1038 1041 pacis
1069 971 1186 1040 ejus
1221 986 1328 1025 non
1358 970 1459 1024 erit
1484 969 1602 1024 linis
1627 986 1639 1023 :
1670 982 1830 1039 super
1857 966 2049 1022 solium

480 1063 645 1119 David
674 1063 901 1128 sedebit,
925 1072 987 1118 'et
1027 1079 1189 1130 super
1217 1078 1435 1131 regnum
1481 1060 1597 1130 ejus
1626 1078 1640 1114 :
1669 1071 1725 1115 ut
1769 1059 2054 1115 conﬁrmet

480 1155 634 1220 illud,
662 1163 719 1211 et
745 1155 1056 1211 corroboret
1084 1156 1135 1209 in
1161 1155 1387 1226 judicio,
1411 1163 1465 1210 et
1494 1156 1544 1207 in
1572 1153 1799 1222 justitia,
1833 1151 2052 1220 amodt‘),

481 1255 537 1302 et
566 1260 733 1316 usque
769 1246 820 1300 in
853 1245 1236 1315 sempiternum
1262 1262 1276 1300 :
1301 1246 1447 1300 zelus
1478 1243 1690 1300 Domini
1720 1242 2052 1299 exercituum

481 1336 640 1392 faciet
667 1321 788 1392 hoc.
830 1337 868 1407 ἡ
890 1377 902 1389 .
931 1338 970 1391 Α
981 1352 1122 1392 men.

554 1427 815 1499 Hymnus.
881 1428 1048 1496 Veni,
1114 1426 1438 1497 Redemptor
1500 1424 1766 1482 Gentium.
1833 1424 2057 1496 Require

483 1519 575 1589 fol.
607 1518 695 1572 45.

555 1610 898 1684 Supplictitio.
922 1611 1144 1667 Oremus
1174 1610 1267 1665 Dei
1309 1610 1480 1665 Patris
1517 1609 1911 1680 Omnipoténtis
1954 1610 2058 1664 mi-

482 1704 869 1769 sericordiam,
914 1703 1182 1772 supplices
1226 1703 1603 1770 implorémus;
1654 1711 1711 1756 ut
1750 1717 1847 1757 nos
1883 1701 2055 1772 gratia

483 1795 679 1850 Christi
706 1796 783 1848 sui
817 1792 1023 1847 Domini
1056 1792 1223 1847 nostri
1260 1791 1387 1846 Jesu
1427 1791 1624 1846 Christi
1668 1791 2059 1863 propitiusjus-

485 1887 689 1941 tilicare
731 1885 1002 1957 dignetur.
1063 1884 1137 1949 ἡ.
1194 1884 1391 1939 Praesta
1440 1886 1640 1940 aatérne
1704 1884 2057 1953 Omnipotens
2093 1866 2135 1923 Β

484 1978 648 2034 Deus.
768 2038 775 2039 ,

552 2070 714 2141 K-yrie
739 2070 964 2126 eléison.
998 2068 1209 2125 Christe
1238 2068 1465 2125 eléison.
1490 2070 1650 2142 Kyrie
1676 2069 1903 2127 eléison.

555 2159 815 2225 Capitula.
845 2161 1075 2231 Requies
1104 2162 1447 2231 Angeldrum,
1473 2163 1818 2233 omniumque
1847 2162 2062 2220 sancto-

484 2266 624 2315 rum,
655 2250 877 2307 deine
918 2252 1042 2308 Jesu
1080 2254 1310 2320 Christe,
1342 2254 1405 2308 da
1454 2254 1614 2309 hodie
1653 2255 1705 2309 in
1739 2254 1839 2309 hoc
1881 2270 2063 2311 recur-

485 2342 619 2398 rénti
650 2342 951 2398 Nativitatis
983 2354 1087 2398 tua:
1112 2344 1473 2399 sacratissimo
1504 2344 1642 2400 festo
1682 2345 1918 2415 requiem
1960 2346 2062 2414 po-

484 2436 611 2506 pulo
654 2446 862 2491 tuozut
907 2436 961 2491 in
1009 2445 1059 2492 te
1093 2439 1125 2491 s
1160 2436 1373 2492 delictis
1418 2446 1473 2491 et
1520 2437 1771 2492 oneribus
1818 2436 2062 2506 pessimis

486 2525 808 2597 requiescat,
837 2536 992 2596 teque
1021 2542 1142 2582 cum
1172 2526 1418 2582 unive‘rsa
1446 2528 1689 2582 creatura
1722 2527 2059 2593 benedicens,

486 2628 629 2674 tuam
654 2621 707 2675 in
739 2620 989 2676 omnibus
1028 2635 1092 2675 ac
1122 2635 1214 2689 per
1241 2620 1418 2675 omnia
1449 2620 1673 2676 benedic
1700 2621 1874 2675 idnem
1918 2621 2061 2676 acci—

488 2713 641 2781 piat:
674 2721 731 2768 ut
772 2729 929 2780 quem
981 2714 1012 2768 ἐι
1056 2713 1339 2770 maledicto
1369 2715 1600 2770 liberare
1649 2715 1863 2782 venisti,
1909 2731 2064 2770 num-

488 2818 647 2874 quam
679 2803 895 2873 patieris
924 2812 1025 2859 ture
1056 2805 1441 2861 benedictionis
1468 2808 1689 2863 munere
1720 2806 2061 2875 del‘raudéri‘;

489 2896 582 2951 sed
616 2905 665 2950 te
689 2894 889 2967 iugiter
916 2895 1296 2964 benedicendo,
1326 2896 1636 2953 benedictus
1663 2898 1970 2968 permaneat
2009 2898 2064 2953 in

488 2984 766 3040 mtérnum.

565 3081 720 3135 Pater
751 3090 951 3137 noster.
984 3081 1048 3136 Et
1078 3096 1146 3137 ne
1175 3096 1295 3137 nos.
1333 3080 1620 3137 Liberalia
1651 3080 1815 3138 malo.
1846 3080 2068 3150 Requlre

491 3170 585 3241 fol.
616 3172 672 3238 s,
1170 3222 1177 3229 .

560 3266 759 3320 Lauda.
791 3266 1086 3335 Antequam
1128 3268 1307 3323 lirmos
1340 3268 1568 3339 pareret.
1605 3257 1947 3339 Require‘fol.
1976 3266 2066 3321 ιδ.

491 3356 803 3414 Benedictio.
857 3358 1143 3415 Benedlcat
1198 3374 1323 3433 vos,
1355 3359 1611 3415 Deminus
1678 3366 1863 3415 noster
1912 3357 2072 3413 Jesus

492 3449 760 3505 Christus.
793 3450 888 3520 fol.
919 3450 1010 3505 46.

566 3541 713 3594 Dicat
748 3540 1039 3613 Presbyter.
1088 3544 1345 3599 Dominus
1396 3546 1466 3601 sit
1510 3558 1723 3614 semper
1768 3542 2067 3599 vobiscum.

510 3636 546 3704 ti
572 3676 584 3688 .
620 3637 684 3690 Et
713 3650 854 3690 cum.

566 3728 622 3782 In
654 3726 870 3783 nomine
901 3728 1108 3784 Dutntm
1146 3730 1314 3784 nostri
1345 3729 1468 3784 Jesu
1502 3728 1699 3784 Christi
1730 3726 2069 3798 perliciémus

493 3836 611 3875 cum
636 3835 787 3892 pace.
828 3822 862 3891 ἡ
885 3863 899 3876 .
934 3822 1042 3875 Deo
1070 3822 1288 3891 gratias.

648 3956 715 4011 IN
756 3956 974 4014 FES'I‘O
1013 3957 1256 4014 SANCTI
1298 3956 1637 4013 STEPHANI
1681 3956 1932 4013 1⁵80Το-

1105 4047 1474 4106 MAIlTYBIS.

1108 4161 1189 4216 Ad
1238 4160 1501 4228 Vésperos.

567 4274 879 4345 Antiphona.
908 4275 1110 4340 Gléria,
1142 4284 1194 4329 et
1225 4274 1427 4329 lmnére
1456 4272 1723 4326 commisti
1745 4286 1865 4326 eum
1894 4271 2073 4328 [16mi-

497 4381 584 4421 ne.
631 4367 701 4435 ᾗ.
748 4365 1021 4432 Glbriam,
1065 4378 1119 4421 et
1168 4381 1414 4436 magnum
1467 4364 1716 4420 decorem
1768 4364 2070 4436 imposuisti

494 4475 654 4528 super
679 4475 823 4515 eum.
845 4459 913 4515 P.
939 4460 1181 4515 Domine.

568 4552 730 4608 Sana.
752 4550 972 4607 (Συειόἀί
1005 4568 1110 4618 me,
1149 4552 1393 4616 Domine,
1428 4561 1482 4605 ut
1513 4550 1761 4621 pupillam
1796 4551 1936 4607 Oculi
1970 4552 2067 4608 sub
2098 4581 2145 4641 ο

497 4646 681 4700 umbra
726 4644 928 4700 alhrum
974 4645 1200 4700 tultrum.
1236 4642 1300 4698 P.
1345 4643 1567 4710 Exaudi,
1600 4645 1755 4710 Deus,
1802 4645 2065 4716 justitiam

496 4752 689 4791 meam.
719 4736 965 4793 Alleluia.
1012 4739 1045 4807 Ῡ
1072 4779 1084 4792 .
1117 4737 1338 4804 Prolege
1379 4752 1465 4792 me
1509 4737 1537 4791 ξι
1590 4737 1725 4791 facie
1760 4737 2070 4805 itnpiOrum,

496 4829 586 4897 qui
610 4843 696 4883 me
716 4828 1022 4883 afﬂixerunt
1051 4846 1060 4879 :
1098 4827 1295 4883 inimici
1327 4829 1429 4883 mei
1459 4828 1925 4885 circumdederunt
1956 4828 2075 4882 itni-

496 4935 636 4975 mam
667 4934 860 4973 meam.
894 4917 959 4974 P.
987 4918 1190 4972 Exaudi
1220 4919 1389 4979 Deus.

566 5010 881 5081 Antiphonti.
910 5009 1076 5065 Terra
1105 5025 1171 5066 ne
1200 5010 1497 5067 abscondas
1525 5012 1839 5082 sanguinem
1870 5026 2071 5075 meum,

501 5117 673 5171 neque
700 5100 926 5157 inveniat
957 5102 1010 5157 in
1038 5113 1087 5157 te
1127 5103 1299 5159 locum
1341 5104 1536 5158 laténdi
1566 5105 1769 5158 clamor
1798 5118 1969 5158 meus.
2000 5102 2069 5159 Ρ.

500 5195 637 5249 Ecce
666 5192 718 5247 in
748 5192 903 5249 ctelis
931 5201 1015 5248 est
1055 5193 1215 5263 judex
1246 5209 1417 5259 meus,
1451 5202 1505 5249 et
1536 5194 1783 5249 cutiscius
1834 5207 1987 5247 meus
2017 5194 2069 5246 in

498 5286 749 5343 excelsis.
796 5287 871 5356 ir.
904 5285 1057 5356 Step4:
1104 5286 1542 5357 expugnaverunt
1591 5301 1675 5338 me
1722 5284 1753 5338 ὸ
1791 5282 2073 5354 iuventute

492 5394 650 5435 mea:
680 5378 880 5435 etenim
924 5395 1029 5435 non
1073 5379 1362 5451 potuerunt
1399 5379 1549 5433 mihi.
1589 5376 1651 5433 Ρ.
1673 5375 1811 5431 Ecce
1843 5378 1892 5430 in
1922 5377 2073 5433 cmlis

496 5483 599 5527 est.
634 5472 666 5541 Ῡ
693 5511 707 5526 .
738 5472 941 5537 Gloria,
970 5482 1024 5527 et
1049 5472 1219 5528 honor
1246 5471 1413 5534 Patri,
1438 5479 1541 5525 etc.
1571 5468 1636 5521 P.
1663 5468 1796 5524 Ecce
1824 5468 1874 5522 in
1898 5470 2073 5524 caelis.

570 5562 770 5618 Lauda.
802 5564 1045 5620 Alleluia.
1079 5564 1271 5632 Tetigit
1318 5562 1455 5616 labia
1496 5576 1632 5616 mea.
1668 5560 1734 5614 P.
1765 5558 1831 5613 Et
1866 5561 2075 5629 aperuit

497 5675 558 5713 os
596 5673 793 5727 meum,
840 5659 989 5715 dixi':
1020 5658 1270 5723 Alleluia,
1302 5655 1552 5719 Alleluia,
1588 5654 1836 5710 Alleluia.
1883 5656 1916 5721 ᾖ
1943 5691 1957 5707 .
1988 5654 2073 5708 ln-

497 5751 688 5820 quisivi
740 5751 1019 5806 Dominum
1068 5765 1267 5813 meum,
1316 5757 1369 5803 et
1410 5748 1686 5812 exaudivit
1736 5761 1856 5813 me;
1907 5757 1961 5803 et
2008 5764 2073 5803 ex

501 5844 746 5900 Omnibus
775 5840 1201 5900 tribulationibus
1229 5839 1425 5911 eripuit
1445 5855 1549 5899 me.
1591 5840 1655 5897 P.
1690 5840 1752 5897 Et
1787 5840 1991 5913 aperuit
2013 5856 2073 5896 os

2096 3217 2142 3279 C

2153 594 2259 647 ruit
2288 607 2370 646 os.

2813 682 3072 754 Hymnus.

2374 774 2614 830 Christus
2636 784 2719 829 est
2747 773 2850 829 vita
2883 775 3101 830 veniens
3128 776 3187 836 in,
3208 776 3417 844 orbem,

2296 866 2479 921 Mortis
2507 868 2698 921 ocdsu
2725 865 2931 936 patiens
2961 868 3191 936 acerba,

2295 956 2479 1012 Mortis
2505 969 2647 1023 actu,
2680 959 2897 1028 pietlttis
2925 972 3025 1017 usu
3246 954 3251 961 ’

2438 1049 2633 1105 Vivere
2659 1050 2842 1105 donat.

2376 1140 2601 1195 Stistulit
2619 1140 2828 1207 vulnus,
2849 1142 3170 1199 removendo
3195 1151 3449 1211 mortem;

2300 1231 2485 1286 Mortis
2513 1233 2785 1287 auctdretn
2811 1233 3143 1303 periméndo,
3174 1235 3375 1305 surgit;

2300 1323 2472 1379 Patris
2500 1324 2566 1378 ad
2588 1324 2865 1380 dexteram
2894 1324 3209 1396 repetendo,
3242 1336 3428 1398 regnat

2445 1415 2584 1471 Sede
2611 1416 2865 1485 superna.

2371 1506 2523 1564 Hune
2550 1522 2777 1577 sequens
2817 1506 3019 1576 primus
3048 1507 3353 1579 Stephanus
3383 1508 3650 1578 minister,

2301 1600 2476 1657 Sortis
2507 1601 2668 1655 illata:
2695 1601 2847 1655 titulo
2871 1601 3119 1667 decdrus,

2301 1693 2470 1760 Quam
2500 1692 2643 1748 dedit
2666 1696 2869 1761 spirans
2902 1693 3110 1748 Dbmini
3142 1693 3405 1765 benignus

2445 1786 2675 1857 Spiritus
2698 1787 2794 1841 illi.

2382 1878 2535 1934 Vadit
2564 1880 2811 1949 exemplo
2838 1880 3049 1936 Domini
3076 1882 3367 1949 revinctus,

2304 1969 2553 2028 Testibus
2581 1971 2726 2026 falsis
2755 1971 3038 2038 adopertus
3065 1974 3273 2038 insons,

2303 2064 2551 2120 Jt’tdicum
2583 2074 2804 2133 portans
2834 2067 3097 2122 scelerita
3125 2067 3353 2122 Sanctus

2454 2155 2604 2212 Dicta
2636 2158 2925 2214 maldrum.

2376 2248 2481 2303 Ore
2502 2248 2707 2305 coalésti
2733 2250 2923 2306 rel‘éllit
2953 2250 3232 2322 malignos,

2310 2343 2377 2398 Et
2406 2345 2594 2413 probat
2620 2354 2873 2400 constans
2903 2346 3105 2401 ratidne
3134 2346 3319 2410 lalsos,

2308 2434 2533 2504 Semper
2561 2434 2810 2505 indignos
2835 2435 3060 2491 Demitto
3093 2436 3339 2506 peiurum

2447 2526 2681 2589 Credere
2710 2528 2870 2584 nolle.

2379 2618 2555 2675 saxeo
2576 2620 2757 2675 nimbo
2786 2620 3049 2689 lapiddtus
3070 2639 3091 2689 ί
3113 2628 3275 2675 .nstat

2311 2709 2525 2778 Paulus,
2555 2718 2609 2766 et
2634 2726 2873 2766 summus
2902 2711 3227 2781 htpidantum
3249 2721 3428 2775 servat

2310 2802 2416 2874 52
2440 2802 2644 2870 Vestes,
2674 2811 2731 2856 ut
2752 2803 2938 2857 reddat
2961 2802 3157 2858 liberos
3178 2803 3243 2856 ad
3267 2803 3430 2858 ictum

2452 2895 2611 2950 Caede
2638 2894 2914 2950 cruentus.

2382 2986 2624 3043 sustinet
2650 2987 2842 3041 mortis
2868 2986 3071 3042 rabiem
3104 2984 3434 3057 prophhnam

2313 3078 2505 3134 Plenus
2531 3077 2676 3133 omni
2708 3078 2902 3147 pletéte
2932 3076 3133 3144 cordis,

2315 3167 2567 3224 Hestibus
2592 3172 2777 3237 quaerit
2808 3168 3038 3236 veniam,
3070 3167 3318 3224 misertus

2455 3258 2680 3317 Pectore
2703 3267 2871 3331 grato.

2384 3351 2575 3407 lmbuit
2603 3354 2825 3421 primus,
2859 3352 3103 3408 homines
3132 3352 3324 3409 beatos

2310 3443 2482 3497 Corde
2508 3442 2728 3509 directo,
2755 3443 2940 3515 jécore
2967 3444 3109 3499 lidéli

2324 3534 2379 3588 In
2410 3533 2518 3589 ﬁde
2542 3531 2739 3588 Christi
2767 3532 3010 3603 jugulata
3037 3536 3158 3590 telis

2454 3624 2661 3681 Ponere
2687 3627 2948 3681 membra.

2381 3718 2694 3789 Quaesumus
2724 3718 2931 3788 ﬂentes,
2964 3720 3245 3777 benedicte
3279 3718 3455 3790 prime

2312 3810 2531 3883 Martyr,
2562 3822 2618 3868 et
2645 3814 2777 3868 civis
2810 3814 3012 3869 sociate
3034 3812 3216 3883 justis,

2313 3902 2535 3958 Ctelitt‘ts
2561 3903 2721 3957 clara:
2744 3902 2977 3974 regiOnis
3008 3904 3167 3959 heres

2458 3992 2656 4064 Inclyte
2684 3993 2911 4060 pollens.

2389 4086 2671 4157 Promptus
2701 4086 2787 4141 hic
2815 4096 3056 4142 nostrum
3098 4086 3300 4141 facinus
3326 4085 3535 4142 remitte
3561 4103 3574 4140 :

2316 4178 2466 4233 Tolle
2491 4179 2825 4250 languerem,
2852 4180 3025 4234 tribue
3052 4181 3275 4234 salutem
3304 4195 3318 4232 :

2317 4270 2544 4326 (ἰοειῐὸἁί
2572 4272 2803 4339 hostem,
2838 4272 3019 4328 réleva
3046 4271 3361 4336 maerorem,

2468 4371 2637 4425 Morte
2666 4369 2909 4425 subacta.

2394 4463 2631 4518 Glériam
2659 4461 2849 4532 psallat
2869 4462 3085 4529 chorus,
3117 4469 3171 4515 et
3203 4461 3464 4515 resultet:

2320 4555 2553 4613 Gluriam
2577 4555 2738 4619 dicat,
2770 4564 2945 4621 canat,
2979 4565 3033 4609 et
3060 4552 3297 4608 revélvat
3325 4570 3336 4605 :

2316 4644 2531 4699 Nemini
2557 4646 2695 4700 trino
2727 4644 2920 4699 Deitati
2952 4645 3051 4699 soli

2457 4738 2643 4794 Sidera
2672 4738 2923 4793 clament.

2536 4831 2573 4899 fi
2598 4869 2612 4884 .
2643 4834 2834 4885 Amen.

2248 4921 2590 4991 Supplictitid.
2622 4920 2852 4976 Oremus
2884 4918 2980 4973 Dei
3030 4917 3205 4971 Patris
3233 4913 3621 4986 omnipotentis
3651 4922 3758 4972 mi-

2175 5013 2517 5069 sericordiam
2544 5053 2558 5077 ,
2607 5013 2880 5082 supplices
2926 5010 3309 5080 implorémus;
3358 5019 3415 5065 ut
3442 5024 3541 5065 nos
3582 5012 3754 5081 gratia

2174 5103 2371 5169 Christi
2399 5103 2481 5158 sui
2508 5100 2721 5156 Domini
2745 5100 2913 5155 nostri
2946 5099 3075 5155 Jesu
3117 5100 3336 5166 Christi,
3370 5110 3423 5155 et
3464 5115 3557 5170 per
3588 5101 3758 5155 inter-

2174 5193 2473 5248 cessiénem
2533 5191 2714 5248 Sancti
2762 5190 3013 5261 martyris
3057 5191 3137 5247 sui
3183 5190 3444 5261 Stephani
3492 5191 3756 5260 propitius

2170 5282 2466 5353 justilicére
2489 5281 2755 5353 dignetur.
2803 5283 2875 5352 ἡ.
2914 5280 3117 5337 Pnesta
3153 5281 3380 5338 [Etérne
3410 5282 3753 5352 omnipOtens

2176 5374 2335 5431 Deus.

2246 5469 2448 5541 Kyrie,
2512 5467 2737 5525 eléisou.
2810 5470 2882 5539 ἢ.
2934 5467 3186 5533 Christe,

2176 5565 2397 5618 elé‘ison.

2248 5658 2507 5730 Capitula.
2553 5656 2713 5723 Deus,
2763 5656 2846 5711 cui
2900 5654 3142 5711 Ecclesia
3194 5664 3282 5710 tua
3330 5656 3581 5712 Sanctum
3631 5655 3755 5713 Ste-

2177 5749 2411 5819 pltanum
2452 5748 2741 5819 martyrem
2787 5749 3017 5815 primum
3048 5747 3238 5802 messis
3267 5762 3377 5803 sua:
3423 5748 3751 5818 manipulum

2178 5843 2343 5912 dedit,
2367 5852 2421 5900 et
2448 5844 2766 5914 primitivam
2792 5842 3117 5899 oblatiéucm
3148 5840 3373 5899 novellae
3394 5842 3751 5901 conlessitmis

3265 5470 3489 5524 eléi‘son.
3548 5467 3712 5541 Kyrie
3736 5512 3750 5536 ,
