4044 6382
236 437 336 496 125

1078 426 1143 482 ΙΝ
1182 425 1401 483 FESTO
1438 424 1497 482 S.
1541 422 1875 482 STEPHANI
1916 420 2511 479 PROTOMARTYRIS.

3380 416 3479 476 126

233 551 485 617 ostendit,
512 562 574 605 ac
603 544 948 618 praecénium,
986 558 1143 615 quem
1191 544 1417 598 fructum
1459 543 1582 598 lidei
1626 552 1798 597 matu-
1827 544 1878 602 Α
1905 555 2007 595 non
2039 539 2250 595 nocebit
2277 539 2345 593 ei.
2384 536 2451 593 P.
2482 536 2547 591 Et
2580 535 2696 591 falsi
2725 542 2906 590 testes.
2952 537 2985 603 ᾗ
3011 575 3037 595 .,
3058 534 3264 605 Gloria,
3294 543 3349 592 et
3380 536 3477 590 ho-

232 643 488 702 resce'ntis
516 638 790 695 exhibuit:
835 644 1025 706 praesta
1062 632 1307 689 uni'vérso
1342 634 1500 689 cmtui
1548 634 1803 687 interces-

230 738 384 792 sidne
428 730 676 801 martyris
705 725 1012 790 memorati,
1058 733 1114 779 ut
1163 715 1456 779 Ecclésiam
1490 734 1631 777 tuam
1651 721 1805 791 juvet

229 824 507 895 suﬂ‘ragio,
538 837 695 890 quam
738 819 949 874 ornavit
990 816 1323 872 ministerio:
1356 814 1529 870 foveat
1576 812 1806 883 patroci-

229 920 344 987 nio,
378 932 534 988 quam
556 914 838 970 aediﬁcavit
858 910 1122 979 exémplo.

296 1009 458 1065 Pater
504 1018 706 1063 noster.
737 1002 974 1059 Liberali
1005 1000 1033 1055 a
1058 999 1221 1057 malo.
1255 997 1543 1053 ilumiliate
1570 1010 1666 1050 vos
1707 996 1802 1050 be-

227 1098 542 1158 nedictioni.
574 1097 836 1152 deinus
862 1095 954 1151 sit.
996 1094 1033 1163 ιῆ
1058 1135 1070 1147 .
1096 1092 1306 1147 Etcum
1339 1091 1531 1160 spiritu
1562 1098 1670 1143 tuo.

300 1210 616 1267 Benedictio.
651 1208 907 1264 Daminus
936 1206 1092 1262 Jesus
1123 1206 1387 1271 Christus,
1438 1203 1529 1274 qui
1570 1203 1801 1271 primum

226 1320 343 1360 suae
368 1302 630 1373 passibnis
652 1302 935 1369 sequacem
967 1298 1299 1364 Stephanum
1338 1296 1628 1366 martyrem
1660 1294 1801 1357 fecit,

223 1396 323 1450 det
358 1395 512 1449 nobis
545 1408 656 1447 sua:
685 1391 949 1462 passidnis
980 1390 1232 1457 exemplo
1264 1387 1537 1441 victuriam
1569 1384 1707 1440 ferre
1735 1384 1803 1439 de

219 1487 447 1542 mundo.
483 1485 520 1554 ιῆ
545 1524 559 1539 .
591 1484 779 1540 Amen.
813 1483 904 1540 Sui
948 1497 1158 1553 quoque
1186 1480 1441 1552 martyris
1473 1492 1627 1560 prece
1648 1476 1802 1531 simi—

221 1578 331 1635 lem
381 1575 535 1639 nobis
584 1576 779 1630 tribuat
823 1576 931 1629 vim
984 1590 1097 1630 suae
1148 1572 1446 1628 dilectidnis
1497 1570 1715 1632 habere,
1748 1577 1805 1624 ct

218 1665 579 1723 adversitates
607 1663 798 1734 aequali
844 1664 1131 1719 tolerantia
1176 1663 1455 1731 superAre.
1500 1662 1537 1730 ti;
1563 1702 1576 1715 .
1608 1664 1801 1715 Amen.

219 1754 295 1810 Ut
332 1755 574 1810 instructi
614 1753 860 1831 exemplo
911 1753 1316 1822 Redemptdris,
1358 1761 1412 1808 et
1451 1750 1802 1807 invitamento

216 1846 476 1919 martyris
507 1847 862 1917 percipiamus
913 1845 1300 1916 plenitudinem
1344 1855 1539 1901 nostra:
1588 1850 1802 1899 redem-

213 1938 444 2006 ptidnts.
489 1938 526 2005 ﬁ
546 1973 563 1992 .
594 1938 783 1993 Amen.

294 2030 401 2086 Per
430 2029 856 2085 misericdrdiam
885 2030 1071 2098 ipsius.

292 2121 497 2175 Lauda.
542 2121 737 2175 Demus
762 2120 867 2184 vir,
899 2119 986 2188 qui
1037 2120 1187 2173 timet
1215 2116 1519 2173 Déminum.
1551 2115 1802 2169 Alleluia.

210 2210 294 2271 P.
330 2211 391 2266 In
432 2211 696 2266 mandatis
723 2212 841 2279 ejus
864 2212 1044 2279 cupiet
1071 2210 1249 2264 nimis.
1273 2208 1526 2263 Alleluia.
1555 2207 1803 2262 Alleluia.

229 2302 273 2369 ᾖ
300 2340 314 2353 .
342 2301 541 2355 Potens
567 2301 620 2355 in
654 2311 794 2355 terra
819 2302 918 2355 erit
947 2314 1129 2355 semen
1155 2300 1293 2367 ejus,
1323 2298 1601 2368 generatio
1629 2299 1805 2353 recto-

216 2404 341 2444 rum
392 2390 758 2445 benedicétur.
793 2388 858 2445 P.
891 2390 945 2444 In
986 2389 1253 2443 mandatis
1303 2389 1443 2458 ejus.
1490 2388 1525 2458 Ῡ
1550 2427 1564 2442 .
1598 2388 1801 2455 Gloria,

216 2490 272 2536 et
301 2480 478 2533 honor
505 2480 668 2547 Patri,
696 2490 801 2535 etc.
832 2478 896 2534 P.
931 2480 985 2534 In
1023 2480 1287 2533 mandatis
1322 2480 1461 2548 ejus.

297 2570 501 2625 Oratio.
544 2570 773 2626 Damine
800 2570 927 2626 Jesu
966 2571 1197 2626 Christe.
1232 2570 1417 2637 Quaere
1444 2570 1580 2640 infrd
1611 2571 1663 2623 in
1703 2570 1801 2624 ista

220 2659 369 2730 folio.

788 2750 869 2803 Ad
905 2748 1238 2804 Matutinum.

292 2861 611 2932 Antiphone.
649 2863 812 2919 Labia
851 2879 995 2930 mea,
1020 2864 1265 2931 Damine,
1298 2864 1526 2934 apéries.
1559 2864 1627 2919 P.
1655 2865 1719 2920 Et
1743 2880 1803 2920 us

228 2968 402 3013 meum
431 2959 772 3015 annuntiabit
800 2959 1011 3014 laudem
1044 2969 1208 3014 tuam.
1253 2958 1517 3015 Psalmus.
1546 2959 1803 3016 Miserere

233 3052 332 3105 mei
362 3053 522 3107 Deus.

304 3141 496 3196 (Initio.
529 3142 810 3208 Exultent,
844 3142 1092 3207 Damine,
1138 3143 1274 3199 labia
1320 3154 1503 3199 nostra
1531 3142 1801 3213 praecduio

241 3234 497 3300 veritatis;
541 3242 602 3289 ut
641 3251 744 3289 non
785 3235 1123 3290 revolvantur
1152 3236 1458 3305 vanildquio
1501 3236 1748 3292 falsitatis

236 3324 313 3377 sic
358 3325 530 3395 lingua
582 3336 761 3380 nostra
819 3326 1078 3395 judicium
1124 3328 1367 3382 veritatis
1427 3327 1696 3396 loquatur,
1750 3338 1806 3384 ut

238 3411 498 3467 Chtistum
526 3424 672 3488 tuum
698 3430 879 3470 vermn
899 3415 1136 3485 judicent
1169 3416 1565 3486 promptissime
1591 3417 1764 3472 laudet
1788 3434 1802 3472 :

245 3516 395 3576 atque
418 3508 488 3562 ita
515 3512 775 3580 pmcépta
805 3518 892 3565 tua
922 3509 1139 3567 assidue
1171 3511 1223 3566 in
1255 3519 1440 3567 nostro
1479 3511 1642 3567 corde
1687 3526 1806 3567 rer-

246 3599 444 3664 séutur,
483 3608 536 3655 ut
562 3617 779 3672 gressus
807 3603 971 3657 nostri
1003 3603 1071 3657 ab
1100 3601 1373 3659 insidiosis
1413 3602 1671 3673 decipulis
1706 3606 1807 3658 mi-

240 3688 380 3745 nime
405 3693 828 3761 supplanténtur.
874 3696 910 3759 ti]
932 3731 948 3749 .
979 3696 1169 3749 Amen.

311 3781 405 3838 Per
428 3786 844 3841 misericordiam
876 3797 1039 3842 tuam.

304 3896 595 3967 Antiphona
626 3900 675 3953 l.
708 3898 1099 3968 Lapitlavérunt
1138 3915 1222 3953 me
1260 3899 1462 3954 inimici
1493 3915 1618 3954 met.
1648 3900 1713 3955 P.
1742 3900 1807 3955 Et

236 3984 419 4042 litui-te
452 3990 687 4059 lapidum
733 3992 950 4046 suorum
991 3994 1043 4046 in
1081 3992 1445 4047 testimonium
1478 3992 1585 4047 illis
1612 4004 1801 4059 erunt;

233 4081 357 4136 dum
402 4080 600 4137 venero
637 4091 760 4137 ante
802 4082 1059 4152 judicium
1103 4083 1282 4153 petere
1328 4099 1423 4152 pro
1453 4084 1687 4153 peccatis
1709 4085 1804 4139 e6-

232 4190 372 4229 rum.
418 4177 491 4245 it.
540 4174 754 4231 Crédidi
802 4186 1018 4246 propter
1063 4178 1203 4247 quod
1256 4178 1467 4233 locutus
1511 4194 1628 4233 sum
1662 4196 1675 4232 :
1707 4194 1807 4250 ego

232 4277 408 4323 autem
445 4268 755 4324 humiliatus
786 4285 903 4324 sum
933 4269 1112 4325 tiiniis.
1145 4269 1213 4327 P.
1244 4272 1309 4325 Et
1336 4271 1519 4326 lixurte
1549 4272 1804 4341 lapidum.

248 4361 280 4426 ᾗ
305 4397 320 4410 .
362 4360 567 4428 Gloria,
614 4370 669 4417 et
711 4360 883 4416 honor
908 4361 1075 4429 Patri,
1112 4371 1216 4417 etc.
1251 4360 1321 4418 P.
1352 4361 1420 4417 Et
1445 4363 1633 4418 ﬁxura:
1674 4364 1809 4433 lapi-

231 4450 382 4505 dum.

1905 647 2003 687 nor
2032 632 2194 696 Patri,
2228 640 2333 686 etc.
2358 629 2426 683 Ρ.
2456 631 2520 685 Et
2552 629 2670 683 falsi
2693 638 2858 684 testes
2884 628 3210 697 lapidabant.

1976 722 2435 791 Ord!io.,lmpetus
2457 719 2627 776 factus
2654 720 2683 775 ὲ
2723 719 3151 790 persequentium
3183 721 3335 776 turba
3373 734 3479 776 non

1906 812 2093 883 potuit,
2131 813 2344 868 Christe
2385 811 2631 876 Domine,
2677 810 2931 881 Stephani
2976 811 3229 881 martyris
3262 813 3339 866 tui
3369 823 3481 866 tur-

1906 904 2031 958 bare
2068 903 2442 971 constantiam,
2466 918 2585 957 cum
2616 912 2669 957 et
2703 901 2955 959 falsorum
2983 903 3086 974 53
3117 901 3331 957 testium
3359 918 3479 957 cre-

1905 994 2130 1049 dulitate
2192 995 2369 1048 carnis
2423 993 2737 1048 vestimenta
2799 993 3083 1063 dep’ésuit;
3133 995 3244 1047 oris
3303 1003 3479 1047 tamen

1906 1084 2318 1152 confessidnem,
2348 1087 2451 1154 qua
2481 1097 2531 1141 te
2568 1086 2815 1151 credidit,
2851 1101 2954 1140 non
2995 1086 3210 1142 amisit:
3244 1101 3366 1149 cum
3400 1086 3479 1139 la-

1898 1176 2116 1249 pidAtus
2156 1176 2317 1232 étiam
2350 1186 2401 1231 te
2441 1177 2626 1242 Deum,
2657 1187 2714 1232 ut
2741 1177 2859 1247 ejus
2888 1176 3132 1247 Spiritum
3179 1176 3479 1245 exciperes,

1905 1260 2166 1322 exoravit.
2199 1267 2276 1322 Te
2320 1282 2446 1337 ergo
2499 1282 2824 1337 quaesumus,
2872 1278 2925 1323 et
2968 1269 3237 1337 rogamus,
3285 1278 3342 1320 ut
3391 1267 3481 1321 illa

1906 1374 2003 1414 nos
2028 1358 2215 1431 gratiae
2246 1367 2351 1412 tute
2390 1358 2587 1428 pietate
2631 1360 2963 1423 remaneres,
2995 1360 3099 1429 qua
3139 1359 3287 1413 illum
3324 1373 3482 1413 coro-

1905 1451 2041 1506 nasti
2068 1460 2184 1520 post
2211 1450 2417 1523 lapides
2444 1467 2456 1503 :
2482 1463 2534 1505 et
2564 1451 2653 1520 qui
2692 1452 2807 1520 ejus
2838 1450 3085 1519 spiritum
3113 1448 3395 1519 suscepisti
3427 1449 3479 1502 in

1904 1542 2072 1613 gléria
2097 1540 2318 1607 mtéina,
2350 1540 2381 1597 a
2408 1543 2562 1597 nobis
2588 1555 2894 1612 qumsumus
2922 1542 3235 1613 pr0pitiatus
3263 1540 3482 1599 remove

1904 1633 2187 1703 supplicia.
2232 1634 2270 1703 ιῆ
2294 1673 2310 1689 .
2345 1634 2541 1689 Amen.

1979 1726 2081 1782 Per
2109 1725 2534 1781 misericordiam
2566 1733 2733 1780 tuam.

1976 1821 2292 1889 Antiphone.
2328 1818 2657 1889 Lapidabant
2695 1818 3048 1888 Stephanum,
3092 1816 3179 1887 qui
3224 1824 3378 1871 erant
3430 1813 3486 1870 in

1904 1911 2151 1978 concilio,
2196 1920 2251 1966 et
2290 1910 2654 1967 intuebantur.
2697 1909 2766 1964 P.
2820 1908 3005 1965 Vultus
3051 1906 3170 1979 ejus
3215 1915 3484 1975 tamquam

1904 2006 2081 2061 vultus
2101 2005 2291 2076 Angeli
2318 2006 2409 2061 Dei
2438 2005 2627 2061 stantis
2656 2005 2794 2059 inter
2822 2004 2956 2059 illos.
3008 2004 3041 2073 ᾗ
3065 2039 3082 2056 .
3106 1999 3376 2058 Conserva
3402 2014 3489 2054 me

1904 2097 2151 2164 Domine,
2179 2098 2430 2170 quaniam
2458 2100 2513 2153 in
2541 2110 2593 2155 te
2629 2097 2863 2168 speravi,
2891 2097 3094 2152 salvum
3125 2109 3211 2150 me
3239 2093 3322 2147 lac
3350 2092 3499 2146 Deus.

1904 2205 2075 2245 meus.
2110 2171 2173 2244 Ρ.
2215 2191 2398 2246 Vultus
2423 2192 2557 2262 ejus.
2602 2191 2638 2262 Ῡ
2664 2229 2679 2245 .
2712 2189 2915 2258 Gloria,
2956 2199 3012 2245 et
3051 2189 3244 2254 honor,
3274 2196 3381 2242 etc.
3422 2182 3488 2238 P.

1908 2282 2096 2338 Vultus
2126 2283 2263 2352 ejus.

1978 2362 2176 2427 Oratio.
2209 2373 2436 2429 Damine
2462 2373 2587 2429 Jesu
2616 2371 2851 2439 Christe,
2877 2374 2964 2442 qui
2997 2374 3049 2427 in
3079 2372 3308 2429 concilio
3348 2371 3488 2440 lapi-

1901 2463 2138 2518 dautium
2162 2463 2454 2519 beatissimi
2480 2463 2728 2533 martyris
2753 2465 2825 2518 tui
2852 2463 3107 2534 Stephani
3130 2463 3197 2517 ita
3220 2462 3486 2533 gloriﬁcas
3530 2514 3543 2530 ,

1901 2556 2123 2620 vultum,
2157 2564 2215 2609 ut
2238 2555 2305 2610 ab
2328 2554 2405 2608 his
2436 2556 2525 2624 qui
2557 2571 2677 2610 eum
2706 2555 3033 2624 lapidabant,
3066 2556 3284 2624 lapidati
3320 2556 3486 2622 ‘aspé-

1902 2659 2017 2706 ctus
2048 2649 2346 2705 intueretur
2375 2649 2680 2720 Angélicus,
2711 2649 2840 2704 dum
2873 2648 3194 2717 praeminens
3212 2648 3306 2703 illo
3334 2662 3488 2701 mon-

1901 2743 2160 2797 strarétur
2179 2743 2435 2812 magistro
2460 2742 2714 2812 patientia
2740 2742 2991 2797 exornari
3015 2741 3110 2807 ;da
3144 2740 3318 2804 nobis,
3342 2747 3397 2792 ut
3421 2752 3489 2793 ex

1906 2833 2005 2888 hoc
2036 2834 2337 2889 mereamur
2379 2834 2445 2888 ad
2496 2835 2772 2905 przrmium
2816 2833 3129 2888 aeternitatis
3158 2831 3355 2886 attdlli.
3411 2830 3487 2895 ἡ.

1911 2925 2103 2980 Amen.

1974 3018 2076 3073 Per
2101 3016 2518 3073 misericdrdiam
2542 3028 2707 3072 tuam.

1991 3112 2029 3178 ιῆ
2049 3150 2065 3165 .
2095 3113 2265 3182 Super
2294 3112 2541 3166 acérvum
2575 3110 2811 3179 lapidum
2855 3109 2979 3164 laeta
3004 3117 3087 3164 est
3127 3108 3302 3162 anima
3347 3120 3486 3171 mea,

1782 3254 1795 3291 =
1823 3237 1871 3299 Ο
1902 3210 1956 3258 ct
1984 3216 2146 3271 super
2168 3202 2412 3256 inimicos
2443 3214 2590 3255 meos
2612 3200 2777 3254 Deum
2798 3200 3114 3268 deprecatus
3143 3212 3260 3251 sum
3288 3214 3302 3262 ;
3332 3211 3489 3264 prop~

1912 3294 2054 3349 terea
2077 3292 2414 3348 vindemiabo
2436 3291 2638 3346 fructus
2665 3305 2814 3345 meos
2841 3291 2895 3345 in
2927 3306 3075 3359 pace.
3119 3288 3184 3342 P.
3220 3290 3285 3343 Et
3330 3288 3489 3342 mini-

1908 3385 2089 3439 strabo
2119 3386 2172 3438 in
2200 3381 2489 3452 conspectu
2540 3380 2744 3436 Démini
2782 3381 2850 3437 de
2882 3381 3056 3447 bonis,
3091 3396 3209 3451 qua:
3243 3379 3492 3450 praestitit

1907 3477 2056 3532 mihi.
2078 3478 2113 3547 ᾖ
2137 3516 2153 3533 .
2185 3477 2322 3545 Quid
2354 3474 2643 3531 retribuam
2675 3491 2768 3546 pro
2796 3475 3067 3543 omnibus,
3097 3490 3213 3545 qua:
3242 3473 3488 3544 praestitit

1908 3570 2077 3624 mihi?
2106 3569 2327 3625 calicem
2358 3567 2606 3623 saluthris
2633 3567 2911 3639 accipiam.
2948 3566 3011 3622 P.
3051 3568 3117 3621 Et
3152 3566 3482 3621 ministraho.

1921 3665 1956 3737 ᾖ
1979 3704 1994 3718 .
2029 3663 2233 3732 Gldria,
2256 3672 2311 3718 et
2330 3663 2500 3719 honor
2529 3663 2693 3727 Patri,
2719 3672 2823 3718 etc.
2854 3661 2920 3716 Ρ.
2957 3661 3020 3716 Et
3044 3660 3376 3715 ministrabo.

1980 3753 2182 3809 Oratio.
2200 3753 2423 3809 Domine
2441 3753 2565 3809 Jesu
2576 3754 2806 3819 Christe,
2823 3754 2912 3823 qui
2933 3753 3163 3806 animam
3187 3750 3479 3806 beatissimi

1907 3846 2157 3919 martyris
2192 3848 2267 3902 tui
2308 3847 2561 3916 Stephani
2611 3848 2754 3904 tanta
2782 3849 3077 3916 {munerum
3114 3846 3283 3918 gratia
3324 3846 3488 3901 deco-

1907 3939 2056 4007 rasti,
2091 3950 2145 3995 ut
2169 3954 2331 4010 super
2358 3939 2607 3995 acervum
2635 3939 2865 4010 lapidum
2888 3940 3171 4004 exultaret,
3194 3949 3250 3994 et
3272 3954 3367 4008 pro
3389 3939 3493 3993 ini-

1908 4034 2058 4089 micis
2091 4042 2163 4098 te,
2192 4044 2246 4087 ut
2289 4032 2393 4087 illis
2438 4032 2705 4101 parceres,
2731 4033 3053 4104 expasceret
3080 4049 3095 4097 ;
3128 4032 3277 4102 reple
3326 4032 3490 4085 corda

1913 4135 2090 4180 nostra
2117 4125 2339 4179 munere
2360 4125 2675 4194 gratiarum,
2694 4121 3192 4179 etimmarcescibili
3213 4121 3355 4175 dono
3386 4122 3491 4174 vir-

1907 4222 2081 4273 tutum
2121 4235 2136 4274 :
2179 4227 2233 4271 ut
2263 4216 2566 4272 interventu
2598 4216 2673 4272 tui
2705 4216 2979 4288 martyris,
3008 4217 3078 4271 ita
3128 4216 3490 4271 ministrémus

1908 4324 2124 4379 semper
2153 4310 2205 4363 iu
2236 4309 2524 4377 conspectu
2575 4318 2667 4362 tuo
2695 4308 2763 4362 de
2806 4310 2981 4374 bouis,
3020 4322 3137 4378 qua:
3177 4307 3493 4376 praestiteris

1908 4400 2086 4465 nobis,
2115 4398 2341 4469 qualiter
2362 4408 2415 4454 et
2438 4400 2525 4454 hic
2571 4398 2863 4453 dilatémur
2888 4399 3185 4455 sanctitatis
3220 4399 3273 4454 in
3303 4399 3489 4470 opere,

1906 4507 1961 4553 et
2001 4496 2120 4567 past
2161 4495 2547 4551 vindemiémus
2596 4495 2797 4551 fructus
2852 4506 3065 4550 nostros
3118 4496 3169 4550 in
3219 4511 3366 4566 pace.
3406 4496 3490 4565 si.

300 4564 507 4655 Oratio.
532 4562 757 4618 deine
793 4564 919 4619 Jesu
965 4562 1196 4628 Christe,
1230 4566 1319 4636 qui
1351 4568 1421 4622 ita
1466 4570 1688 4623 munere
1714 4577 1806 4625 tuo
1838 4596 1888 4655 υ
1916 4562 2107 4645 Αυίεη,

231 4654 377 4709 beati
422 4654 677 4725 Stephani
722 4656 954 4713 animam
1004 4659 1317 4727 tnunerasti,
1370 4673 1426 4717 ut
1478 4678 1582 4717 non
1632 4662 1804 4720 solum

230 4745 506 4801 Passionis
547 4756 651 4803 tute
674 4750 988 4818 sequeretur
1026 4751 1351 4822 exemplum,
1385 4754 1479 4808 sed
1521 4755 1682 4808 etiam
1715 4771 1808 4822 pa-

228 4838 432 4892 tientia:
486 4839 700 4908 caperet
745 4841 1126 4897 documentum
1171 4862 1185 4897 :
1231 4852 1291 4899 ut
1336 4847 1663 4916 supplicaret
1715 4863 1807 4914 pro

230 4924 519 4993 hastibus,
568 4929 656 4997 qui
706 4945 813 4982 non
857 4930 1073 4985 céderct
1118 4932 1510 4997 saviéntibus':
1545 4934 1694 4988 fortis
1739 4934 1805 4989 ad

229 5016 550 5085 perferenda
594 5020 848 5085 vulnera;
880 5020 1031 5076 fortis
1076 5023 1143 5077 ad
1192 5039 1296 5078 non
1354 5024 1627 5079 reddenda
1677 5041 1807 5080 con-

228 5109 401 5174 vicia;
433 5109 584 5164 fortis
627 5111 754 5165 dum
796 5112 865 5166 ab
901 5111 1081 5181 impiis
1112 5114 1406 5182 lapidatur;
1453 5113 1640 5169 fortior
1678 5117 1804 5171 dum

230 5215 328 5268 pro
373 5199 735 5268 lapidantibus
778 5201 1096 5271 deprecatur
1140 5220 1157 5258 :
1200 5204 1299 5271 Qui
1348 5220 1477 5275 ergo
1524 5206 1808 5263 immemor

230 5292 456 5346 ultidnis
487 5308 583 5360 pro
613 5293 970 5361 lapidantibus
998 5296 1258 5363 exoravit,
1298 5312 1503 5353 memor
1529 5299 1807 5356 charitatis

228 5382 283 5437 in
316 5384 470 5437 nullo
494 5384 916 5453 supplicantibus
933 5385 1093 5441 desit.
1139 5388 1177 5455 ti)
1200 5427 1215 5441 .
1251 5389 1442 5444 Amen.

295 5472 410 5527 Per
436 5475 859 5533 misericordiam
888 5485 1057 5532 tuam.

296 5588 598 5659 Antipltona
617 5589 955 5663 2.1mpetum
999 5594 1243 5650 fecérunt
1280 5596 1559 5653 unanimes
1603 5600 1655 5652 in
1683 5599 1805 5655 διὸ·

227 5679 488 5746 phanum.
521 5682 588 5736 Ρ.
621 5684 691 5739 Et
711 5685 829 5741 falsi
864 5691 1025 5743 testes
1068 5689 1374 5759 lapidahant
1404 5706 1524 5745 eum
1556 5691 1808 5749 invocan-

227 5783 359 5835 tem,
403 5785 460 5829 et
500 5776 761 5834 dicentem
794 5796 808 5832 :
837 5780 1062 5837 deine
1097 5781 1243 5847 Jesu,
1276 5782 1490 5849 suscipe
1538 5785 1804 5851 spiritum.

238 5865 269 5930 ᾗ
298 5902 312 5916 .
341 5863 484 5920 Nihil
517 5868 757 5936 proliciet
785 5870 1035 5927 inimicus
1063 5873 1114 5928 in
1150 5886 1238 5939 eo,
1263 5882 1315 5927 et
1346 5872 1485 5929 ﬁlius
1511 5874 1807 5945 iniquitatis

1981 4683 2081 4737 Per
2108 4679 2547 4737 misericérdiam.

2510 4771 2576 4827 1η
2600 4771 2882 4827 Laudibus.

1981 4864 2060 4917 Ad
2085 4862 2375 4918 canticum.
2403 4864 2722 4933 Antiphone.
2747 4864 2949 4920 Nomen
2975 4864 3184 4921 Damini
3211 4867 3449 4923 invocavi
3473 4886 3486 4921 :

1907 4958 2028 5012 date
2052 4959 2467 5027 magnitudinem
2498 4959 2607 5013 Deo
2632 4968 2812 5014 vestro
2835 4976 2848 5011 :
2869 4974 2991 5014 vera
3020 4968 3143 5014 sunt
3165 4959 3327 5030 Opera
3350 4961 3489 5031 ejus,

1909 5058 1964 5104 et
1990 5065 2175 5104 omnes
2201 5051 2300 5104 vite
2326 5049 2443 5119 ejus
2467 5049 2686 5119 judicia.

1979 5142 2265 5197 (Idnticum.
2292 5141 2523 5197 Attende
2551 5142 2777 5197 leum.
2807 5141 3029 5212 Require
3054 5142 3151 5212 fol.
3184 5142 3238 5196 ι.

1981 5235 2059 5286 Ad
2089 5232 2414 5287 Benedictus.
2454 5233 2772 5305 Antiphone.
2812 5233 3122 5291 Benedictio
3182 5230 3394 5287 Damini
3433 5230 3487 5284 in

1910 5326 2191 5381 meridiem
2215 5324 2349 5394 justi
2376 5324 2611 5380 festinat.
2642 5324 2911 5381 Cduticum
2939 5325 3035 5396 fol.
3067 5325 3120 5381 6.

1981 5417 2143 5470 Sana.
2167 5415 2385 5471 Custddi
2408 5430 2513 5479 me,
2545 5415 2791 5472 Damine.
2826 5416 3048 5486 nequire
3069 5416 3163 5484 fol.
3194 5414 3282 5468 5|.

1982 5509 2181 5563 Lauda.
2209 5507 2446 5562 Laudate
2475 5507 2758 5563 Déminum
2779 5509 2847 5564 de
2872 5508 3046 5563 caelis.
3074 5505 3318 5563 Alleluia.
3350 5504 3487 5560 Lau-

1910 5600 2036 5655 date
2063 5613 2183 5655 eum
2210 5599 2261 5653 in
2287 5597 2529 5654 excelsis.
2555 5600 2801 5654 Alleluia.
2838 5597 3076 5651 Psalmtu
3102 5612 3321 5653 omni.

2545 5693 2847 5762 Pmphetia.

2066 5786 2235 5843 Le’ctio
2265 5787 2381 5841 libri
2401 5786 2683 5857 Sapiéntia:
2727 5783 3023 5839 Salombnis
3047 5784 3197 5853 (Cap.
3234 5786 3326 5854 tv).

1999 5878 2034 5945 ti
2058 5916 2070 5932 .
2108 5879 2216 5934 Deo
2239 5878 2454 5949 gratias.
