4044 6382
522 386 622 442 ηπ

516 604 566 655 in
590 594 868 666 refrigerio
907 592 1027 648 erit.
1053 588 1315 646 Senectus
1344 585 1486 640 enim
1514 579 1834 638 venerabilis
1873 586 1957 633 est
1992 591 2097 630 non

514 663 767 747 diuturna
804 698 978 754 neque
1018 682 1244 737 numero
1279 676 1543 731 anndrum
1584 670 1887 740 computata
1923 685 1935 718 :
1980 663 2098 733 cani

513 792 639 840 sunt
667 789 847 835 autem
880 789 1071 833 sensus
1109 770 1362 834 hominis,
1393 774 1448 822 et
1492 774 1622 821 aetas
1671 758 1961 818 senectutis
1994 757 2101 810 vita

513 870 878 929 immaculéta.
909 866 1134 923 Placcus
1166 863 1298 926 Deo,
1340 859 1511 915 lactus
1538 853 1787 920 dilectus,
1833 860 1887 905 et
1917 848 2101 902 vivens

516 966 659 1019 inter
691 958 998 1031 peccatores
1029 954 1316 1010 translatus
1345 958 1451 1010 est.
1484 949 1684 1017 Raptus
1706 952 1790 1000 est
1814 957 1879 996 ne
1900 938 2101 995 malitia

516 1058 749 1112 mutitret
778 1051 1103 1110 intellectum
1130 1049 1268 1118 ejus,
1296 1055 1386 1100 aut
1433 1042 1651 1097 afﬂictio
1692 1037 1952 1107 reciperet
1984 1032 2101 1086 ani-

515 1164 659 1202 mam
709 1147 873 1201 illius.
922 1140 1224 1199 t‘ascinatio
1286 1136 1429 1191 enim
1482 1130 1800 1200 nugacithtis
1856 1124 2106 1181 obscurat

518 1240 679 1306 bona,
704 1246 761 1292 et
788 1233 1147 1289 inconstantia
1178 1225 1625 1296 concupiscentia:
1657 1218 1965 1275 trnnsvértit
1986 1231 2107 1271 sen-

518 1345 638 1384 sum
662 1328 778 1383 sine
802 1320 1456 1383 malitia.Consummatus
1474 1317 1526 1370 in
1550 1312 1696 1369 brevi
1721 1310 1955 1378 explevit
1978 1306 2106 1362 lém-

517 1435 646 1491 pora
666 1419 831 1478 multa
858 1415 1086 1485 :plitcita
1118 1414 1259 1474 enim
1286 1418 1401 1465 erat
1432 1408 1542 1475 Deo
1565 1406 1740 1459 anima
1765 1404 1908 1457 illius
1940 1417 1953 1452 :
1985 1413 2106 1469 pro-

519 1523 636 1584 pter
666 1513 767 1568 hoc
796 1510 1103 1582 properavit
1137 1506 1366 1565 educere
1392 1502 1540 1557 illum
1570 1500 1639 1555 de
1682 1496 1857 1552 medio
1909 1492 2106 1563 iniqui-

519 1608 687 1662 thtum
722 1623 742 1658 :-
770 1604 949 1675 populi
980 1611 1157 1656 autem
1182 1598 1447 1659 videntes,
1479 1603 1534 1651 et
1576 1607 1683 1647 non
1724 1585 2105 1655 intelligéntes,

519 1711 618 1753 nec
651 1695 909 1767 ponentes
935 1694 987 1747 in
1017 1689 1331 1761 praecordiis
1367 1686 1478 1741 suis
1506 1684 1633 1737 talia
1670 1700 1683 1737 ε
1715 1678 1967 1750 queniam
2010 1676 2109 1737 mi-

519 1786 808 1843 Serictirdia
838 1785 956 1848 Dei,
986 1793 1043 1839 et
1070 1782 1241 1853 gratia
1274 1782 1325 1834 in
1350 1789 1538 1833 sancto
1565 1775 1727 1836 illius,
1755 1781 1810 1827 et
1830 1769 2107 1840 respéttus

519 1881 572 1935 in
594 1878 767 1934 ele'cto
789 1877 977 1947 ipsius.
1018 1877 1056 1944 ἢ
1079 1912 1092 1927 .
1127 1876 1318 1929 Amen.

583 1967 852 2037 ﬁgamus.
876 1965 1122 2021 Christus
1147 1961 1374 2018 estvita.
1392 1957 1737 2029 Supplirdtio.
1763 1953 1990 2010 Oremus
2014 1948 2108 2004 Dei

522 2062 694 2117 Patris
724 2057 1137 2127 Omnipoténtis.
1166 2055 1350 2120 Quam
1375 2054 1470 2124 fol.
1504 2052 1593 2105 52.

589 2151 854 2222 Capitula.
887 2146 1210 2205 [lentissime
1228 2145 1500 2215 Stéphane
1534 2138 1922 2208 Prntomartyr,
1956 2134 2112 2222 vocit-

520 2220 673 2293 bitur
688 2237 782 2291 tibi
812 2250 1009 2290 nomen
1041 2248 1257 2297 novum,
1282 2231 1421 2302 quod
1444 2244 1506 2285 os
1540 2226 1750 2282 Dumini
1782 2220 2109 2279 nominavit:

520 2342 580 2385 ut
606 2333 693 2402 qui
718 2342 946 2387 mortem
977 2345 1073 2396 pro
1111 2330 1203 2383 illo
1225 2330 1487 2392 sumeres,
1521 2322 1785 2385 cortinam,
1816 2334 1914 2390 per
1959 2318 2111 2373 illum

522 2431 579 2476 et
609 2421 827 2475 nomine
847 2429 899 2475 et
920 2420 1117 2475 virtate
1139 2419 1437 2487 susciperes
1470 2433 1482 2470 :
1516 2413 1724 2470 Primus
1751 2412 1805 2467 in
1828 2408 2107 2482 martyrio,

526 2511 730 2579 primus
761 2510 811 2564 in
844 2510 1065 2581 praemio
1092 2530 1103 2564 :
1136 2510 1340 2579 primus
1367 2510 1418 2564 in
1440 2506 1561 2565 aula
1597 2503 1805 2567 mundi,
1836 2503 2038 2573 primus
2061 2501 2111 2554 in

525 2602 645 2656 aula
669 2601 788 2656 coeli
818 2617 832 2653 :
868 2611 926 2658 ut
956 2601 1040 2661 hic
1070 2616 1165 2671 pro
1194 2601 1405 2657 Christo
1434 2598 1716 2668 lapidatus,
1750 2596 1862 2651 illlc
1892 2594 1961 2649 ab
2001 2593 2116 2662 ipso

525 2692 834 2756 cordnatus,
876 2693 1118 2758 exultes;
1168 2701 1225 2746 ut
1263 2707 1356 2761 pro
1398 2706 1505 2760 quo
1550 2691 1639 2744 hic
1685 2684 2113 2743 crudelissimam

525 2782 821 2839 sustinuisti
871 2798 1102 2853 plenam,
1150 2782 1259 2838 illic
1314 2779 1751 2850 pretiosissimam
1814 2777 2115 2846 susciperes

527 2873 829 2928 cordnam:
876 2887 1005 2943 ergo
1047 2874 1137 2942 qui
1199 2873 1422 2928 extitisti
1487 2870 1740 2927 Ecclesia:
1790 2868 2109 2939 primitivus,

532 2976 676 3018 nunc
704 2972 821 3019 esto
848 2964 1101 3032 patrdnus
1144 2964 1391 3019 assiduus
1422 2980 1434 3017 :
1467 2972 1523 3017 ut
1551 2962 1621 3017 sit
1658 2960 1906 3017 Christus
1937 2958 2111 3021 nobis,

536 3067 591 3113 te
617 3054 891 3126 precante,
920 3057 1203 3128 prepitius,
1234 3072 1330 3127 pro
1360 3072 1463 3128 quo
1492 3055 1695 3126 martyr
1724 3053 1945 3109 extitisti
1969 3050 2115 3107 miri-

530 3150 684 3206 ﬁcus.
1160 3210 1165 3213 _

601 3249 761 3306 Pater
786 3260 989 3306 noster.
1012 3244 1245 3302 Liberati
1268 3244 1298 3299 ὸ
1325 3243 1484 3299 malo.

596 3341 795 3396 Lauda.
817 3341 1011 3399 Bedtus
1039 3340 1142 3403 vir,
1166 3338 1257 3409 qui
1288 3337 1440 3392 timet
1463 3332 1768 3390 deinum.

604 3431 917 3488 Benedictio.
943 3432 1201 3487 Deminus
1220 3428 1374 3485 Jesus
1399 3426 1660 3489 Christus,
1691 3425 1804 3493 qui,
1830 3431 1933 3478 etc.

604 3523 661 3577 In
692 3524 912 3579 nomine
939 3523 1149 3578 deini
1179 3520 1349 3576 nostri
1399 3518 1528 3574 Jesu
1555 3516 1755 3571 Christi
1781 3514 2118 3584 perﬁciamus

532 3630 652 3671 cum
685 3630 834 3686 pace.
879 3616 917 3686 ii;
940 3655 955 3671 .
992 3615 1101 3671 Deo
1126 3613 1344 3685 gratias.
1380 3612 1563 3679 Quwre
1582 3610 1674 3679 fol.
1710 3608 1800 3662 52.

593 3753 658 3810 IN
697 3752 920 3811 FESTO
955 3750 1199 3810 SANCTI
1236 3746 1564 3805 IOHANNIS
1603 3740 1928 3801 APOSTOLI
1970 3742 2072 3811 ET]

1063 3835 1581 3897 EVANGELIST/E.

1135 3953 1213 4007 ΛΑ
1258 3951 1509 4021 Vésperos

610 4070 809 4126 Lauda.
832 4067 1260 4133 Conlessidncm,
1288 4075 1343 4122 et
1371 4065 1622 4120 decorent
1652 4060 1889 4117 induisti.
1915 4059 2024 4133 54
2050 4058 2116 4114 Ρ.

535 4167 781 4223 Amictus
810 4165 993 4220 lumen
1022 4162 1163 4217 sicut
1191 4158 1589 4215 vestimentum.
1635 4158 1667 4226 ᾗ
1694 4195 1708 4211 .
1736 4154 2037 4221 Confessio,
2067 4161 2122 4207 et

533 4258 745 4329 Spécies
766 4256 819 4311 in
842 4254 1133 4324 conspectu
1166 4252 1284 4322 ejus
1310 4270 1323 4306 :
1352 4250 1607 4305 sanctitas
1634 4257 1687 4303 et
1731 4244 2119 4317 magnificentia

536 4356 587 4407 in
607 4351 900 4408 sanctitate
926 4348 1064 4419 ejus.
1098 4345 1164 4400 P.
1202 4344 1444 4401 Amictus
1476 4344 1675 4397 lumen.

611 4468 773 4522 Sane.
805 4462 1113 4520 Conﬁtebor
1129 4462 1246 4528 tibi,
1273 4460 1516 4525 Domine,
1553 4458 1604 4512 in
1638 4466 1744 4511 tota
1768 4454 1930 4512 corde
1958 4469 2080 4509 meo
2105 4470 2117 4505 :

1707 364 2138 425 BREVIARIUM
2180 360 2558 419 GOTHICUM.

584 501 766 559 Justus
791 498 837 555 si
888 492 1058 552 morte
1103 488 1503 564 praeoccupatus
1533 486 1714 551 fixerit,
1758 483 1934 539 animo
1981 480 2097 549 ejus
2126 484 2179 543 Α

2140 1838 2186 1898 Β

3690 349 3795 406 128

2947 483 3113 523 mnus.

2855 468 3113 549 Hymnus.

2275 567 2379 623 Iste
2406 565 2610 621 electus
2638 560 2913 618 Iohannes
2952 556 3211 629 diligendi
3249 551 3572 627 prdmptior,

2206 658 2513 713 Advocatus
2534 655 2585 710 in
2618 654 2905 725 perennem
2927 650 3171 707 verithtis
3197 649 3450 720 gratiam,

2206 748 2505 806 Mercedem
2522 750 2802 803 assumens
2819 744 3062 811 bondris,
3079 742 3334 815 quidquid
3353 740 3541 810 ambit,
3561 739 3794 799 dbtinet.

2279 852 2451 907 Insula
2477 849 2729 906 Pathmos
2752 848 2919 905 tenéri
2956 846 3253 917 imperante
3300 845 3597 916 premitur:

2207 942 2481 1012 Cdnspicit
2506 942 2613 998 illic
2633 941 2809 998 {erasa
2827 938 3039 997 coalitus
3063 937 3317 1011 mysteria
3333 980 3348 1005 ,

2212 1035 2275 1089 Et
2306 1034 2593 1106 profunda,
2624 1048 2742 1105 qua:
2765 1030 2998 1099 nothvit,
3021 1040 3199 1088 mente
3223 1039 3403 1086 narrat
3430 1029 3617 1086 ardua.

2282 1136 2491 1205 Accipit
2516 1135 2609 1191 Dei
2640 1133 2925 1189 Paréntem
2952 1135 3005 1188 in
3028 1133 3141 1188 suis
3171 1130 3509 1202 prmedrdiis,

2212 1228 2280 1283 Ut
2306 1226 2548 1282 minister
2577 1224 2821 1281 veritatis
2845 1223 3183 1280 administret
3204 1224 3441 1295 Virgini;

2210 1318 2340 1387 Qum
2370 1318 2537 1372 Deum
2566 1315 2745 1381 enixa,
2774 1315 2885 1370 sola
2906 1316 3055 1387 virgo
3086 1330 3300 1387 semper
3326 1314 3556 1369 adstitit.

2285 1417 2389 1473 Iste
2418 1430 2579 1486 supra
2610 1424 2794 1485 pectus
2824 1414 2951 1469 illud
2981 1391 3294 1484 sempiterni
3315 1413 3564 1472 Numinis

2213 1508 2464 1578 corporis
2504 1523 2604 1563 usu
2633 1507 2871 1574 reclinis,
2904 1507 3179 1562 hauriebat
3208 1508 3428 1573 intima;
3528 1485 3535 1493 ⁸

2212 1601 2520 1670 Spirituque
2551 1599 2819 1667 indicabat
2847 1599 3085 1654 veritatis
3106 1598 3294 1673 gratia.

2286 1704 2366 1758 Ad
2398 1718 2615 1759 crucem
2649 1712 2848 1758 tractus
2876 1701 3225 1773 Redemptor,
3255 1718 3374 1759 esse
3400 1706 3589 1767 matris
3618 1706 3805 1775 litium,

2217 1795 2357 1857 Dicit
2386 1797 2543 1850 istum
2571 1810 2586 1861 ;
2621 1794 2807 1850 rursus
2838 1794 3006 1865 ipsnm
3035 1808 3155 1849 esse
3182 1803 3408 1850 matrem
3452 1799 3696 1871 praecipit
3722 1818 3734 1852 :

2215 1889 2389 1943 Carne
2416 1901 2575 1953 unus,
2599 1885 2821 1957 spiritus
2844 1885 3001 1953 alter,
3030 1895 3087 1941 ut
3116 1885 3394 1942 manerent
3424 1888 3541 1942 lilii.

2288 1988 2498 2045 Ultima:
2527 1987 2801 2057 praenotus
2824 1985 2996 2055 horae,
3020 1986 3267 2043 scindere
3295 1998 3419 2045 tunc
3450 1990 3717 2061 prmcipit.

2214 2087 2436 2141 Terram
2467 2082 2662 2138 fossam
2690 2081 2973 2148 ministris,
3004 2082 3108 2151 qua
3137 2082 3355 2138 reclinis
3387 2083 3577 2151 inruit,

2214 2176 2396 2231 Mortis
2420 2185 2474 2232 et
2502 2175 2618 2232 vice
2646 2175 2849 2245 quievit
2876 2188 3037 2231 omne
3063 2175 3246 2230 vivens
3267 2176 3479 2231 saeculo.

2288 2276 2365 2333 Te
2388 2277 2660 2346 rogamus,
2684 2283 2736 2330 te
2766 2275 3067 2344 precltmur,
3089 2283 3273 2330 sancte
3302 2274 3499 2331 Christi
3526 2274 3808 2347 Apostole,

2219 2367 2373 2423 Tulle
2398 2380 2627 2437 pestem,
2656 2366 2806 2421 auler
2830 2365 3001 2432 ulcus,
3026 2374 3081 2419 et
3110 2364 3291 2421 lovéto
3316 2365 3595 2437 languidos
3621 2385 3635 2420 :

2220 2459 2367 2516 Pelle
2384 2458 2650 2523 morbum,
2664 2456 2813 2515 caede
2829 2456 3060 2524 hostem,
3076 2466 3130 2513 et
3149 2457 3367 2513 remove
3389 2458 3702 2515 scandalum
3715 2500 3728 2513 .

2292 2557 2407 2613 Non
2436 2560 2629 2613 adurat
2653 2566 2851 2612 terram
2879 2557 3036 2627 ignis,
3073 2556 3253 2611 aerem
3277 2570 3381 2612 non
3403 2558 3612 2614 sanciet
3638 2577 3651 2623 ;

2219 2651 2337 2707 Non
2363 2652 2612 2707 refundat
2632 2650 2821 2707 ultioni
2851 2651 3001 2707 triste
3030 2652 3225 2706 caelum
3250 2651 3491 2707 turbines
3515 2670 3529 2717 ;

2220 2741 2335 2797 Non
2359 2744 2587 2798 reclinet
2616 2742 2667 2796 in
2691 2742 2898 2797 ruinam
2929 2739 3125 2797 Orbem
3155 2740 3234 2795 ira
3262 2740 3530 2797 funditus.

2296 2843 2517 2900 Decidat
2543 2844 2795 2900 delictum
2825 2856 2987 2898 omne
3017 2858 3033 2908 ;
3061 2842 3417 2911 subsequétur
3444 2840 3641 2911 gratia,

2221 2936 2510 2993 Auferatur
2537 2936 2693 3006 culpa
2723 2945 2859 3003 tota,
2891 2934 2961 2990 sit
2989 2933 3179 2989 salinis
3204 2932 3358 3003 cdpia
3385 2950 3400 2998 ;

2221 3031 2528 3088 Sitremdta
2559 3040 2749 3087 cuncta
2777 3030 2929 3094 lues;
2972 3028 3229 3098 augentur
3276 3024 3531 3081 charitas.

2297 3134 2482 3189 Gléria
2513 3134 2624 3188 Deo
2655 3131 2799 3187 Patri
2837 3131 2929 3197 sit,
2959 3128 3127 3200 gléria
3157 3128 3228 3183 sit
3257 3127 3415 3183 Filio.

2148 3198 2194 3263 ο
2226 3227 2309 3284 Sit
2329 3224 2596 3282 Paraclito
2626 3222 2857 3279 manenti
2881 3198 3095 3291 semper
3122 3220 3309 3291 ingens
3334 3217 3529 3287 gloria;

2220 3321 2320 3390 Qui
2354 3320 2494 3376 Deus
2513 3318 2644 3374 vivit
2670 3331 2765 3387 per
2791 3313 2969 3369 dmnia
2995 3312 3194 3368 srecula
3226 3311 3563 3367 smeuldrum.

2367 3418 2561 3470 Amen.
3436 3442 3457 3469 ο

2294 3505 2636 3576 δαρριίοάιὶο.
2660 3504 2893 3561 Oremus
2924 3504 3019 3561 Dei
3042 3505 3215 3561 Patris
3230 3502 3627 3574 Omnipoténtis
3656 3506 3823 3561 mise-

2222 3597 2528 3663 ricordiam,
2542 3596 2813 3667 supplices
2836 3596 3182 3667 implorémus
3206 3613 3221 3663 ;
3241 3606 3300 3652 ut
3316 3610 3414 3651 nos
3428 3594 3600 3667 gratia
3613 3594 3820 3652 Christi

2221 3695 2301 3747 sui
2327 3692 2537 3748 Domini
2562 3697 2729 3749 nostri
2760 3694 2889 3750 Jesu
2916 3695 3143 3763 Christi,
3173 3703 3227 3751 et
3252 3709 3348 3764 per
3374 3692 3822 3749 intercessionem

2220 3788 2401 3844 Sancti
2415 3786 2676 3845 Johannis
2697 3787 2960 3858 Apostoli,
2983 3796 3039 3843 et
3056 3787 3405 3857 Evangelistce
3425 3785 3685 3857 propitius
3702 3783 3820 3855 jus:

2223 3883 2427 3938 tilicare
2438 3882 2705 3954 dignetur.
2738 3883 2775 3953 ἡ
2796 3925 2811 3940 .
2832 3883 3033 3939 Przrsta
3050 3881 3274 3939 Aitérne
3285 3880 3637 3950 Omnipotens
3655 3879 3818 3934 Deus.

2292 3975 2474 4047 Kyrie,
2500 3975 2727 4032 éléison.
2768 3976 2805 4045 ἡ
2826 4015 2840 4030 .
2870 3975 3099 4045 Christe,
3121 3974 3345 4031 eléison.
3371 3970 3559 4042 Kyrie,
3582 3968 3816 4025 eleison.

2293 4079 2551 4153 Capitula.
2603 4079 2895 4137 lneﬂabilia
2941 4088 3087 4145 sunt,
3141 4078 3389 4142 Démine,
3430 4075 3628 4132 ﬂuenta
3679 4073 3821 4130 uteri

2222 4172 2321 4237 tui,
2352 4170 2545 4242 quibus
2574 4186 2685 4242 pra:
2714 4171 2925 4227 caeteris
2967 4170 3195 4228 dilectus
3224 4170 3313 4226 ille
3341 4168 3373 4224 ὲ
3402 4177 3454 4224 te
3498 4165 3823 4237 discipulus,

2224 4262 2490 4319 recubans
2518 4263 2572 4317 in
2602 4262 2723 4317 sinu
2751 4270 2865 4329 tuo,
2895 4262 3089 4317 saeiari
3129 4259 3423 4332 promeruit
3453 4278 3465 4311 :
3511 4272 3827 4328 quresumns

2224 4369 2375 4425 ergo,
2409 4362 2486 4421 ut,
2519 4352 2858 4409 mortiﬁcatis
2904 4354 3159 4409 membris
3207 4353 3427 4417 nostris,
3460 4354 3563 4406 tuis
3606 4366 3827 4418 semper

2224 4446 2526 4501 mereamur
2572 4444 2837 4501 inhaerere
2885 4446 3122 4517 vestigiis
3159 4463 3172 4499 :
3216 4456 3275 4500 ut
3313 4444 3613 4501 intercessu
3661 4442 3825 4511 hujus

537 4556 769 4612 narrabo
797 4554 1056 4608 mirabilia
1090 4561 1195 4607 tua.
1223 4552 1472 4606 Alleluia.
1508 4549 1843 4614 [πωπω-,ει
1865 4544 2120 4605 exultatio
2150 4554 2199 4615 ι)
2225 4539 2406 4595 Sancti
2437 4540 2720 4607 Johannis,
2751 4542 2821 4595 ita
2862 4556 2958 4597 nos
2988 4541 3126 4611 ignis
3155 4540 3358 4597 amoris
3390 4541 3463 4596 tui
3485 4539 3825 4602 cdneremet,

538 4652 590 4705 in
623 4658 695 4715 te,
719 4646 979 4703 deine:
1014 4645 1236 4716 psallam
1270 4643 1475 4699 nemini
1509 4652 1620 4707 tuo,
1656 4640 1951 4697 Altissime.
1981 4638 2118 4692 Alle‘

539 4743 669 4799 It'tia.

615 4834 925 4904 Antlpnona.
955 4832 1045 4888 Stc
1094 4845 1215 4885 eum
1260 4832 1378 4884 voto
1422 4824 1849 4892 manére,donec
1890 4822 2125 4886 veniam,

541 4928 675 4984 dixit
696 4926 970 4981 Dominus.
1001 4924 1064 4978 Ρ.
1082 4924 1176 4978 llic
1197 4933 1278 4979 est
1302 4920 1627 4989 Discipulos,
1651 4919 1740 4987 qui
1767 4917 2127 4973 testimonium

544 5023 790 5095 perhibet
813 5023 880 5076 de
902 5020 1005 5075 his.
1038 5020 1100 5073 ιι.
1138 5019 1200 5073 Et
1221 5016 1556 5085 seimusquia
1581 5029 1763 5069 verum
1786 5010 2130 5068 estteStirno-

544 5118 687 5171 nium
710 5115 849 5185 ejus.
872 5112 939 5169 Ρ.
969 5113 1153 5167 Manus
1173 5111 1315 5166 enim
1341 5123 1456 5163 mea
1475 5105 1824 5161 auxiliabitur
1843 5105 1912 5169 ei,
1935 5115 1988 5158 et
2007 5103 2130 5158 bra-

543 5210 721 5264 chiutn
753 5220 932 5267 meum
948 5203 1441 5260 conlortébiteunt.
1468 5198 1534 5257 Ρ.
1572 5199 1667 5255 llic
1696 5206 1779 5253 est
1806 5195 2126 5265 Discipulus.

562 5304 592 5371 ᾗ
620 5339 633 5354 .
664 5298 869 5357 Gloria.
896 5296 964 5353 P.
999 5296 1068 5352 Et
1097 5296 1319 5351 scimus.

617 5391 815 5446 Lauda.
833 5388 1056 5460 Diligam
1075 5402 1198 5443 eum
1222 5402 1287 5442 ex
1312 5394 1420 5439 toto
1435 5383 1597 5438 corde
1620 5395 1760 5444 meo.
1789 5378 1919 5435 dicit
1943 5378 2129 5434 Durni-

549 5500 669 5541 nus.
699 5484 764 5540 P.
801 5487 863 5541 Et
889 5485 990 5541 erit
1014 5482 1152 5539 sicut
1182 5497 1273 5537 ros
1304 5480 1487 5543 Israel,
1525 5474 1849 5547 gerrninbbit
1888 5475 2027 5529 sicut
2071 5474 2131 5528 li-

549 5578 703 5643 lium,
727 5588 781 5632 et
822 5578 1052 5634 ﬂorébit.
1080 5573 1333 5630 Alleluia.
1367 5571 1616 5627 Allelt'tia.
1656 5570 1689 5638 Ῡ
1716 5610 1729 5624 .
1765 5569 1831 5623 Et
1853 5567 1956 5623 erit
1999 5575 2131 5621 tam-

548 5667 706 5735 quam
740 5669 956 5736 lignum,
988 5667 1128 5735 quod
1160 5661 1605 5732 transplauIAtum
1638 5670 1722 5715 est
1750 5674 1905 5716 secus
1940 5660 2131 5714 decur—

553 5774 644 5816 sus
674 5760 926 5829 aquarum
982 5759 1119 5828 quod
1160 5759 1391 5823 Iructuan
1434 5768 1587 5810 suum
1617 5754 1763 5807 dabit
1798 5754 1848 5807 in
1889 5752 2129 5823 tempore

549 5864 666 5909 svo.
698 5850 765 5906 P.
798 5850 864 5907 Et
893 5849 1015 5906 erit.
1066 5852 1095 5919 ᾗ
1126 5890 1135 5904 .
1170 5848 1377 5917 Gloria,
1413 5854 1515 5902 etc.
1558 5843 1619 5899 Ρ.
1657 5846 1719 5900 Et
1742 5845 1859 5901 crit.

2231 4647 2283 4693 et
2332 4637 2852 4707 absumat,quitlitér
2896 4636 3290 4707 beneplacitum
3339 4650 3438 4691 nos
3482 4633 3576 4689 tibi
3610 4635 3663 4687 ιιι
3709 4639 3830 4692 toto

2237 4728 2609 4786 holocaustum
2636 4730 2857 4786 elliciat.

2308 4824 2462 4880 Pater
2484 4833 2685 4880 noster.
2724 4822 2963 4879 Liberali
2995 4823 3024 4877 ii
3054 4822 3218 4878 malo.

2304 4916 2591 4972 llumiliéte
2618 4930 2712 4972 vos
2738 4915 3127 4972 benedictibni.

2308 5008 2563 5063 Dominus
2587 5009 2677 5063 sit.
2724 5008 2760 5076 ἡ
2782 5047 2796 5061 .
2822 5009 3027 5063 Etcum
3052 5006 3244 5076 spiritu
3276 5013 3388 5061 tuo.

2309 5094 2625 5157 Benedictio.
2649 5099 2893 5156 Christus
2930 5100 3205 5168 Déutinus,
3252 5097 3344 5167 qui
3388 5096 3645 5153 dilectum
3694 5094 3725 5149 ‘a
3768 5110 3837 5151 se

2233 5191 2551 5262 discipulum
2582 5205 2681 5246 suo
2710 5191 2838 5248 fecit
2865 5192 3125 5247 recubare
3154 5190 3207 5245 in
3231 5188 3470 5259 pectore,
3501 5186 3700 5242 illaesos
3726 5201 3834 5240 nos

2234 5284 2499 5341 custddiat
2528 5285 2579 5338 in
2608 5284 2728 5338 sinu
2750 5284 2937 5339 matris
2964 5282 3240 5340 Ecclesiae.
3284 5282 3320 5351 ἡ
3343 5319 3359 5333 .
3385 5282 3581 5336 Amen.
3625 5277 3690 5333 Et
3733 5279 3838 5348 qui

2236 5377 2448 5432 ﬂuentis
2473 5376 2658 5446 gratiae
2689 5391 2752 5431 cx
2777 5375 2897 5431 sinu
2919 5390 3015 5430 suo
3038 5371 3490 5443 prmmanantibus
3511 5368 3838 5427 recubantis

2236 5470 2468 5526 animam
2501 5469 2727 5535 maduit,
2751 5469 2895 5524 dono
2921 5482 3020 5523 nos
3042 5464 3355 5536 sempiterni
3375 5463 3615 5520 muneris
3636 5460 3839 5532 jubeant.

2235 5561 2527 5618 consolari.
2574 5560 2609 5629 ιῆ
2630 5600 2646 5615 .
2681 5564 2871 5614 Amen.
2909 5558 2977 5614 Ut
3005 5573 3101 5627 per
3124 5571 3283 5627 quem
3311 5554 3608 5623 discipulus
3631 5551 3713 5606 hic
3744 5550 3841 5605 di-

2238 5653 2404 5708 lc'ctus
2429 5649 2654 5708 elléctus
2683 5659 2764 5705 cst
2794 5650 2964 5719 virgo,
2986 5664 3080 5719 por
3097 5664 3220 5704 eum
3244 5646 3554 5720 pcccatércs
3577 5644 3627 5698 in
3649 5644 3837 5712 Ange-

2236 5748 2407 5804 ldrum
2432 5743 2877 5801 trausmutatidne
2898 5742 3188 5799 evocentur
3208 5739 3498 5799 consortio.
3532 5736 3575 5806 ἢ
3594 5772 3607 5791 .
3631 5738 3829 5790 Arnen.

2308 5842 2407 5899 Per
2439 5837 2861 5897 miscricdrdiatn
2892 5839 3080 5909 ipsius.
