4044 6382
210 409 304 466 129
1244 405 1307 459 ΙΝ
1349 402 1565 460 FESTO
1605 404 1658 456 S.
1705 399 2028 455 .lOllAN-NIS
2070 400 2420 455 APOSTUU.
3380 400 3480 455 1'50

278 522 481 575 Lauda.
511 518 893 574 Germinubunt
919 530 1040 572 ossa
1073 527 1160 573 tua
1191 518 1340 588 quasi
1372 518 1587 573 sulices.
1638 515 1778 570 Alle-
1812 514 1858 571 Α
1889 512 1989 582 pia)
2019 514 2380 585 operatiduis;
2434 520 2489 567 ut
2531 512 2624 567 tibi
2666 512 2780 566 sine
2822 514 2926 569 ﬁne
2968 513 3277 585 junghmur,
3329 518 3481 588 cujus

212 618 333 672 Iuia.
393 615 457 670 P.
513 615 670 668 Juxta
715 613 940 668 lluéntes
988 626 1172 682 aquas.
1225 611 1476 666 Alleluia.
1536 610 1785 665 Alleluia.
1893 605 2184 675 pot‘éutiam
2220 605 2509 677 magniﬁce
2539 605 2878 661 confitemur.
2931 608 3003 675 ti.
3041 608 3233 666 Amen.

223 710 295 776 Ῡ.
368 706 434 760 Et
493 702 598 761 erit
661 696 930 772 tamquam
1001 703 1222 775 lignum,
1274 702 1416 773 quod
1489 702 1791 770 transplan-
1964 698 2067 755 Per
2093 699 2518 755 misericordiam
2551 707 2716 754 tuam.

211 801 380 855 latum
448 807 552 853 est.
614 796 677 850 P.
733 795 890 853 Juxta
937 793 1164 851 ﬂuentes
1206 808 1393 864 aquas.
1457 795 1493 864 Ῡ
1517 831 1533 847 .
1587 792 1788 848 Gloria.
1982 796 2019 850 ti
2042 832 2054 845 .
2082 793 2177 848 Vir
2215 793 2313 847 iste
2344 792 2395 847 iu
2424 791 2623 863 pupqu
2651 808 2749 847 suo
2776 793 3088 847 mitissimus
3120 793 3366 862 appuruit
3396 811 3484 848 sc-

212 890 276 947 P.
311 890 492 945 Juxta.
1897 883 2111 945 nectute
2151 884 2320 953 gravi,
2349 891 2403 938 et
2447 881 2615 953 gldria
2657 883 2868 952 dignus.
2905 881 2969 938 P.
3000 883 3102 939 [ste
3126 892 3229 950 est,
3257 884 3345 953 qui
3372 892 3490 940 orat

280 982 486 1038 Oratio.
517 981 741 1036 Domine
766 978 893 1035 .lesu
923 977 1152 1042 Christe,
1183 978 1273 1048 qui
1302 976 1669 1031 beatissimum
1699 975 1792 1029 ,Ιο-
1896 991 1995 1045 pro
2023 976 2219 1047 populo
2249 986 2304 1032 et
2336 991 2430 1046 pre
2453 976 2669 1032 civitAte
2699 976 2821 1030 ista.
2863 976 2896 1043 ᾗ
2922 1016 2935 1030 .
2969 975 3059 1031 Vir
3081 975 3183 1032 iste
3206 979 3490 1032 consecra-

214 1075 445 1129 h:in.tem
477 1072 789 1142 Apéstolum
821 1079 993 1125 tuum.
1026 1070 1210 1135 ﬂium
1232 1070 1327 1140 [οι.
1361 1066 1450 1122 55.
1898 1070 1974 1123 vit
2006 1070 2177 1139 legem
2228 1069 2319 1124 Dei
2363 1069 2584 1134 excelsi,
2616 1079 2670 1123 et
2700 1069 2752 1123 in
2794 1068 3086 1125 tentatidne
3130 1066 3380 1126 invéntus
3407 1078 3492 1125 est

1900 1161 2092 1217 ﬁdelis.
2130 1161 2197 1216 P.
2231 1162 2335 1218 Iste
2363 1172 2464 1218 est.
2506 1160 2580 1233 ᾗ.
2613 1161 2812 1230 Gloria,
2858 1172 2911 1219 et
2941 1164 3113 1220 honor
3176 1173 3281 1221 etc.
3316 1165 3491 1220 licite-

1898 1256 2039 1310 rélur
2081 1258 2117 1326 ﬁ
2143 1299 2154 1309 .
2190 1256 2282 1311 Vir
2311 1257 2429 1313 iste.

1976 1372 2178 1426 (Initio.
2232 1372 2497 1426 Memores
2545 1371 2935 1440 prmceptdrum
2984 1370 3217 1441 tuorum,
3266 1370 3495 1427 deine

284 1476 486 1530 Oratio.
518 1474 720 1530 Lnudet
751 1484 823 1543 te,
861 1474 1108 1543 deiue,
1155 1475 1330 1545 lingua
1378 1488 1559 1531 nostra
1590 1489 1799 1529 annun-

1968 1481 2026 1520 su
2068 1464 2300 1529 ChriSte,
2340 1463 2534 1533 quibus
2563 1478 2660 1517 nos
2690 1464 2964 1519 memdriis
3008 1464 3316 1519 sanctorum
3348 1479 3497 1519 com-

217 1568 653 1639 tiandojusutias
683 1578 822 1633 tuas,
854 1578 910 1624 et
933 1568 1180 1624 exultent
1207 1569 1347 1624 lubia
1379 1579 1562 1624 nostra
1591 1569 1801 1639 prmed-

1968 1557 2178 1611 unicure
2210 1555 2507 1625 praecepisti
2530 1597 2543 1621 ,
2589 1554 2883 1608 beatissimi
2918 1554 3159 1623 Apustoli
3193 1555 3264 1610 tui
3294 1554 3490 1611 Joltun-

213 1664 302 1717 nio
340 1660 607 1729 ‘verit‘étis,
638 1672 826 1717 utnon
867 1662 1228 1717 dissolvuntur
1269 1661 1577 1731 vaniloquio
1602 1660 1805 1716 falsita-

1968 1661 2234 1717 s.sparsos
2260 1662 2356 1716 per
2377 1646 2562 1702 orbem
2595 1646 2905 1701 meriturum
2938 1646 3117 1704 titulos
3137 1648 3495 1713 celebramus,

214 1751 281 1805 tis
311 1771 323 1804 :
353 1762 409 1805 ut
439 1752 526 1822 qui
556 1750 648 1807 tibi
689 1750 993 1807 conmendo
1032 1750 1274 1807 remissis
1311 1750 1626 1806 criminibus
1666 1749 1718 1803 in
1753 1758 1806 1804 te

1968 1739 1997 1793 Ii
2031 1738 2308 1807 coronam,
2339 1752 2498 1808 quam
2528 1734 2765 1792 nominis
2794 1740 2875 1792 sui
2911 1739 3348 1808 interpretatidne
3378 1755 3500 1810 pro-

216 1842 567 1911 exultamus,
623 1851 677 1897 et
729 1843 783 1897 in
839 1844 1253 1912 congregatione
1317 1842 1581 1913 justdrum
1652 1856 1808 1897 sueto

1968 1830 2135 1898 .éruit,
2168 1830 2448 1901 privilegio
2476 1831 2775 1885 sanctitatis
2805 1829 3036 1885 obtinuit
3060 1847 3075 1885 :
3098 1840 3291 1900 przesta
3321 1832 3500 1902 igitur.

274 1185 362 1238 Ad
404 1183 738 1238 Mammium.
788 1182 1111 1250 Antiphona.
1163 1181 1329 1236 Lft’bia
1371 1180 1794 1271 mea,.Dt')tnine,

210 1275 436 1344 apéries.
463 1274 567 1345 55
595 1273 655 1327 P.
684 1275 747 1329 Et
773 1287 833 1328 os
858 1288 1032 1329 meum
1060 1272 1362 1328 anuntiabit
1391 1271 1598 1327 laudem
1630 1280 1772 1325 tuam

215 1365 456 1420 Psalmus
488 1382 538 1420 ι..

218 1934 435 2005 agmine
464 1929 833 2003 decantitntes,
876 1937 997 1991 vita:
1027 1935 1199 1992 beittae
1227 1936 1529 1991 eiliciémur
1561 1934 1808 1989 heredes.

226 2029 268 2097 ἢ
290 2068 307 2084 .
338 2031 533 2085 Amen.

290 2121 393 2176 Per
422 2120 871 2176 misericordiam.

293 2232 595 2298 Autiphona
624 2231 673 2284 Ι.
701 2227 841 2285 Caro
870 2224 989 2285 mea
1034 2228 1333 2299 requiescet
1365 2229 1415 2282 in
1461 2242 1576 2298 spe.
1618 2225 1685 2283 P.
1716 2227 1815 2294 Qui

211 2338 330 2377 non
381 2323 721 2392 derelinques
770 2317 1003 2375 animam
1052 2322 1227 2376 meam
1279 2324 1331 2375 in
1380 2320 1680 2386 infernum;
1718 2334 1818 2375 nec

207 2411 370 2467 dabis
399 2420 644 2466 sanctum
676 2420 824 2465 tuum
865 2410 1045 2466 vidére
1074 2401 1500 2480 corrup‘titinem.
1545 2412 1578 2479 ᾗ
1604 2449 1618 2463 .
1651 2411 1815 2465 Notas

210 2502 347 2557 mihi
393 2502 566 2557 fecisti
621 2503 733 2556 vias
783 2500 926 2565 vitas,
957 2499 1275 2569 adimplébis
1324 2516 1409 2556 tne
1461 2500 1641 2555 latitia
1692 2516 1814 2555 eum

212 2594 365 2648 vultu
394 2602 518 2659 tuo,
567 2601 623 2648 et
668 2591 1052 2646 delectatidnes
1095 2592 1147 2645 in
1197 2591 1412 2645 dextera
1443 2602 1529 2646 tua
1563 2607 1731 2661 usque
1763 2592 1818 2646 in

219 2686 405 2741 tinem.
451 2683 515 2739 Ρ.
548 2683 813 2751 Qudniatn
863 2698 968 2738 non
1016 2681 1377 2752 derelinques.
1532 2682 1732 2751 Gloria,
1762 2693 1817 2738 et

220 2780 395 2835 honor
424 2779 591 2845 Patri,
624 2786 730 2833 etc.
764 2776 828 2831 P.
864 2778 1126 2846 Qut’ntiaut
1159 2792 1264 2831 non
1295 2775 1658 2847 derelinques.

294 2889 501 2943 Oratio.
532 2887 746 2944 Christe
767 2930 781 2953 ,
833 2888 924 2942 Dei
961 2887 1124 2942 Filius
1147 2928 1161 2950 ,
1194 2886 1283 2956 qui
1325 2885 1514 2956 virgini
1553 2884 1817 2955 discipulo

232 2984 554 3056 virginitatis
590 2982 807 3051 praemia
851 2982 1009 3036 etiam
1055 2981 1105 3035 in
1160 2981 1259 3036 hac
1288 2982 1394 3035 vita
1423 2980 1597 3050 posito
1625 2987 1817 3036 contu-

233 3074 361 3144 listi,
391 3083 453 3130 ut
498 3074 569 3129 de
615 3083 761 3129 sorte
807 3074 995 3130 mortis
1045 3084 1224 3143 posset
1270 3073 1531 3129 suseitére
1577 3073 1817 3129 membra

236 3171 527 3234 morientia,
562 3170 651 3239 qui
694 3170 745 3223 in
782 3168 1041 3223 membris
1085 3168 1197 3222 suis
1244 3166 1535 3221 mortiferae
1584 3166 1817 3221 libidinis

239 3261 497 3315 dominari
546 3276 651 3315 non
696 3274 884 3329 passus
926 3267 1009 3315 est
1061 3259 1320 3315 incentiva
1377 3276 1387 3310 :

232 3350 479 3419 précibus
503 3353 640 3421 ejus,
692 3360 753 3407 ut
780 3361 901 3422 post
933 3352 1134 3425 lapsus,
1166 3350 1361 3420 quibus
1410 3349 1608 3405 lascive
1637 3351 1689 3405 in
1720 3352 1820 3406 hac

237 3443 347 3497 vita
371 3446 683 3513 decidimus,
714 3444 986 3499 mundiuis
1032 3446 1098 3499 ad
1130 3453 1180 3500 te
1208 3443 1462 3500 cordibus
1490 3454 1543 3499 et
1572 3444 1818 3514 corpori-

244 3536 345 3590 bus
369 3538 694 3592 accedmuus.
745 3538 817 3606 ιῆ.
854 3539 1049 3592 Amen.

317 3627 416 3685 Per
443 3629 882 3685 misericdrdiam.

307 3745 599 3811 Antipltona
625 3744 681 3798 Ξ.
712 3742 899 3798 Fueies
924 3752 1011 3797 tua
1030 3739 1297 3810 tamquitm
1326 3739 1520 3795 munda
1552 3738 1819 3795 illumint't-

236 3835 397 3892 bitur.
443 3836 507 3892 Ρ.
540 3838 725 3893 Vultus
755 3847 932 3892 autem
964 3844 1087 3891 tuus
1120 3835 1258 3891 sicut
1297 3833 1511 3890 Lucifer
1534 3834 1754 3903 orietur,
1789 3835 1819 3889 Et

235 3930 529 3985 meridi-(ina
557 3940 703 4000 parta
729 3927 1047 4001 gertuinhbit
1071 3928 1166 3984 tibi
1191 3929 1318 3983 vita.
1355 3929 1387 3998 ᾗ
1413 3968 1427 3982 .
1456 3927 1557 3983 Per
1572 3927 1711 3983 diem
1741 3930 1821 3985 sol

235 4039 343 4078 non
372 4035 491 4080 uret
538 4034 611 4093 te,
647 4038 821 4093 neque
851 4022 973 4077 luna
1005 4036 1100 4092 per
1144 4031 1373 4077 noctem.
1410 4019 1476 4075 P.
1511 4020 1700 4076 Vultus
1727 4036 1821 4075 au-

238 4128 369 4171 tem.
412 4118 487 4189 ᾖ.
525 4117 732 4183 Gléria,
764 4126 817 4172 et
860 4116 1048 4181 honor,
1080 4123 1182 4171 etc.
1223 4113 1289 4169 P.
1330 4114 1516 4170 Vultus
1545 4125 1748 4170 autem.

306 4208 511 4263 Oratio.
568 4208 797 4265 Domine
851 4209 978 4264 Jesu
1031 4208 1271 4274 Christe,
1306 4209 1394 4278 qui
1454 4208 1820 4264 beatissimum

230 4301 536 4358 Johimuetu
568 4301 885 4371 Apostoium
913 4309 1061 4355 tuum
1090 4314 1189 4355 nec
1218 4299 1269 4354 in
1299 4298 1527 4363 vinculis
1553 4299 1696 4354 exilii
1728 4299 1821 4356 ἀό-

231 4394 395 4462 seris,
427 4408 525 4450 nec
567 4394 621 4450 in
661 4392 857 4449 eﬂ‘dssa
887 4393 1041 4449 ldvea
1071 4391 1429 4462 derelinquis;
1462 4391 1636 4446 annue
1668 4393 1824 4447 nobis

230 4485 489 4554 precibus
518 4486 659 4557 ejus,
690 4496 747 4542 ut
775 4488 847 4545 ita
880 4500 976 4542 nos
998 4500 1212 4555 semper
1244 4484 1414 4554 pietas
1454 4483 1650 4551 fdveat,
1692 4484 1825 4554 quii-

1447 3258 1631 3313 adésto
1663 3260 1817 3314 nobis
1844 3225 1893 3289 ο

1916 1922 2105 1976 εόᾱθηι
2135 1922 2520 1979 interveniente
2542 1966 2558 1991 ,
2589 1934 2677 1990 ut,
2706 1924 2796 1993 qui
2828 1922 3096 1994 prwcdnia
3148 1923 3345 1991 ipsius,
3373 1926 3501 1979 reli-

1916 2014 2091 2081 gidttis
2138 2014 2285 2068 cultu
2331 2015 2669 2084 veneramur,
2704 2016 2999 2086 patrocinia
3048 2018 3167 2088 ejus
3212 2017 3506 2088 impénsit‘ts

1918 2106 2333 2174 consequamur.
2381 2105 2417 2171 ti)
2442 2144 2456 2159 .
2486 2107 2673 2162 Amen.

1992 2194 2094 2250 Per
2122 2194 2545 2250 misericordiam
2576 2205 2742 2250 tuam.

1990 2288 2071 2340 Ad
2102 2287 2389 2341 Cdnticum.
2424 2286 2737 2357 Antiphonti.
2769 2287 3042 2341 Thronum
3073 2288 3264 2357 gldrize
3294 2289 3507 2344 herédi-

1921 2391 2001 2435 tas
2027 2379 2170 2435 illius
2197 2382 2290 2436 dat
2318 2391 2498 2434 votum
2523 2378 2751 2450 optanti,
2782 2389 2832 2433 et
2855 2379 3134 2436 benedicet
3162 2396 3334 2437 annos
3352 2382 3503 2454 justi.

2362 2494 2628 2550 Cdnticum
2659 2492 2715 2565 (I
2739 2494 2956 2565 Regum,
2985 2494 3068 2563 tt).

1989 2605 2373 2663 Conlirmétum
2406 2616 2487 2662 est
2514 2622 2608 2663 eor
2633 2622 2811 2663 meum
2841 2608 2893 2663 iu
2938 2608 3187 2677 Domino,
3216 2610 3245 2646 l‘
3274 2619 3328 2666 et
3354 2610 3507 2667 exal—

1922 2701 2088 2756 talum
2120 2710 2204 2756 est
2234 2714 2399 2756 cornu
2426 2713 2603 2755 meum
2635 2701 2685 2754 in
2719 2701 2827 2755 Deo
2853 2701 3077 2757 saluturi
3108 2718 3265 2757 meo:

1994 2811 2279 2866 Dilathtum
2323 2819 2408 2866 est
2449 2826 2615 2878 super
2660 2810 2903 2868 inimicos
2946 2828 3096 2869 meos
3141 2828 3204 2869 os
3234 2830 3410 2869 meum
3442 2833 3453 2868 :
3482 2816 3511 2852 ⁸*

1922 2902 2077 2957 laetor
2108 2901 2236 2957 mihi
2270 2902 2322 2956 in
2364 2900 2653 2957 sanetitAte
2694 2912 2803 2957 tua.
2832 2902 3094 2970 Qudniam
3137 2920 3242 2960 non
3270 2916 3353 2962 est
3376 2906 3513 2962 :ilius

1923 2991 2081 3057 Deus,
2106 2986 2379 3061 quomodo
2406 2991 2546 3046 Deus
2574 3001 2756 3047 noster
2796 3010 2809 3046 :

1993 3083 2176 3153 Neque
2199 3084 2379 3155 justus
2407 3096 2605 3154 praeter
2631 3092 2704 3151 te,
2734 3084 2980 3151 Domine,
3003 3084 3037 3118 ¥
3066 3094 3120 3142 et
3144 3101 3249 3142 non
3280 3095 3363 3144 est
3391 3102 3515 3143 san-

1923 3184 2041 3231 ctus
2071 3185 2267 3244 prmter
2296 3185 2367 3231 te.

1993 3286 2172 3341 Nolite
2201 3285 2419 3355 gloriari
2451 3283 2688 3350 excélsé,
2719 3295 2772 3340 et
2814 3285 2979 3341 nolite
3017 3287 3123 3341 alta
3163 3286 3306 3357 loqui
3348 3288 3398 3342 in
3429 3304 3518 3344 su-

1922 3375 2138 3448 pérbia;
2169 3378 2199 3412 l‘
2230 3385 2284 3430 et
2311 3390 2380 3430 ne
2424 3376 2579 3431 exeat
2608 3374 3025 3446 magniléquium
3068 3392 3134 3434 ex
3164 3393 3259 3436 ore
3286 3387 3466 3436 vestro
3499 3396 3515 3437 :

1924 3467 2174 3541 quoniam
2206 3465 2349 3523 Deus
2378 3466 2620 3523 scientia:
2652 3466 2910 3523 Duminus
2936 3478 3022 3524 est
3055 3486 3068 3522 :

1996 3562 2158 3627 Deus,
2189 3560 2279 3632 qui
2310 3567 2463 3631 parat
2491 3560 2898 3617 adinveutiénes
2924 3575 3070 3629 suas,
3094 3562 3123 3597 ⁸⁸
3144 3577 3301 3619 arcus
3330 3567 3518 3635 potén-

1924 3652 2054 3709 tium
2084 3653 2387 3708 inﬁrmatus
2409 3661 2512 3719 est,
2536 3662 2592 3709 et
2622 3652 2819 3707 infirmi
2843 3653 3040 3708 virtute
3070 3654 3343 3722 praecincti
3369 3667 3516 3711 sunt.

1996 3745 2147 3799 Pleni
2175 3744 2404 3814 panibus
2435 3744 2687 3799 minoruti
2715 3750 2863 3811 sunt,
2892 3744 2922 3779 ³⁸
2945 3755 2994 3799 et
3017 3744 3321 3801 esurientes
3348 3757 3520 3803 trans-

1925 3836 2100 3893 iértmt
2127 3849 2318 3892 terram
2354 3854 2366 3891 :

1996 3930 2207 3987 Stérilis
2250 3932 2457 4003 peperit
2497 3940 2725 4003 septem,
2756 3932 2786 3967 "
2816 3941 2871 3988 et
2896 3933 3084 3989 fmtosa
3114 3935 3165 3989 in
3206 3933 3330 3990 ﬁliis
3362 3935 3521 3989 inﬁr-

1926 4029 2068 4084 mata
2101 4038 2202 4083 est.

1999 4124 2140 4178 Deus
2172 4122 2457 4177 mortiﬁcat
2488 4131 2542 4176 et
2586 4121 2838 4189 viviﬁcat,
2864 4119 2892 4155 “
2924 4116 3072 4176 ducit
3113 4120 3179 4176 ad
3226 4120 3431 4179 inferos
3468 4132 3523 4178 et

1927 4213 2157 4269 reducit.

2000 4307 2140 4361 Deus
2180 4306 2495 4375 pauperem,
2544 4313 2599 4359 et
2641 4304 2862 4360 divitem
2916 4304 3073 4369 facit,
3102 4305 3132 4339 ⁸
3177 4305 3421 4363 humiliat
3467 4316 3522 4363 et

1929 4399 2150 4454 exultat.

2002 4493 2111 4565 56
2135 4490 2369 4547 St'tscitat
2397 4487 2467 4544 de
2490 4496 2632 4543 terra
2663 4487 2897 4559 inopem,
2922 4488 2953 4523 *ί
2974 4497 3031 4544 et
3052 4490 3082 4545 :‘t
3109 4489 3347 4548 stércore
3367 4492 3522 4565 e'rigit

230 4576 357 4634 litér
386 4579 477 4637 hic
500 4589 553 4635 et
584 4581 635 4635 iu
667 4581 951 4644 mte’rnum,
979 4588 1029 4633 te
1057 4578 1391 4649 protegente,
1420 4586 1689 4647 sceptrum
1724 4592 1821 4631 nos
1852 4598 1905 4658 D
1934 4585 2221 4654 pauperem
2254 4598 2267 4635 :

229 4670 551 4742 sempiterni
583 4671 731 4742 regni
762 4670 1145 4741 usquequaque
1180 4668 1467 4739 possideat.
1516 4669 1589 4735 vi.
1624 4669 1819 4724 Amen.

301 4764 413 4820 Per
441 4763 881 4819 misericdrdiam.

299 4860 605 4931 Antt'pItona
646 4857 700 4911 2.
731 4858 953 4915 Custtidi
981 4873 1173 4927 corpus
1204 4871 1380 4913 meum
1424 4857 1491 4912 ab
1530 4855 1672 4911 omni
1714 4856 1823 4926 pol-

228 4948 465 5006 lutidne.
512 4949 579 5006 Ρ.
617 4950 763 5007 Odor
802 4962 949 5016 tuus,
992 4950 1241 5016 Duutine,
1273 4947 1731 5023 eo‘ncupiscéntias
1772 4950 1823 5002 in

225 5059 317 5100 me
368 5044 626 5100 excitam
673 5043 923 5100 :etérnas.
984 5044 1057 5113 ᾖ.
1101 5042 1264 5097 Notas
1317 5042 1445 5097 mihi
1497 5040 1666 5097 iecisti
1716 5041 1827 5095 vias

225 5137 379 5201 vitae,
409 5144 466 5191 et
504 5136 752 5205 implébis
779 5135 835 5191 in
866 5134 1051 5192 Iaatitia
1079 5150 1200 5190 eum
1244 5134 1393 5189 vultu
1434 5144 1524 5189 tuo
1554 5152 1569 5189 :
1597 5133 1825 5188 delecta-

226 5231 418 5288 tidnes
450 5232 502 5286 in
532 5230 752 5287 dextera
784 5240 873 5285 tua
917 5244 1084 5299 usque
1108 5230 1159 5282 in
1188 5228 1368 5283 linem.
1404 5226 1470 5281 P.
1511 5226 1656 5282 Odor
1688 5236 1825 5281 tuus.

239 5323 277 5392 9
304 5363 319 5378 .
356 5305 569 5391 Gloria,
600 5323 875 5388 et.bonor,
903 5330 1006 5376 etc.
1040 5319 1108 5375 P.
1144 5317 1290 5373 Odor
1318 5328 1461 5374 tuus.

304 5405 521 5470 arma.
564 5414 801 5470 Dilectus
843 5412 873 5467 ὲ
904 5420 993 5477 te,
1025 5410 1253 5466 Domine
1298 5410 1424 5466 Jesu
1471 5410 1705 5476 Christe,
1750 5409 1831 5463 in-

224 5508 457 5565 effabile
490 5507 857 5564 testimonium
888 5505 1171 5577 discipulis
1198 5504 1488 5575 perhibuit,
1516 5504 1665 5569 dum,
1689 5503 1830 5574 quod

222 5604 653 5674 adatirarémur,
688 5611 785 5659 tuo
824 5602 892 5658 de
929 5601 1151 5672 pectore
1197 5599 1451 5669 sumpsit,
1480 5597 1703 5653 miriﬁce
1751 5614 1833 5653 re-

225 5697 435 5767 putire
473 5695 772 5763 promeruit
804 5711 819 5751 :
846 5686 1162 5765 principium
1194 5707 1325 5762 ergo
1363 5690 1501 5760 quod
1530 5700 1582 5744 et
1611 5690 1834 5761 mystica

228 5788 344 5844 ﬁde
388 5788 682 5859 cogndvit,
713 5797 767 5843 et
807 5786 984 5841 verbis
1031 5784 1267 5855 mysticis
1313 5782 1558 5838 exoravit
1592 5799 1604 5835 :
1635 5790 1750 5836 esto
1781 5782 1835 5837 iu

228 5897 331 5937 ore
364 5891 559 5938 nostro
606 5881 673 5937 ad
703 5880 1157 5953 complementum
1201 5877 1439 5950 virtutis,
1491 5877 1555 5934 ad
1586 5877 1835 5935 cil‘e’ctum

2005 4676 2072 4730 Et
2096 4673 2283 4729 sedére
2316 4671 2442 4727 facit
2469 4688 2589 4729 eum
2631 4688 2751 4728 cum
2784 4671 3114 4742 principibus
3131 4654 3327 4745 populi
3356 4678 3460 4741 sui,
3491 4677 3521 4712 l‘

1928 4776 1982 4822 et
2012 4769 2260 4822 thronum
2299 4764 2483 4834 gloriae
2514 4763 2867 4819 hereditatem
2893 4762 3041 4818 dabit
3074 4765 3170 4819 illi.

2005 4859 2102 4913 Dat
2151 4869 2330 4911 votum
2381 4856 2605 4926 uptitnti,
2638 4866 2693 4910 et
2741 4855 3023 4910 benedicet
3070 4872 3243 4913 annos
3284 4856 3437 4925 justi.
3490 4858 3522 4893 “

1931 4954 2052 5024 quia
2087 4968 2190 5007 non
2223 4953 2272 5005 in
2303 4952 2501 5005 viribus
2528 4958 2716 5020 potens
2742 4959 2824 5004 est
2849 4950 2947 5004 vir.

2002 5048 2227 5099 Omnem
2270 5045 2411 5098 enim
2446 5040 2715 5097 inﬁrmum
2758 5041 2788 5076 “
2826 5039 2956 5097 facit
3003 5040 3375 5097 adversarium
3406 5040 3522 5111 ejus

1936 5138 2194 5195 Déminus
2221 5147 2436 5191 sztnctus
2472 5152 2485 5188 :

2004 5228 2117 5283 Non
2169 5227 2425 5297 glorietur
2473 5224 2689 5294 sitpiens
2732 5239 2781 5277 tu
2827 5223 3087 5294 sapientia
3134 5237 3251 5288 sua,
3287 5223 3307 5243 ⁶

1934 5322 2193 5393 glorietur
2219 5320 2369 5374 dives
2401 5319 2452 5383 in
2477 5316 2678 5371 divitiis
2707 5316 2838 5380 suis,

2005 5415 2188 5485 Neque
2218 5410 2474 5481 glorietur
2507 5409 2659 5464 fortis
2701 5408 2753 5462 itt
2799 5406 3111 5462 fortitudine
3154 5418 3283 5468 sua,
3324 5402 3417 5459 sed
3468 5406 3522 5460 itt

1937 5509 2038 5562 hoc
2082 5506 2382 5578 glorietur:
2428 5507 2446 5527 ⁶
2477 5504 2565 5573 qui
2598 5501 2858 5573 gloriatur
2900 5498 3068 5562 scire,
3120 5506 3177 5552 et
3224 5494 3524 5567 intelligere

1938 5599 2262 5663 deinum;
2296 5595 2473 5650 facere
2514 5592 2806 5665 judicium,
2838 5598 2892 5646 et
2923 5586 3183 5659 justitiam
3222 5602 3386 5659 super
3417 5598 3524 5645 ter-

1938 5708 2072 5746 ram.

2009 5782 2270 5837 Duminus
2297 5777 2539 5834 ascéndit
2566 5778 2617 5833 in
2649 5774 2848 5839 caelos,
2877 5780 2932 5829 et
2961 5782 3109 5829 tonnt
3142 5790 3153 5826 :
3189 5776 3207 5798 ‘
3238 5773 3351 5843 ipse
3377 5769 3520 5837 judi-

1940 5883 2024 5931 cat
2051 5872 2293 5930 extrema
2324 5879 2500 5926 terrm.

3349 5235 3523 5291 neque
