4044 6382
503 378 601 436 I3!

1701 382 2124 440 BREV’IARIUM
2163 381 2538 445 COTlllCUM.

3660 398 3767 459 £32

570 494 763 547 Potens
791 500 902 559 est,
951 500 1007 547 et
1045 492 1137 548 dat
1165 493 1413 549 virtutem
1459 492 1702 565 regibus,
1734 492 1755 516 ⁶
1790 501 1846 551 et
1881 494 2079 550 exultat
2104 496 2155 553 Δ
2268 498 2299 565 ᾖ
2326 533 2339 551 .
2368 498 2431 553 Et
2456 498 2594 569 apud
2626 497 2908 555 Dominum
2932 508 3014 557 est
3041 515 3248 559 merces
3273 505 3478 561 eorum.
3506 508 3759 569 Alleluia.

496 599 665 640 cornu
688 583 883 639 Christi
914 584 1020 639 sui.

566 673 850 730 Reilerétur
882 675 1198 744 Antiphena.

452 835 461 841 .
564 768 647 820 Ad
677 766 1000 822 Benedictus.
1050 767 1364 835 Antiphana.
1412 768 1720 824 Benedictio
1770 766 1979 822 Domini
2024 764 2076 820 in

497 856 801 914 mercedem
826 857 956 927 justi
990 858 1223 913 festinat.

568 950 854 1004 canticum.
876 950 1190 1005 Benedictus
1209 965 1269 1006 es
1300 950 1522 1006 Démine
1545 952 1700 1005 Deus.
1715 951 1894 1018 Quae
1909 951 2002 1022 fol.
2022 952 2075 1006 6.

574 1041 735 1097 Sana.
770 1042 825 1096 In
856 1042 1146 1112 conspectu
1188 1044 1508 1114 Angelérum
1555 1044 1775 1113 psallam
1807 1044 1941 1110 _tibi,
1974 1042 2081 1096 Do-

500 1136 662 1191 mine.
703 1136 953 1190 Alleluia.
1008 1136 1081 1205 ᾗ.
1134 1136 1385 1190 Adorabo
1435 1135 1498 1190 ad
1551 1136 1806 1204 templum
1837 1144 2079 1189 sanctum

500 1236 680 1292 tuum,
713 1238 767 1281 et
809 1228 1106 1283 conlitébor
1146 1228 1349 1282 nemini
1388 1237 1499 1291 tuo,
1545 1226 1789 1281 Domine.
1831 1225 1899 1281 P.
1934 1226 2081 1281 Psal-

501 1318 605 1373 laIII
638 1320 753 1374 libi.
1726 1388 1727 1391 η

570 1412 773 1467 Lauda.
829 1413 1066 1467 Laudéte
1115 1412 1396 1466 Déminum
1448 1411 1514 1464 de
1557 1410 1709 1465 cmlis
1761 1426 1774 1461 :

499 1504 735 1559 Laudéte
764 1519 884 1559 eum
912 1507 962 1557 in
987 1504 1229 1558 excelsis.
1262 1502 1510 1555 Alleluia.

572 1596 692 1649 Alia
721 1595 922 1649 Lauda.
956 1593 1199 1650 Alleluia.
1232 1591 1512 1647 Conléssio
1534 1592 1650 1660 ejus
1674 1605 1835 1658 super
1862 1590 2078 1655 coelum,

500 1700 556 1746 et
591 1702 806 1748 terram.
839 1691 1081 1745 Alleluia.
1121 1688 1387 1743 Exaltiibit
1406 1702 1570 1741 cornu
1598 1685 1776 1755 pupuli
1805 1686 1906 1737 sui.
1940 1686 2082 1739 A’lle-

502 1784 633 1839 lilia.
700 1780 772 1853 ᾖ.
813 1783 1050 1852 Hymnus
1093 1789 1176 1835 est
1220 1777 1466 1833 omnibus
1513 1779 1712 1831 sanctis
1762 1775 1899 1845 ejus.
1940 1777 2081 1831 Mle-'-

500 1876 631 1930 li‘iia:
660 1866 895 1927 l’sa’h'nus
924 1888 1137 1927 CXLVIII.

662 1964 832 2018 Lectio
863 1964 977 2016 libri
1010 1962 1297 2031 Sapientiae
1324 1958 1619 2015 Salomdm’s
1650 1958 1804 2028 (Cap.
1838 1959 1914 2029 κ).

582 2059 621 2126 ἡ
645 2100 657 2110 .
695 2058 802 2112 Deo
833 2058 1051 2127 gratias.
1332 2070 1335 2077 '

573 2147 846 2216 Sapientia
866 2147 1068 2217 justum
1100 2144 1317 2202 deduxit
1341 2160 1433 2215 per
1462 2145 1572 2199 vias
1602 2154 1799 2207 rectas,
1822 2155 1875 2198 et
1902 2142 2082 2198 ostéu-

498 2241 579 2296 dit
612 2242 690 2296 illi
719 2258 939 2309 regnum
989 2242 1099 2304 Dei,
1147 2251 1201 2295 et
1246 2241 1391 2295 dedit
1431 2240 1508 2293 illi
1538 2239 1813 2293 sciéutiam
1859 2237 2082 2292 SancIo-

498 2349 617 2389 rum
658 2350 674 2385 :
724 2333 1027 2387 lIoneSIavit
1072 2332 1215 2385 illum
1262 2332 1315 2385 in
1356 2330 1646 2395 laboribus,
1695 2338 1749 2383 et
1795 2318 2082 2397 complevit

502 2424 715 2479 iuberes
742 2426 903 2480 illius.
937 2424 991 2478 III
1035 2425 1220 2478 fraude
1248 2422 1779 2477 circumvenientium
1826 2420 1971 2474 illum
2002 2418 2082 2471 al-

1829 1407 2076 1463 Alleluia.

502 2516 624 2582 fuit,
654 2525 710 2571 et
737 2516 1015 2571 honestum
1050 2517 1198 2569 illum
1224 2515 1366 2569 facit.
1392 2514 1691 2569 CllSlOlll\ll.
1718 2514 1864 2566 illum
1894 2512 1961 2565 ab
1986 2510 2082 2564 ini-

502 2608 680 2676 micis,
708 2619 763 2664 et
794 2609 824 2663 ὸ
867 2607 1237 2664 seductoribus
1283 2608 1473 2663 tutévit
1517 2609 1685 2670 illum,
1714 2616 1767 2661 et
1810 2605 2080 2659 certamen

499 2697 717 2755 fortium
747 2699 896 2755 dedit
922 2701 999 2755 illi
1030 2710 1086 2755 ut
1129 2700 1388 2764 vinceret,
1415 2709 1470 2754 et
1496 2700 1657 2754 sciret
1695 2699 1942 2768 quoniam
1966 2712 2082 2749 oms

504 2791 651 2845 nium
698 2791 963 2860 potentior
1011 2799 1097 2845 est
1138 2789 1415 2860 sapientia.
1450 2790 1575 2845 llmc
1618 2790 1852 2844 vinctum
1878 2787 2079 2857 justum

502 2896 611 2935 non
636 2882 940 2952 dereliquit,
982 2883 1076 2937 sed
1116 2883 1146 2935 ὸ
1185 2882 1552 2951 peccntéribus
1594 2881 1839 2935 liberivit
1881 2880 2075 2933 illum:

501 2973 777 3029 desce'ndu
797 2990 916 3029 cum
945 2990 1011 3030 eo
1036 2976 1088 3030 in
1116 2975 1351 3043 foveam,
1381 2986 1432 3030 et
1458 2978 1508 3029 in
1541 2975 1767 3030 viucuhs
1795 2989 1897 3028 non
1927 2974 2079 3028 dere.

502 3064 656 3135 liquit
686 3066 857 3125 illum.
904 3066 1077 3122 donec
1121 3068 1338 3122 all'érret
1376 3066 1448 3120 illi
1488 3077 1757 3136 sceptrum
1805 3067 1982 3136 regni,
2026 3076 2081 3121 et

500 3156 789 3226 potentiam
831 3157 1091 3212 adversus
1129 3173 1244 3228 eos,
1284 3159 1373 3227 qui
1420 3175 1541 3213 eum
1588 3158 1994 3227 deprimébant:
2027 3169 2079 3211 et

501 3248 788 3305 mendaces
816 3248 1072 3319 ostendit,
1112 3251 1203 3321 qui
1245 3252 1641 3306 maculavéruut
1669 3267 1815 3319 eum,
1840 3262 1898 3307 et
1934 3251 2081 3307 dedit

502 3339 578 3395 illi
605 3340 902 3398 claritatem
927 3343 1205 3398 aeternam.
1252 3343 1289 3399 ἡ
1314 3382 1328 3397 .
1352 3344 1544 3398 Amen.

573 3432 834 3504 Hymnus.
882 3434 987 3490 ISIe
1028 3436 1232 3492 cléctus
1278 3434 1567 3493 Joht‘tnues.
1611 3438 1793 3505 Quwre
1834 3436 1988 3509 supra
2027 3437 2081 3491 in

508 3522 664 3595 νεαρ.
696 3526 790 3595 fol.
818 3526 905 3581 54.
940 3526 1283 3598 Supplicdtio,
1316 3538 1370 3581 ut
1398 3530 1575 3599 supra.

580 3615 842 3690 Capitula.
871 3619 1114 3675 Christus
1158 3620 1251 3674 Dei
1297 3619 1480 3684 Filius,
1511 3620 1599 3689 qui
1647 3631 1695 3676 te
1743 3621 2081 3692 principium,

505 3713 646 3782 quod
674 3714 788 3782 ipse
816 3728 897 3778 es,
941 3714 992 3768 in
1033 3728 1126 3768 ore
1168 3712 1198 3768 ii
1230 3724 1281 3768 te
1317 3714 1495 3769 dilecti
1527 3714 1771 3783 discipuli
1820 3718 1887 3769 ita
1919 3717 2086 3769 conli-

508 3803 608 3858 téri
636 3804 851 3869 dedisti,
893 3814 949 3859 ut
993 3804 1119 3859 illiIc
1159 3821 1253 3860 cor
1282 3808 1397 3874 ejus
1424 3804 1753 3873 ascenderet,
1778 3807 1882 3874 quo
1912 3808 2085 3862 nullus

510 3895 647 3950 alius
673 3896 961 3963 valuisset;
994 3897 1076 3952 fac
1115 3913 1211 3952 nos
1253 3899 1324 3951 tui
1357 3900 1593 3954 muneris
1620 3900 1788 3971 gratia
1818 3918 1909 3955 cor
1937 3917 2083 3955 sem-

512 4000 611 4054 per
636 3987 688 4040 in
718 3987 963 4054 supernis
993 3987 1189 4043 habere
1223 4006 1234 4040 :
1264 3997 1339 4055 ut,
1371 3989 1569 4044 exinde
1597 3990 1863 4059 capientes
1894 3992 2085 4046 verita-

517 4077 583 4128 tis
611 4077 931 4131 omnimodw
961 4078 1322 4148 disciplinam,
1365 4083 1507 4150 quod
1535 4082 1621 4135 hic
1659 4082 1881 4149 proléssi
1925 4083 2086 4141 lueri-

511 4180 630 4220 mus
662 4182 727 4222 ex
757 4182 872 4229 ore.
905 4172 1084 4224 futuro
1114 4175 1505 4242 consequantur
1535 4174 1586 4228 in
1619 4176 1859 4230 munere.

585 4259 744 4315 Pater
772 4270 974 4315 noster.
1008 4261 1243 4317 LibeI-ati
1274 4262 1305 4316 ὸ
1333 4264 1494 4317 malo.
1523 4266 1618 4333 [οι.
1650 4266 1705 4317 2.

588 4352 791 4407 Lauda.
818 4352 1205 4410 Germinahunt
1230 4371 1349 4411 ossa
1375 4367 1481 4413 tua.
1505 4356 1819 4417 Benedictio.
1846 4360 2087 4417 (ZlIristus

514 4444 792 4514 Démiuus,
824 4449 912 4515 qui
943 4447 1216 4502 dilectum.
1247 4450 1340 4519 fol.
1370 4451 1460 4505 54.

584 4536 641 4591 In
669 4537 882 4591 nurnine
911 4536 1137 4591 Domini.

516 4627 585 4684 ΙΝ
623 4629 983 4686 ALLISIONE
1032 4630 1437 4698 INFANTIUM,
1480 4634 1632 4689 SIVE
1674 4636 2089 4695 SANCTORUM

1069 4723 1550 4781 lNNUClaN'IIUM.

1110 4819 1188 4871 Ad
1221 4818 1486 4891 Vésperos.

589 4908 793 4965 Lauda.
854 4911 1109 4967 Exortum
1158 4925 1241 4969 est
1291 4917 1343 4969 in
1398 4916 1633 4973 ténebris
1697 4917 1874 4979 lumen
1933 4920 2091 4976 rectis

516 5003 730 5059 corde:
773 5003 1098 5071 misericors,
1147 5016 1202 5061 et
1244 5008 1524 5064 miseratur
1557 5009 1832 5064 Duminus.
1878 5012 1950 5079 ᾖ.
2000 5013 2091 5066 Di-

517 5100 715 5157 réctam
756 5096 878 5152 fecit
904 5098 1039 5150 viam
1065 5097 1353 5165 justérum,
1389 5109 1442 5154 et
1475 5102 1790 5172 praeparavit
1833 5105 1932 5157 iter
1969 5118 2091 5156 san.

515 5191 748 5247 ctOrum.
778 5187 843 5241 P.
874 5186 1193 5243 Misericors.

593 5279 741 5335 Dicat
767 5278 1061 5352 Presbyter.
1095 5280 1351 5336 Dominus
1381 5291 1449 5335 sn
1476 5296 1703 5352 semper.
1755 5284 1790 5353 Ii)
1817 5328 1829 5339 .
1854 5287 1917 5340 Et
1948 5305 2088 5344 tum.
2200 5268 2203 5269 ν

591 5375 755 5431 Sana.
788 5374 1059 5431 Justorum
1089 5374 1277 5431 anima:
1316 5376 1367 5430 in
1407 5390 1567 5431 manu
1599 5378 1688 5433 Dei
1719 5390 1863 5447 sunt,
1894 5393 1946 5437 et
1988 5402 2089 5439 nun

523 5478 701 5541 tanget
747 5470 867 5525 illos
924 5470 1244 5523 tormentum
1300 5471 1508 5525 mortis.
1565 5472 1814 5531 Alleluia.
1873 5478 1945 5548 ᾗ.
1984 5478 2091 5533 Visi

520 5570 646 5616 sunt
675 5561 726 5615 in
750 5559 917 5615 Oculis
941 5559 1299 5627 insipientium
1326 5564 1480 5628 mori,
1511 5566 1771 5623 aestimata
1790 5583 1871 5625 est
1894 5573 2091 5628 malitia

524 5651 698 5708 exitus
727 5651 935 5705 illtirum
971 5665 983 5700 :
1018 5650 1087 5703 illi
1119 5658 1294 5702 autem
1323 5662 1446 5706 sunt
1474 5654 1526 5708 in
1558 5670 1703 5724 pace.
1737 5662 1982 5716 Alleluia.

591 5740 739 5794 Dicat
778 5738 1072 5809 Presbyter.
1103 5738 1361 5796 Dominus
1385 5744 1454 5797 sit
1479 5759 1707 5815 seraper.
1754 5752 1789 5821 ιῆ
1811 5793 1825 5808 .
1859 5755 1916 5810 ΕΙ
1948 5770 2090 5814 cum.

594 5833 757 5889 Sono.
789 5831 1036 5888 Alleluia.
1062 5831 1196 5886 Justi
1227 5831 1277 5884 in
1310 5836 1620 5903 perpetuum
2001 5828 2004 5832 λ

2102 3202 2153 3268 C.

2114 4555 2166 4615 D

2181 590 2434 645 Alleluia.
3608 620 3613 623 τ

2249 685 2403 740 Dicat
2436 684 2726 754 Presbyter.
2764 684 3022 743 Dominus
3050 687 3137 744 sit.
3184 690 3220 747 Ii
3245 730 3260 745 .
3294 691 3356 745 Et
3386 705 3527 748 cum.

2253 776 2567 846 Antiphone.
2604 778 2667 832 lii
2690 788 2834 846 sunt,
2857 780 2948 847 qui
2970 783 3264 849 sequuntur
3289 796 3480 852 agnum
3505 786 3765 853 quocum-

2179 884 2283 939 que
2310 868 2434 923 ierit
2464 886 2476 923 :
2511 871 2562 924 lIi
2594 880 2717 924 sunt
2746 874 2907 940 empti
2936 889 3000 928 ex
3034 874 3337 930 hominibus
3359 878 3606 945 primitias
3633 881 3761 944 Deo,

2180 972 2234 1017 et
2261 962 2434 1031 Agna.
2457 962 2521 1017 P.
2556 964 2620 1018 Et
2644 966 2695 1017 in
2724 980 2817 1020 ore
2842 966 3029 1020 earum
3057 981 3163 1021 non
3192 975 3276 1022 est
3304 968 3580 1025 invéutum
3612 987 3765 1027 men-

2180 1057 2439 1111 dacium:
2489 1058 2740 1128 quoniam
2788 1060 2904 1114 sine
2948 1062 3155 1116 macula
3203 1072 3327 1118 sunt
3376 1065 3427 1118 in
3472 1066 3763 1133 cuIISpéctu

2184 1146 2275 1201 Dei
2316 1148 2419 1202 sui.
2464 1149 2497 1217 ᾗ
2524 1190 2537 1203 .
2569 1148 2705 1204 Justi
2732 1165 2858 1204 vero
2888 1152 2938 1204 iu
2972 1152 3283 1223 perpetuum
3315 1154 3512 1221 vivent,
3542 1166 3597 1210 et
3623 1157 3763 1222 apud

2182 1236 2464 1291 Dominum
2507 1249 2589 1293 est
2636 1255 2840 1294 merces
2868 1241 3073 1295 odrunt.
3105 1241 3173 1297 P.
3206 1243 3272 1299 Et
3298 1244 3351 1299 in
3379 1258 3493 1300 ore.
3534 1246 3567 1313 ᾗ
3592 1284 3608 1298 .
3632 1245 3765 1302 Glo-

2181 1330 2277 1383 ria.
2311 1328 2377 1382 P.
2406 1329 2474 1384 Et
2502 1332 2553 1385 in
2584 1347 2699 1386 ore.

2250 1419 2455 1476 Lauda.
2509 1422 2571 1477 lli
2620 1432 2764 1489 sunt,
2817 1424 2905 1490 qui
2947 1438 3051 1479 non
3101 1425 3511 1495 inquinavérunl
3557 1437 3762 1483 vestem

2180 1528 2327 1568 suam
2361 1533 2372 1567 :
2405 1531 2613 1570 mecum
2661 1517 3008 1571 ambulabunt
3051 1519 3100 1572 in
3151 1520 3303 1582 albis.
3336 1520 3586 1591 quoniam
3617 1520 3766 1591 d'gni

2180 1615 2323 1658 sunt.
2355 1602 2399 1657 Ρ
2438 1605 2501 1659 Et
2528 1608 2852 1676 quicumque
2876 1608 3086 1670 vicerit,
3107 1608 3185 1663 sic
3215 1609 3485 1664 vestietur.
3511 1609 3763 1664 Alleluia.

2184 1697 2341 1751 Veste
2389 1697 2633 1753 candida.
2691 1700 2939 1754 Alleluia.
2970 1701 3216 1756 Alleluia.
3250 1702 3500 1757 Alleluia.
3560 1701 3635 1770 Ῡ.
3700 1703 3767 1758 Et

2182 1788 2546 1845 clamavérunt
2576 1786 2705 1857 justi
2747 1789 2811 1842 ad
2845 1789 3147 1856 Déminum,
3180 1792 3298 1846 et‘IuI
3335 1791 3716 1869 tribularéutur
3748 1812 3762 1846 :

2111 1847 2157 1906 Β
2186 1881 2254 1935 de
2280 1847 2685 1936 necessitatibus
2715 1883 2902 1937 eurum
2932 1882 3077 1952 saepe
3130 1847 3375 1938 liberAvit
3423 1866 3539 1942 eos.
3568 1847 3647 1939 -Ρ,
3701 1885 3768 1940 Et

2182 1977 2525 2047 quicumque.
2574 1979 2609 2048 γ
2632 2015 2648 2030 .
2674 1977 2875 2033 Gloria.
2914 1976 2979 2030 Ρ.
3012 1978 3077 2031 Et
3108 1980 3452 2050 quicumque.

2846 2070 3105 2141 Hymnus.

2397 2161 2537 2217 Deus
2567 2164 2880 2219 sanctarum
2912 2165 3206 2233 psallimus,

2325 2254 2525 2311 Christi
2555 2259 2809 2314 canentes
2840 2262 3077 2329 praemia,

2329 2347 2432 2412 Qui
2487 2359 2672 2401 sancto
2721 2349 2903 2419 largus
2930 2349 3133 2417 Spiritu

2325 2435 2678 2506 Triumphum
2701 2436 2844 2492 dedit
2875 2438 3133 2506 parvulis.

2395 2530 2499 2601 57
2541 2531 2619 2583 Ex
2653 2546 2747 2586 ore
2769 2548 2980 2602 quoque
3016 2534 3297 2591 infantium

2329 2622 2565 2678 Perfecta
2598 2623 2753 2678 laude
2779 2604 3008 2691 Dcimiui,

2323 2714 2515 2769 Totum
2540 2727 2733 2785 potens
2763 2717 2813 2770 in
2847 2717 3095 2773 umuibus

2329 2807 2484 2861 Artes
2511 2807 2773 2861 destruxit
2809 2808 3015 2864 Zébuli.

2394 2898 2491 2964 Qui
2519 2912 2751 2955 mentem
2776 2905 2915 2971 regis
2944 2902 3089 2973 impii

2332 2986 2581 3045 Visdrum
2611 3008 2774 3062 agens
2803 2995 3053 3063 stimulis,

2325 3082 2492 3137 Deum
2519 3083 2803 3155 regemque
2842 3084 3123 3143 Dominum

2325 3173 2491 3229 Posse
2522 3178 2780 3245 persuasit
2810 3176 3020 3247 périmi.

2403 3264 2538 3335 Magi
2566 3266 2861 3335 sequuntur
2890 3267 3122 3325 iudicem

2324 3354 2577 3411 Ducentis
2605 3356 2798 3412 [aciem
2821 3358 3035 3428 sideris,

2326 3447 2457 3513 Qua:
2485 3456 2603 3503 ortu
2632 3451 2713 3503 sui
2747 3450 2967 3506 luminis

2324 3540 2547 3596 Aitérno
2568 3544 2794 3598 serviret
2817 3545 2949 3614 regi.

2403 3632 2641 3689 Herodes
2668 3646 2846 3690 natum
2874 3635 3063 3693 métuit

2327 3726 2526 3797 Regem
2552 3728 2753 3785 Judree
2780 3730 3041 3801 debitum,

2330 3819 2383 3873 In
2405 3835 2506 3890 qua
2534 3821 2786 3879 externus
2812 3824 3006 3894 genere

2327 3912 2448 3968 δυσί
2465 3914 2549 3969 étli
2584 3916 2800 3971 timebat
2827 3918 2948 3974 sibi.

2413 4007 2452 4059 Ε
2477 4007 2619 4061 dicto
2641 4008 2759 4063 οωιί
2785 4007 2982 4078 posito.

2330 4098 2496 4167 MagEs
2522 4101 2571 4151 iu
2602 4108 2794 4152 terram
2828 4100 3041 4159 territus

2328 4191 2511 4244 Tatius
2540 4206 2752 4246 causam
2776 4195 2957 4249 saeculi

2332 4281 2518 4337 Caacus
2548 4284 2754 4352 igndrat
2781 4286 3041 4343 ambiens.

2402 4373 2695 4445 Verbisque
2721 4380 2867 4433 mitis
2895 4379 3119 4448 primum

2330 4462 2575 4520 Gaudere
2595 4480 2712 4521 sese
2743 4468 2978 4535 simulat,

2330 4554 2689 4612 Adoraturum
2725 4560 2983 4627 pollicens

2333 4645 2524 4700 Natum
2556 4649 2785 4719 regréssi
2816 4662 2874 4706 ut
2902 4652 3183 4723 prbdeuut.

2401 4739 2507 4795 Sed
2538 4751 2818 4812 postquam
2844 4745 2952 4800 Deo
2980 4746 3198 4813 muniti;

2335 4829 2478 4884 Dolis
2508 4842 2647 4887 terra
2672 4835 2885 4891 evanuit
2917 4854 2931 4891 :

2338 4924 2572 4978 humane
2597 4936 2763 4981 teutat
2791 4927 2992 4984 facinus
3015 4973 3031 4997 ,

2332 5016 2546 5071 Cunctis
2573 5020 2806 5087 igudtum
2830 5024 3059 5078 saeculis.

2404 5107 2673 5163 Christum
2705 5112 3014 5170 Béthlehem
3047 5119 3287 5174 audierat

2338 5200 2528 5256 Divina
2550 5204 2694 5259 nasci
2715 5205 2953 5278 oraculo,

2338 5292 2497 5349 Urbis
2520 5298 2701 5353 audito
2726 5298 2962 5368 nemine,

2335 5384 2560 5441 Parente
2587 5405 2693 5459 quo
2714 5390 2949 5449 nascitur
2971 5396 3201 5452 nescius.

2405 5479 2678 5536 Nascentis
2712 5495 2918 5553 tempus
2945 5487 3278 5558 computans,

2338 5568 2475 5625 Infra
2507 5572 2758 5628 bimatum
2783 5578 2999 5644 pueros,

2332 5660 2551 5718 Matrum
2586 5676 2765 5733 raptos
2793 5668 2862 5722 ab
2891 5670 3160 5739 uberibus,

2334 5752 2537 5808 NecAre
2559 5755 2711 5825 jubet
2738 5757 2953 5827 impius.

2408 5846 2553 5915 Quos
2578 5858 2740 5905 testes
2768 5853 2865 5907 sibi
2892 5854 3146 5912 Dominus
