4044 6382
289 394 396 450 I35

425 511 588 568 Certo
610 511 865 581 passurus
892 510 1158 581 tempore,

430 603 555 658 Pius
586 603 908 672 Redemptor
939 602 1180 656 omnium

430 692 611 748 Laude
638 692 870 747 sacravit
900 693 1183 763 pérpetim.

501 783 705 838 Oblatis
738 785 963 839 Matrum
1004 783 1239 847 ﬂetibus,

425 874 732 930 Ostén'dens
759 875 864 929 seri
896 874 1209 946 lachrymis,

433 964 515 1021 A‘d
549 967 778 1020 futuram
810 966 1035 1036 gleriam

430 1062 605 1119 Certis
636 1061 870 1116 metetur
901 1060 1131 1130 gaudiis.

501 1150 774 1205 Memento
794 1150 987 1205 salutis
1016 1153 1237 1214 Auctor,

430 1241 584 1307 Quod
617 1242 785 1296 nostri
815 1240 1082 1311 quondam
1106 1239 1356 1310 corporis

429 1332 508 1387 Ex
535 1332 737 1389 illibata
762 1333 979 1404 Virgine

431 1425 712 1482 Nascéndo
740 1427 965 1481 formam
989 1427 1307 1496 sumpseris.

509 1518 694 1573 Gloria
736 1519 852 1586 tibi,
883 1519 1134 1585 Domine,

426 1608 528 1676 Qui
569 1621 726 1664 natus
758 1626 816 1665 es
836 1610 905 1666 de
932 1611 1172 1682 Virgine,
1201 1622 1304 1666 etc.

356 1692 700 1770 Supplicdtio.
724 1700 950 1758 Oremus
963 1703 1372 1773 Redemptdrem
1392 1702 1571 1756 mundi
1589 1699 1873 1755 Dominum

286 1803 528 1849 nostrum
572 1795 754 1851 Jesum
797 1797 1089 1863 Christum,
1136 1814 1255 1853 cum
1288 1798 1434 1852 omni
1488 1796 1873 1866 supplicatidne

1417 395 1481 450 IN
1524 390 1740 451 ΐΕὲΤο
1778 394 1877 450 SS.
1920 389 2409 448 INNOCENTIUM.

1898 508 1948 568 Α
2049 507 2252 560 Oratio.
2272 506 2452 561 Redde
2474 504 2628 560 nobis
2647 504 2888 560 lmtitiam
2910 504 3160 561 salutbris
3176 505 3272 571 tui,
3303 504 3561 568 Duniine:

3456 388 3563 444 15⁸4

1980 613 2137 667 quam
2165 597 2440 651 amisimus
2456 595 2633 666 inique
2652 596 2909 666 gerendo,
2926 598 3101 669 sse:
3126 598 3564 664 praetermisimus

1980 689 2334 759 negligenda:
2368 696 2423 743 tu
2453 703 2548 744 nos
2580 690 2644 743 ad
2675 703 2791 743 eam
2817 687 3030 753 revoca,
3063 697 3117 743 et
3146 705 3261 743 eam
3285 691 3438 743 nobis
3481 706 3565 744 re-

1980 781 2158 836 staura
2214 790 2319 836 :ut
2370 782 2590 849 peccato
2639 781 2884 851 expulso,
2941 778 3191 835 succedat
3227 780 3461 849 iustitia;
3513 793 3567 835 et

1981 871 2234 928 maestitia
2264 873 2503 941 repulsa',
2552 873 2750 928 :etérna
2797 873 2937 928 adsit
2966 870 3146 926 laetitia
3181 890 3191 924 :
3234 873 3320 934 tta,
3354 888 3564 941 quaesu-

1982 980 2122 1031 mus,
2161 966 2299 1020 hanc
2323 964 2733 1036 jocunditétem,
2767 976 2824 1019 ut
2855 962 3133 1035 pervenire
3172 964 3474 1020 mereamur
3498 966 3563 1019 ail

1982 1054 2234 1109 aeternam
2260 1056 2508 1111 salutem.
2557 1057 2628 1125 ἡ.
2668 1060 2854 1110 Amen.

2057 1145 2160 1201 Per
2188 1148 2607 1203 misericordiam
2648 1158 2811 1202 tuam.

2052 1240 2366 1311 Antiphone.
2408 1239 2577 1295 Sinite
2629 1240 2861 1294 infantes
2892 1240 3073 1295 venire
3117 1239 3182 1295 ad
3233 1254 3351 1304 me;
3398 1237 3461 1292 P.
3500 1239 3565 1294 Et

1982 1329 2145 1385 nolite
2178 1329 2458 1399 prohibere
2486 1345 2618 1385 eos:
2653 1330 2834 1384 talium
2861 1339 2945 1384 est
2980 1334 3120 1385 enim
3153 1344 3371 1399 regnum
3402 1330 3565 1385 coelo-

1980 1435 2117 1474 rum.
2184 1421 2217 1489 ᾗ
2244 1458 2259 1474 .
2302 1420 2557 1476 Accedite
2600 1421 2664 1474 ad
2715 1422 2899 1487 Deum,
2957 1433 3007 1475 et
3059 1422 3424 1476 i‘lluminfunini
3459 1441 3472 1475 :
3502 1432 3557 1475 et

1982 1514 2155 1565 vultus
2187 1513 2349 1567 vestri
2375 1529 2479 1567 non
2510 1513 2844 1568 erubéscent.
2866 1512 2932 1566 Ρ.
2970 1514 3032 1566 Et
3066 1515 3230 1568 nolite
3252 1514 3558 1583 prohibere.

1994 1605 2029 1675 ᾗ
2054 1643 2066 1658 .
2094 1603 2298 1669 Gloria,
2340 1615 2394 1660 et
2432 1607 2623 1667 honor.
2656 1616 2760 1661 etc.
2800 1605 2862 1659 P.
2895 1606 2959 1660 Et
2988 1608 3170 1662 nolite.

2050 1699 2249 1754 οιάιὶο.
2278 1700 2509 1768 Christe,
2545 1701 2635 1756 Dei
2667 1699 2850 1765 Filius,
2881 1701 2968 1769 qui
2998 1700 3245 1769 parvulos
3271 1700 3336 1754 ad
3367 1709 3419 1755 te
3447 1715 3568 1754 cm—

1981 1793 2129 1849 léstis
2179 1794 2468 1865 magisterii
2515 1794 2759 1850 doctrina
2812 1794 3040 1858 invitas;
3088 1793 3165 1847 fac
3217 1808 3313 1847 nos
3354 1808 3568 1853 semzer

286 1887 569 1956 rogemus;
601 1897 660 1942 ut
687 1905 783 1944 nos
812 1904 903 1958 per
950 1890 1176 1959 gratiam
1207 1890 1496 1944 nativithtis
1538 1891 1675 1959 ejus,
1706 1900 1758 1943 et
1784 1904 1878 1958 per
1913 1891 1952 1949 Β
1980 1901 2101 1940 esse
2133 1888 2330 1941 malitia
2365 1888 2634 1955 parvulos,
2664 1895 2717 1941 et
2744 1886 3114 1939 mandaturum
3136 1885 3345 1938 tubrum
3378 1884 3567 1938 obser-

280 1975 729 2034 intercessiduem
775 1979 1094 2035 Sanctbrum
1136 1980 1504 2036 innocentium
1536 1980 1876 2047 parvuldrum

280 2068 580 2140 martyrum
605 2070 759 2123 nobis
774 2071 1000 2124 salutem
1022 2070 1214 2124 anima:
1237 2081 1286 2124 et
1319 2069 1585 2137 corporis,
1615 2078 1667 2122 et
1702 2067 1881 2122 remis-

280 2160 493 2214 siOnem
525 2161 889 2228 peccatorum,
935 2172 987 2214 et
1030 2175 1209 2228 pacem
1240 2160 1502 2229 propitius
1533 2161 1770 2215 tribuere
1792 2160 1877 2214 di-

284 2248 505 2317 gnetur.
550 2248 586 2310 iii
611 2288 624 2302 .
652 2249 850 2303 Prmsta
872 2249 1075 2304 mtérne
1101 2249 1439 2317 omnipotens
1468 2250 1626 2303 Deus.

360 2337 541 2407 Kyrie,
565 2340 789 2394 eléisnn.
826 2341 862 2407 ti
886 2380 899 2393 .
933 2342 1162 2406 Christe,
1184 2341 1407 2395 eléison.
1432 2341 1509 2411 Ky
1540 2340 1612 2407 1-,
1644 2340 1869 2396 elelsnn.

360 2429 622 2500 Capitula.
668 2429 900 2495 Christe,
955 2432 1309 2487 inenarrabile
1339 2432 1514 2487 lumen
1548 2432 1753 2495 tumuli,
1782 2431 1871 2501 qui

274 2521 461 2577 adhuc
482 2522 532 2576 in
562 2523 693 2592 ipsis
714 2523 997 2577 cunabulis
1027 2526 1364 2589 constitutus,
1386 2523 1621 2579 nondum
1649 2522 1869 2578 el'iéctns

281 2623 517 2686 martyr,
546 2618 781 2686 martyrii
802 2618 976 2685 palma
998 2616 1241 2672 catervas
1264 2616 1545 2671 Infantium
1567 2616 1823 2672 dedicasti
1851 2632 1867 2670 :

284 2705 405 2776 qui,
449 2720 549 2761 nec
589 2706 714 2761 dum
767 2707 909 2776 loqui
954 2707 1214 2773 valentes,
1245 2710 1345 2762 sub
1372 2709 1625 2763 mucrdne
1649 2706 1871 2763 saavién-

286 2798 421 2853 tium
456 2798 634 2854 varios
687 2798 858 2854 fecisti
891 2800 1126 2868 mugitus
1166 2798 1411 2855 emittere
1455 2814 1470 2851 :
1500 2814 1722 2867 quorum
1754 2798 1872 2853 ani-

275 2904 398 2945 mas
424 2889 495 2946 de
522 2890 721 2945 abditis
763 2890 1114 2959 infernarum,
1148 2902 1199 2947 te
1242 2891 1537 2961 spontiinee
1575 2906 1671 2962 pro
1718 2892 1873 2946 nobis

278 2981 535 3037 omnibus
560 2983 843 3048 moriente,
874 2984 1107 3038 maluisti
1131 2984 1370 3053 eripere;
1403 2982 1602 3053 inspira
1626 2981 1725 3051 eis,
1754 2984 1874 3039 sine

282 3072 678 3129 iutermissiOne
724 3074 880 3130 orére
936 3089 1032 3144 pro
1075 3074 1309 3144 parvulis
1354 3085 1479 3142 :ut,
1511 3074 1603 3145 qui
1642 3074 1875 3145 propriis

284 3178 389 3219 non
418 3165 694 3221 valeémus
722 3165 1198 3235 supplicationibus
1242 3166 1524 3221 emundari
1573 3166 1603 3221 ii
1628 3166 1872 3232 crimine,

1983 1978 2193 2033 vatiOne
2226 1978 2521 2047 perfectos:
2553 1988 2604 2033 et
2652 1978 2738 2047 qui
2776 1977 2956 2031 talium
2985 1990 3105 2030 esse
3155 1990 3374 2045 regnum
3404 1974 3568 2029 ρινΙό-

1982 2082 2097 2121 rum
2147 2069 2486 2137 pronuntias,
2527 2083 2625 2122 nos
2655 2068 2782 2133 illis,
2813 2080 2946 2134 quos
2970 2066 3139 2120 bonos
3166 2066 3304 2134 apud
3348 2073 3398 2118 te
3420 2063 3569 2117 com-

1982 2158 2196 2226 probas,
2220 2159 2336 2212 sine
2360 2158 2465 2212 line
2481 2157 2794 2228 coniungas.
2844 2158 2880 2226 ἢ
2905 2197 2917 2209 .
2950 2162 3140 2211 Amen.

2052 2255 2154 2309 Per
2184 2251 2610 2308 misericordiam
2652 2263 2818 2308 tuam.

2047 2348 2359 2417 Antiphonti.
2435 2346 2627 2400 Vocem
2698 2345 2974 2415 sanguinis
3038 2344 3103 2397 ad
3145 2354 3198 2397 te
3263 2340 3562 2396 clamantis.

1977 2436 2043 2491 P.
2077 2438 2233 2502 Audi,
2286 2437 2511 2492 Domine
2553 2437 2902 2491 :memorare
2950 2434 3322 2490 invictissimas
3369 2445 3568 2489 mortes

1974 2526 2338 2583 Innocentium
2395 2529 2733 2595 parvuléruni
2804 2528 3034 2581 tuo:um.
3122 2529 3192 2598 ᾗ.
3259 2526 3568 2584 Effuderunt

1971 2619 2283 2690 sanguinem
2341 2620 2678 2675 innocentem
2720 2620 2771 2673 in
2828 2620 3052 2674 circuitu
3107 2619 3463 2684 Hierusalem;
3512 2627 3567 2673 et

1974 2728 2079 2768 non
2104 2726 2212 2766 erat
2238 2713 2326 2783 qui
2367 2713 2640 2780 sepeliret.
2665 2710 2730 2764 Ρ.
2760 2712 2918 2777 Audi,
2953 2711 3200 2776 Domine,
3243 2713 3563 2767 memor-Are.

1987 2803 2025 2872 y
2049 2842 2063 2857 .
2105 2803 2306 2869 GIdria,
2356 2813 2411 2859 et
2436 2804 2606 2858 honor
2646 2803 2811 2869 Patri,
2860 2814 2966 2859 etc.
3019 2801 3080 2857 Ρ.
3114 2803 3284 2870 Audi,
3315 2802 3561 2868 Domine,

1974 2896 2298 2950 memorare.

1975 3008 1979 3011 λ
2049 2985 2254 3041 Oratio.
2300 2986 2615 3053 Memorare,
2665 2986 2914 3055 Domine,
2945 2985 3413 3041 invictissimdrum
3446 2999 3564 3056 par-

1975 3079 2216 3133 vuldrum
2238 3078 2449 3132 tuerum
2483 3093 2579 3148 pro
2607 3089 2697 3133 tuo
2727 3080 2945 3134 n:'mine
2971 3079 3302 3144 occisurum;
3345 3087 3400 3133 et
3427 3095 3563 3147 prte-

1977 3180 2080 3235 sta,
2103 3178 2163 3224 ut
2186 3185 2370 3225 vocem
2414 3170 2686 3239 sanguinis
2735 3171 2917 3224 edrnm
2950 3186 3046 3239 pro
3086 3171 3241 3224 nobis
3271 3169 3335 3223 ad
3370 3180 3421 3223 te
3445 3170 3563 3223 cla-

285 3256 489 3322 eorum,
534 3256 628 3325 qui
680 3265 753 3321 te,
797 3258 1147 3327 quocumque
1178 3256 1321 3321 ieris,
1368 3273 1488 3311 cum
1540 3257 1772 3326 hymnis,
1819 3247 1946 3312 etC
1978 3261 2234 3327 mentem,
2285 3261 2362 3314 sic
2387 3260 2678 3315 clementer
2700 3260 2990 3326 exaudias;
3040 3268 3098 3315 ut
3127 3260 3281 3315 nobis
3308 3259 3561 3315 omnibus

282 3345 502 3408 canticis
529 3347 911 3418 adsequentur,
940 3358 994 3405 et
1034 3351 1121 3404 hic
1145 3360 1199 3403 et
1244 3351 1296 3405 in
1327 3351 1585 3405 aetérnum
1627 3350 1869 3420 postula-

288 3437 522 3493 tionibus
544 3440 846 3496 abluamur.

363 3529 517 3584 Pater
552 3543 748 3588 noster.
794 3533 1029 3588 Liberali
1060 3534 1090 3587 ὲ
1119 3533 1282 3589 malo.
1312 3532 1534 3605 nequire
1560 3534 1654 3606 fol.
1681 3535 1739 3590 2.

350 3618 642 3693 ’Πυωιιῑέιιθ
666 3637 764 3677 vos
790 3623 1172 3678 benedictioni.

340 3708 595 3768 Dominus
607 3714 905 3784 sitsemper
917 3715 1211 3769 vobiscum.
1234 3716 1269 3783 εξ
1292 3753 1310 3771 .
1335 3716 1534 3771 Etcum
1550 3717 1738 3786 spiritu
1760 3725 1869 3772 tuo.

351 3802 667 3860 Benedictio.
697 3805 1008 3876 Unigénitus
1059 3807 1151 3861 Dei
1195 3806 1358 3876 ﬁlius,
1408 3824 1514 3879 quo
1542 3809 1792 3864 nascente
1820 3811 1871 3864 in

284 3898 462 3961 terris,
498 3897 934 3953 Bethlehemitica
965 3912 1090 3952 rura
1141 3897 1437 3953 occisarum
1489 3914 1585 3967 pro
1609 3914 1669 3954 se
1696 3897 1874 3953 Infim-

282 3989 409 4043 tium
442 3992 633 4045 cruére
675 3989 868 4047 iniecta
919 3998 1063 4053 sunt,
1096 3990 1188 4045 det
1209 3992 1363 4046 nobis
1410 3993 1607 4046 habere
1660 4006 1874 4062 semper

279 4097 381 4151 pro
410 4098 469 4138 se
495 4083 730 4153 optabile
774 4092 983 4151 vntum,
1005 4095 1059 4139 et
1080 4083 1525 4139 remunerationis
1548 4083 1714 4153 parile
1739 4100 1873 4154 pra:-

279 4176 470 4232 mium.
518 4177 555 4245 ιῇ
580 4215 595 4230 .
629 4179 820 4233 Amen.
864 4178 1072 4247 Quique
1094 4179 1212 4234 illos
1234 4193 1339 4233 non
1383 4193 1447 4233 ex
1478 4179 1654 4241 mute,
1687 4180 1779 4232 sed
1808 4178 1874 4233 de

275 4268 542 4336 sanguine
565 4268 798 4324 victuros
827 4271 1023 4338 ctiécit,
1056 4272 1173 4340 ipse
1202 4284 1301 4324 nos
1322 4270 1657 4325 confessores
1676 4270 1874 4326 efﬁciat

274 4356 521 4413 criminis
552 4360 742 4415 nostri.
804 4360 841 4425 ii}
866 4401 878 4413 .
910 4363 1103 4417 Amen.
1136 4360 1204 4417 Ut
1248 4376 1372 4415 cum
1404 4361 1505 4427 his,
1557 4377 1781 4430 quorum
1822 4373 1873 4419 et

271 4464 380 4503 vos
406 4450 680 4520 sanguinis
708 4450 775 4504 ad
802 4451 965 4506 Deum
995 4453 1192 4508 clamat
1215 4451 1285 4507 de
1318 4462 1481 4518 terra,
1516 4453 1873 4508 remuneran-

269 4542 341 4595 da
375 4544 699 4613 quanddque
721 4543 1033 4597 admittatur
1058 4542 1090 4597 ἐι
1118 4543 1335 4599 Christo
1357 4544 1624 4600 confessio
1667 4555 1867 4601 nostra.

286 4634 325 4701 ii,
352 4672 370 4688 .
408 4635 597 4688 Anien.

351 4724 460 4779 Per
507 4722 950 4779 misericordium.

348 4816 562 4871 Lauda.
618 4816 899 4871 Candidati
943 4826 1068 4872 sunt
1111 4815 1336 4872 nazarzei
1382 4816 1459 4871 tui
1516 4817 1649 4874 Sion
1703 4835 1864 4889 supra

267 4908 463 4962 nivem
498 4924 511 4959 :
546 4905 615 4962 Ρ.
664 4907 971 4975 Compariiti
1013 4906 1233 4976 sapbiro
1276 4907 1612 4976 pulchriores
1666 4910 1867 4965 inventi

265 5010 428 5065 sunt,
456 4998 825 5067 dederimtque
868 4997 1092 5068 gldriam
1122 4998 1253 5054 Deo.
1302 5000 1554 5055 Alleluia.
1598 5002 1632 5071 ᾗ
1653 5040 1669 5057 .
1703 5003 1870 5058 Accé-

264 5097 388 5150 dite
443 5094 508 5148 ad
552 5094 739 5158 Deum,
800 5103 856 5148 et
915 5094 1325 5161 illuminamini;
1377 5106 1431 5152 et
1470 5098 1647 5154 vultus
1703 5103 1866 5156 vestri

264 5205 384 5244 non
442 5186 779 5242 ernbéseent.
810 5186 875 5241 Ρ.
908 5188 1217 5257 Comparati
1263 5189 1484 5259 saphiro
1513 5191 1866 5260 pulchriores.

279 5284 365 5352 ᾖ.
420 5278 625 5346 Gloria,
672 5290 727 5336 et
773 5280 943 5335 honor
994 5281 1157 5347 Patri,
1215 5290 1273 5336 et
1321 5281 1497 5348 Filio,
1552 5295 1604 5339 et
1654 5284 1869 5354 Spiritui

262 5381 506 5437 Saneto.
539 5374 606 5430 P.
653 5376 959 5444 Comparati
990 5374 1206 5445 saphiro
1248 5375 1599 5446 pulchriéres.

344 5470 559 5524 Oratio.
604 5468 837 5533 Christe,
872 5467 963 5521 Dei
996 5468 1156 5534 ﬁlius,
1185 5470 1275 5539 qui
1305 5469 1556 5539 parvulos
1587 5470 1651 5524 ad
1684 5478 1732 5525 te
1761 5485 1871 5527 C(13-

260 5562 452 5618 léstis.
488 5558 707 5627 Require
733 5558 871 5629 infra
898 5560 951 5611 in
984 5558 1253 5614 Matutim's
1281 5560 1430 5613 istius
1460 5560 1597 5629 festi.

304 5663 314 5707 ξ
343 5653 433 5707 Ad
459 5650 794 5705 Matutinum.
819 5650 1133 5720 Antiphone.
1170 5652 1241 5706 Da
1278 5650 1432 5705 nobis
1459 5650 1693 5705 ltetitiam
1722 5652 1869 5706 salu-

260 5748 411 5803 uiris
446 5747 517 5798 tui
550 5762 569 5818 ι
590 5753 645 5800 et
668 5742 859 5814 spiritu
889 5744 1165 5816 principali
1193 5742 1449 5801 conﬁrma
1471 5757 1590 5812 nos,
1618 5742 1864 5801 Domine.

259 5839 531 5895 Psalmus
556 5854 609 5891 ι..

1976 3356 2190 3426 pecciita
2213 3354 2469 3409 dimittas.
2516 3356 2554 3425 ii)
2577 3394 2590 3409 .
2626 3361 2817 3410 Amen.

2047 3446 2152 3502 Per
2178 3446 2623 3503 misericérdiam.

2048 3540 2362 3612 Antiphonti.
2400 3539 2668 3609 Sapientia
2717 3539 2925 3610 apéruit
2959 3554 3021 3595 os
3071 3538 3363 3604 mutorum,
3397 3536 3463 3592 Ρ.
3496 3538 3562 3594 Et

1975 3631 2181 3701 linguas
2209 3630 2488 3686 infantium
2521 3633 2644 3687 fecit
2692 3631 2944 3688 disértas.
2990 3631 3024 3701 ᾗ
3051 3671 3064 3685 .
3100 3630 3420 3685 Invocabant
3447 3628 3560 3683 D6-

1975 3724 2199 3789 minum,
2233 3732 2288 3778 et
2314 3723 2428 3792 ipse
2459 3724 2895 3779 exaudiébatens
2937 3740 2953 3778 :
3006 3724 3058 3777 in
3107 3723 3358 3776 columna
3407 3724 3562 3776 nubis

1975 3813 2290 3883 loquebatur
2312 3813 2378 3867 ad
2424 3828 2537 3869 eos.
2575 3812 2638 3866 P.
2670 3813 2737 3867 Et
2758 3814 2963 3882 linguas
2994 3812 3293 3868 nutantium.
3331 3812 3364 3877 ἣν
3386 3850 3400 3866 .
3430 3812 3560 3867 Glo-

1974 3907 2077 3971 ria,
2108 3917 2163 3961 et
2194 3906 2367 3962 honor
2397 3906 2556 3972 Patri,
2587 3916 2693 3962 etc.
2728 3904 2793 3960 P.
2832 3907 2896 3960 Et
2924 3906 3127 3975 linguas
3156 3904 3453 3959 infantium.

2053 3998 2253 4051 Oratio.
2291 3997 2425 4051 Vera
2456 3997 2548 4052 Dei
2579 3996 2846 4066 Sapientia
2873 3997 3066 4059 Patris,
3089 3994 3178 4065 qui
3205 4008 3266 4048 os
3294 3994 3559 4049 mutdrmn

1975 4088 2177 4158 aperis,
2233 4099 2284 4143 et
2320 4088 2523 4158 linguas
2567 4088 2852 4142 infantium
2909 4085 3138 4141 disértas
3181 4084 3380 4149 éiiicis;
3412 4086 3476 4139 da
3507 4086 3560 4139 in

1974 4194 2069 4233 ore
2110 4187 2293 4234 nostro
2342 4177 2634 4247 perfectam
2672 4177 2811 4247 legis
2858 4187 2961 4231 tua:
3007 4175 3304 4229 custédiam
3342 4184 3459 4241 :ut,
3510 4184 3562 4229 te

1976 4270 2318 4326 immaculato
2363 4271 2525 4325 corde
2579 4268 2902 4338 sequentes,
2959 4266 3090 4320 illud
3145 4281 3356 4334 semper
3408 4266 3562 4320 labiis

1977 4362 2359 4432 praedicémus,
2398 4372 2451 4417 et
2496 4362 2661 4429 Opere
2703 4362 3066 4432 impleamus:
3110 4360 3250 4416 unde
3292 4372 3363 4423 te,
3388 4363 3476 4430 qui
3503 4376 3560 4415 es

1977 4470 2099 4510 vera
2135 4455 2418 4524 sapientia,
2449 4457 2565 4509 sine
2593 4456 2697 4510 line
2735 4454 3033 4511 laudemus.
3078 4454 3116 4523 ii
3139 4492 3155 4509 .
3183 4453 3375 4511 Amen.

2048 4548 2150 4604 Per
2176 4548 2600 4603 misericérdiam
2623 4559 2786 4606 tuam.

2065 4640 2133 4707 ti}.
2168 4640 2230 4694 Hi
2255 4648 2403 4705 sunt,
2431 4640 2520 4709 qui
2550 4655 2655 4694 non
2706 4639 3120 4710 inquinavér'unt
3144 4650 3347 4695 vestem
3382 4654 3557 4706 suam,

1977 4731 2045 4785 P.
2075 4731 2206 4787 Cum
2252 4733 2478 4788 Domino
2516 4733 2925 4790 ambulaverunt
2972 4735 3024 4790 in
3082 4735 3253 4802 albis,
3307 4735 3558 4801 quoniam

1977 4824 2121 4894 digni
2151 4834 2274 4879 sunt
2298 4841 2311 4879 :
2335 4836 2389 4880 et
2410 4826 2732 4895 quicumque
2777 4826 2988 4894 vicerit,
3038 4827 3115 4881 sic
3146 4826 3405 4883 vestietur
3427 4827 3558 4881 can-

1977 4916 2097 4972 dida
2121 4925 2289 4992 veste.
2336 4918 2371 4987 ᾗ
2396 4957 2409 4971 .
2435 4918 2743 4987 Sequuntur
2768 4932 2983 4988 agnum,
3030 4921 3373 4989 quocumque
3415 4918 3556 4983 ierit,

1977 5020 2032 5067 et
2052 5012 2103 5066 in
2128 5027 2221 5067 ore
2238 5012 2421 5067 eorum
2446 5026 2550 5065 non
2572 5011 2936 5082 estlinvéntum
2962 5013 3321 5069 mendacium.
3345 5010 3408 5066 P.
3428 5010 3557 5065 Cum

1979 5104 2206 5159 Domino
2249 5103 2676 5158 ambulaverunt.
2735 5104 2810 5173 Ῡ.
2858 5104 3060 5169 Gloria,
3092 5114 3146 5159 et
3177 5104 3349 5159 honor
3388 5100 3555 5167 Patri,

1975 5203 2080 5249 etc.
2120 5194 2183 5250 P.
2214 5192 2349 5248 Cum
2382 5193 2609 5248 Domino
2637 5193 3060 5248 ambulaverunt.

2050 5285 2250 5339 Oratio.
2276 5285 2363 5339 lsti
2387 5296 2529 5349 sunt,
2554 5284 2798 5350 Domine,
2822 5285 2913 5354 qui
2942 5301 3046 5339 non
3077 5283 3374 5352 polluerunt
3402 5281 3558 5334 vesti-

1978 5378 2152 5433 menta
2193 5393 2308 5442 sua,
2336 5379 2530 5446 quibus
2565 5377 2709 5431 nulla
2740 5377 2923 5447 utique
2948 5376 3121 5444 potuit
3153 5372 3406 5443 peccandi
3430 5374 3556 5427 sub-

1977 5470 2105 5524 oriri
2140 5469 2388 5524 illécebra
2422 5487 2436 5522 :
2468 5467 2704 5524 concede
2731 5484 2859 5538 ergo
2906 5464 3058 5521 nobis
3099 5479 3191 5533 per
3217 5462 3558 5533 indulgentia:

1978 5565 2177 5618 donum
2202 5562 2305 5616 illis
2334 5576 2453 5617 esse
2481 5560 2785 5631 participes,
2817 5575 2952 5628 quos
2982 5557 3120 5626 apud
3154 5568 3205 5613 te
3234 5574 3331 5628 pro
3356 5558 3559 5613 meritis

1978 5655 2245 5726 approbas
2266 5669 2385 5709 esse
2408 5653 2613 5709 felices.
2657 5652 2693 5717 ἡ
2719 5690 2733 5703 .
2764 5656 2959 5705 Amen.

2049 5745 2151 5801 Per
2171 5743 2587 5799 misericordiam
2612 5751 2776 5795 tuam.

2051 5840 2127 5891 Ad
2159 5836 2447 5892 Cdnticum.
2475 5834 2793 5902 Antiphone.
2819 5834 3015 5891 lnlirmi
3046 5834 3241 5890 virtute
3289 5827 3559 5901 prxecineti
