4044 6382
461 398 564 457 155

460 606 561 659 hoc
590 601 846 673 glorietur
881 619 895 655 :
939 600 1038 668 Qui
1068 600 1325 671 gloriatur
1353 599 1494 655 scire
1522 607 1575 655 et
1603 598 1902 669 intelligere
1935 598 2043 652 Do-

460 698 686 753 minum.

530 788 829 843 canticum.
861 784 1251 842 Conﬁrmétum
1301 789 1384 839 est
1435 797 1529 837 cor
1579 796 1777 838 meum.
1833 778 2049 849 Require

461 878 557 947 fol.
587 867 687 931 55..

533 969 616 1023 Διί
643 966 970 1022 Benedictus.
997 964 1316 1035 Antiphona.
1340 962 1519 1019 Sancti
1535 971 1589 1017 et
1606 961 1835 1016 humiles
1863 958 2049 1025 corde,

460 1060 679 1129 spiritus
727 1066 781 1113 et
823 1056 1017 1112 animae
1068 1055 1335 1125 justdrum
1386 1053 1685 1110 benedicite
1744 1050 2049 1106 DOminum.

530 1150 819 1205 canticum.
851 1147 1170 1205 Benedictus
1186 1162 1245 1202 es
1270 1146 1522 1215 Domine,
1551 1146 1693 1201 Deus
1723 1153 1930 1214 patrum
1955 1159 2054 1199 no-

465 1236 721 1297 strorum.
747 1238 974 1310 Require
1005 1240 1098 1309 fol.
1133 1238 1187 1293 6.

542 1332 706 1389 Sana.
737 1328 1238 1401 SalusjustOriim.a
1266 1328 1491 1382 Domino
1520 1334 1623 1382 est.
1652 1325 1719 1380 P.
1745 1324 1811 1380 Et
1831 1324 2058 1381 salvlbit

460 1442 575 1481 eos.
608 1425 854 1482 Alleluia.
885 1422 1139 1479 Alleluia.
1167 1423 1205 1491 ,ᾗ
1230 1460 1245 1475 .
1268 1420 1400 1488 Quia
1431 1418 1782 1489 speravérunt
1804 1419 1859 1473 in
1889 1418 2056 1473 Deum

463 1518 663 1572 vivum:
696 1515 764 1571 P.
795 1515 865 1571 Et
891 1514 1121 1571 salvhbit
1145 1527 1261 1568 eos.

532 1608 740 1662 Lau’da.
772 1605 1006 1660 Laudate
1033 1604 1315 1658 Dominum
1354 1602 1423 1657 de
1444 1601 1616 1657 cmlis.
1648 1599 1875 1655 Alleluia
1901 1613 1915 1654 :
1948 1599 2059 1656 lau-

461 1700 586 1755 ἀξια
612 1714 733 1754 eum
762 1698 815 1752 in
846 1694 1097 1752 excelsis.
1141 1694 1391 1749 Alleluia.
1425 1692 1667 1747 I’salmus
1689 1706 1913 1747 chvut.

567 1790 742 1846 una,
772 1790 886 1844 libri
918 1788 1193 1843 Hieremia:
1225 1786 1500 1855 PrOpheta:
1524 1783 1675 1856 (Cap.
1709 1782 1878 1854 xxxi).

550 1883 587 1951 ἡ
611 1923 626 1936 .
647 1882 758 1937 Deo
784 1879 1011 1951 gratias.

540 1973 665 2028 Haec
703 1973 830 2027 dicit
858 1970 1118 2026 DOminus
1162 1986 1176 2022 :
1212 1969 1327 2023 Vox
1372 1969 1426 2023 in
1457 1967 1621 2021 ﬂama
1667 1964 1846 2021 audita
1876 1972 1959 2020 est
1990 1964 2065 2019 la-

465 2062 835 2129 mentationis,
886 2062 1068 2130 ﬂetus,
1110 2069 1164 2117 et
1190 2060 1383 2126 luctus,
1435 2060 1696 2129 ploratus,
1749 2067 1805 2113 et
1835 2057 2066 2113 ululatus

470 2157 689 2212 inultus.
738 2156 940 2211 Rachel
971 2157 1185 2225 plorans
1232 2155 1371 2209 tilios
1400 2168 1553 2219 suos,
1595 2163 1646 2207 et
1675 2152 1848 2207 noluit
1875 2165 2069 2206 conso-

468 2249 567 2305 lari
595 2264 758 2319 super
788 2264 905 2315 eos,
932 2250 1055 2320 quia
1080 2264 1185 2305 non
1234 2258 1382 2304 sunt.
1435 2248 1561 2303 Haec
1587 2247 1717 2301 dicit
1759 2244 2019 2299 Dominus
2050 2271 2066 2309 ;

470 2342 724 2409 Quiéscat
751 2356 855 2396 vox
888 2350 977 2396 tua
1000 2342 1030 2395 ὸ
1056 2340 1288 2411 ploratu,
1311 2349 1366 2395 et
1395 2340 1537 2394 oculi
1575 2340 1647 2393 tui
1674 2340 1705 2392 ἐι
1728 2338 2020 2409 lachrymis
2052 2349 2067 2387 :

470 2434 593 2503 quia
636 2442 721 2488 est
745 2446 956 2488 merces
982 2433 1134 2502 Operi
1174 2440 1285 2499 tuo,
1305 2432 1382 2485 ait
1405 2430 1688 2496 Dominus,
1712 2438 1767 2485 et
1794 2430 2073 2485 reverten-

470 2533 558 2577 tur
596 2521 666 2578 de
712 2530 851 2578 terra
884 2522 1107 2576 inimici.
1131 2521 1196 2576 Et
1215 2522 1319 2578 erit
1344 2536 1469 2592 spes
1500 2521 1808 2577 novissimis
1839 2519 1965 2584 tuis,
1998 2520 2075 2575 ait

473 2612 766 2668 Dominus:
826 2624 880 2668 et
907 2611 1244 2668 revertéutur
1274 2612 1366 2667 lilii
1394 2614 1468 2667 tui
1514 2613 1581 2667 ad
1634 2613 1895 2669 terminos
1921 2627 2067 2668 suos.

474 2703 713 2759 Audiens
736 2703 914 2759 audivi
939 2704 1196 2774 Ephraim
1226 2703 1692 2774 transmigrantem
1744 2722 1756 2755 :
1786 2703 2073 2772 Ca5tigasti

479 2810 589 2864 me,
604 2796 912 2852 eteruditus
924 2812 1064 2862 sum,
1082 2796 1232 2867 quasi
1244 2796 1564 2867 juvénculus
1581 2795 1870 2851 indomitus
1894 2812 1907 2849 :
1932 2809 2073 2853 con-

479 2887 635 2946 verte
664 2903 773 2953 me,
806 2900 861 2945 et
886 2889 1129 2945 revertar
1161 2906 1173 2942 :
1221 2889 1347 2959 quia
1382 2898 1439 2945 tu
1463 2903 1521 2945 es
1544 2889 1685 2944 Deus
1714 2903 1886 2945 meus.
1910 2887 2075 2944 Post-

479 2982 641 3053 quam
663 2983 805 3039 enim
835 2983 1148 3039 convenisti
1178 2998 1287 3052 me,
1308 2983 1390 3054 egi
1426 2982 1792 3054 paenitentiam
1819 3002 1831 3037 :
1856 2992 1909 3039 et
1932 2991 2075 3052 post-

482 3075 642 3144 quam
671 3075 959 3131 ostendisti
988 3074 1142 3143 mihi,
1192 3074 1429 3147 percussi
1477 3075 1650 3131 temur
1705 3090 1905 3131 meum.
1936 3074 2076 3131 Con-

1665 389 2099 448 BllEVIARlUM
2142 386 2521 443 COTIIICUM.

457 524 599 571 sunt.
630 513 740 569 Non
792 511 1047 582 glorietur
1098 508 1246 565 tortis
1280 508 1332 563 in
1374 507 1689 563 fortitudine
1711 522 1830 575 sua,
1863 508 1957 561 sed
1991 508 2040 561 in
2075 509 2121 567 Α

3638 384 3735 438 130

2294 500 2371 555 Ex
2400 500 2598 554 illibata
2634 497 2849 567 Virgine

2296 590 2600 655 Nasce'ndo,
2634 589 2861 645 formam
2890 588 3207 658 sumpseris.

2362 682 2545 738 Gloria
2578 681 2693 746 tibi,
2728 680 2976 746 Domine,

2291 774 2391 842 Qui
2422 783 2599 838 natus,
2628 781 2731 830 etc.

2222 866 2572 935 Snppticdtie.
2596 865 2822 921 Oremus
2846 862 3259 933 RedemptOrem
3283 861 3492 919 mundi.
3524 862 3623 933 fol.
3651 862 3743 922 57.

2229 956 2494 1027 Capitula.
2526 955 2703 1011 Turba
2732 953 3099 1011 Innocentium
3126 954 3485 1023 parvuldrum,
3508 968 3626 1025 qua:
3648 968 3747 1024 pro

2155 1049 2239 1104 sui
2271 1048 2643 1118 lledemptdris
2676 1046 2891 1103 nomine
2920 1045 3140 1115 proprio
3165 1054 3249 1101 est
3274 1044 3508 1100 delibuta
3529 1047 3746 1113 cruore,

2155 1154 2260 1194 non
2292 1147 2470 1195 cesset
2496 1138 2783 1193 Dominum
2813 1153 2911 1209 pro
2956 1139 3187 1195 servulis
3234 1139 3459 1195 exorhre
3488 1155 3501 1191 :
3533 1140 3662 1208 quo,
3694 1147 3751 1192 te

2156 1232 2503 1302 impetrante,
2554 1232 2681 1287 licet
2727 1233 3013 1298 immoriti,
3057 1247 3154 1304 pro
3204 1232 3319 1303 ejus
3377 1233 3593 1289 nomine
3632 1244 3751 1302 post

2159 1324 2315 1395 hujus
2359 1325 2483 1380 vita:
2529 1326 2813 1380 excursum
2863 1326 3169 1385 sanctdrum
3224 1325 3481 1395 queomus
3525 1326 3751 1381 adunari

2158 1417 2273 1472 coh.
2300 1416 2491 1484 rtibus,
2520 1417 2750 1485 qualiter
2772 1431 2895 1474 eum
2933 1420 3011 1475 eis
3036 1417 3345 1489 perenniter
3375 1418 3633 1490 hymnum
3659 1420 3753 1477 de-

2159 1507 2381 1564 canthre
2408 1509 2460 1563 in
2483 1506 2657 1578 juhilo
2685 1510 3006 1564 mereamur.

2229 1600 2388 1655 Pater
2412 1610 2613 1654 noster.
2644 1600 2878 1656 Liberati
2908 1600 2939 1654 ὸ
2966 1600 3125 1656 malo.
3157 1600 3332 1671 [01.2.

2231 1692 2438 1747 Lauda.
2470 1692 2753 1747 Candidati
2779 1702 2903 1750 sunt
2930 1695 3178 1749 nazarazi.
3203 1692 3520 1751 Benedictio.
3555 1694 3755 1767 Unigé-

2164 1786 2309 1842 nitus
2337 1786 2429 1841 Dei
2459 1786 2647 1842 Filius.
2681 1789 2867 1853 Quaere
2892 1788 2983 1857 fol.
3020 1787 3109 1841 57.

2094 1864 2140 1923 Β
2240 1878 2296 1933 In
2329 1879 2549 1933 nt'imine
2576 1878 2790 1934 Domini

2239 1968 2415 2024 Sancti
2460 1969 2671 2025 Thema
2709 1968 3112 2042 Arclaiepiscopi,
3162 1980 3211 2025 et
3264 1969 3527 2042 Mdrtyris.
3571 1971 3763 2027 Omnia

2168 2063 2405 2117 dicdntnr
2434 2072 2487 2115 ut
2513 2063 2565 2115 in
2586 2062 2851 2116 Communi
2877 2061 3029 2117 unius
3058 2061 3307 2132 Mdrtyris
3340 2065 3629 2131 Pontiﬁcis.

2325 2154 2391 2209 IN
2431 2154 2652 2212 FESTO
2688 2150 2932 2211 SANCTI
2968 2153 3202 2209 JACOBI
3238 2155 3592 2212 APOSTOLI.

2775 2248 2857 2301 Ad
2884 2246 3151 2317 Vésperos.

2245 2337 2445 2394 Lauda.
2477 2338 2678 2404 Gloria,
2705 2347 2761 2394 et
2806 2338 3010 2394 honOre
3055 2338 3323 2394 coronasti
3352 2353 3496 2395 eum.
3528 2338 3595 2393 Ρ.
3644 2340 3761 2397 Do-

2174 2431 2336 2487 mine.
2385 2431 2455 2499 Ῡ.
2489 2429 2751 2497 Gloriam,
2781 2438 2836 2485 et
2863 2444 3112 2501 magnum
3161 2429 3412 2486 decorem
3463 2432 3762 2501 imposuisti

2173 2536 2335 2593 super
2362 2537 2504 2577 eum.
2541 2521 2608 2577 P.
2641 2520 2888 2577 Domine.
3162 2594 3169 2597 ν

2243 2614 2411 2670 Sana.
2439 2615 2691 2672 Alleluia.
2723 2614 2918 2671 Beitus
2948 2617 3049 2683 vir,
3080 2618 3171 2686 qui
3218 2618 3370 2673 timet
3408 2618 3697 2673 Dominum
3746 2637 3759 2671 :

2176 2706 2429 2762 Alleluia.
2460 2706 2529 2761 Ρ.
2560 2706 2615 2761 lu
2647 2707 2913 2762 mandatis
2943 2708 3059 2777 ejus
3098 2708 3279 2777 cupiet
3305 2708 3482 2763 nimis.
3510 2709 3764 2775 Alleluia,

2175 2798 2409 2855 alleluia.
2463 2802 2497 2870 ᾗ
2522 2839 2536 2853 .
2566 2800 2767 2866 Gloria,
2800 2809 2855 2856 et
2882 2800 3083 2857 divitia:
3126 2802 3181 2856 in
3222 2802 3383 2858 domo
3410 2802 3527 2873 ejus
3557 2820 3571 2858 :
3602 2814 3658 2859 et
3679 2804 3767 2874 ju-

2175 2891 2321 2948 stitia
2350 2890 2466 2961 ejus
2495 2900 2675 2947 manet
2706 2892 2759 2946 in
2787 2892 3041 2947 saxulum
3068 2892 3274 2948 saeculi.
3301 2893 3552 2948 Alleluia.

2246 2983 2563 3052 Antiphona.
2613 2982 2814 3038 Oculus
2864 2982 2959 3037 Dei
3007 2983 3249 3053 adspexit
3270 2982 3473 3054 justum
3504 2984 3559 3038 in
3602 2983 3769 3039 bono.

2177 3074 2245 3130 P.
2281 3076 2348 3131 Et
2374 3074 2537 3146 elegit
2565 3074 2714 3130 illum
2765 3075 2831 3131 ab
2873 3075 3170 3132 humilithte
3205 3090 3301 3133 sua
3334 3095 3353 3147 :_
3377 3077 3580 3133 audivit
3620 3091 3773 3143 eum,

482 3166 634 3222 fusus
659 3182 799 3233 sum,
839 3176 897 3224 et
942 3167 1160 3233 erubui,
1190 3167 1445 3239 quoniam
1475 3168 1701 3223 sustinui
1728 3166 2070 3238 Opprohrium
2107 3228 2143 3241 η
2179 3177 2235 3224 et
2264 3182 2450 3225 vocem
2499 3168 2686 3239 ipsius.
2733 3168 2768 3237 ᾖ
2794 3208 2809 3222 .
2842 3168 3037 3224 Βεὲωδ
3089 3168 3169 3225 vir
3210 3171 3301 3241 qui
3340 3169 3586 3241 intelligit
3610 3183 3779 3239 super

485 3228 868 3316 adolescentia:
920 3274 1077 3317 mea).
1132 3228 1361 3316 Si'lllius
1388 3274 1539 3315 meus
1570 3228 1899 3316 honoraliilis
1941 3258 2071 3313 mihi
2101 3228 2145 3289 Ο
2179 3259 2428 3332 egenum,
2461 3228 2534 3315 et.
2562 3228 2849 3331 pauperem
2895 3277 2909 3314 :
2956 3262 3010 3317 in
3050 3261 3138 3319 die
3182 3228 3320 3318 mala
3368 3228 3609 3318 liberabit
3646 3228 3781 3319 eum

486 3352 762 3424 Ephraim,
792 3354 838 3408 si
870 3368 1003 3424 puer
1030 3353 1292 3410 delicatus
1325 3371 1339 3409 :
1363 3353 1484 3423 quia
1505 3367 1568 3407 ex
1592 3367 1697 3423 quo
1726 3352 1934 3408 locutus
1958 3365 2076 3406 sum

483 3445 553 3501 de
590 3459 680 3513 eo,
724 3445 900 3501 adhuc
951 3444 1279 3501 recordéhor
1309 3442 1448 3514 ejus.
1480 3442 1820 3513 591dcirco
1862 3451 2078 3496 contur-

488 3539 613 3595 hAta
642 3548 767 3595 sunt
795 3539 1000 3596 viscera
1057 3555 1176 3595 mea
1206 3555 1365 3609 super
1409 3553 1531 3594 eum
1567 3537 1898 3593 :miserébor
1921 3535 2080 3591 inise-

487 3638 617 3686 rans”
664 3630 804 3702 ejus,
858 3632 932 3687 ait
980 3631 1243 3686 Dominus
1296 3630 1659 3699 omnipotens.
1736 3628 2078 3698 Respondeat.

491 3726 684 3781 Amen.

1150 3812 1414 3885 Hymnus.

702 3902 929 3957 Caterva
954 3911 1183 3959 matrum
1214 3905 1465 3974 personat
1500 3922 1513 3959 :

634 3993 846 4050 Conlisa
873 3994 1050 4050 defert
1078 3995 1320 4066 pignora,

636 4087 875 4152 Quarum
907 4088 1165 4159 tyrannus
1192 4088 1357 4144 millia

636 4178 856 4235 Christo
883 4182 1119 4237 sacravit
1153 4181 1389 4238 victima.

707 4271 977 4327 Miraculis
1000 4272 1142 4327 dedit
1175 4272 1337 4328 ﬁdem

638 4362 848 4420 Habere
884 4379 943 4420 se
970 4364 1138 4421 Deum
1182 4364 1417 4433 Patrem,

640 4453 856 4510 lulirma
885 4470 1082 4511 sanans
1112 4455 1363 4527 corpora,

648 4550 716 4605 Et
743 4552 1007 4606 suscitans
1034 4551 1322 4608 cadavera.

714 4642 845 4699 ()rat
871 4644 1093 4699 salutem
1121 4644 1331 4699 servulo

646 4736 810 4792 Nixus
835 4751 972 4807 genu
1001 4734 1281 4803 Centurio,

643 4828 928 4885 Credéntis
957 4828 1118 4883 ardor
1147 4828 1409 4899 plurimus

650 4920 893 4976 Extinxit
917 4922 1067 4991 ignes
1092 4918 1343 4976 febrium.

730 5013 918 5067 Petrus
950 5027 1042 5081 per
1072 5012 1240 5067 undas
1270 5013 1504 5070 ambulat

648 5103 847 5159 Christi
880 5103 1085 5159 levatus
1108 5104 1358 5173 dextera;

649 5196 848 5251 Natura
874 5209 1032 5265 quam
1060 5198 1366 5267 negaverat,

648 5287 810 5344 Fides
839 5288 1048 5357 parhvit
1075 5288 1341 5346 semitam.

721 5379 905 5434 Honor
929 5380 1113 5437 matris
1138 5389 1194 5436 et
1220 5381 1494 5451 gaudium,

652 5470 915 5526 lmménsa
940 5487 1063 5541 spes
1085 5474 1414 5530 credentium

654 5562 760 5619 Per
785 5574 901 5619 atra
927 5566 1112 5620 mortis
1141 5566 1332 5634 pocula

654 5654 893 5711 Resolvit
920 5666 1102 5712 nostra
1126 5657 1373 5712 crimina.

722 5746 985 5803 Memento
1012 5749 1199 5803 sa'utis
1231 5759 1437 5815 auctor,

655 5837 805 5906 Quod
838 5840 1005 5895 nostri
1038 5840 1302 5909 quondam
1331 5841 1576 5911 θύννοι-ες

2180 3351 2459 3407 Dominus.
2514 3350 2580 3405 P.
2636 3351 2705 3408 Et
2734 3352 2895 3425 elegit
2932 3353 3103 3409 illum.
3159 3356 3194 3425 Ῡ
3218 3393 3233 3408 .
3266 3352 3465 3421 Gloria,
3495 3362 3549 3410 et
3576 3353 3781 3411 honor.

2187 3443 2251 3499 ι’.
2284 3444 2351 3498 Ει
2378 3444 2564 3515 elegit.

2257 3536 2456 3591 Lauda.
2506 3536 2563 3591 In
2610 3538 2867 3594 memoria
2917 3539 3117 3595 mtérna
3167 3541 3267 3596 erit
3302 3542 3499 3610 justus.
3524 3540 3784 3602 Alleluia.

2185 3628 2253 3682 P.
2289 3628 2369 3684 Ab
2409 3628 2593 3683 auditu
2633 3630 2779 3685 malo
2825 3644 2932 3685 non
2988 3631 3213 3687 timebit.
3246 3633 3497 3698 Alleluia,
3541 3633 3785 3700 alleluia,

2186 3720 2419 3777 alleluia.
2466 3721 2499 3790 ᾗ
2525 3758 2541 3777 .
2573 3720 2769 3778 Potens
2798 3722 2849 3778 in
2898 3731 3039 3778 terra
3083 3726 3187 3781 erit
3215 3738 3397 3785 semen
3424 3727 3543 3794 ejus
3574 3742 3587 3778 :
3619 3739 3787 3795 gene-

2186 3813 2322 3866 ratio
2354 3812 2618 3868 rectorum
2649 3813 3013 3871 benedicatur.
3051 3814 3120 3871 P.
3160 3816 3242 3870 Ah
3268 3815 3453 3871 auditu
3498 3818 3659 3872 malo.
3709 3818 3792 3885 ᾖ.

2190 3900 2391 3968 Gloria,
2422 3912 2476 3958 et
2506 3902 2695 3958 honor.
2730 3902 2800 3959 P.
2832 3905 2913 3959 Ah
2936 3905 3123 3961 auditu
3152 3907 3315 3961 malo.

2857 3996 3115 4068 Hymnus.

2474 4085 2626 4141 Clara
2654 4086 2969 4143 Sanctdrum
2999 4105 3105 4145 una
3136 4090 3464 4148 Hierusalem

2406 4175 2577 4231 Mater
2606 4178 2872 4233 conlauda
2899 4196 2913 4233 :
2945 4180 3167 4236 nimium
3198 4183 3410 4239 laetare‘

2408 4267 2530 4322 Filii
2561 4270 2712 4325 multi
2738 4271 2857 4342 quia
2888 4282 3013 4329 sunt
3038 4274 3287 4342 desertae,

2481 4360 2651 4425 Quam
2682 4363 2853 4417 virum
2888 4364 3110 4421 habens.

2511 4452 2763 4519 Jacohus,
2796 4455 2866 4510 oh
2892 4454 3013 4525 hoc,
3045 4467 3189 4524 tuus,
3218 4457 3583 4528 dictusjustus

2123 4591 2171 4648 υ
2421 4547 2635 4603 Sacram
2665 4547 2976 4635 conscendit
3003 4563 3175 4617 sacer,
3206 4561 3260 4606 et
3289 4553 3539 4607 sacerdos

2419 4642 2583 4696 Intrat
2612 4630 2932 4697 Sanctorum
2962 4644 3109 4699 solus
3134 4646 3219 4700 hic
3246 4648 3299 4700 in
3328 4647 3546 4714 Sancta,

2480 4732 2639 4803 Virgo
2665 4732 2807 4804 quod
2836 4742 3001 4790 extat.

2478 4824 2655 4881 Carne
2681 4829 2767 4882 hic
2797 4827 2960 4883 frater
2990 4828 3201 4883 Domini
3234 4830 3475 4899 vocatus,

2409 4919 2592 4974 Gratia
2623 4919 2791 4975 fretus
2820 4932 2874 4976 et
2898 4920 3212 4991 Apostolotu

2413 5011 2609 5065 lmbuit
2633 5012 2837 5080 plebes,
2876 5012 2959 5079 pia
2988 5014 3258 5069 custodire

2480 5102 2736 5171 Dogmata
2765 5102 2982 5157 ChriSti.

2482 5196 2663 5249 Ardua
2693 5205 2813 5264 post
2843 5196 2966 5255 hinc
2996 5197 3203 5270 positus
3234 5198 3287 5255 in
3317 5215 3440 5256 arte

2409 5290 2452 5342 Α
2483 5288 2637 5341 malis
2670 5306 2683 5341 :
2713 5288 3008 5357 Christum,
3042 5302 3098 5347 ut
3139 5302 3292 5363 neget
3320 5297 3527 5351 venisse
3555 5311 3577 5365 :_

2412 5380 2665 5436 Ct’infutat
2690 5382 2885 5455 dogma
2913 5385 3139 5443 dissérté
3161 5388 3445 5458 impidrutu

2480 5476 2902 5535 Pharisazt’irum.

2489 5566 2573 5622 Ad
2601 5569 2703 5623 hoc
2735 5572 2998 5640 impulsus
3026 5574 3165 5641 solo,
3196 5582 3251 5629 et
3280 5573 3552 5643 projéctus

2412 5662 2553 5727 Stat,
2584 5663 2680 5717 sed
2713 5664 2929 5720 inlaesus
2960 5666 3236 5733 métnorat,
3270 5670 3410 5739 quod
3450 5670 3597 5739 prius
3628 5690 3641 5702 ·

2416 5757 2644 5827 Μύιῳιθ
2674 5758 2934 5815 fullOuum
2972 5775 3106 5816 unus
3138 5762 3274 5819 fuste
3300 5778 3511 5821 sacrum

2482 5853 2773 5908 Cérehrum
2806 5857 2993 5925 quatit.
