4044 6382
195 422 288 477 I37
984 464 985 469 η
1268 422 1332 477 IN
1374 422 1591 480 FESTU
1628 422 1687 478 S.
1729 421 1959 479 JACUBI
2001 421 2356 481 APOSTOLI.

468 533 743 591 Poscimus
775 534 973 604 mmsti,
1005 536 1091 607 pie
1120 543 1174 590 et
1203 534 1431 606 benigne

404 629 604 702 Martyr
635 629 869 700 cxcé‘lse,
912 630 1162 699 plebique
1185 629 1427 685 connéxe
1461 648 1476 687 :

399 721 549 778 Plebi
577 723 847 779 convulsae
876 723 1067 777 durum
1090 721 1279 793 jugum
1308 721 1447 793 pelle
1480 736 1495 778 :

755 817 907 873 Bella
940 817 1175 873 remove.

469 909 550 965 Sit
576 910 720 965 salus
742 911 921 980 aegris,
951 911 1019 965 sit
1044 910 1195 980 quies
1224 907 1486 965 defunctis
1520 926 1538 966 :

399 1001 484 1058 Sil
504 1003 656 1071 Vigor
683 999 865 1068 fessis,
897 1001 965 1057 sit
994 1002 1199 1057 remOta
1233 1002 1397 1069 pestis
1431 1018 1444 1053 :

412 1095 565 1151 Vitiis
595 1096 783 1167 pulsis,
812 1095 1023 1150 miseris
1050 1095 1119 1149 sit
1148 1093 1301 1149 ctelis

749 1189 939 1245 Aditus
972 1197 1177 1258 patens.

470 1282 551 1337 Sil
577 1282 687 1338 Deo
714 1281 831 1336 laus
863 1323 877 1335 .
907 1280 1070 1348 Patri,
1103 1289 1260 1348 atque
1289 1276 1422 1331 Nato
1456 1292 1468 1330 :

400 1374 619 1444 Triplici
647 1375 821 1429 honor
850 1372 1073 1428 nimium
1105 1386 1226 1426 cum
1253 1369 1452 1426 Sancto
1488 1384 1501 1423 :

394 1468 609 1523 Nontini
638 1467 804 1523 Trino
828 1482 845 1523 :
877 1465 1073 1521 Deitati
1100 1464 1201 1520 soli

690 1559 882 1616 Sidera
911 1559 1165 1614 clament.

3358 424 3460 483 I38

1794 539 1843 597 Α
1950 535 2163 593 Oratio.
2195 536 2368 593 Homo
2414 536 2518 594 iste
2562 536 2911 609 gloriﬁcatus,
2952 535 3198 594 Christus
3242 539 3467 609 exultat,
3520 604 3521 607 η

1876 628 1969 695 qui
2016 629 2387 701 cognominari
2436 630 2946 701 proméruitjustus,
2978 638 3038 687 ut
3080 641 3165 687 tua
3206 633 3465 699 promissa
3519 629 3537 695 ξ

1873 716 2034 790 justis
2066 722 2280 792 praemia
2329 722 2539 793 populis
2585 723 2897 793 praedicaret
2926 741 2938 777 :
2970 722 3129 792 hujus
3179 724 3231 778 in
3263 724 3468 781 honore

1877 808 2108 866 acclives
2152 810 2490 881 exposcimus
2535 811 2699 869 Iléblli
2743 813 3006 880 oratione,
3057 820 3115 866 ut
3160 827 3347 881 preces
3374 830 3471 869 no-

1876 910 2017 956 stras
2063 902 2336 973 suscipere
2365 902 2601 973 digneris
2629 903 2775 959 mitis
2803 913 2960 975 atque
2992 902 3299 975 placabilis,
3330 920 3471 960 nos-

1822 1026 1827 1031 -
1878 1008 1985 1063 que
2053 996 2157 1051 tuis
2224 996 2392 1052 facias
2442 1009 2657 1068 semper
2711 995 2973 1054 inhaerere
3029 994 3318 1053 mandatis.
3392 997 3468 1066 ii.

1881 1082 2074 1139 Amen.

1953 1178 2057 1234 Per
2084 1178 2507 1236 miscricordiam
2538 1190 2703 1237 tuam.

1951 1268 2271 1339 Antiphona.
2316 1272 2421 1329 Iste
2464 1283 2679 1329 sanctus
2707 1274 2979 1341 clamtvit,
3006 1284 3061 1331 et
3099 1275 3358 1332 Dominus
3380 1290 3476 1330 ex-

1881 1363 2082 1418 audivit
2109 1378 2254 1420 eum.
2286 1363 2353 1420 P.
2384 1366 2447 1421 Et
2480 1381 2542 1422 ex
2593 1365 2840 1422 omnibus
2889 1368 3320 1424 tribulationibus
3357 1368 3475 1437 ejus

1880 1454 2131 1511 liberavit
2161 1472 2307 1512 cum.
2355 1459 2388 1526 ᾖ
2414 1500 2428 1514 .
2464 1458 2531 1512 Et
2579 1458 2657 1513 sic
2684 1458 3027 1515 bcnedicétur
3069 1459 3248 1527 homo,
3291 1458 3376 1529 qui
3412 1459 3479 1512 ti-

1881 1559 1993 1604 met
2032 1550 2342 1609 Dominum.
2391 1551 2458 1608 P.
2505 1554 2573 1610 Et
2620 1571 2690 1610 ex
2740 1555 3007 1611 omnibus.
3067 1555 3142 1627 ᾗ.
3187 1554 3392 1625 Gloria,
3424 1565 3478 1610 ct

1881 1640 2077 1711 honor,
2102 1654 2210 1701 etc.
2244 1644 2312 1700 P.
2342 1646 2410 1701 Et
2434 1662 2501 1702 ex
2528 1645 2798 1703 omnibus.

256 1744 585 1814 Supplicatio
625 1741 861 1812 dicatur,
913 1751 967 1796 ut
1013 1741 1066 1795 in
1116 1741 1244 1811 festo
1300 1736 1482 1796 Sancti
1530 1734 1784 1792 Johannis
1958 1732 2162 1791 Oratio.
2211 1735 2557 1809 Cognoscens
2614 1739 2796 1810 itaque
2852 1739 2934 1794 vir
2988 1748 3203 1796 sanctus
3249 1740 3479 1796 Jacobus

183 1830 428 1903 Apdstoli
450 1835 648 1887 muttito
675 1834 882 1887 nomine
903 1833 996 1904 fol.
1025 1833 1114 1888 54.

1897 1826 2183 1895 Apostolus
2214 1838 2333 1883 tuus
2365 1830 2622 1886 malitiam
2654 1830 2835 1901 populi
2867 1831 3201 1900 Judaeorum,
3230 1833 3260 1887 a
3290 1834 3480 1904 quibus

253 1925 369 1997 60
415 1924 675 1996 Capitula.
718 1893 1072 1994 Omnipotens
1118 1924 1298 1988 Pater,
1329 1923 1417 1992 qui
1471 1920 1783 1977 beatissimo
1814 1893 1859 1954 Β
1887 1893 2206 1975 ειὼὶίηιΔιυε
2254 1921 2538 1991 pinnaculo
2584 1893 2792 1994 templi,
2873 1926 3054 1995 tuique
3109 1893 3206 1994 pro
3249 1893 3481 1981 nominis

182 2014 453 2084 Apostolo
500 2025 554 2071 et
579 2014 832 2086 .martyri
876 2024 967 2068 tuo
1014 2013 1216 2069 Jacobo
1260 2012 1532 2081 praecipuo
1562 2010 1788 2065 munere
1889 2013 2229 2069 confessione
2258 2012 2383 2071 inde
2404 2016 2665 2087 dejéctus,
2690 2014 2957 2087 lapidibus
2987 2016 3281 2089 impressus
3299 2019 3482 2073 obrui-

182 2106 511 2174 prazstitisti,
540 2113 600 2159 ut
626 2120 725 2176 per
747 2114 799 2160 te
827 2104 978 2159 ﬁeret
1006 2106 1073 2159 de
1119 2104 1294 2174 fragili
1325 2103 1499 2167 fortis,
1533 2103 1597 2155 de
1628 2101 1788 2155 mini-
1893 2113 1979 2160 tur
2010 2123 2023 2159 :
2049 2105 2340 2164 advocatus
2368 2107 2617 2178 supréma
2667 2111 2805 2165 inter
2834 2107 3115 2181 supplicia,
3143 2124 3237 2180 per
3275 2110 3484 2165 miseri-

178 2215 276 2253 mo
307 2200 551 2269 grandis,
583 2199 651 2254 de
680 2199 850 2254 milite
875 2199 1004 2264 dux,
1035 2197 1103 2253 de
1127 2212 1284 2252 servo
1308 2199 1533 2261 amicus,
1561 2198 1628 2249 de
1658 2195 1790 2264 sup-
1891 2194 2135 2252 cordiam
2181 2207 2283 2253 tua:
2332 2200 2541 2269 pietatis
2570 2202 2795 2256 amicam
2825 2200 3043 2257 assistat
3073 2217 3168 2273 pro
3199 2203 3353 2257 nobis
3382 2205 3484 2258 mf-

181 2289 316 2358 plici
350 2288 610 2343 miriﬁcus
640 2289 941 2345 advocatus
972 2305 986 2342 :
1020 2295 1199 2358 presta
1231 2288 1493 2356 placatus,
1530 2295 1587 2339 ut
1618 2286 1789 2339 inter-
1890 2289 2030 2345 seris
2052 2287 2427 2359 interpellator
2455 2290 2724 2359 assiduus,
2754 2302 2811 2347 ut
2840 2291 3105 2348 malorum
3153 2292 3184 2348 ἐι
3214 2295 3482 2363 pressuris

182 2376 355 2432 véntu
388 2377 579 2432 sédulo
610 2378 801 2434 iisdem
834 2393 974 2433 nunc
1003 2378 1069 2433 de
1100 2378 1291 2448 quibus
1320 2378 1437 2446 ipse
1474 2375 1680 2432 eléctus
1708 2383 1791 2430 est
1891 2376 2009 2434 érui
2036 2380 2343 2434 mereamur
2369 2378 2685 2437 contuentes
2712 2383 2936 2453 gloriam
2969 2392 3134 2439 tuam.
3181 2384 3219 2454 ti
3240 2423 3256 2439 .
3286 2388 3480 2441 Amen.

182 2468 470 2533 membris,
524 2468 777 2524 adhibeat
823 2467 1095 2539 fragilitati
1149 2469 1464 2539 potentiam,
1497 2466 1785 2522 humilitati
1963 2468 2066 2526 Per
2091 2469 2518 2535 misericordiam
2540 2481 2706 2528 tuam.

183 2558 439 2629 gloriam,
485 2559 688 2614 militiae
732 2558 1068 2629 disciplinam
1098 2598 1113 2626 ,
1161 2556 1412 2615 servituti
1458 2557 1783 2626 libertatem,
1962 2560 2284 2629 Antiphone.
2338 2561 2546 2620 Stolam
2597 2564 2784 2636 gloriae
2830 2565 3002 2623 induit
3047 2583 3169 2624 eum
3198 2559 3459 2626 Dominus

187 2651 503 2708 necessitati
533 2651 969 2709 advocatidnem.
1891 2648 1960 2703 P.
1995 2650 2389 2708 Jocunditatem
2419 2664 2473 2710 et
2500 2656 2883 2713 exultationem
2914 2657 3293 2715 thesaurizavit
3322 2674 3483 2731 super

263 2744 428 2799 Pater
457 2755 661 2800 noster.
691 2744 930 2801 Liberati
958 2743 989 2800 ὲ
1021 2746 1181 2800 malo.
1210 2743 1306 2816 fol.
1334 2746 1388 2799 Ξ.
1890 2754 2035 2810 eum,
2068 2751 2123 2796 et
2147 2742 2364 2800 nomine
2387 2745 2593 2802 tetérno
2619 2748 2936 2805 hereditavit
2975 2749 3145 2805 illum.
3182 2752 3218 2821 ᾖ
3244 2791 3257 2806 .
3286 2752 3483 2809 Potens

263 2836 558 2893 [luminare
584 2852 681 2893 vos
712 2837 1098 2894 benedictioni.
1892 2832 1947 2887 in
1976 2842 2117 2889 terra
2146 2835 2249 2890 erit
2290 2850 2474 2893 semen
2501 2839 2620 2908 ejus
2652 2854 2667 2895 :
2696 2841 2973 2912 generatio
3012 2845 3279 2905 rectOrum
3320 2846 3484 2903 bene-

265 2928 528 2984 Déminus
557 2929 628 2984 sit
653 2943 887 3000 semper.
933 2929 970 2997 ιῆ
994 2971 1005 2983 ,
1043 2930 1109 2983 Et
1134 2943 1278 2985 cum,
1892 2923 2119 2980 dlcéltll'.
2154 2924 2222 2981 Ρ.
2256 2926 2674 2988 Jocunditatem.
2720 2932 2755 3003 ᾗ
2780 2974 2794 2988 .
2828 2932 3031 3006 Gloria,
3059 2945 3114 2992 ει
3143 2935 3333 3006 honor,
3374 2947 3481 2994 CIC.

266 3018 588 3076 Benedictio.
620 3020 926 3078 Beatissimi
955 3019 1140 3077 Jacobi
1169 3019 1413 3091 Apostoli
1444 3028 1499 3075 et
1540 3018 1791 3091 Martyris
1892 3015 1963 3074 P.
1987 3015 2399 3076 Jocunditatem.

206 3113 282 3167 aui
302 3128 399 3168 nos
426 3112 688 3169 Dominus
732 3114 1119 3170 intercessidne
1148 3113 1433 3169 custodiat.
1479 3113 1517 3181 ἢ
1539 3151 1553 3167 .
1593 3113 1786 3168 Amen.
1968 3107 2172 3166 Oratio.
2208 3111 2471 3170 Exultans
2512 3115 2665 3185 plebs
2693 3123 2806 3187 tua,
2834 3117 3082 3187 Domine,
3116 3121 3168 3175 in
3218 3121 3318 3177 hoc
3352 3123 3487 3179 festo

3516 1146 3525 1183 ἱ

270 1653 310 1722 ἢ
334 1691 349 1707 .
381 1654 573 1708 Amen.

212 3203 539 3273 Sperantium
573 3209 627 3261 in
653 3220 713 3260 se
737 3205 1089 3261 necessitates
1119 3205 1362 3275 placatus
1406 3203 1665 3259 intendat.
1709 3203 1746 3269 Ii]
1770 3241 1786 3258 .

208 3296 389 3352 Amen.
424 3296 495 3352 Ut
518 3297 637 3369 ejus
662 3298 831 3353 secuti
863 3297 1086 3369 vestigia
1113 3297 1179 3352 ad
1211 3295 1453 3352 cmléstia
1482 3309 1643 3366 regna
1674 3293 1791 3365 pér-

208 3402 328 3457 gere
355 3390 644 3446 valeamus.
685 3389 723 3459 ιῆ
744 3427 760 3443 .
790 3391 982 3444 Amen.

282 3478 383 3535 Per
407 3483 822 3538 misericordiam
854 3482 1040 3554 ipsius.

291 3570 487 3628 Lauda.
509 3573 685 3630 Justus
712 3584 770 3629 ut
796 3576 970 3646 palma
1000 3570 1233 3630 ﬂorébit.
1259 3572 1508 3630 Alleluia.
1544 3570 1611 3629 P.
1643 3571 1793 3628 Sicut

215 3663 403 3719 cedrus
442 3665 625 3724 Libani
666 3666 1126 3738 multiplicabitur.
1156 3664 1407 3731 Alleluia,
1437 3664 1667 3720 alleluia.
1712 3664 1748 3734 ᾗ
1774 3702 1787 3716 .

210 3753 400 3811 Potens
429 3758 480 3812 in
510 3770 651 3814 terra
674 3760 776 3813 erit
805 3773 991 3814 semen
1020 3758 1135 3827 ejus
1168 3775 1181 3812 :
1208 3754 1484 3828 generatio
1522 3757 1790 3812 rectarum

206 3844 568 3904 benedicétur.
600 3848 668 3907 P.
716 3849 866 3904 Sicut
894 3849 1108 3905 cedrus.
1155 3850 1227 3919 ᾗ.
1261 3846 1471 3916 Gloria,
1512 3858 1567 3904 et
1596 3851 1787 3918 honor,

204 3947 309 3993 etc.
338 3938 403 3995 Ρ.
445 3940 596 3997 Sicut
625 3941 838 3997 cedrus.

276 4030 471 4087 Oratio.
524 4033 696 4089 llomo
738 4036 838 4089 iste
884 4032 1235 4104 gloriﬁcatus.
1291 4030 1509 4101 Require
1557 4032 1693 4103 infra
1735 4033 1790 4085 in

203 4120 498 4181 Hominis.

268 4218 350 4273 Ad
391 4218 726 4275 Hatutinum.
779 4220 1094 4292 Antiphona.
1142 4218 1306 4273 Labia
1358 4234 1499 4288 mea,
1543 4218 1789 4287 Domine,

200 4310 411 4379 apéries
440 4330 454 4364 :
486 4311 559 4367 Ρ.
588 4312 652 4366 Ει
680 4326 741 4367 os
784 4327 961 4367 meum
990 4310 1326 4367 annuntiabit
1363 4310 1574 4366 laudem
1622 4320 1787 4365 tuam.

201 4400 447 4459 Psalmus
470 4422 522 4460 ι..

273 4496 480 4551 Oratio.
512 4497 790 4567 Exultent,
823 4496 1072 4564 Domine,
1103 4494 1242 4551 labia
1283 4504 1466 4552 nostra
1520 4496 1793 4564 praeconio

1896 3202 2081 3260 Jacobi
2110 3207 2183 3260 tui
2222 3207 2467 3276 Apostoli
2498 3211 2720 3264 summis
2742 3220 2793 3266 te
2820 3212 3024 3283 ﬂagitat
3051 3213 3294 3282 precibus
3320 3214 3484 3281 idem,

1897 3304 1953 3349 ut
1994 3295 2225 3351 sicutab
2266 3297 2517 3353 omnibus
2540 3302 2945 3371 cognominatus
2970 3303 3265 3373 estjustus,
3312 3304 3490 3375 itaque

1896 3401 1994 3442 nos
2024 3386 2284 3458 appellari
2334 3392 2637 3446 mereamur
2663 3391 3161 3465 cultoresjustitiaa,
3194 3404 3248 3450 ct
3286 3397 3492 3451 miseri-

1894 3478 2092 3535 corditc
2115 3480 2431 3538 sectatores.
2470 3482 2508 3553 ἢ
2531 3523 2544 3539 .
2576 3486 2771 3540 Amen.

1963 3572 2067 3629 Per
2094 3573 2517 3630 misericordiam
2549 3587 2717 3633 tuam.

1977 3658 2051 3733 ἢ.
2100 3663 2287 3720 Justus
2333 3666 2658 3737 justiﬁcétur
2701 3682 2717 3725 :
2754 3678 2807 3725 et
2862 3680 3081 3729 sanctus
3125 3674 3490 3733 sanctiﬁcétur

1892 3757 2086 3813 adhuc.
2118 3759 2329 3826 Beatus,
2361 3755 2452 3832 qui
2485 3763 2612 3817 lavit
2638 3762 2831 3819 stolam
2878 3779 3049 3822 suum.
3096 3766 3164 3825 P.
3202 3768 3272 3824 Ut
3298 3770 3367 3825 sit
3395 3785 3490 3840 po—

1894 3848 2058 3905 testas
2098 3849 2215 3920 ejus
2258 3856 2311 3906 in
2361 3852 2503 3922 ligno
2528 3853 2672 3909 vitae.
2716 3854 2789 3925 ᾗ.
2822 3851 2892 3909 Ει
2920 3857 3246 3929 quicumque
3278 3860 3486 3926 vicerit,

1892 3942 1969 3996 sic
1995 3941 2253 3997 vestietur
2284 3942 2514 3998 candida
2539 3955 2707 4012 veste,
2731 3954 2785 4001 et
2808 3961 2914 4002 non
2939 3948 3128 4004 delebo
3151 3965 3341 4005 nomen
3370 3950 3489 4020 ejus

1893 4037 1961 4088 de
1988 4033 2122 4089 libro
2148 4035 2291 4091 vitm.
2339 4035 2408 4090 P.
2449 4034 2515 4093 Ut
2547 4038 2617 4092 sit
2649 4040 2903 4106 potestas.
2953 4041 2987 4110 ᾖ
3011 4079 3025 4094 .
3059 4040 3264 4111 Gloria,
3294 4053 3348 4099 et
3394 4045 3490 4099 ho-

1892 4141 2011 4193 nor,
2032 4136 2138 4183 etc.
2173 4126 2456 4182 Reilerélur
2495 4127 2529 4195 it}
2552 4169 2566 4184 .
2591 4129 2771 4197 Jusms
2788 4130 3131 4201 justiiicétur.

2498 4219 2563 4274 In
2596 4222 2877 4278 Laudibus.
3024 4220 3025 4223 “

1962 4312 2043 4365 Ad
2074 4311 2363 4367 Cdnticum.
2398 4315 2714 4383 Antiphonti.
2748 4316 2827 4369 Tu
2857 4318 3001 4373 Solus
3052 4317 3331 4385 Dominus,
3364 4322 3485 4389 quia

1893 4419 1999 4459 non
2029 4412 2113 4459 est
2141 4404 2301 4473 alius,
2330 4421 2507 4475 neque
2526 4407 2700 4475 jusms
2728 4420 2926 4480 praeter
2959 4421 3030 4479 te,
3067 4426 3238 4481 neque
3268 4423 3487 4466 sanctus

1850 4574 1853 4579 ⁴
1896 4507 2088 4567 praeter
2118 4507 2171 4554 te
2200 4498 2367 4554 Deum
2401 4510 2664 4555 nostrum.

198 4591 471 4658 veritatis;
519 4600 576 4647 ut
621 4607 729 4646 non
773 4588 1111 4647 resolvantur
1141 4588 1446 4661 vaniloquio
1490 4589 1737 4645 falsitatis
1767 4607 1781 4646 :
1816 4610 1869 4673 Ι)
1966 4588 2250 4645 canticum.
2275 4590 2656 4649 Confirmatum
2687 4605 2787 4650 est.
2824 4596 3007 4663 Quane
3038 4598 3132 4665 fol.
3156 4596 3245 4653 55.

201 4684 388 4756 sicque
417 4686 593 4757 lingua
636 4700 815 4743 noSIra
849 4685 1111 4759 judicium
1142 4688 1386 4743 veritatis
1436 4688 1702 4757 loquatur,
1735 4699 1793 4744 ut

196 4775 471 4833 Christum
503 4786 652 4834 tuum
688 4793 875 4834 verum
918 4777 1154 4849 judicem
1201 4778 1593 4848 promptissima
1630 4778 1794 4835 devo-

197 4874 348 4931 tione
376 4874 557 4930 laudet
587 4893 603 4932 :
632 4884 794 4946 atque
835 4875 906 4930 ita
947 4875 1211 4945 praecepta
1243 4884 1331 4929 tua
1357 4874 1570 4929 assidue
1597 4874 1647 4929 in
1689 4889 1790 4928 no-

198 4976 312 5023 stro
347 4968 513 5024 corde
547 4969 849 5034 versentur,
896 4977 954 5022 ut
983 4983 1199 5038 gressus
1225 4967 1393 5023 nostri
1424 4967 1491 5022 ab
1521 4967 1791 5024 insidiosis

196 5059 465 5133 decipulis
492 5061 712 5118 minime
739 5062 1166 5133 supplanténtur.
1209 5062 1247 5132 ti)
1269 5102 1283 5116 .
1314 5063 1506 5118 Amen.

268 5154 377 5211 Per
404 5155 829 5212 misericordiam
858 5166 1025 5213 tuam.

266 5248 590 5319 Antiphonta.
642 5249 747 5305 Iste
794 5249 956 5304 homo
1001 5249 1382 5307 honOriﬁcatus
1422 5260 1502 5305 est
1531 5251 1705 5318 valde,
1735 5262 1793 5308 et

195 5340 471 5410 confregit
499 5341 640 5396 Deus
667 5342 839 5396 corda‘
859 5342 1193 5398 inimicorum
1235 5343 1372 5413 ejus.
1406 5342 1470 5399 P.
1503 5345 1567 5401 Et
1596 5361 1789 5416 prape-

194 5433 339 5488 ram
370 5433 424 5488 in
454 5433 613 5489 domo
644 5434 855 5489 Domini
905 5435 998 5491 Dei
1044 5436 1126 5491 sui
1158 5420 1389 5505 peitécro
1412 5438 1595 5507 corde,
1624 5449 1676 5493 et
1716 5439 1791 5493 v-i-

194 5526 399 5582 derunt
420 5541 609 5582 omnes
636 5541 758 5597 quae
802 5527 1083 5599 magniﬁca
1113 5527 1239 5587 fecit
1285 5528 1425 5585 Deus
1453 5544 1549 5599 per
1591 5529 1787 5598 ipsum.

208 5618 247 5688 y
271 5657 290 5674 .
319 5618 553 5674 Minima
583 5626 666 5674 est
687 5619 855 5688 gloria
886 5619 1002 5690 ejus
1047 5619 1098 5674 in
1129 5618 1347 5675 salutari
1376 5630 1466 5675 tuo
1500 5638 1510 5671 :
1543 5619 1787 5689 gloriam,

195 5719 251 5764 et
283 5725 538 5782 magnum
563 5709 812 5766 decdrem
843 5711 1083 5779 imponas
1112 5725 1276 5779 ξυνει-
1302 5726 1442 5766 eum.
1478 5709 1544 5765 Ρ.
1580 5712 1645 5767 Ει
1669 5728 1790 5782 pro-

194 5805 433 5873 peravit.
500 5804 571 5873 ᾗ.
622 5801 824 5871 Gloria,
871 5813 926 5860 et
966 5806 1157 5871 honor,
1209 5816 1311 5862 etc.
1363 5804 1428 5860 Ρ.
1482 5805 1544 5862 Et
1595 5823 1784 5879 pmpe-

194 5898 367 5954 ﬂvit.

489 5995 761 6057 PATROL.
810 5996 1160 6059 LX-X'XVI.

1963 4685 2045 4738 Ad
2088 4683 2412 4743 Benedictus.
2460 4689 2775 4761 Antiphona.
2835 4692 3142 4749 Benedictio
3183 4694 3396 4750 Domini
3431 4697 3483 4751 in

1892 4778 2195 4834 mercedem
2217 4780 2345 4849 justi
2380 4782 2615 4839 fesunat.

1965 4866 2253 4927 Cdnticum.
2286 4873 2608 4930 Benedictus
2636 4892 2694 4933 es
2722 4874 2949 4934 Domine
2977 4878 3117 4936 Deus
3145 4889 3354 4950 patrum
3384 4899 3483 4937 tto-

1892 4962 2148 5018 strorum.
2180 4962 2401 5035 Require
2427 4967 2524 5035 fol.
2558 4968 2612 5024 6.

1963 5055 2070 5127 61
2105 5054 2270 5111 Sono.
2304 5058 2550 5113 Alleluia.
2580 5060 2773 5115 Beatus
2808 5062 2905 5125 vir,
2936 5062 3024 5129 qui
3056 5063 3227 5121 timet.
3260 5064 3479 5136 Require

1893 5148 1987 5216 fol.
2018 5148 2105 5203 59.

1900 5234 1905 5237 ’
1966 5244 2172 5299 Lauda.
2204 5244 2441 5299 Laudate
2472 5244 2755 5300 Dominum
2786 5247 2851 5301 de
2874 5248 3045 5303 cwlis.
3063 5248 3289 5303 Alleluia
3319 5265 3329 5299 :
3357 5250 3480 5301 lau-

1892 5335 2018 5392 date
2059 5351 2179 5391 enm
2233 5337 2287 5392 in
2341 5336 2586 5393 excélsis.
2635 5337 2893 5405 Alleluia,
2945 5338 3179 5394 alleluia.
3239 5336 3479 5394 Psalmus

1892 5450 2113 5491 CXLVIII.

1966 5526 2223 5598 Hymnus.
2257 5526 2411 5583 Clara
2434 5528 2752 5584 Sanctarum
2779 5542 2882 5582 una
2904 5524 3257 5583 Hierusalem.
3286 5524 3477 5599 Requi-

1890 5636 1945 5674 re
1965 5619 2059 5689 fol.
2092 5618 2181 5676 59.

2016 5712 2190 5769 Le’ctio
2213 5714 2330 5769 Lbri
2360 5714 2643 5786 Sapientiae
2670 5713 2961 5772 Salomonis
2986 5710 3138 5786 (Cap.
3165 5715 3317 5783 xvnt)

1980 5807 2016 5875 ἡ
2037 5848 2050 5860 .
2083 5808 2188 5862 Deo
2217 5807 2436 5879 gratias.
2598 5882 2603 5887 δ
2856 5880 2857 5883 η

1966 5897 2167 5967 Tetigit
2205 5900 2406 5969 justum
2456 5899 2678 5957 tentatio
2726 5901 2937 5973 mortis,
2982 5910 3037 5958 et
3084 5900 3371 5957 commotio
3414 5900 3470 5956 in
