4044 6382
585 374 685 429 I59

1791 372 2216 430 BREVHRIUM
2259 369 2629 429 GOTIIICUM.

3746 380 3862 435 HO

574 484 758 541 eremo
790 481 924 536 facta
955 489 1037 537 est
1074 479 1470 538 multitudinis:
1516 482 1609 539 sed
1645 498 1750 537 non
1783 484 1871 539 diu
1904 484 2154 555 perman-
2188 490 2234 547 Α
2333 484 2649 555 Antiphona.
2705 483 2960 538 Viderunt
3008 499 3194 539 omnes
3244 485 3376 541 ﬁnes
3408 496 3563 542 terra
3603 490 3861 547 salutare

575 577 644 634 sit
671 576 748 631 ira
780 585 891 629 tua.
919 573 1223 643 Prtiperans
1253 574 1393 628 enim
1432 572 1591 628 homo
1627 574 1745 630 sine
1780 576 1995 645 querela
2028 592 2159 647 pro-

576 667 829 741 pugnhvit
854 707 869 732 ,
920 664 1198 736 prdl‘eren‘s
1242 665 1515 721 servitutis
1542 680 1653 721 sua:
1682 678 1886 723 scutum
1909 709 1925 735 ,
1962 670 2159 723 oratio-

574 778 721 828 nem,
756 770 809 815 ct
836 773 931 829 per
957 757 1234 812 inafénsum
1266 757 1697 828 deprecatiénem
1729 758 1987 831 allégans,
2014 759 2159 816 résti-

577 853 641 908 ti't
693 854 808 917 irae,
856 861 911 907 et
966 852 1123 906 linem
1178 851 1433 922 imposuit
1477 852 1815 920 necessitati,
1872 854 2161 910 ostendens

569 945 823 1015 quoniam
854 953 971 997 tuus
1001 952 1081 997 est
1114 941 1367 997 famulus.
1397 943 1542 998 Vicit
1571 953 1747 998 autem
1783 946 1965 1000 turbas
1990 985 2006 1010 ,
2053 960 2158 1001 non

572 1035 773 1091 virtute
800 1035 1062 1104 corporis,
1098 1051 1197 1091 nec
1235 1037 1505 1090 armatura
1537 1026 1786 1104 potentia:
1810 1076 1824 1099 ,
1858 1036 1951 1090 sed
1994 1037 2159 1089 verbo

574 1130 669 1185 Dei
702 1132 1011 1185 veratdrem
1062 1130 1287 1199 projecit
1311 1170 1326 1195 ,
1374 1129 1673 1199 juraménta
1703 1127 1981 1197 parentum
2010 1142 2159 1182 com-

574 1221 902 1276 mc'morans.
952 1222 1083 1275 Cum
1136 1222 1275 1275 enim
1320 1222 1429 1290 jam
1474 1220 1783 1275 caterviitim
1834 1218 2159 1275 cecidissent

573 1318 734 1384 super
775 1314 1089 1369 alterutrum
1137 1314 1357 1379 muttui,
1401 1314 1730 1380 intérstciit,
1776 1322 1830 1367 et
1861 1312 2157 1381 amputavit

572 1408 829 1478 impetum
856 1450 871 1475 ,
931 1418 983 1463 et
1011 1405 1193 1462 di‘iSil
1238 1409 1415 1470 illam,
1464 1423 1581 1478 qum
1624 1410 1689 1460 ad
1742 1405 1890 1460 vivos
1930 1407 2156 1461 ducebat

572 1497 733 1551 viam.
768 1497 823 1551 In
876 1506 1027 1553 veste
1075 1498 1215 1551 enim
1248 1498 1492 1566 podéris,
1542 1512 1699 1565 quam
1733 1497 1982 1563 hahéhal,
2015 1505 2155 1555 totus

568 1586 718 1642 orb’is
768 1589 1030 1642 terrarum
1058 1632 1073 1655 ,
1124 1596 1178 1642 et
1205 1586 1482 1656 paréntnm
1529 1587 1791 1658 maguiilia
1839 1587 1890 1641 in
1927 1573 2157 1656 qna'tuor

569 1679 847 1735 ordinibus
879 1680 1114 1748 lapidum
1141 1689 1293 1734 crant
1316 1679 1544 1749 sculpta,
1573 1688 1628 1733 et
1654 1678 2044 1749 magniﬁcentia
2065 1687 2153 1735 tua

568 1772 619 1825 in
660 1771 962 1827 diademate
988 1771 1181 1839 capitis
1210 1772 1352 1826 illius
1376 1781 1497 1826 erat
1527 1772 1801 1841 inscripta.
1855 1772 1891 1841 ἢ
1913 1810 1927 1826 .
1958 1771 2150 1827 Amen.

2268 574 2357 629 Dei
2387 576 2575 629 nostri.
2602 572 2669 628 P.
2694 573 2927 630 Jubilate
2959 576 3070 630 Deo
3103 576 3351 631 universa
3384 588 3566 633 terra:
3607 583 3857 649 caritate,

2264 676 2318 722 et
2348 668 2584 723 exultiite
2630 678 2683 724 et
2729 667 2959 738 psallite.
3022 668 3056 737 ᾗ
3080 708 3093 721 .
3127 668 3348 725 Psallite
3378 669 3608 727 Dumino
3640 684 3859 741 nostro,

2263 761 2516 829 psallite;
2569 762 2779 831 psallite
2818 762 2929 832 regi
2980 772 3185 829 nostro,
3221 764 3455 832 psallite.
3486 764 3552 819 ι’.
3581 765 3851 822 Jubilate-

2277 856 2348 925 7.
2386 854 2594 921 Cléria,
2636 865 2690 910 et
2722 854 2915 922 honor,
2940 866 3047 911 etc.
3080 855 3149 912 Ρ.
3177 856 3410 913 Juhilate
3439 858 3566 913 Deo.

2335 946 2535 1001 Oratio.
2572 945 2820 1013 Démine,
2848 963 3004 1017 quem
3037 957 3102 1004 ex
3143 948 3358 1005 hémine
3384 959 3565 1005 natum
3597 942 3856 1007 homines

2259 1038 2688 1108 conspexerunt,
2741 1048 2797 1095 et
2849 1040 3160 1109 praedictum
3209 1040 3343 1097 ﬁnes
3388 1051 3542 1097 terra:
3572 1042 3854 1111 viderunt,

2259 1126 2349 1196 qui
2375 1136 2503 1182 ante
2530 1126 2705 1197 aliqua
2755 1127 2992 1197 témpora
3040 1130 3327 1199 praedictus
3368 1146 3427 1186 es
3457 1132 3677 1188 vdcihus
3711 1135 3855 1189 Pro-

2259 1218 2538 1285 phetarum
2563 1258 2579 1285 ,
2630 1227 2685 1273 et
2716 1218 2770 1273 in
2803 1220 3043 1289 témpore
3076 1221 3252 1287 visus,
3287 1230 3341 1276 et
3369 1224 3696 1292 gloriﬁcétus
3725 1226 3854 1280 mo-

2256 1310 2395 1366 du’is
2439 1313 2757 1382 populdrum
2796 1332 2811 1367 :
2857 1316 3097 1372 concede
3138 1317 3404 1388 propitius
3453 1336 3576 1375 vasa
3610 1337 3710 1376 nos
3759 1332 3853 1376 tua

2258 1401 2349 1456 tibi
2382 1406 2700 1471 permanere
2748 1407 3097 1461 mundissima
3125 1449 3137 1471 ,
3170 1420 3228 1462 ut
3271 1410 3403 1464 lucis
3437 1422 3621 1466 auctor
3654 1428 3754 1467 nos
3793 1425 3853 1469 et

2251 1494 2453 1566 jt'tgitér
2478 1499 2739 1566 illustres,
2763 1508 2818 1554 et
2842 1500 3206 1557 itltlt'sinénlér
3224 1502 3513 1560 inhabiles.
3553 1506 3587 1573 ἢ
3614 1547 3625 1558 .
3649 1509 3847 1560 Amuli.

2258 1585 2359 1640 Per
2390 1588 2814 1644 misericdrdiam
2844 1601 3007 1646 tuam.

2324 1678 2641 1748 Antiphonti.
2677 1679 2933 1737 Viderunt
2960 1683 3097 1737 Oculi
3128 1684 3227 1738 mei
3260 1684 3496 1741 salutare
3530 1696 3697 1749 tuum,
3733 1687 3845 1742 no-

2263 1771 2429 1837 mine,
2456 1773 2595 1841 quod
2630 1773 2825 1840 parasti
2858 1774 2909 1828 in
2937 1776 3226 1843 conspectu
3259 1778 3597 1846 populdruni.
3630 1776 3697 1832 P.
3733 1779 3843 1834 [ιιι-

635 1865 986 1936 δυρριὶτάιίο.
1037 1864 1265 1919 Orémus
1314 1840 1725 1935 lledemptOrem
1761 1840 1943 1921 mundi
1972 1865 2155 1919 Dumi-
2186 1840 2228 1899 Β
2262 1880 2385 1919 men
2437 1840 2501 1918 ad
2549 1866 2930 1920 revelatidnem
2977 1840 3275 1936 Gentium,
3313 1840 3369 1923 et
3412 1868 3637 1938 glériam
3672 1871 3846 1939 plebis

566 1972 691 2013 nunt
723 1965 967 2011 nostrum
997 1955 1180 2011 Jesum
1223 1954 1493 2012 Christum
1513 1997 1529 2024 ,
1559 1971 1677 2011 cum
1714 1958 1857 2010 omni
1887 1956 2155 2027 supplico-

565 2052 712 2107 tione
740 2051 1023 2121 rOgémus;
1055 2058 1113 2104 ut
1142 2064 1240 2104 nos
1270 2049 1440 2120 gratia
1468 2049 1757 2105 nativitatis
1787 2066 1932 2116 suae,
1980 2061 2032 2106 et
2064 2066 2156 2120 per

560 2144 1006 2199 intercessidnem
1049 2142 1233 2197 Sancti
1274 2141 1459 2198 Jacébi
1505 2140 1747 2212 Apostoli
1775 2143 1855 2197 sui
1888 2142 2042 2197 nobis
2070 2156 2155 2197 sa-

560 2236 727 2293 lutem
757 2235 954 2290 a'nimae
997 2245 1051 2290 et
1097 2235 1374 2303 curporis,
1418 2244 1471 2291 et
1507 2233 1880 2290 remissidncm
1908 2236 2154 2303 peccato-

563 2341 707 2392 rum,
732 2336 785 2380 ct
814 2341 1000 2395 pacem
1030 2325 1295 2396 propitius
1327 2326 1563 2380 tribuere
1585 2325 1852 2394 dignetur.
1903 2327 1938 2395 ἢ
1960 2365 1975 2380 .
2009 2325 2154 2381 Prte-

558 2425 641 2471 sta
656 2418 857 2472 mtérne
878 2416 1221 2487 omnipotens
1248 2417 1408 2473 Dens.
1439 2416 1600 2489 Kyrie
1621 2417 1845 2474 eléison.
1893 2418 1929 2486 ἢ
1952 2460 1968 2474 .
1997 2418 2155 2473 Chri-

559 2516 643 2563 ste
668 2507 897 2564 eléison.
930 2507 1094 2579 Kyrie
1116 2509 1341 2563 eléison.

634 2600 899 2673 Capitula.
930 2600 1080 2659 Juste
1104 2602 1359 2664 Démino,
1402 2601 1432 2655 Ξ]
1461 2619 1565 2674 quo
1590 2615 1749 2672 JUSUS
1780 2602 1970 2659 méritu
1995 2604 2153 2674 justi-

564 2702 634 2748 lla
665 2694 839 2750 tenéri
870 2693 1207 2764 conceditur,
1235 2697 1322 2764 qui
1351 2712 1443 2767 per
1469 2694 1677 2766 tejusté
1701 2696 1882 2752 vivere
1906 2697 2149 2765 cupiunt,

562 2786 630 2842 da
678 2787 986 2859 justitiam,
1033 2805 1192 2861 quam
1240 2789 1475 2846 rc'tinent
1520 2800 1730 2854 incute,
1780 2790 2063 2844 ostendant
2096 2791 2148 2844 in

560 2877 727 2947 opere
753 2919 770 2945 ,
825 2894 890 2934 ex
936 2894 1041 2950 quo
1085 2888 1331 2933 sanctum
1373 2879 1686 2949 Apostolum
1716 2889 1862 2935 tuum
1891 2880 2148 2935 Jacéhutn

559 2969 712 3028 recte
755 2971 956 3041 justum
1001 2972 1069 3026 ab
1114 2972 1364 3027 omnibus
1412 2973 1790 3044 cognoscimus
1819 2974 2148 3041 vocitatum;

564 3063 718 3132 cujus
758 3064 898 3134 jnsta
930 3064 1142 3135 eloquia
1191 3066 1543 3135 reprohorum
1575 3063 1869 3121 confutavit
1914 3066 2143 3132 malitia,

559 3154 682 3209 cum
713 3154 791 3209 illi
814 3170 932 3209 cum
967 3155 1175 3210 fallat-ia
1207 3156 1458 3225 nequitia:
1486 3172 1631 3225 suae,
1659 3167 1713 3212 et
1734 3156 1938 3228 justum
1966 3160 2147 3228 appel-
2175 3192 2224 3257 ο

557 3247 756 3312 larent,
789 3258 845 3303 et
878 3248 1193 3319 injusliaiam
1225 3250 1420 3306 docere
1446 3251 1694 3321 opturent
1722 3271 1735 3309 :
1767 3252 1836 3307 oh
1867 3253 1968 3309 hoc
1993 3256 2147 3325 quip-

560 3355 627 3408 pe
650 3356 771 3396 eum
818 3342 868 3395 in
916 3342 1135 3397 sublimi
1182 3344 1301 3399 loco
1348 3347 1666 3400 arcessitum
1718 3344 2060 3414 statuerent,
2093 3354 2151 3401 ut

557 3433 717 3503 longe
748 3432 960 3505 latéque
990 3434 1108 3505 ejus
1137 3435 1455 3504 praedicatio
1487 3437 1797 3504 resonaret,
1828 3453 1986 3509 quem
2023 3453 2148 3493 vera

562 3523 875 3593 loquentem
923 3524 1169 3595 recipere
1197 3526 1424 3595 nolunt,
1456 3526 1550 3582 sed
1584 3542 1705 3582 mox
1732 3528 2146 3598 prtecipitatuni,

559 3624 722 3684 atque
771 3614 1088 3671 decorhtum
1139 3618 1390 3686 passidne
1437 3616 1716 3673 efﬁciunt:
1764 3616 1848 3673 fac
1886 3634 1984 3673 nos
2032 3622 2150 3689 ejus

559 3706 769 3762 méritis
796 3747 812 3774 ,
843 3716 897 3762 et
937 3707 1203 3778 justitiam
1236 3708 1419 3764 tenére
1448 3708 1501 3764 in
1532 3720 1711 3764 mente
1735 3748 1748 3772 ,
1781 3718 1839 3766 et
1863 3724 1980 3765 eam
2011 3726 2147 3780 pra:-

558 3799 745 3855 dicére
774 3800 1035 3867 libenter;
1082 3811 1139 3856 ut
1168 3801 1307 3857 sicut
1338 3802 1429 3857 ille
1456 3802 1730 3873 operando
1766 3802 2030 3872 justitiam
2056 3805 2148 3874 ju-

561 3891 830 3945 stilichtus
878 3893 944 3945 ad
992 3902 1044 3948 te
1088 3893 1331 3962 pervenit
1380 3908 1476 3962 per
1521 3895 1763 3964 martyrii
1793 3894 2042 3964 glutiam,
2072 3896 2144 3952 ita

558 3997 659 4037 nos
700 3982 818 4051 ejus
860 3980 1127 4051 suﬂragiis
1161 3998 1259 4054 per
1298 3982 1512 4052 dignam
1547 3982 1916 4052 paenitentiam
1950 4001 2145 4055 perve-

558 4074 678 4129 nire
710 4074 1014 4128 mcreiunur
1040 4074 1105 4128 ad
1131 4073 1562 4139 consequendam
1586 4074 1995 4147 indulgentiam.

633 4168 792 4223 Pater
812 4177 1019 4222 noster.

629 4257 870 4314 Liberali
901 4258 929 4312 ὸ
967 4258 1124 4314 malo.
1162 4257 1257 4330 fol.
1281 4259 1335 4315 2.

629 4351 833 4405 Lauda.
866 4349 1050 4406 Justus
1083 4361 1138 4406 ut
1166 4353 1338 4422 palma
1371 4351 1605 4409 ﬂorébit.
1659 4350 1973 4410 Benedictio.
2014 4355 2146 4409 [ira-

558 4444 748 4502 tissimi
780 4444 983 4500 Iacchi.
1020 4445 1203 4511 Qua’re
1235 4447 1331 4516 fol.
1365 4446 1454 4501 61).

628 4560 692 4615 IN
723 4559 943 4619 Ε’ΕὸΤο
970 4558 1516 4617 CIRCUMCISIONIS
1557 4561 1783 4617 ῡωιιΝι
1816 4562 2066 4619 NUSTRI
2166 4560 2220 4622 Ι)

1104 4632 1267 4687 JESU
1301 4632 1589 4687 CHRISTI.

1159 4724 1237 4777 Ad
1272 4721 1545 4792 Véspet'os.

629 4812 833 4868 Lauda.
878 4812 1257 4868 Laudavérunt
1299 4822 1352 4868 te
1377 4853 1393 4879 ,
1445 4812 1693 4879 Dumine,
1726 4829 1914 4869 omnes
1951 4818 2140 4886 Angeli

559 4906 658 4974 tui,
689 4916 740 4960 ct
770 4903 1083 4961 cecinerunt
1128 4904 1393 4974 ilymnum
1423 4946 1438 4971 ,
1490 4904 1616 4958 dum
1656 4909 1945 4975 perliceres
1976 4906 2143 4962 fabri-

557 5012 675 5053 cam
707 4997 826 5052 caeli
853 5013 869 5053 :
905 5006 1026 5051 tuus
1054 5004 1136 5050 est
1164 4995 1280 5050 dies
1304 5038 1318 5061 ,
1371 5004 1425 5052 et
1454 5004 1541 5051 tua
1570 5008 1646 5052 est
1674 5014 1804 5052 nox.
1839 4998 1904 5055 P.
1962 4998 2041 5053 Tu
2064 4997 2144 5053 fe-

558 5090 680 5146 cisti
709 5092 910 5157 solem,
953 5099 1007 5144 et
1038 5091 1234 5144 lunam.
1286 5089 1318 5157 ᾗ
1347 5131 1360 5145 .
1388 5089 1469 5144 Tu
1501 5091 1831 5147 conﬁrmasti
1865 5092 1915 5144 in
1948 5092 2143 5146 virtute

559 5192 648 5237 tua
666 5197 836 5249 mare,
859 5181 1232 5237 contribulasti
1261 5180 1433 5252 capita
1458 5182 1754 5238 dracénum
1776 5197 1936 5253 super
1951 5195 2138 5253 aquas.

558 5277 626 5335 Ρ.
657 5279 737 5334 'l‘u
767 5278 966 5335 iecisti.

628 5368 795 5426 Sana.
827 5369 1084 5425 Alleluia.
1113 5370 1321 5427 Iustitia
1342 5371 1495 5442 plena
1518 5382 1601 5428 est
1626 5371 1846 5429 déxtera
1878 5381 1986 5428 tua.
2020 5372 2129 5429 ιω-

559 5464 702 5520 tétur
723 5479 878 5520 mons
898 5463 1059 5531 Sion,
1106 5474 1159 5521 et
1183 5467 1423 5522 exultent
1452 5466 1576 5522 tiliae
1602 5468 1785 5533 Judae,
1820 5465 1885 5522 P.
1919 5468 2144 5537 Propter

557 5554 757 5626 judicia
799 5566 909 5612 tua.
958 5557 1210 5623 Alleluia,
1242 5558 1481 5614 alleluia.
1527 5559 1561 5627 ᾖ
1588 5598 1602 5612 .
1635 5558 1884 5613 Alleluia.
1919 5557 2142 5629 Magnus

561 5645 857 5716 DOminus,
905 5658 959 5705 et
989 5648 1276 5705 laudabilis
1309 5650 1465 5705 valde
1494 5650 1546 5704 in
1573 5649 1789 5705 civitiite
1821 5650 1916 5706 Dei
1947 5650 2139 5718 nostri,

562 5736 615 5793 in
646 5748 829 5796 monte
857 5749 1046 5795 sancto
1076 5740 1197 5811 ejus
1223 5758 1233 5792 :
1267 5739 1505 5795 Dilatans
1533 5739 1896 5799 exultationes
1927 5740 2142 5799 univér—

561 5840 636 5884 sa:
667 5841 842 5887 terrae.
874 5828 942 5885 P.
974 5830 1198 5901 Propter
1225 5828 1442 5902 judicia.

2260 1968 2362 2010 tum
2396 1957 2575 2012 lsraél.
2616 1958 2649 2027 ᾗ
2676 1996 2689 2009 .
2722 1957 2950 2013 Domine
2980 1943 3237 2015 [Eminus
3269 1970 3453 2018 noster
3479 1962 3637 2031 quam
3660 1964 3847 2018 admi-

2258 2048 2428 2103 rabile
2458 2056 2539 2103 est
2561 2064 2753 2104 nomen
2796 2062 2942 2103 tuum
2977 2051 3028 2104 in
3054 2052 3302 2109 universa
3338 2062 3500 2110 terra.
3535 2051 3596 2107 P.
3637 2055 3843 2111 Lumen

2255 2140 2321 2194 ad
2354 2142 2754 2197 revelatiénem.
2814 2143 2848 2211 ᾗ
2872 2182 2885 2196 .
2924 2143 3102 2198 Gldria
3125 2186 3140 2208 ,
3185 2156 3239 2201 et
3270 2145 3458 2211 honor,
3488 2156 3589 2201 ctc.
3623 2146 3691 2200 P.
3735 2149 3843 2202 Lu-

2258 2244 2405 2283 men.

2328 2318 2527 2374 Lauda.
2560 2320 2753 2375 Notum
2787 2321 2907 2377 fecit
2943 2322 3197 2377 Dominus
3226 2325 3464 2381 salutare
3492 2338 3682 2393 suum,
3718 2338 3843 2384 ante

2254 2412 2602 2483 conspectum
2652 2412 2889 2485 gentium
2943 2414 3202 2471 revelat-it
3227 2416 3489 2484 justitiam
3528 2433 3704 2475 suam.
3733 2419 3844 2490 62

2258 2505 2515 2572 Alleluia,
2549 2505 2790 2561 alleluia.
2839 2507 2913 2577 γ.
2950 2508 3155 2563 Memor
3182 2510 3279 2563 fuit
3314 2510 3701 2565 misericordim
3730 2527 3845 2566 suae

2253 2596 2443 2662 Iacob,
2476 2605 2531 2652 et
2560 2598 2802 2653 veritétis
2849 2614 2962 2654 sua:
2993 2599 3178 2654 dumui
3223 2602 3400 2655 lsraél.
3434 2598 3501 2654 Ρ.
3537 2603 3679 2657 Ante
3706 2617 3841 2656 con-

2254 2689 2521 2758 Spéctum.
2579 2690 2652 2761 Ῡ.
2704 2689 2911 2762 Gloria,
2960 2701 3015 2747 et
3063 2692 3256 2759 honor,
3303 2702 3412 2752 etc.
3447 2693 3511 2747 Ρ.
3541 2696 3684 2751 Ante
3710 2709 3844 2749 con-

2254 2779 2522 2850 spéctutn.

2919 2873 3158 2946 Hymnus

2465 2964 2627 3021 Sacer
2658 2979 2975 3021 ocnunun
3007 2966 3124 3023 dies

2396 3052 2697 3111 liodiérnus
2728 3057 2906 3109 rutilat
2924 3096 2938 3121 ,

2396 3144 2512 3211 Quo
2540 3147 2837 3201 secundum
2869 3163 3083 3203 carnem
3113 3149 3363 3204 Christus

2396 3238 2759 3295 Circumcisus
2782 3238 3009 3296 traditur
3032 3261 3047 3297 :

2394 3328 2560 3395 Patri,
2596 3347 2701 3385 non
2730 3331 3020 3401 adoptidne
3037 3377 3052 3401 ,

2394 3420 2501 3478 Sed
2526 3422 2826 3480 coa'térnus
2852 3424 3071 3494 genere.

2463 3514 2662 3585 Spiritu
2692 3518 2991 3587 completur
3020 3519 3174 3573 alvus

2392 3607 2708 3679 Incurrupta
2736 3610 2993 3682 Virginis,

2392 3700 2521 3767 Quae
2548 3701 2761 3771 pariens
2790 3707 2984 3759 Illansil
3012 3703 3211 3760 cmlebs

2393 3790 2575 3862 Vitgn,
2599 3809 2755 3861 quam
2782 3794 3096 3863 puerperam

2394 3884 2670 3940 lnlibétam
2702 3885 3025 3941 Genitricetn

2396 3977 2582 4033 Proles
2611 3989 2813 4033 castam
2840 3978 3035 4049 elegit:

2470 4069 2599 4125 Inde
2624 4069 2842 4126 Simeun
2866 4072 3185 4141 grandwvus

2392 4164 2569 4219 Ovans
2592 4165 2732 4218 ulnis
2762 4164 2976 4235 accipit,

2398 4255 2829 4326 Amplexansquc
2857 4256 3136 4312 videbatur

2386 4348 2633 4404 Salutére
2661 4348 2871 4403 Domini
2899 4365 2912 4401 :

2386 4439 2618 4495 Resdlve
2637 4438 2749 4509 jam
2783 4454 2924 4496 nunc
2951 4441 3004 4496 in
3026 4452 3158 4511 pace

2391 4536 2554 4589 Artus
2580 4534 2714 4590 istos
2742 4533 2980 4605 fragiles.

2461 4626 2564 4681 Sed
2595 4641 2695 4681 nec
2724 4626 2813 4680 illa
2838 4625 3012 4696 impar
3032 4628 3185 4683 Anna

2388 4717 2730 4774 Contméntié
2759 4718 3031 4790 gradiens,

2386 4811 2554 4878 Quam
2588 4811 2639 4863 in
2670 4809 2802 4863 ﬂore
2825 4808 3123 4879 juventﬁtis

2388 4903 2596 4973 Cunjux
2621 4901 2954 4967 viduaverat,

2389 4994 2703 5064 Vagiéntem
2727 4994 3014 5049 conﬁtetur

2389 5087 2529 5139 Fore
2562 5084 2746 5138 tnnndi
2774 5084 3101 5154 Principem.

2459 5181 2611 5237 Tunc
2643 5180 2949 5236 veneranda
2977 5195 3042 5235 ex
3074 5182 3192 5252 lege

2385 5274 2696 5330 Oﬂeruntur
2725 5275 2947 5329 munera

2387 5366 2700 5432 Turturum,
2734 5366 3212 5436 colunibartimque

2384 5459 2515 5513 Bina
2549 5458 2601 5512 in
2630 5457 2891 5513 sacriﬁcia
2921 5474 2938 5511 :

2384 5552 2514 5620 Quae
2544 5549 2812 5620 πότμοι-ξε,
2846 5549 3145 5619 animmque

2389 5645 2679 5701 l’uritatem
2706 5642 2985 5698 docerent.

2455 5738 2677 5809 Impléta
2707 5747 2789 5792 est
2811 5737 2998 5807 prisca:
3026 5736 3080 5791 in
3113 5750 3177 5792 eo

2386 5833 2541 5906 [mgis
2569 5831 2959 5889 Circumcisio:
