4044 6382
205 446 292 507 HI
1222 441 1286 498 ΙΝ
1325 440 1544 498 FESTO
1583 437 2129 500 CIRCUMCISIONIS
2170 441 2425 500 DOMINI.

1799 558 1848 614 A
1876 567 1973 607 nos
2009 553 2406 624 iguorabémus.
2457 555 2529 623 ᾗ.
2562 553 2790 609 Domine
2837 554 2980 610 Deus
3031 557 3290 614 virtutum
3338 562 3459 631 quis

340 558 630 629 Utriusque
659 566 716 614 ut
745 555 1075 614 Testaméuti

336 652 407 709 Se
436 651 706 707 aucturem
735 646 1072 712 ostenderet,

333 743 437 810 Qui
468 756 691 797 manens
718 741 771 794 in
802 737 1064 794 Trinitz’tie

336 833 596 892 Utiiv'érsa
626 831 885 888 condidit.

411 925 626 992 Gloria,
659 934 713 980 et
743 925 912 979 honor
941 923 1051 976 Deo

339 1017 728 1087 Usquequaque
759 1015 1020 1069 altissimo
1045 1029 1059 1041 '

337 1110 452 1166 Una
487 1109 628 1165 Patri
647 1150 662 1175 ,
695 1109 958 1179 Filiéque,

335 1203 540 1273 Iuclyto
572 1201 838 1256 Paraclito
857 1241 874 1267 ,

330 1298 426 1354 Cui
459 1297 572 1351 laus
593 1337 607 1359 ,
639 1305 692 1350 et
721 1294 960 1364 potestas

330 1390 436 1444 Per
465 1387 666 1443 mtérua
695 1385 918 1441 saecula.

420 1480 460 1548 ἢ
482 1518 496 1532 .
533 1484 718 1533 Amen.

257 1570 612 1641 Supplic’dtio.
654 1566 884 1622 Orémus
918 1565 1331 1635 Redemptdrcm
1365 1567 1549 1620 mundi
1581 1565 1765 1620 Dumi-

191 1681 314 1721 num
347 1673 586 1719 nostrum
615 1662 796 1718 Je‘sum
827 1660 1095 1715 Christum
1122 1702 1138 1726 ,
1170 1675 1291 1714 cum
1321 1660 1463 1714 omni
1493 1659 1767 1729 supplica-

191 1759 335 1814 tioue
375 1757 663 1828 rogemus;
703 1765 758 1808 ut
809 1769 905 1808 nos
955 1753 1125 1822 grana
1171 1751 1605 1806 Circumcisionis
1656 1766 1768 1806 sua:

187 1851 450 1921 prop‘itius
503 1849 800 1920 justiﬁcare
851 1846 1119 1918 digsétur.
1188 1845 1259 1912 ιῆ.
1312 1845 1515 1899 Praesta
1564 1844 1766 1898 aeterne

3361 451 3465 508 142

1875 642 2065 698 similis
2117 637 2266 700 tibi?
2311 655 2504 715 potens
2549 661 2608 701 es
2658 645 2919 714 Dumine,
2953 657 3009 704 et
3037 650 3238 707 veritas
3266 661 3354 710 tua
3401 653 3458 712 iu

1877 735 2104 791 circuitu
2145 745 2258 792 tuo.
2302 735 2369 792 Ρ.
2413 737 2481 792 Ει
2516 737 2624 808 63
2664 747 2861 809 praeter
2898 748 2971 798 te.
3029 742 3064 811 ᾖ
3091 781 3106 798 .
3144 744 3362 814 ϐιύιὶιι,
3403 755 3461 803 et

1877 824 2068 892 honor,
2099 834 2200 882 etc.
2237 825 2304 882 P.
2337 827 2404 882 Et
2437 830 2630 898 priete'r
2663 839 2734 885 te.

1949 918 2150 974 Oratio.
2179 918 2258 975 Tu
2295 935 2354 976 es
2380 920 2542 989 Deus,
2575 931 2629 978 et
2657 923 2709 978 in
2759 935 2812 980 te
2839 933 2919 981 est
2943 926 3105 996 Deus,
3134 937 3191 984 et
3231 943 3339 985 non
3378 939 3465 988 est

1875 1009 2012 1067 alius
2042 1021 2234 1082 prater
2265 1022 2316 1069 te
2342 1031 2353 1066 :
2387 1015 2455 1069 ab
2482 1029 2577 1071 ore
2599 1016 2873 1086 egressum
2898 1020 3120 1076 verbum
3143 1037 3248 1078 non
3277 1038 3461 1096 regre-

1874 1101 2089 1169 diétur;
2127 1104 2249 1174 quia
2282 1105 2460 1176 utique
2490 1115 2645 1162 natus
2673 1107 2814 1163 ﬁlius
2855 1124 2962 1166 non
3006 1111 3142 1180 ipse,
3173 1113 3264 1182 qui
3305 1123 3462 1184 pater

1873 1203 1978 1258 est,
2001 1194 2260 1262 creditur,
2294 1196 2418 1251 dum
2444 1206 2619 1254 tamen
2663 1199 2858 1268 ipsum,
2895 1203 3034 1272 quod
3067 1213 3217 1272 pater
3245 1216 3348 1273 est,
3381 1206 3462 1261 [ιιι

1875 1286 2082 1341 teamur
2115 1304 2129 1341 :
2161 1288 2299 1343 dona
2343 1306 2471 1360 ergo
2502 1292 2676 1359 uobis,
2706 1303 2764 1348 ut
2791 1296 2880 1363 qui
2910 1296 3133 1352 verbum
3164 1297 3195 1353 ὲ
3222 1307 3274 1354 te
3301 1299 3459 1368 géni-

1874 1389 2007 1444 tum,
2042 1379 2364 1436 nasciturum
2393 1381 2583 1437 misisti
2611 1381 2664 1438 in
2695 1399 2858 1440 carne
2884 1428 2898 1452 ,
2932 1401 3030 1441 nos
3053 1387 3103 1442 in
3139 1397 3190 1442 te
3213 1388 3457 1456 renatos,

1871 1469 1950 1525 sic
1966 1486 2105 1525 nunc
2122 1471 2151 1525 a
2177 1471 2492 1528 criminibus
2514 1473 2698 1540 éxuas,
2723 1485 2781 1530 ut
2804 1477 2895 1532 tibi
2917 1478 3042 1543 soli,
3067 1494 3188 1534 cum
3214 1481 3456 1546 veneris,

1871 1562 1988 1617 sine
2031 1561 2136 1617 ﬁne
2184 1562 2595 1636 conjunghmur.
2650 1565 2728 1630 ii.
2761 1571 2954 1624 Amen.
3004 1570 3107 1626 Per
3152 1570 3459 1627 misericor-

1872 1656 2018 1712 diam
2044 1665 2212 1714 tuam.

1941 1749 2243 1818 Antiphona
2279 1752 2332 1806 5.
2382 1752 2460 1808 De
2481 1767 2590 1824 quo
2627 1754 2794 1810 locuti
2839 1764 2962 1810 sunt
2989 1756 3267 1826 Propheta:
3312 1759 3459 1829 prio-

1873 1856 2002 1896 res:
2044 1857 2142 1911 ego
2174 1858 2290 1898 sum
2340 1844 2478 1913 ipse,
2509 1853 2565 1900 et
2611 1861 2752 1900 nunc
2802 1846 3017 1902 adveni.
3049 1846 3116 1902 P.
3151 1850 3319 1917 Beati,
3366 1851 3460 1921 qui

187 1942 524 2012 omnipotens
555 1941 713 1993 Deus.
745 1938 906 2008 Kyrie
936 1937 1162 1992 eléison.
1203 1935 1240 2004 ιῖι
1263 1974 1276 1988 .
1302 1936 1516 1991 Christe
1541 1934 1766 1990 eléison.
1800 1927 1846 1987 Β
1876 1935 2195 1990 aunimtiaut
2219 1937 2370 1992 vobis
2400 1937 2562 2003 bona,
2593 1946 2648 1992 et
2671 1937 2934 1994 vidébunt
2953 1953 3111 2008 quem
3143 1955 3286 1996 nunc
3311 1941 3462 1998 vide?

184 2032 348 2106 Kyr’te
377 2034 600 2088 eléison.

253 2124 524 2193 Capitula.
559 2122 685 2176 Jesu
716 2120 980 2183 Domine,
1021 2119 1175 2186 cujus
1213 2115 1531 2172 admirabile
1576 2130 1773 2170 nomen

179 2216 425 2286 Angelus
456 2212 734 2283 prmdixit,
765 2212 934 2266 Mater
974 2209 1230 2280 impdsuit
1255 2248 1270 2275 ,
1309 2207 1527 2263 Simeon
1574 2207 1773 2274 cogno-

179 2308 303 2374 vit,
361 2309 516 2360 Anna
571 2303 841 2366 laudavit;
885 2302 1026 2356 salva
1069 2301 1322 2370 pupulum
1366 2308 1510 2352 tuum
1554 2299 1605 2351 in
1649 2298 1770 2352 uui-

178 2398 343 2453 verso
391 2395 632 2460 mundo,
681 2393 833 2462 cujus
883 2401 1028 2446 extat
1079 2406 1272 2446 nomen
1322 2390 1663 2460 magniﬁcum
1714 2389 1767 2442 iu

181 2488 316 2544 caelo
347 2503 362 2541 :
395 2494 488 2548 ut,
521 2485 609 2554 qui
641 2483 784 2538 solus
815 2497 873 2536 es
905 2482 1140 2550 potentia
1169 2482 1433 2551 gloriosus
1454 2521 1470 2548 ,
1502 2480 1579 2534 sis
1603 2480 1766 2536 etiam

185 2578 409 2649 perditis
441 2575 803 2630 miseratiénis
832 2573 1165 2642 indulgentia
1197 2571 1332 2640 pius.

249 2670 411 2726 Pater
439 2678 640 2722 noster.
673 2665 905 2721 Liberali
935 2665 964 2718 ii
997 2665 1161 2718 malo.
1195 2665 1292 2734 fol.
1323 2663 1375 2717 2.

251 2760 574 2816 Benedictio.
609 2757 868 2812 Dt'iminus
899 2755 1056 2810 Jesus
1086 2753 1362 2820 Christus,
1407 2757 1493 2825 qui
1533 2757 1597 2812 ad
1637 2772 1765 2813 con-

191 2851 474 2906 ﬁrméudas
501 2846 884 2918 promissiéues
913 2846 1127 2900 Patrum
1176 2846 1282 2899 min
1309 2855 1421 2900 ster
1470 2846 1764 2902 Circumci-

191 2944 348 2998 sit‘inis
383 2941 547 2996 voluit
573 2953 725 3002 esse,
774 2939 886 3006 ipse
931 2937 1172 2991 cordium
1200 2937 1506 2992 nostrdrum
1535 2939 1765 2992 immun-

195 3035 340 3088 ditias
387 3031 635 3102 dignetur
664 3029 896 3083 auferre.
944 3027 980 3094 ii
1001 3071 1016 3084 .
1046 3030 1236 3083 Amen.
1281 3027 1426 3083 Idem
1451 3071 1465 3095 ,
1497 3029 1585 3097 qui
1617 3044 1762 3099 prte-

200 3123 339 3193 cépto
372 3124 506 3192 legis
535 3135 644 3176 suae
673 3120 882 3188 signum
913 3119 1142 3172 desecta:
1170 3119 1347 3172 carnis
1375 3119 1612 3190 accepit,
1646 3134 1762 3174 om-

206 3231 286 3270 nes
313 3217 340 3270 ἐι
367 3217 519 3270 nobis
547 3214 735 3268 sordes
761 3212 841 3266 sui
875 3211 1074 3265 ameris
1100 3211 1436 3266 connexiéne
1459 3213 1718 3281 depurget
1744 3231 1756 3265 :

214 3307 279 3375 ti.
308 3310 496 3365 Amen.
533 3306 598 3359 Et
627 3305 716 3371 qui
751 3304 889 3358 ﬁlios
921 3303 1147 3356 Abrahm
1193 3303 1246 3356 in
1293 3303 1506 3373 seipso,
1547 3304 1636 3372 qui
1679 3289 1832 3357 estC

201 3415 374 3455 semen
403 3400 515 3468 ejus
537 3437 552 3461 ,
589 3395 911 3451 benedicere
940 3394 1184 3462 promisit
1204 3435 1217 3456 ,
1250 3394 1564 3448 hereditatis
1592 3394 1763 3450 beatae

205 3506 298 3545 nos
322 3491 593 3545 collatione
627 3487 922 3541 tnuuilicet.
969 3485 1005 3555 ii,
1028 3524 1042 3540 .
1076 3485 1271 3541 Amen.
1309 3485 1413 3541 Per
1457 3485 1762 3541 misericdr-

207 3581 340 3636 dium
367 3585 542 3651 ipsius.

268 3676 466 3732 Lauda.
497 3679 866 3732 Annunciétur
907 3693 959 3730 in
1001 3675 1128 3731 Sion
1171 3690 1364 3730 nomen
1411 3675 1618 3730 DOntini
1645 3693 1658 3728 :
1689 3674 1755 3732 P.

200 3765 261 3820 Et
296 3768 402 3821 laus
433 3769 546 3838 ejus
576 3771 628 3822 iu
663 3768 1018 3822 Hierusalem.
1053 3767 1281 3820 Alleluia
1305 3807 1320 3833 ,
1354 3765 1600 3832 alleluia,
1633 3766 1762 3821 alle-

197 3855 319 3913 luia.
362 3859 395 3929 ᾖ
422 3897 436 3911 .
471 3860 537 3913 Et
568 3859 832 3914 timebunt
860 3859 1059 3914 Gentes
1090 3873 1282 3912 nomen
1316 3866 1461 3911 tuum
1494 3857 1719 3911 Durnine
1741 3896 1756 3922 ,

200 3957 252 4003 et
280 3965 461 4007 omnes
494 3966 648 4022 reges
679 3959 835 4006 terra:
863 3951 1086 4020 gloriam
1121 3959 1283 4004 tuam.
1315 3949 1382 4005 Ρ.
1411 3951 1636 4009 ELlaus.
1684 3951 1758 4020 ἢν.

205 4039 377 4096 Glt’uia
398 4084 412 4107 ,
447 4055 501 4098 et
531 4043 725 4110 honor,
759 4053 864 4097 etc.
896 4041 962 4098 P.
997 4042 1062 4096 Et
1091 4042 1203 4097 laus
1233 4043 1368 4109 ejus.

260 4130 459 4187 Ortitio.
493 4134 843 4203 Omnipotens
875 4134 1030 4187 Pater
1062 4143 1116 4188 et
1147 4133 1390 4188 Dutuine.
1425 4133 1641 4202 Require
1670 4134 1759 4188 iu-

195 4223 272 4291 [τὰ
303 4227 352 4279 in
389 4227 662 4281 Matutim's
689 4228 1030 4296 sequentibus.

254 4318 331 4369 Ad
363 4317 695 4372 Matutinum.
728 4318 1044 4386 Antipltona.
1098 4318 1310 4372 Dumiui
1350 4328 1434 4373 est
1481 4322 1664 4374 salus:
1705 4328 1762 4376 et

191 4424 347 4479 super
376 4412 635 4481 populum
670 4421 816 4466 tuum
851 4412 1152 4467 benedicuio
1186 4423 1290 4466 tua.
1327 4412 1568 4467 Psalmus
1600 4429 1682 4469 ιιι.

257 4504 456 4558 ονάιὶο.
488 4504 567 4558 Tu
599 4518 678 4567 es,
715 4504 969 4569 Demiue,
998 4506 1164 4558 salus.
1201 4504 1421 4577 Require
1452 4508 1544 4577 fol.
1578 4506 1671 4560 46.

250 4598 571 4667 Antiphona.
613 4596 746 4651 Ct’tm
777 4597 1090 4652 inducerent
1120 4598 1367 4667 parentes
1406 4601 1632 4670 puerum
1668 4599 1758 4655 Je-

186 4699 297 4740 sum
329 4688 386 4742 in
419 4688 706 4758 templum,
741 4687 807 4742 Ρ.
840 4687 911 4744 Ut
942 4687 1183 4744 lacerent
1223 4705 1318 4758 pro
1357 4705 1422 4742 eo
1463 4690 1757 4745 secundum

185 4776 349 4848 legem
385 4780 552 4851 Moysi
583 4795 598 4832 :
631 4780 840 4847 accepit
867 4796 989 4834 eum
1024 4780 1245 4835 Simeon
1277 4782 1329 4834 in
1371 4780 1617 4836 manibus
1645 4821 1660 4844 ,
1705 4790 1762 4837 et

185 4865 455 4925 benedixit
483 4869 670 4924 Deum.
722 4871 791 4938 it.
837 4871 1059 4940 Magnus
1091 4869 1386 4938 Dominus,
1423 4881 1479 4924 et
1517 4871 1760 4925 laudabi-

187 4957 249 5014 lis
271 4961 432 5015 nimis
452 4961 502 5015 iu
527 4961 739 5015 civitate
768 4962 858 5015 Dei
888 4963 1054 5016 ucstri
1077 5003 1093 5027 ,
1123 4963 1176 5016 in
1203 4970 1385 5016 monte
1409 4971 1596 5016 sancto
1622 4964 1762 5032 ejus.

185 5049 250 5105 Ρ.
285 5053 354 5109 Ut
383 5055 622 5109 iacerent
661 5070 757 5124 pro
786 5071 870 5109 eo.
921 5056 993 5123 ᾗ.
1037 5053 1218 5111 Gléria
1258 5064 1312 5111 et
1359 5055 1531 5110 honor
1575 5055 1760 5123 Patri,

185 5154 285 5200 etc.
316 5144 388 5200 P.
419 5146 491 5202 Ut
519 5146 779 5201 facerent.

255 5236 464 5294 Oretio.
494 5237 850 5307 Omnipotens
883 5239 1062 5302 Pater,
1096 5249 1147 5294 et
1182 5237 1407 5294 Doinine
1443 5239 1614 5305 Deus,
1648 5241 1760 5295 lar-

183 5326 291 5395 gire
318 5327 558 5385 credenti
588 5337 677 5383 tuo
708 5329 912 5400 populo
945 5345 1126 5400 pacem
1159 5349 1171 5384 :
1219 5345 1272 5384 ut
1321 5333 1374 5386 in
1425 5335 1625 5402 templo
1669 5341 1761 5387 tuo

185 5417 462 5476 videamus
493 5421 734 5477 Salutare
765 5431 911 5476 tuum
935 5463 950 5489 ,
983 5437 1141 5493 quem
1170 5421 1389 5477 Simeon
1417 5424 1594 5492 justus
1622 5423 1760 5481 ulnis

182 5513 292 5567 suis
320 5514 528 5580 accepit
559 5531 573 5567 :
606 5524 666 5568 ut
707 5514 794 5584 qui
844 5516 1019 5569 lumen
1069 5516 1133 5569 ad
1179 5517 1563 5570 revelatidnem
1613 5504 1760 5572 Gen-

185 5603 310 5658 tium
353 5603 561 5672 éxtitit,
604 5604 839 5660 indultor
877 5606 1160 5660 crimiuum
1199 5608 1501 5661 eorummet
1539 5605 1764 5661 creden-

185 5695 311 5749 tium
340 5691 623 5752 sentiétur.
670 5697 705 5764 ιῆ
729 5737 743 5751 .
776 5698 968 5752 Amen.
1001 5697 1102 5753 Per
1132 5696 1555 5754 misericordiam
1591 5707 1760 5754 tuam.

251 5787 573 5856 Antiphone.
605 5789 683 5843 Tu
714 5803 772 5844 es
807 5789 974 5856 Deus,
1005 5799 1058 5845 et
1089 5791 1137 5845 in
1176 5799 1225 5844 te
1254 5800 1333 5845 est
1367 5790 1542 5856 Deus,
1592 5790 1658 5846 Ρ.
1681 5793 1762 5847 οΕι

182 5889 376 5950 prpter
407 5889 458 5936 te
487 5896 594 5938 non
625 5891 706 5938 est
735 5881 874 5938 alius
909 5883 1046 5938 Deus
1080 5882 1329 5939 Salvator
1358 5882 1519 5939 lsraél
1543 5924 1556 5951 ,
1599 5898 1757 5953 quem

1879 2025 1966 2092 tis,
1995 2034 2049 2080 et
2078 2026 2299 2081 audiunt
2326 2043 2486 2098 quem
2517 2045 2657 2086 nunc
2685 2031 2902 2087 auditis.
2950 2034 2986 2101 Ῡ
3009 2068 3026 2086 .
3049 2032 3188 2088 Audi
3232 2033 3462 2103 pépulus

1875 2130 2048 2182 meus,
2081 2127 2136 2173 et
2163 2118 2353 2189 loquar
2389 2137 2401 2172 :
2437 2119 2622 2187 lsraél,
2653 2129 2708 2176 et
2737 2123 3064 2179 testiﬁcabor
3106 2124 3223 2179 tibi.
3272 2126 3457 2193 lsraél,

1875 2204 1922 2259 si
1951 2219 2039 2260 me
2067 2205 2325 2262 audieris.
2346 2206 2416 2262 P.
2441 2209 2619 2276 Beati,
2649 2210 2738 2280 qui
2768 2213 3103 2270 annuntiant.
3143 2217 3178 2284 i
3202 2254 3218 2270 .
3253 2215 3460 2284 Gléria,

1873 2303 1928 2351 et
1951 2296 2145 2366 honor,
2168 2307 2272 2353 etc.
2307 2298 2375 2353 P.
2405 2301 2576 2354 Beati.

1946 2389 2146 2444 Ονάιὶο.
2179 2391 2263 2446 Ad
2293 2391 2534 2462 praesepe
2565 2403 2733 2460 tuum,
2765 2396 3012 2464 Dumiue,
3043 2399 3256 2455 devétis
3282 2401 3462 2457 cordi-

1869 2480 1970 2536 bus
2011 2481 2352 2552 accedéntes,
2379 2484 2719 2542 inveniamus
2761 2499 2813 2543 te
2858 2489 2926 2544 de
2968 2505 3074 2560 quo
3121 2493 3285 2547 locuti
3331 2503 3461 2550 sunt

1870 2574 2156 2644 Prophétte
2209 2577 2544 2646 priéreszda
2573 2594 2700 2649 ergo
2741 2581 2918 2648 nobis,
2974 2593 3031 2638 ut
3071 2587 3160 2655 qui
3210 2589 3452 2652 notitiam

1870 2666 2123 2736 nominis,
2155 2678 2211 2725 et
2259 2672 2552 2740 maiestatis
2579 2679 2681 2726 tua:
2721 2675 3085 2744 cogndvimus,
3127 2679 3192 2733 ad
3239 2679 3454 2748 plenam

1867 2759 2147 2816 notionem
2179 2772 2283 2819 tute
2311 2765 2610 2824 dulcedinis
2648 2771 2924 2825 veniamus
2956 2786 2972 2825 :
3023 2780 3077 2826 ut
3111 2783 3166 2827 tu
3195 2775 3456 2833 liberetur

1867 2853 1921 2907 in
1955 2855 2132 2910 futuro
2162 2857 2315 2914 nobis
2340 2858 2414 2914 sis
2440 2860 2716 2928 omnibus,
2747 2865 2834 2932 qui
2868 2879 3028 2920 verus
3046 2865 3186 2922 Deus
3212 2877 3266 2924 et
3289 2869 3452 2927 homo

1865 2958 2042 3014 verus,
2069 2946 2218 3004 Unus
2246 2950 2481 3008 créderis
2510 2953 2771 3010 Christus.
2809 2955 2846 3024 ιῆ
2870 2995 2884 3008 .
2913 2955 3097 3013 Amen.
3118 2959 3218 3015 Per
3241 2961 3456 3018 miseri-

1864 3034 2126 3092 cordiam.

1951 3148 1988 3214 ἢ
2007 3179 2026 3202 .
2056 3146 2358 3216 Laetamini,
2386 3153 2532 3217 coeli,
2582 3155 2835 3223 quoniam
2879 3159 3130 3215 misertus
3157 3171 3240 3216 est
3269 3163 3454 3220 Domi-

1866 3252 1965 3291 nus
2013 3238 2211 3307 pépulo
2264 3257 2364 3296 suo
2416 3261 2429 3295 :
2489 3245 2721 3302 clamate
2771 3247 3113 3306 fundamenta
3169 3263 3347 3320 terrae,
3395 3269 3454 3310 et

1865 3332 2102 3385 exultate
2158 3345 2388 3400 montes,
2443 3343 2498 3389 et
2534 3338 2718 3403 colles,
2767 3348 2819 3393 et
2850 3339 3029 3394 omnia
3082 3342 3218 3412 ligna
3275 3346 3448 3403 silvm.

1866 3419 1934 3474 P.
1961 3421 2225 3488 Quoniam
2273 3427 2501 3483 redemit
2548 3446 2646 3486 nos
2686 3433 2826 3488 Deus
2857 3433 3044 3492 lsraél.
3095 3439 3168 3508 Ῡ.
3215 3440 3269 3495 In
3319 3457 3453 3499 voce

1866 3514 2208 3572 exultatiduis
2252 3523 2596 3590 annuutidte,
2646 3533 2701 3580 et
2745 3525 2982 3582 auditum
3012 3528 3172 3587 facile
3208 3532 3310 3588 hoc
3335 3577 3350 3600 ,
3391 3547 3450 3591 et

1863 3605 1998 3662 ferte
2046 3608 2176 3664 illud
2241 3627 2410 3682 usque
2433 3615 2498 3669 ad
2552 3619 2853 3674 extremum
2912 3629 3106 3687 terrae,
3161 3634 3214 3679 et
3260 3625 3451 3680 dicite.

1866 3697 1935 3754 Ρ.
1977 3699 2240 3766 Quoniam
2290 3705 2536 3762 redemit.
2600 3710 2674 3764 ἓν.
2715 3710 2917 3774 ϐιύιίίι.
2976 3723 3030 3767 et
3085 3713 3281 3777 honor.
3335 3725 3445 3772 etc.

1864 3787 1932 3845 P.
1960 3790 2222 3858 Quoniam
2247 3795 2494 3852 redemit.

1937 3903 2137 3960 Ονάιὶυ.
2168 3905 2409 3963 Laudent
2439 3919 2512 3976 te,
2545 3911 2791 3979 Domine,
2839 3913 2984 3980 caeli,
3029 3923 3082 3969 et
3126 3925 3286 3981 terra,
3319 3917 3445 3987 quia

1863 3993 2114 4051 misértus
2156 4011 2216 4052 es
2258 3997 2456 4070 populo
2501 4009 2610 4070 tuo,
2655 4005 2782 4059 'dum
2815 4015 3046 4074 montes,
3080 4015 3134 4060 et
3161 4008 3328 4062 colles
3353 4023 3448 4064 co-

1863 4103 1977 4143 ram
2005 4098 2055 4144 te
2096 4090 2308 4147 laudem
2340 4093 2515 4150 fecisti
2547 4097 2796 4165 clambre,
2830 4116 2953 4154 cum
2999 4110 3105 4156 tota
3129 4101 3362 4157 vivéntia
3393 4103 3452 4158 iu

1865 4188 1916 4233 te
1937 4182 2243 4249 approbasti
2278 4202 2290 4235 :
2341 4186 2579 4242 concede
2608 4204 2736 4258 ergo
2769 4191 2943 4257 nobis,
2982 4201 3042 4246 ut
3070 4192 3278 4262 laudes,
3311 4210 3446 4264 quas

1864 4269 2098 4339 gloriéso
2129 4273 2333 4330 utimini
2365 4288 2455 4332 tuo
2484 4277 2788 4348 oil‘érimus,
2831 4282 3078 4351 acceptas
3107 4285 3202 4338 tibi
3231 4300 3448 4351 semper

1865 4365 1979 4432 ipse
2007 4365 2208 4422 efﬁcias
2235 4385 2249 4422 :
2276 4378 2333 4423 ut
2369 4370 2459 4440 qui
2488 4371 2744 4426 mundum
2777 4374 3152 4441 redempturus
3182 4378 3236 4431 iu
3260 4378 3449 4433 salutis

1863 4457 2015 4522 signo
2047 4457 2294 4512 ostensus
2324 4474 2405 4527 es,
2453 4455 2710 4516 mundum
2741 4444 2934 4518 iterum
2961 4466 3293 4533 judicaturus
3338 4484 3447 4525 non

1867 4547 2120 4614 ultorem,
2171 4550 2265 4604 sed
2315 4550 2656 4608 liberatérem
2712 4563 2763 4610 te
2808 4557 3004 4612 nostris
3051 4557 3222 4614 Oculis
3273 4561 3448 4616 mani-

1785 4644 1837 4705 ι)
1866 4635 2046 4693 léstes.
2093 4639 2130 4707 ιῆ
2153 4679 2166 4693 .
2198 4644 2390 4698 Amen.
2415 4641 2519 4698 Per
2547 4644 2992 4702 misericérdiam.

1936 4751 2254 4821 Antiphona.
2304 4755 2436 4810 Dum
2467 4760 2818 4815 convenirent
2855 4761 2922 4814 ad
2954 4761 3444 4822 circumcidendum

1866 4845 2145 4901 infantem.
2175 4845 2241 4900 P.
2262 4847 2596 4903 Vocavérunt
2619 4866 2812 4906 nomen
2840 4853 2957 4922 ejus
2972 4854 3176 4920 Jesum,
3202 4859 3342 4928 quod
3363 4859 3449 4914 di-

1865 4945 2010 4990 ctum
2065 4945 2182 4992 erat
2245 4937 2313 4991 ab
2356 4939 2561 5008 Angelo
2616 4941 2926 5012 priusquam
2973 4947 3346 5018 conciperetur
3393 4949 3451 5004 iu

1868 5027 2042 5082 utero.
2089 5028 2124 5096 ᾗ
2149 5067 2163 5082 .
2194 5028 2387 5082 Notum
2414 5030 2542 5084 fecit
2571 5032 2832 5089 Dominus
2879 5034 3110 5092 salutare
3153 5054 3307 5094 suum
3343 5056 3358 5094 :
3395 5041 3450 5093 in

1869 5120 2158 5190 conspectu
2188 5120 2440 5177 Gentium
2463 5125 2728 5179 reveliniit
2757 5126 3017 5195 justitiam
3039 5144 3210 5184 suam.
3233 5130 3312 5182 .l’.
3339 5128 3446 5184 Vo-

1869 5213 2142 5269 cavérunt.
2191 5216 2225 5285 ᾖ
2250 5254 2268 5270 .
2303 5214 2504 5269 Gloria.
2539 5214 2606 5271 P.
2637 5216 2992 5275 Vocavérunt.

1943 5327 2142 5382 Oratio.
2195 5326 2421 5384 Demine
2450 5329 2576 5385 Jesu
2605 5330 2840 5397 Christe,
2886 5332 2976 5401 qui
3022 5331 3205 5400 ﬁguris
3233 5327 3450 5385 crebre-

1870 5417 2142 5474 scentibus
2194 5421 2247 5473 in
2289 5421 2407 5490 lege
2453 5420 2625 5476 veteri
2678 5423 2992 5488 nuncidtus,
3034 5422 3087 5474 in
3135 5430 3186 5474 te
3231 5419 3453 5489 impleta

1871 5511 2051 5567 omnia
2097 5511 2380 5568 osténdere
2433 5513 2669 5580 voluisti,
2701 5514 2825 5569 dum
2877 5517 2930 5567 in
2990 5523 3044 5567 te
3083 5512 3191 5567 Deo
3224 5527 3354 5567 vero
3395 5523 3455 5571 et

1869 5605 2110 5671 humine,
2141 5615 2198 5662 et
2239 5607 2593 5662 Circumcisio
2641 5607 2934 5662 secundum
2976 5605 3150 5674 legem
3189 5607 3453 5676 exprimi-

1869 5708 1975 5769 tur,
2021 5710 2074 5756 et
2117 5700 2316 5756 veritas
2363 5698 2596 5754 nominis
2649 5697 2975 5767 approbhtur
3017 5715 3030 5750 :
3074 5697 3265 5754 adesto
3311 5700 3452 5769 plebi

1870 5805 1975 5851 tua:
2020 5797 2086 5849 ad
2117 5807 2168 5851 te
2199 5811 2268 5850 ex
2301 5791 2747 5858 Circumcisione,
2773 5800 2830 5846 et
2878 5791 3141 5863 praeputio
3176 5793 3453 5860 venienti,

1869 5898 1923 5945 ct
1971 5897 2166 5956 praesta
2220 5884 2547 5944 incrementa
2593 5885 2896 5956 munerum,
2949 5896 3005 5944 et
3043 5895 3100 5942 ut
3136 5885 3307 5956 gratia
3360 5886 3454 5940 Μαι
