4044 6382
556 435 658 490 143

1731 427 2148 486 BREVIARiUM
2191 429 2562 486 GOTllllIUM.

3713 432 3820 488 144

552 543 867 604 nedic'lidnis
949 539 1330 611 multiplicetur
1404 556 1456 594 tn
1551 541 1876 595 abundantia
1957 542 2118 608 pacis.
2152 542 2280 603 Ain
2336 541 2599 610 tempore,
2657 542 2782 595 dum
2829 544 3001 597 octavi
3059 542 3164 597 diéi
3219 543 3579 598 ministerium
3619 545 3818 598 cense—

567 639 638 707 ri.
691 640 880 692 Amen.
933 635 1032 688 Per
1078 633 1517 689 misericdrdiam.

552 767 558 775 -
621 730 934 801 Antiphone.
967 728 1185 783 Simeon
1218 729 1268 781 in
1311 728 1505 796 templo
1545 725 1777 782 elevévit
1816 739 2000 779 vocem
2038 722 2122 776 di-

550 836 698 876 cens.
739 820 806 876 P.
841 820 989 875 Nunc
1031 820 1271 883 dimittis,
1319 820 1562 883 Domine,
1608 834 1823 872 servum
1877 827 2021 870 tuum
2068 817 2122 870 itt

551 927 722 982 pace:
754 913 874 980 quia
924 911 1173 967 viderunt
1215 911 1353 964 Oculi
1403 911 1507 964 mei
1547 910 1780 963 salutare
1811 906 1989 975 pepuli
2023 907 2120 962 tui.

565 1006 600 1071 ᾖ
626 1043 639 1057 .
665 1004 887 1058 liémin'e
915 1003 1054 1058 Deus
1079 1003 1330 1057 \‘it‘lt'tlum
1352 1044 1366 1066 ,
1398 1002 1518 1071 quis
1549 1001 1738 1054 situilis
1768 998 1903 1052 tibi?
1938 1005 2124 1065 potens

551 1113 628 1160 es,
663 1096 908 1162 deine,
930 1105 994 1150 'et
1025 1096 1216 1150 veritas
1246 1103 1335 1147 tua
1367 1096 1417 1147 in
1464 1094 1688 1149 circuitu
1733 1103 1840 1145 luo.
1878 1089 1942 1144 P.
1976 1091 2124 1144 Nunc

551 1190 796 1245 dimittis.
843 1191 877 1259 ᾗ
904 1229 918 1243 .
942 1189 1146 1243 Gluria.
1185 1186 1250 1240 P.
1282 1187 1448 1240 Nunc.

624 1282 824 1335 anilia.
876 1281 1113 1344 Belilam,
1156 1278 1401 1340 Demine,
1435 1276 1579 1330 illam
1600 1274 1724 1344 justi
1753 1273 1826 1328 tui
1857 1271 2122 1328 Simeonis

550 1388 734 1428 vocem
779 1371 866 1427 fac
910 1373 960 1426 in
1012 1371 1165 1425 nobis
1211 1370 1324 1439 pari
1373 1367 1648 1438 diligentia
1701 1365 1987 1434 personare
2024 1379 2036 1416 :
2069 1372 2124 1415 ut

551 1464 673 1534 quia
701 1463 962 1527 videmus,
992 1473 1045 1516 et
1087 1461 1350 1516 credimus
1376 1459 1610 1513 salutare
1643 1467 1790 1510 tuum
1819 1473 1833 1521 ;
1868 1456 1920 1508 in
1969 1469 2117 1522 pace,

550 1567 670 1608 cum
711 1553 957 1623 jhsscr‘is,
1009 1551 1336 1605 dimiltllmur
1367 1567 1378 1600 :
1415 1564 1520 1603 non
1569 1562 1674 1614 quo
1708 1547 1736 1600 ὲ
1777 1555 1828 1601 te
1875 1544 2122 1598 dimissos

553 1645 672 1698 linis
700 1646 818 1698 vitae
847 1643 1104 1709 accipiat;
1147 1639 1238 1695 sed
1271 1654 1363 1709 per
1393 1648 1445 1694 te
1474 1638 1750 1692 absolutos
1781 1635 1810 1688 ὸ
1839 1634 2038 1701 déhito,
2071 1636 2120 1686 in

550 1741 653 1796 line
684 1755 780 1809 pax
809 1736 1134 1807 sempiterna
1173 1733 1464 1805 possideat.
1505 1733 1542 1799 ri}
1590 1734 1779 1787 Amen.
1815 1730 1914 1784 Per
1958 1729 2119 1782 mise-

549 1831 830 1886 ricﬁidiam
865 1840 1025 1883 luam.

2225 645 2382 687 crans
2433 633 2486 686 in
2536 633 2767 701 gloridsa
2799 647 2958 688 carne
3001 644 3111 699 tua,
3159 642 3214 688 et
3260 634 3674 690 circumcisidne
3713 650 3816 690 ve-

2225 733 2311 777 tus
2366 723 2699 793 signaculum
2747 723 2978 794 excipis,
3023 735 3076 778 et
3117 741 3308 779 nomen
3355 724 3451 779 tibi
3500 726 3818 780 nunciatum

2227 815 2295 868 ab
2339 817 2542 885 Angelo
2574 815 2774 886 accipis
2804 834 2816 870 :
2851 816 3047 884 largire
3095 817 3246 870 nobis
3294 818 3544 886 indignis,
3591 829 3654 872 ut
3688 819 3819 872 cum

2226 905 2340 959 haec
2363 919 2451 960 tua
2471 907 2723 976 mystéria
2744 907 3128 962 lncarnatiduis
3155 908 3311 974 plena
3338 907 3655 962 credulithte
3686 923 3818 962 sus-

2225 997 2488 1064 cepimus,
2524 998 2748 1066 plenidri
2789 1009 2838 1053 te
2885 999 3075 1052 aliértu
3110 999 3365 1052 méntium
3393 998 3676 1068 diligamus
3711 1017 3723 1052 :
3756 1009 3820 1054 et

2227 1092 2353 1144 utin
2389 1101 2440 1146 te
2470 1107 2680 1162 quoque
2707 1093 2996 1146 secundhm
3030 1095 3201 1163 legem
3247 1095 3455 1149 Domini
3489 1096 3675 1148 salutis
3707 1112 3814 1148 no-

2223 1194 2347 1234 stra:
2379 1181 2630 1251 mysteria
2660 1181 2906 1236 universa
2937 1185 3168 1252 perlecta
3201 1197 3344 1248 sunt,
3391 1189 3465 1238 sic
3495 1185 3813 1249 credamus,

2223 1272 2299 1326 sic
2337 1273 2598 1337 amemus,
2634 1273 2710 1327 sic
2741 1274 2960 1342 ('iperum
2993 1275 3327 1328 efﬁcientiam
3361 1275 3706 1344 impii-amns:
3745 1286 3810 1328 ut

2223 1363 2288 1416 de
2316 1363 2638 1430 perfectione
2670 1367 2879 1419 tuorum
2927 1369 3298 1420 mandatdrum
3331 1378 3383 1421 et
3429 1371 3478 1420 in
3513 1369 3611 1422 hac
3653 1384 3812 1435 pere-

2223 1452 2518 1519 grinatidne
2547 1454 2903 1508 consislaluus
2945 1455 3227 1510 indémnes
3256 1465 3311 1510 et
3337 1457 3401 1508 ad
3434 1466 3482 1510 te
3513 1467 3631 1525 post
3659 1457 3812 1510 trau-

2222 1544 2380 1597 situm
2431 1547 2732 1600 mercamur
2763 1551 3045 1616 pervenire
3087 1549 3286 1603 felices.
3351 1550 3422 1615 ιζ.
3478 1552 3667 1604 Amen.
3706 1550 3812 1603 Per

2222 1634 2671 1689 misericdrdiam.
2708 1636 2964 1692 Demiuus
2993 1638 3084 1692 sil.
3128 1639 3165 1705 ti}
3188 1677 3201 1691 .
3237 1639 3302 1692 Et
3331 1655 3471 1690 cum.

2829 1749 2894 1802 In
2925 1750 3187 1803 laudibus.

2291 1841 2368 1891 Ad
2395 1837 2681 1893 Canticum.
2713 1840 3029 1908 Antiphonti.
3079 1841 3422 1894 Laelabuntur
3464 1854 3674 1903 omnes,
3706 1840 3805 1907 qui

617 1922 929 1991 Antiphone.
994 1921 1230 1975 Vidimus
1286 1920 1507 1991 gloriam
1583 1917 1821 1981 Dumini,
1897 1916 2118 1985 gldrianl

2227 1941 2352 1986 sunt
2377 1947 2539 2001 super
2570 1944 2764 1986 terram
2795 1949 2811 1987 :
2843 1948 2930 1988 ros
2960 1934 3102 1987 enim
3133 1933 3222 2002 qui
3253 1934 3348 1986 abs
3387 1943 3437 1986 le
3469 1941 3571 1998 est,
3602 1931 3808 1986 sanitas

544 2018 694 2086 quasi
717 2016 984 2085 Unigéniti
1016 2015 1045 2068 a
1089 2016 1264 2069 Patre.
1317 2013 1378 2068 Ρ.
1406 2014 1627 2067 Plenum
1671 2010 1864 2080 gratia,
1895 2020 1946 2065 et
1972 2011 2117 2064 veri-

545 2112 672 2164 tate.
723 2109 757 2178 ᾗ
783 2149 795 2162 .
834 2107 984 2162 Sicut
1011 2107 1334 2170 audivimus,
1370 2107 1438 2159 ita
1470 2114 1522 2158 et
1552 2102 1778 2157 vidimus
1824 2103 1875 2156 in
1905 2101 2121 2155 civilhte

549 2201 757 2256 Domini
786 2199 1063 2270 virtutum,
1111 2198 1162 2252 in
1198 2198 1411 2252 civitate
1444 2195 1536 2248 Dei
1566 2193 1733 2248 nostri
1772 2209 1782 2244 :
1816 2192 1958 2246 Deus
2003 2191 2122 2246 lun-

545 2293 691 2348 davil
719 2306 836 2346 eam
867 2292 918 2344 in
949 2289 1228 2344 rctérnum.
1285 2285 1354 2340 P.
1382 2285 1604 2338 Plenum
1642 2281 1833 2352 gratia.
1881 2282 1914 2349 ᾗ
1942 2322 1954 2334 .
1989 2279 2118 2335 Glo-

546 2385 646 2448 ria,
678 2393 733 2437 et
763 2382 954 2444 honor,
987 2392 1090 2434 etc.
1124 2376 1192 2431 P.
1222 2376 1465 2431 Plenum.

622 2476 823 2530 Oratio.
856 2474 1092 2528 Vidimus
1131 2470 1354 2542 gldriam
1406 2479 1572 2534 luam,
1604 2465 1852 2530 deine,
1894 2462 2117 2534 gloriam

549 2566 699 2638 quasi
726 2565 989 2637 Unigéniti
1019 2565 1046 2617 ὸ
1075 2564 1247 2627 Patre,
1281 2561 1691 2630 primogenitum
1727 2559 1958 2623 Dciuite,
2009 2555 2120 2624 pri:

550 2661 877 2730 mogenilum
911 2659 1130 2712 munere
1161 2672 1176 2709 :
1211 2655 1317 2708 illic
1343 2655 1558 2708 unicum
1586 2652 1779 2715 Patris,
1825 2649 1909 2704 hic
1936 2647 2122 2718 praecio

552 2768 712 2823 puum
752 2754 888 2808 inler
939 2751 1174 2806 fratres:
1223 2749 1294 2802 ibi
1333 2763 1454 2802 cum
1504 2748 1662 2802 Patre
1710 2761 1895 2810 unum,
1927 2744 2014 2798 hic
2067 2744 2118 2797 in

549 2846 804 2903 fratribus
854 2844 1085 2914 primum
1119 2862 1132 2895 :
1165 2841 1274 2896 illlc
1309 2839 1585 2910 mquitliter
1632 2836 2034 2898 subsistentem,
2067 2845 2122 2890 et

555 2943 609 2997 in
648 2941 769 2995 sinu
799 2938 971 2994 Patris
1012 2934 1345 3001 manentem,
1396 2933 1484 2988 hic
1533 2931 1710 2988 socios
1741 2945 1846 2984 non
1886 2929 2118 2983 derelin-

552 3032 802 3106 quéntem
845 3030 1084 3098 :largire
1129 3043 1259 3097 ergo
1301 3033 1390 3079 tuo
1439 3023 1550 3078 ﬁeri
1603 3021 1884 3092 participes
1931 3033 2117 3088 regno,

551 3123 743 3196 quibus
789 3138 846 3177 cs
895 3120 1208 3191 pr0pitiatus
1241 3118 1294 3172 in
1342 3115 1536 3170 mundo
1570 3132 1583 3166 :
1615 3114 1914 3184 quibusque
1959 3111 2120 3164 adve-

549 3215 674 3271 nisti
701 3213 846 3283 prius
867 3211 1209 3280 Redemptor,
1237 3208 1409 3263 existe
1439 3207 1490 3258 in
1523 3203 1703 3258 futuro
1725 3202 2114 3258 remuneratur.

2221 2035 2304 2078 est
2344 2025 2518 2079 nobis.
2564 2024 2589 2091 ᾖ
2621 2062 2633 2076 .
2663 2023 2738 2076 De
2762 2034 2916 2077 nocte
2949 2023 3128 2091 vigilat
3155 2024 3374 2091 Spiritus
3405 2038 3575 2076 meus.

2654 2112 2922 2165 Cdnlicum
2951 2111 3148 2180 (Isaiae,
3185 2115 3352 2178 uti).

2320 2201 2392 2256 De
2420 2212 2575 2256 nocte
2621 2203 2804 2272 vigilat
2870 2202 3088 2272 spiritus
3147 2219 3296 2257 meus
3350 2204 3415 2256 ad
3475 2213 3547 2266 te,
3617 2203 3800 2258 Deus:

2219 2297 2248 2330 ⁸
2277 2294 2398 2364 quia
2431 2296 2517 2348 lux
2553 2306 2815 2364 prmcepla
2847 2305 2933 2349 tua
2966 2306 3090 2348 sunt
3121 2310 3280 2364 super
3307 2304 3524 2348 terram.

2293 2387 2559 2441 Jusxitiam
2599 2387 2808 2454 discite,
2843 2388 2932 2456 qui
2962 2387 3213 2442 habitans
3247 2396 3441 2442 terram
3476 2405 3486 2439 :
3524 2393 3539 2410 ‘
3567 2385 3806 2440 cessamt

2220 2479 2361 2532 enim
2394 2479 2610 2547 impius.

2291 2574 2472 2628 Omnis
2515 2574 2682 2638 enim,
2734 2589 2822 2642 qui
2877 2587 2982 2627 non
3036 2570 3283 2626 didicerit
3332 2570 3590 2638 justitiam
3639 2583 3802 2636 super

2223 2674 2442 2732 terram,
2473 2667 2751 2720 veritatem
2796 2681 2898 2720 non
2957 2665 3116 2718 l‘acict
3137 2675 3149 2692 δ
3180 2664 3208 2697 ⁸
3235 2664 3447 2716 tollatur
3481 2661 3701 2730 impius,
3734 2677 3801 2714 ne

2193 2793 2197 2797 -
2222 2758 2400 2813 videat
2431 2758 2766 2828 majestatem
2793 2757 3027 2812 DOmiui.

2293 2849 2518 2913 Domine
2546 2849 2812 2903 excelsum
2846 2859 2927 2902 est
2975 2845 3250 2900 brachium
3283 2853 3452 2909 tuum,
3487 2851 3541 2896 et
3585 2839 3799 2898 nescié-

2224 2951 2348 2997 runt
2376 2959 2388 2995 :
2422 2947 2440 2966 "
2469 2957 2591 2996 cum
2618 2952 2794 2995 autem
2819 2941 3192 3010 cogndverint,
3228 2936 3622 2991 ('olifundérrlur
3655 2953 3665 2985 :

2295 3031 2456 3087 Zelus
2511 3031 2864 3099 apprehendit
2936 3030 3192 3099 pepulum
3248 3028 3622 3082 ineruditum:
3668 3027 3698 3059 ⁸
3744 3035 3802 3082 et

2226 3138 2368 3176 nunc
2401 3122 2538 3191 ignis
2565 3119 2903 3175 adversarios
2932 3120 3221 3174 consumit.

2297 3213 2522 3267 Durnine
2564 3213 2700 3266 Deus
2753 3222 2954 3276 noster,
2982 3225 3164 3280 pacem
3211 3209 3279 3264 da
3327 3210 3516 3265 nobis:
3549 3209 3574 3242 ⁸
3610 3207 3795 3262 Omnia

563 3309 602 3376 ἡ
623 3347 638 3362 .
670 3308 860 3362 Amen.
907 3304 1007 3358 Per
1056 3298 1474 3356 misericdrdiam
1525 3305 1690 3350 tuam.
1751 3294 1784 3362 ri;
1811 3333 1824 3347 .
1872 3291 2000 3357 Isle,
2031 3290 2119 3360 qui
2148 3272 2194 3334 ο
2225 3304 2370 3360 enim
2399 3303 2593 3358 dedisti
2625 3303 2795 3356 nobis,

548 3412 704 3458 natus
746 3410 829 3455 est
881 3396 1192 3465 Redemptio
1224 3404 1428 3456 nostra,
1469 3400 1524 3445 ct
1566 3390 1843 3450 Dominus,
1896 3398 1949 3440 et
1979 3386 2121 3440 Deus

549 3491 650 3547 esi.
686 3490 751 3544 P.
785 3488 903 3558 lpse
945 3484 1310 3541 consolabitur
1351 3497 1448 3536 nos
1496 3479 1526 3533 ὁ
1573 3479 1721 3547 plaga
1769 3484 1972 3538 nostra,
2006 3483 2061 3528 et
2089 3471 2120 3526 ὸ

549 3580 734 3636 labere
763 3580 814 3634 in
849 3588 986 3632 terra
1017 3574 1340 3643 captivitiitis
1367 3570 1476 3642 64
1496 3577 1711 3624 nostrae.
1760 3568 1793 3636 Ῡ
1819 3606 1832 3620 .
1865 3565 2121 3620 Parvulus

551 3682 708 3729 natus
736 3680 818 3727 est
856 3669 1030 3734 nobis,
1063 3667 1200 3722 [ilius
1230 3664 1387 3720 datus
1414 3671 1492 3718 est
1541 3660 1714 3721 nobis,
1755 3670 1809 3715 et
1837 3661 2011 3713 lactus
2040 3667 2122 3712 est

550 3760 881 3830 principatus
909 3756 1026 3824 ejus
1052 3770 1214 3825 super
1243 3753 1496 3808 humeros
1525 3751 1659 3822 ejus.
1695 3748 1760 3803 P.
1787 3749 1904 3819 ipse
1931 3761 2123 3801 conso-

549 3853 761 3906 labitur.
809 3850 838 3902 ἢ
867 3885 882 3901 .
907 3846 1111 3908 Gldria,
1149 3855 1204 3903 et
1241 3847 1435 3911 ltouor,
1465 3853 1568 3900 etc.
1621 3841 1685 3896 Ρ.
1721 3842 1835 3911 Ipse
1875 3838 2117 3894 consola-

550 3945 715 3999 bitur.

625 4033 825 4088 Oratio.
870 4031 1092 4086 Domine
1137 4029 1264 4085 Jesu
1311 4026 1541 4094 Christe,
1583 4025 1673 4096 qui
1721 4039 1778 4080 es
1805 4022 2122 4090 Redemptio

552 4131 757 4190 nostra,
805 4132 859 4179 et
900 4122 1046 4177 salus
1102 4127 1304 4186 nostra,
1359 4132 1486 4172 sana
1529 4117 1736 4187 plagam
1784 4111 2121 4170 contritiduis

553 4225 773 4282 nostrae,
813 4213 901 4285 qui
931 4211 1212 4281 suscepiSti
1250 4225 1464 4265 carnem
1506 4206 1802 4276 fragilitatis
1831 4204 2112 4269 humanae;

552 4317 626 4375 ct,
661 4309 747 4378 qui
778 4306 997 4362 véniens
1025 4303 1189 4358 onera
1229 4313 1412 4358 nostra
1458 4299 1736 4355 sublevare
1765 4297 2009 4366 dignatus
2039 4310 2116 4360 es,

553 4413 878 4474 quaesumus,
910 4403 969 4452 ut
996 4396 1025 4450 ὸ
1053 4395 1207 4450 malis
1236 4393 1484 4465 opéribus
1514 4400 1725 4446 nostros
1756 4389 1966 4445 labdres
1995 4385 2109 4442 eva~

553 4507 700 4559 cnes,
753 4489 1042 4558 nostralue
1089 4487 1262 4541 studia
1317 4486 1434 4554 pius
1503 4483 1554 4536 in
1613 4483 1751 4537 bono
1807 4480 2116 4536 edulirmes.

565 4584 603 4652 ii
624 4621 638 4636 .
667 4584 856 4636 Amen.
889 4581 989 4634 Per
1020 4577 1434 4633 misericordiam
1465 4584 1628 4629 luam.

622 4675 933 4745 Antiphonti.
978 4671 1260 4738 Postquam
1291 4665 1640 4722 consummati
1677 4673 1800 4720 sunt
1826 4664 1940 4720 dies
1970 4673 2112 4730 octo,

553 4779 608 4827 ut
632 4763 1101 4822 circumcideréeur
1127 4760 1402 4814 Deminus.
1439 4759 1503 4812 Ρ.
1531 4759 1786 4812 Vocatum
1811 4767 1892 4812 est
1923 4771 2114 4812 nomen

551 4866 667 4932 ejus
687 4858 859 4925 Jesus,
895 4854 1032 4929 quod
1064 4853 1306 4912 vocatum
1338 4861 1420 4907 est
1459 4853 1526 4907 ab
1551 4852 1775 4920 Angelo,
1805 4851 2114 4919 priusquam

551 4954 920 5027 conciperetur
949 4954 1002 5007 in
1033 4963 1202 5007 utero.
1233 4948 1488 5007 Tuléruut
1520 4963 1695 5006 autem
1731 4947 1876 5004 illum
1913 4945 1962 5000 in
1996 4944 2118 5000 lliet-

556 5050 810 5113 rusalem,
844 5057 896 5100 ct
934 5053 990 5099 ut
1034 5044 1370 5114 perfecerunt
1399 5043 1575 5098 omnia
1623 5041 1914 5097 secundum
1947 5040 2117 5107 legem

553 5139 764 5194 Demini
796 5155 810 5191 :
848 5137 1125 5191 crescebat
1172 5150 1328 5204 puer,
1380 5144 1433 5188 et
1482 5133 1885 5188 confortabatur
1932 5130 2120 5196 plenus

549 5229 828 5300 sapientia,
868 5239 921 5282 et
973 5227 1138 5298 gratia
1193 5227 1282 5280 Dei
1327 5235 1441 5278 erat
1489 5225 1541 5279 in
1589 5223 1697 5276 illo.
1757 5219 2117 5290 i.QuOniam

551 5337 677 5377 ecce
699 5335 855 5390 reges
881 5329 1036 5373 terrae
1064 5318 1366 5387 congregari
1397 5325 1538 5378 sunt,
1582 5323 1636 5368 et
1669 5311 2035 5367 convenerunt
2066 5313 2119 5366 in

549 5427 734 5467 unum.
763 5411 828 5465 Ρ.
875 5409 1130 5466 Vocalum
1181 5419 1281 5463 est.
1327 5409 1354 5462 ἓν
1383 5445 1396 5460 .
1429 5405 1629 5469 Gléria,
1681 5414 1734 5459 et
1781 5403 1970 5466 honor,
2012 5414 2116 5458 etc.

552 5502 620 5557 P.
649 5505 902 5558 Vocatum
935 5514 1020 5558 est

623 5592 824 5648 Oratio.
856 5593 1089 5658 Christe,
1134 5593 1224 5646 Dei
1271 5591 1455 5655 Filius,
1481 5592 1566 5659 qui
1600 5601 1753 5645 natus
1782 5607 1846 5644 ex
1873 5589 2120 5659 muliere,

553 5685 722 5740 lactus
768 5687 868 5742 sub
899 5686 1016 5756 lege
1061 5685 1127 5740 ad
1177 5683 1567 5739 conlirmandas
1608 5682 1991 5752 promissidnes
2022 5683 2121 5736 Pa-

558 5786 722 5842 trum,
773 5777 1012 5832 minister
1066 5775 1488 5832 circumcisidnis
1538 5791 1596 5830 es
1647 5773 1852 5840 factus;
1905 5784 1982 5842 ut,
2030 5777 2120 5846 qui

553 5865 846 5937 promissus
875 5866 1052 5926 fueras
1071 5883 1137 5923 ex
1172 5869 1308 5939 lege,
1334 5868 1604 5938 plenitudo
1633 5870 1797 5940 ipsius
1821 5870 1951 5942 legis
1971 5884 2119 5930 esses

2147 4628 2200 4688 D

2296 3397 2518 3451 Demine
2572 3396 2710 3450 Deus
2764 3404 2964 3460 noster,
3024 3395 3237 3463 pesside
3297 3411 3393 3448 nos
3425 3411 3438 3450 :
3469 3396 3499 3428 ⁸
3547 3393 3801 3458 Dr’nniue,

2225 3499 2416 3556 prazter
2446 3499 2497 3542 te
2514 3487 2672 3541 alium
2710 3503 2815 3541 non
2848 3486 3090 3542 nuvimus
3125 3504 3136 3538 :
3166 3502 3359 3542 nomen
3391 3499 3536 3541 tuum
3571 3488 3796 3541 invoca-

2224 3579 2419 3632 bimus.

2294 3666 2488 3722 mortui
2523 3675 2700 3722 autem
2747 3667 2910 3722 vitam
2963 3683 3066 3722 non
3119 3670 3396 3738 videbunt,
3427 3673 3454 3704 ⁸
3487 3685 3657 3739 neque
3688 3671 3806 3725 ωε-

2222 3758 2325 3814 dici
2355 3759 2763 3814 exuscitabunt:

2293 3851 2415 3906 ideo
2439 3867 2599 3921 super
2625 3852 2902 3918 induxisti,
2930 3856 2948 3876 ‘
2970 3861 3023 3908 et
3047 3852 3323 3921 perdidisti
3357 3862 3411 3906 et
3445 3852 3610 3907 tulisti
3641 3867 3804 3908 omne

2222 3941 2518 3996 masculum
2549 3943 2756 3997 eerum.

2294 4033 2444 4089 Adde
2486 4035 2610 4101 illis,
2643 4032 2889 4100 Demine,
2940 4034 3098 4102 mala,
3125 4035 3153 4069 ⁸
3187 4034 3320 4088 adde
3371 4035 3508 4088 mala
3551 4033 3806 4098 gloriosis

2225 4134 2401 4179 terrai.

2294 4216 2537 4282 Domine,
2562 4217 2610 4271 in
2649 4216 2988 4272 tribulatiOne
3034 4217 3242 4271 medica
3293 4233 3497 4272 memor
3527 4217 3598 4272 l‘ui
3629 4220 3696 4281 ;⁸
3731 4221 3802 4272 im

2225 4309 2574 4365 tribulatiOne
2607 4311 2814 4365 mddica
2845 4310 2982 4364 facta
3015 4320 3097 4365 est
3123 4310 3296 4363 nobis.

2295 4403 2445 4457 Sicut
2478 4403 2779 4472 parturiens
2820 4402 3062 4471 prdxima
3091 4412 3174 4457 est
3214 4403 3408 4471 partui,
3441 4416 3493 4458 et
3525 4404 3576 4457 iu
3618 4401 3805 4458 dolore

2222 4508 2322 4548 suo
2352 4497 2545 4546 clamat
2571 4513 2581 4545 :
2611 4497 2640 4527 ⁸
2673 4495 2740 4547 ita
2775 4496 2895 4548 lacti
2923 4511 3104 4548 sumus
3135 4496 3350 4549 delicto.

2295 4585 2518 4653 Propter
2555 4586 2800 4640 timerem
2831 4597 3000 4652 tuum,
3035 4584 3278 4652 Domine,
3332 4587 3381 4639 in
3434 4589 3587 4640 utero
3640 4588 3802 4642 accé-

2225 4679 2414 4746 pimus,
2447 4679 2475 4711 ⁸
2527 4688 2582 4732 et
2631 4679 3009 4746 parturivimus
3081 4679 3325 4747 spiritum
3374 4678 3584 4744 salutis,
3639 4695 3800 4745 quem

2223 4769 2391 4823 fecisti
2421 4784 2584 4838 super
2608 4780 2828 4823 terram.

2295 4860 2557 4927 Exurgaul
2592 4859 2811 4924 mortui,
2845 4870 2898 4913 et
2928 4860 3211 4926 resurgant
3236 4861 3324 4928 qui
3355 4860 3406 4912 in
3437 4860 3806 4913 monumentis

2223 4959 2346 5006 sunt
2378 4967 2392 5006 :
2427 4953 2444 4973 '

2225 5059 2336 5097 ram
2370 5062 2382 5096 Σ

2299 5137 2402 5189 llos
2432 5151 2572 5190 enim
2612 5152 2701 5203 qui
2732 5151 2826 5190 aus
2859 5145 2910 5191 te
2957 5145 3058 5201 est,
3093 5134 3294 5189 sanitas
3319 5143 3401 5190 est
3431 5134 3574 5198 illis;
3610 5135 3628 5153 ⁶
3661 5141 3806 5186 terra

2225 5244 2350 5282 vero
2379 5228 2659 5296 impiorum
2696 5230 2906 5294 peribit.

2295 5319 2518 5373 Ambula
2567 5318 2764 5388 populo
2814 5335 2988 5384 meus,
3037 5331 3090 5374 et
3153 5329 3284 5373 .ntra
3341 5319 3583 5372 recéssus
3629 5328 3752 5370 tuos
3788 5358 3803 5370 .

2223 5409 2494 5465 abscdnde
2540 5411 2790 5480 pusillum
2844 5413 3253 5481 aliquantulum,
3283 5413 3311 5445 ⁸
3344 5411 3514 5465 donec
3563 5409 3806 5466 transeat

2225 5499 2300 5555 ira
2332 5499 2562 5557 Domini.

2296 5590 2362 5645 Ρ.
2391 5592 2463 5647 De
2493 5603 2648 5648 nocte
2672 5594 2875 5663 vigilat.

2295 5682 2496 5750 Gloria,
2533 5695 2586 5739 et
2618 5687 2787 5741 honor
2817 5685 2981 5750 Patri,
3017 5697 3120 5741 etc.

2296 5776 2364 5831 P.
2397 5777 2536 5833 Lazta
2548 5779 2744 5834 buntur
2773 5796 2984 5837 omnes.

2299 5867 2495 5924 Orrilio.
2534 5870 2690 5937 Deus,
2725 5873 2810 5941 qui
2845 5881 3026 5926 notum
3052 5871 3222 5928 leristi
3247 5873 3298 5928 in
3323 5871 3534 5943 populis
3563 5870 3812 5926 salutire

2488 4962 2536 5007 el
2590 4952 2913 5007 laetabuntur
2943 4967 3155 5016 omnes,
3203 4952 3293 5020 qui
3347 4959 3470 5003 sunt
3499 4966 3658 5018 super
3694 4960 3804 5005 ter-
