4044 6382
206 310 321 414 ’με
1192 341 1516 400 DDMINICA
1559 335 1743 396 ANTE
1784 335 2202 394 EPIPHANIAM
2243 335 2492 393 DOMINI.
3368 332 3469 388 M6

211 483 355 532 tuum
408 474 535 524 ante
586 465 935 537 COnSpéctum
975 462 1251 526 Céntium,
1294 434 1581 517 reveléndo
1619 456 1777 526 justi-
1806 456 1859 514 A
1887 453 1950 508 IN
1996 453 2317 511 DOMINICO
2361 452 2544 510 ANTE
2586 451 3016 519 EPIPIIANIAM,
3056 449 3213 507 SIVE
3256 450 3468 512 ΑΙῬΔ-

213 566 335 621 tiam
363 571 533 633 tuam,
563 559 967 616 miseratiOnum
1008 558 1218 612 tuarum
1260 556 1413 609 nobis
1434 552 1645 622 copiam
1678 564 1791 604 ma-

210 656 424 721 nifosta,
459 662 538 721 ut,
567 652 657 722 qui
679 651 933 707 salutiris
965 651 1039 705 tui
1063 649 1252 704 notitit‘i
1276 648 1603 713 relevamur,
1634 658 1791 699 reve-

211 749 410 807 latione
453 746 677 816 iustitia:
732 742 1096 807 consolemur.
1144 741 1218 811 ἡ.
1254 743 1446 806 Amen.
1496 738 1598 808 Per
1623 736 1792 791 mise-

211 837 497 895 ricérdiam
519 844 687 891 tuam.

2379 545 2698 617 nmomau
2745 546 2994 617 ouium,

2494 638 2569 691 Ad
2605 636 2874 707 νέφει-οε.
2930 686 2933 687 ν

1964 729 2165 799 Lauda.
2197 730 2573 790 Laudavérunt
2603 742 2673 800 te,
2708 730 2952 785 Domine.
2986 730 3079 798 fol.
3113 729 3203 796 6!,

1966 822 2131 878 Sena.
2158 822 2397 891 Inténde,
2424 822 2668 877 Domine.
2703 821 2769 876 P.
2796 821 3066 898 l‘rocéde,‘
3083 829 3138 876 et
3174 833 3358 892 regna.
3378 822 3474 878 Al-

276 932 361 987 Ad
385 930 712 986 Beuedittus.
743 926 1062 998 Antiphone.
1085 924 1203 993 Tibi
1243 923 1343 979 soli
1380 924 1489 978 Deo
1521 922 1715 987 honor,
1738 927 1794 976 et
1895 912 2077 978 leluia,
2109 913 2338 980 allclnia,
2397 913 2631 968 alleluia.
2696 912 2725 982 ᾗ
2755 952 2768 966 .
2821 911 3095 977 Ειτυριεινίι
3142 926 3237 967 cor
3290 928 3469 967 meum

213 1026 408 1099 gloria,
440 1026 633 1087 virtus,
659 1030 715 1078 et
743 1020 979 1091 potestas
1008 1019 1067 1080 in
1083 1018 1275 1073 saecula
1305 1015 1647 1071 smeuldrum.

1898 1003 2119 1059 verbum
2166 1004 2363 1059 bonum
2393 1019 2405 1056 :
2437 1004 2559 1069 dico
2588 1018 2687 1073 ego
2718 1001 2881 1073 opera
2928 1017 3045 1059 mea
3075 1003 3206 1075 regi.
3242 1000 3309 1058 Ρ.
3340 1002 3474 1059 Pro-

282 1116 548 1171 Psalmus.
605 1112 931 1181 Benedictus
976 1125 1037 1167 es
1085 1108 1347 1165 Dominus
1396 1107 1534 1162 Deus
1584 1112 1793 1177 patrum
1895 1095 2044 1150 code.

213 1206 537 1263 nostrdrum.
573 1202 758 1275 Quare
786 1204 883 1275 [οι.
910 1202 963 1257 6.

280 1303 450 1357 Souo.
481 1302 733 1357 Allelt‘iia.
761 1298 972 1354 Iustitia
1003 1297 1183 1367 plena.
1216 1295 1396 1362 Quare
1433 1295 1529 1365 fol.
1562 1291 1650 1361 6i.

281 1392 491 1454 Lauda.
519 1391 755 1446 Laudate
777 1389 1060 1444 Dominum
1091 1387 1157 1441 de
1186 1388 1356 1443 caelis.
1391 1384 1642 1448 Alleluia,
1665 1380 1792 1436 alle-

214 1483 348 1552 luia,
380 1483 616 1538 allelt’iia.
660 1482 896 1537 Laudato
940 1495 1062 1536 eum
1112 1480 1164 1533 in
1207 1479 1456 1535 excelsis.
1502 1476 1608 1548 65
1656 1474 1799 1537 Alle-

1966 1186 2278 1253 Autiphona.
2304 1185 2525 1251 Laetare,
2547 1186 2749 1254 laetere,
2782 1184 3113 1241 Hierusalem
3132 1202 3147 1249 :
3163 1193 3217 1239 et
3232 1184 3375 1240 diem
3399 1183 3481 1240 fe-

1896 1287 2035 1332 stum
2053 1277 2425 1353 agite,j_omnes
2439 1278 2524 1346 qui
2546 1276 2765 1347 diligitis
2785 1291 2926 1332 eam.
2946 1273 3012 1329 P.
3029 1275 3266 1331 Gaudete
3284 1273 3477 1345 gaudio

1899 1384 2090 1439 magno
2131 1385 2338 1437 (mines,
2362 1368 2450 1438 qui
2490 1369 2751 1438 lugebatis
2790 1382 2951 1438 super
2991 1383 3130 1437 eam.
3183 1368 3255 1436 ᾖ.
3297 1366 3479 1422 Lauda

1904 1460 2228 1515 Hierusalem
2261 1458 2542 1515 Dominum
2574 1477 2586 1511 :
2615 1468 2665 1514 et
2685 1457 2928 1514 collauda
2955 1458 3121 1514 Deum
3146 1466 3293 1512 tuum
3323 1456 3477 1516 Sion.

215 1547 348 1634 luia.
381 1577 618 1633 Laudate
643 1590 765 1631 eum
796 1588 985 1630 omnes
1009 1572 1199 1643 Angeli
1233 1572 1392 1643 ejus:
1420 1547 1632 1625 laudote
1673 1584 1803 1637 eum

1905 1548 1970 1604 Ρ.
2001 1548 2238 1606 Gaudete
2283 1550 2499 1620 gaudio.
2558 1551 2631 1619 ᾗ.
2678 1550 2881 1616 Gloria,
2932 1559 2987 1606 et
3034 1549 3228 1616 honor,
3259 1558 3366 1605 etc.
3412 1547 3480 1603 Ρ.

215 1685 405 1727 omnes
437 1672 666 1727 virtutes
712 1670 850 1739 ejus.
909 1667 1160 1724 Alleloin.
1197 1650 1441 1735 Periimus
1489 1680 1712 1729 CXLVIII.
1744 1672 1815 1731 ut,
1899 1644 2161 1739 (ἶδῼάἒιφο

218 1766 563 1910 ³⁸ψΐὰὶιιξσιέο
587 1853 707 1909 libri
733 1852 905 1907 Esaiw
935 1850 1205 1922 Ρτοριῖέίω
1232 1849 1629 1922 (adﬁxum)?

308 1949 348 2017 ἢ
369 1988 384 2004 .
414 1947 527 2002 Deo
555 1946 778 2017 gratias.

296 2040 423 2094 Haec
458 2038 590 2093 dicit
632 2037 891 2091 Dominus
922 2053 935 2088 :
966 2035 1105 2090 Audi
1153 2048 1241 2090 me
1266 2033 1455 2096 Iacob,
1512 2041 1568 2088 et
1619 2030 1804 2098 lsraél,

216 2146 383 2200 quem
433 2142 534 2198 ego
578 2140 715 2181 voco
745 2144 758 2179 :
783 2140 884 2195 ego
927 2125 1063 2194 ipse,
1095 2139 1195 2195 ego
1226 2125 1449 2192 primus,
1481 2132 1535 2179 et
1578 2138 1677 2194 ego
1709 2138 1807 2178 uo-

1978 1734 2182 1791 Lauda.
2212 1734 2460 1790 Alleloia.
2493 1732 2740 1789 Visitavit
2784 1746 2883 1788 nos
2929 1733 3108 1789 oriens
3150 1747 3216 1788 ex
3247 1730 3377 1786 alto.
3410 1728 3484 1785 P.

1833 1804 1882 1873 Β
1911 1826 1979 1883 Ut
2020 1827 2220 1883 luceret
2260 1827 2358 1892 eis,
2389 1826 2479 1895 qui
2508 1825 2561 1880 in
2605 1825 2840 1882 tonebris
2879 1823 3129 1878 suntzad
3173 1819 3484 1893 dirigéudos

1909 1919 2073 1988 pedes
2107 1929 2320 1973 nostros
2346 1919 2399 1972 in
2432 1918 2569 1972 viam
2613 1917 2779 1987 pacis.
2811 1915 3060 1982 Alleluia,
3092 1913 3325 1980 alleluia,
3356 1904 3501 1968 alle-P

1910 2011 2038 2066 luia.
2078 2011 2113 2081 ᾗ
2139 2053 2152 2065 .
2188 2010 2341 2066 Sicut
2366 2010 2688 2076 audivimus,
2728 2012 2797 2064 ita
2824 2020 2878 2065 et
2904 2009 3131 2064 vidimus
3174 2008 3230 2063 in
3276 2006 3493 2061 cii-itote

1912 2102 2122 2157 Domini
2164 2103 2438 2169 virtutum,
2468 2102 2520 2156 in
2559 2103 2770 2157 civitdte
2810 2103 2899 2158 Dei
2946 2101 3153 2157 nostri:
3187 2099 3329 2154 Deus
3371 2098 3492 2154 iuno

218 2222 503 2277 vissimus.
549 2219 738 2275 Manus
783 2232 996 2288 quoque
1036 2233 1153 2273 mea
1202 2218 1444 2273 fundavit
1488 2228 1683 2273 terram
1709 2258 1725 2282 ,
1755 2225 1812 2273 et

1910 2196 2057 2252 devii
2083 2210 2201 2251 eam
2233 2195 2285 2249 in
2316 2197 2597 2251 aeternum.
2629 2194 2697 2249 P.
2728 2195 2797 2252 Ut
2834 2195 3056 2252 luceret.
3095 2195 3130 2265 Ῡ
3155 2231 3171 2248 .
3203 2192 3408 2253 Gloria.
3438 2199 3495 2247 et

216 2314 447 2371 dextera
481 2327 598 2368 mea
625 2326 808 2369 mensa
837 2320 921 2367 est
947 2313 1111 2369 caelos
1138 2327 1153 2365 :
1185 2326 1284 2381 ego
1306 2325 1438 2366 voco
1472 2324 1588 2374 eos,
1619 2319 1671 2365 et
1696 2318 1810 2364 sta-

214 2407 357 2462 bunt
410 2403 590 2469 simul,
648 2403 1061 2473 Congregamiui
1103 2417 1292 2459 omnes
1326 2416 1444 2469 vos,
1488 2412 1541 2457 et
1589 2401 1807 2456 audite:

217 2498 341 2567 quis
382 2497 463 2552 eis
496 2498 832 2551 annuntiavit
874 2497 1022 2551 haec?
1055 2496 1309 2551 Dominus
1336 2495 1525 2551 diiétit
1552 2510 1695 2556 eum,
1727 2479 1810 2548 rat

219 2588 327 2643 ciet
356 2587 686 2641 voluntdtem
707 2602 857 2641 suam
879 2587 932 2641 in
955 2587 1244 2657 Babyldne,
1269 2596 1324 2643 et
1350 2586 1624 2642 brachium
1653 2601 1808 2641 suum

225 2678 281 2733 in
310 2678 603 2734 Chaldaeis.
633 2679 744 2749 Ego
772 2678 983 2735 locutus
1024 2694 1167 2745 sum,
1204 2688 1260 2735 et
1299 2679 1483 2734 vocavi
1511 2694 1633 2733 eum
1665 2697 1679 2733 :
1711 2678 1809 2732 ad-

231 2767 361 2824 doxi
397 2783 543 2838 eum,
576 2778 637 2825 et
656 2769 859 2825 directa
887 2780 971 2825 est
1008 2771 1093 2825 via
1122 2771 1262 2839 ejus.
1296 2768 1546 2825 Accedite
1592 2769 1659 2823 ad
1702 2783 1806 2832 me,

226 2876 279 2920 et
305 2866 489 2922 audite
518 2865 622 2922 hoc
646 2882 661 2919 :
693 2881 797 2921 non
824 2867 855 2921 a
882 2866 1141 2936 principio
1170 2868 1221 2921 in
1253 2867 1568 2922 abscondito
1605 2867 1811 2923 locutus

231 2971 347 3013 sum
382 2974 395 3011 :
429 2974 496 3013 ex
545 2959 787 3029 témpore
833 2958 1121 3030 antequam
1172 2960 1356 3025 ﬁeret,
1413 2959 1483 3014 ibi
1538 2974 1725 3015 eram:
1758 2968 1813 3013 et

236 3064 373 3106 nunc
401 3050 662 3109 Dominus
691 3049 836 3106 Deus
866 3051 1011 3106 misit
1045 3065 1154 3118 me,
1183 3059 1239 3107 et
1265 3049 1489 3121 spiritus
1517 3051 1654 3119 ejus.
1692 3050 1815 3105 llaec

239 3141 357 3197 dicit
390 3141 652 3198 Dominus
696 3142 1021 3213 Redemptor
1056 3154 1180 3199 tuus
1223 3152 1440 3199 sanctus
1466 3143 1628 3197 lsraél
1658 3159 1672 3194 :
1705 3141 1814 3211 Ego
1842 3155 1889 3221 ο

246 3231 494 3297 Dominus
539 3234 683 3291 Deus
729 3246 851 3290 tuus
894 3234 1095 3291 docens
1136 3244 1190 3292 te
1226 3235 1398 3299 utilia,
1431 3233 1734 3303 gubernans
1764 3242 1817 3288 te

246 3325 305 3389 in
337 3327 442 3394 via,
473 3343 633 3397 quam
675 3327 937 3383 ambulas.
970 3327 1186 3384 Utinam
1214 3327 1539 3383 attendisses
1569 3326 1819 3383 mandata

246 3437 361 3481 mea
384 3441 399 3478 :
426 3426 559 3480 facta
590 3424 777 3479 fuisset
805 3425 955 3494 quasi
1004 3423 1203 3480 [lumen
1242 3438 1341 3493 pax
1372 3431 1479 3487 tua,
1530 3431 1586 3477 et
1614 3420 1819 3490 justitia

250 3526 338 3574 tua
364 3519 502 3574 sicut
526 3520 757 3591 gorgites
794 3519 979 3575 maris.
1009 3519 1074 3574 Et
1113 3517 1305 3575 fuisset
1348 3517 1510 3588 quasi
1544 3516 1707 3572 ardua
1737 3529 1822 3570 se-

253 3621 376 3664 men
408 3619 566 3674 tuum,
595 3621 650 3666 et
689 3611 856 3679 stirps
885 3610 1025 3666 oteri
1056 3610 1151 3674 tui,
1201 3618 1260 3664 ut
1306 3608 1469 3676 lapilli
1518 3607 1636 3679 ejus
1667 3625 1680 3660 :
1712 3621 1819 3662 non

246 3696 566 3769 interissent,
612 3710 666 3756 et
720 3716 823 3756 nou
871 3700 1060 3756 fuisset
1108 3715 1306 3758 nomen
1342 3698 1459 3768 ejus
1507 3700 1747 3753 attritum
1788 3696 1819 3751 a

245 3787 375 3846 facie
420 3806 559 3846 mea.
612 3791 941 3862 Egredimini
991 3789 1022 3844 ii
1068 3789 1361 3862 Bablene,
1394 3790 1560 3858 fugite
1600 3788 1631 3843 ὸ
1659 3788 1820 3843 Chal-

247 3876 404 3946 deis,
452 3882 505 3934 in
546 3894 681 3936 voce
719 3880 1057 3943 exultatitinis
1100 3879 1411 3935 annuntiate
1441 3889 1535 3934 :et
1576 3879 1819 3936 auditum

242 3971 401 4030 facite
449 3974 572 4041 hoc,
600 3984 654 4030 et
684 3974 821 4030 ferte
847 3974 974 4029 illud
1003 3988 1170 4045 usque
1197 3974 1265 4029 ad
1293 3973 1587 4029 extrémum
1622 3981 1777 4028 terra:
1801 3990 1814 4027 :

242 4074 296 4119 et
335 4064 539 4120 dicite:
573 4063 822 4129 Redemit
865 4064 1120 4120 Dominus
1167 4079 1379 4120 servum
1425 4079 1579 4120 suum
1626 4063 1816 4121 Iacob.

258 4157 295 4225 ti
314 4195 329 4211 .
356 4157 552 4219 Anien.

316 4250 574 4322 Hymnus.
617 4250 784 4307 Sacer
815 4251 1120 4307 octavarum
1150 4251 1284 4306 dies.
1318 4250 1662 4322 Supplicdtio.
1691 4249 1821 4307 Ore-

245 4353 360 4397 mus
386 4340 797 4408 Redemptorem
823 4343 1027 4398 mundi.
1060 4344 1155 4413 fol.
1189 4342 1278 4398 61.

308 4431 566 4503 Capitula.
588 4432 782 4489 Natum
806 4432 1003 4488 factum
1027 4443 1108 4489 est
1123 4434 1377 4501 salutare,
1404 4434 1628 4490 Domine
1649 4434 1820 4490 virtu-

239 4531 385 4589 tum;
416 4524 611 4580 factum
641 4533 743 4587 est,
768 4525 1077 4594 praedictum
1108 4524 1491 4595 Prophetdrum
1517 4526 1818 4595 pra'conin;
1853 4507 1904 4568 θ

237 4615 517 4687 visumque
571 4618 884 4686 populorum
939 4617 1196 4687 aspectu;
1242 4620 1367 4674 dum
1402 4620 1619 4675 Siuncou
1676 4620 1822 4675 ulnis

236 4707 466 4776 gestam
502 4723 689 4775 senex,
719 4708 861 4777 quod
895 4706 1053 4764 Vates
1091 4709 1407 4766 cecinerunt
1445 4710 1692 4780 priores:
1726 4724 1823 4780 pro

236 4813 342 4867 quo
372 4805 429 4853 et
456 4800 716 4868 promissa
755 4809 810 4855 et
846 4800 1091 4855 inchodta
1133 4800 1476 4873 cognoscitur
1506 4805 1783 4874 praphetia
1806 4848 1821 4871 ,

236 4902 296 4949 ut
338 4894 705 4965 requiesceret
735 4896 787 4950 in
831 4910 985 4965 pace,
1030 4895 1158 4950 dum
1202 4895 1469 4965 aspiceret
1518 4912 1741 4965 pacem:
1771 4906 1827 4953 et

238 4985 397 5041 Jesus
434 4987 692 5042 Dominus
734 4988 913 5042 lumen
957 4988 1011 5042 in
1054 4989 1432 5043 revelatiOnem
1465 4989 1735 5055 Gentium,
1770 4998 1827 5045 et

236 5076 466 5148 gloriam
498 5078 665 5147 plebis
696 5090 798 5134 tute
829 5079 1010 5143 Israel,
1055 5087 1111 5134 et
1158 5078 1452 5150 promissus
1481 5081 1739 5149 prodiret,
1772 5093 1825 5135 et

238 5167 500 5235 prodiens
544 5170 868 5239 appareret:
911 5170 1200 5238 lumenque
1245 5171 1360 5240 ejus
1407 5156 1725 5241 praeveniret
1771 5173 1823 5227 in

238 5258 481 5325 saeculo,
535 5274 670 5329 quos
715 5261 928 5315 caecitas
983 5259 1326 5329 oppresserat
1378 5264 1719 5323 tenebrarum
1771 5264 1857 5325 in.

239 5349 477 5417 mundo;
518 5350 717 5406 Prazsta
758 5351 977 5421 proinde
1009 5351 1257 5420 ρι’όοώιιε
1305 5354 1560 5410 Ecclesiae
1611 5365 1737 5421 tuae,
1770 5365 1827 5427 ut

235 5459 377 5515 quos
407 5444 670 5500 mirabilia
704 5444 817 5498 haec
845 5442 1013 5499 fecisti
1040 5444 1351 5513 agnoscere,
1391 5447 1455 5505 ad
1489 5455 1537 5511 te
1578 5446 1742 5510 iacias
1771 5448 1824 5502 in

238 5551 372 5605 pace
403 5536 699 5606 pervenire.

307 5628 473 5686 Pater
500 5638 700 5684 noster.
737 5628 967 5684 Liberali
995 5628 1023 5682 ξι
1055 5629 1214 5683 malo.
1248 5629 1339 5696 fol.
1367 5629 1439 5695 *2.

310 5725 518 5780 Lauda.
552 5722 910 5780 Annuntiétur
935 5722 988 5777 in
1034 5722 1182 5785 Sion.
1221 5721 1533 5776 Benedictio.
1572 5722 1826 5780 Dominus

238 5832 398 5889 Jesus
425 5815 689 5873 Christus.
721 5816 815 5887 fol.
851 5812 939 5869 6‘2.
974 5813 1275 5879 lnnomiuc
1306 5814 1538 5869 Doin'ui.

1914 2289 2107 2357 honor,
2131 2298 2237 2345 etc.
2268 2287 2335 2344 Ρ.
2368 2288 2433 2344 Ut
2463 2289 2683 2344 luceret.

2580 2382 2631 2436 Η
2636 2401 2838 2452 ῃιηηιιες.

2126 2474 2259 2548 Agui
2288 2474 2497 2546 génitor
2525 2475 2753 2530 Domine
2784 2494 2804 2541 ξ

2059 2568 2290 2625 Verbum
2320 2576 2502 2623 natum
2527 2566 2595 2623 de
2629 2566 2858 2638 Virgine,

2055 2658 2382 2729 Concéptum
2413 2660 2533 2721 sine
2556 2657 2783 2721 somine,

2058 2750 2171 2805 Dux
2202 2750 2451 2821 luminis,
2467 2758 2525 2805 et
2548 2750 2668 2803 fons
2698 2749 2819 2805 vita:
2842 2768 2856 2803 :

2133 2844 2262 2900 Esto
2292 2843 2447 2900 nobis
2477 2845 2530 2899 in
2552 2844 2779 2899 salutem

2061 2935 2225 2991 Filius
2256 2936 2347 2992 Dei
2379 2937 2535 2992 unice
2559 2954 2572 2989 :

2061 3028 2400 3083 Gubernator
2424 3029 2551 3085 Jesu
2579 3028 2791 3083 Christe

2068 3120 2146 3176 Ad
2169 3135 2379 3190 precem
2411 3130 2647 3177 nostram
2676 3120 2878 3190 aspice.

2139 3212 2191 3263 In
2224 3210 2479 3265 mundum
2505 3212 2658 3265 nobis
2687 3212 2882 3266 missus
2904 3226 2965 3267 es

2066 3300 2314 3369 Captivos
2342 3303 2753 3370 repraesentare,

2066 3392 2267 3447 Lumen
2298 3393 2459 3449 caecis
2489 3392 2806 3457 reiormdre,

2066 3487 2332 3543 Muttirum
2361 3486 2566 3557 linguas
2594 3486 2823 3543 solvere.

2132 3580 2211 3637 Ne
2239 3595 2335 3636 nos
2359 3581 2651 3652 relinquas,
2688 3580 2913 3638 Domine

2065 3672 2312 3729 Omnium
2338 3674 2583 3729 conditor
2614 3675 2720 3745 pie,

2066 3766 2337 3836 Propitius
2362 3768 2643 3833 miserbre,

2068 3856 2167 3926 Qui
2195 3856 2396 3913 nullum
2427 3858 2579 3927 cupis
2606 3856 2873 3928 perdere:

2138 3950 2446 4020 Rectorque
2472 3951 2654 4007 mundi
2681 3950 2908 4008 Domine

2066 4042 2314 4098 Salvator
2341 4041 2641 4113 Unigénile,

2066 4133 2146 4189 Tu
2174 4150 2271 4191 nos
2293 4135 2326 4191 ὸ
2355 4145 2527 4190 morte
2556 4136 2799 4208 protege,

2068 4223 2137 4280 Ut
2166 4228 2305 4295 capti
2337 4227 2478 4281 dulci
2509 4226 2695 4296 opere.

2137 4318 2384 4374 Christus
2410 4319 2668 4374 Dominus
2698 4318 2900 4387 vigilet,

2070 4410 2334 4481 Fidésque
2361 4423 2540 4467 nostra
2568 4412 2880 4488 germinet,-

2066 4501 2257 4556 zabuli
2288 4501 2527 4557 discedat
2558 4502 2879 4577 munimen,

2067 4596 2182 4650 Non
2215 4594 2389 4649 videat
2416 4594 2725 4665 subrepere.

2139 4686 2240 4742 Per
2264 4686 2446 4742 Jesum
2479 4683 2748 4759 Christum
2784 4686 3090 4752 Dominum,

2066 4780 2167 4849 Qui
2199 4789 2384 4851 regnat
2411 4795 2531 4841 cum
2563 4780 2670 4834 Deo
2699 4780 2876 4848 Patre,

2076 4874 2139 4931 Et
2168 4889 2264 4943 nos
2292 4873 2536 4943 dignavit
2560 4871 2780 4939 docere,

2068 4964 2359 5033 Credt‘imus
2387 4965 2439 5020 in
2470 4964 2750 5021 Trinitate.

2136 5058 2247 5128 66
2274 5055 2436 5110 Trino
2468 5056 2596 5123 Deo,
2627 5071 2689 5111 ac
2718 5055 2941 5112 Domino

2072 5138 2272 5208 Omnes
2298 5151 2537 5207 dicimus
2563 5150 2788 5221 gloriam
2817 5170 2829 5203 :

2070 5248 2203 5318 Quia
2236 5248 2390 5303 Pater
2420 5245 2472 5301 in
2499 5245 2760 5317 principio

2071 5327 2297 5411 Semper
2317 5338 2417 5393 fuit
2443 5353 2563 5394 cum
2600 5337 2637 5391 F
2642 5338 2751 5391 illo.
2788 5342 2979 5392 Amen.

2002 5434 2350 5507 Supplicdtio.
2396 5431 2625 5487 Oremus
2664 5430 3077 5499 Redemptorem
3124 5425 3305 5482 mundi
3332 5426 3513 5485 DOmi-

1931 5544 2057 5582 num
2090 5536 2332 5581 nostrum
2362 5522 2543 5579 Jesum
2581 5522 2875 5589 Christum,
2906 5538 3026 5578 cum
3063 5520 3209 5581 omni
3238 5524 3511 5591 supplica-

1933 5620 2079 5676 titine
2128 5619 2407 5701 rogemus;
2442 5624 2502 5670 ut
2545 5614 2797 5671 Ecclesia:
2835 5629 2947 5670 sua:
2994 5624 3200 5677 sancta,
3232 5613 3509 5670 catholicae

1937 5712 2093 5767 iidem
2141 5710 2375 5780 augeat,
2427 5717 2481 5763 ut
2535 5720 2722 5775 pacem
2773 5706 2999 5770 tribuat,
3046 5705 3512 5776 defensionemque

1931 5804 2210 5863 concedat.
2263 5804 2301 5873 ti
2324 5843 2335 5857 .
2359 5801 2561 5858 Praesta
2588 5798 2788 5859 aeterne
2815 5798 3154 5870 omnipotens
3183 5797 3342 5865 Deus.
