  <div class='ocr_page' id='page_1' title='image "/cluster/home/n/w/nwhite01/storage/ocr_20150623/86/hvd.32044015469463/079.png"; bbox 0 0 4044 6382; ppageno 0'>
   <div class='ocr_carea' id='block_1_1' title="bbox 531 324 627 417">
    <p class='ocr_par' dir='ltr' id='par_1_1' title="bbox 531 324 627 417">
     <span class='ocr_line' id='line_1_1' title="bbox 531 324 627 417; baseline -0.01 0"><span class='ocrx_word' id='word_1_1' title='bbox 531 365 552 417; x_wconf 78' lang='grc' dir='ltr'><strong>ι</strong></span> <span class='ocrx_word' id='word_1_2' title='bbox 568 324 627 416; x_wconf 69' lang='grc' dir='ltr'><strong>ίιῖ</strong></span> 
     </span>
    </p>
   </div>
   <div class='ocr_carea' id='block_1_2' title="bbox 1738 368 2576 435">
    <p class='ocr_par' dir='ltr' id='par_1_2' title="bbox 1738 368 2576 435">
     <span class='ocr_line' id='line_1_2' title="bbox 1738 368 2576 435; baseline 0.008 -10"><span class='ocrx_word' id='word_1_3' title='bbox 1738 368 2161 430; x_wconf 75' lang='lat' dir='ltr'><strong>DREVIARIUM</strong></span> <span class='ocrx_word' id='word_1_4' title='bbox 2205 372 2576 435; x_wconf 78' lang='lat' dir='ltr'><strong>GOTHICUM.</strong></span> 
     </span>
    </p>
   </div>
   <div class='ocr_carea' id='block_1_3' title="bbox 3695 386 3798 451">
    <p class='ocr_par' dir='ltr' id='par_1_3' title="bbox 3695 386 3798 451">
     <span class='ocr_line' id='line_1_3' title="bbox 3695 386 3798 451; baseline -0.019 0"><span class='ocrx_word' id='word_1_5' title='bbox 3695 386 3798 451; x_wconf 63' lang='lat'><strong>138</strong></span> 
     </span>
    </p>
   </div>
   <div class='ocr_carea' id='block_1_4' title="bbox 600 475 3798 574">
    <p class='ocr_par' dir='ltr' id='par_1_4' title="bbox 600 475 3798 574">
     <span class='ocr_line' id='line_1_4' title="bbox 600 475 3798 574; baseline 0.011 -44"><span class='ocrx_word' id='word_1_6' title='bbox 600 475 853 546; x_wconf 79' lang='lat' dir='ltr'><strong>Capitula.</strong></span> <span class='ocrx_word' id='word_1_7' title='bbox 883 477 1024 534; x_wconf 83' lang='lat' dir='ltr'><strong>Deus</strong></span> <span class='ocrx_word' id='word_1_8' title='bbox 1060 476 1178 536; x_wconf 87' lang='lat' dir='ltr'><strong>sine</strong></span> <span class='ocrx_word' id='word_1_9' title='bbox 1220 480 1393 547; x_wconf 85' lang='lat' dir='ltr'><strong>initio,</strong></span> <span class='ocrx_word' id='word_1_10' title='bbox 1425 484 1540 539; x_wconf 88' lang='lat' dir='ltr'><strong>sine</strong></span> <span class='ocrx_word' id='word_1_11' title='bbox 1566 484 1694 550; x_wconf 78' lang='lat' dir='ltr'><strong>line,</strong></span> <span class='ocrx_word' id='word_1_12' title='bbox 1726 483 1755 539; x_wconf 72' lang='grc' dir='ltr'>ξι</span> <span class='ocrx_word' id='word_1_13' title='bbox 1777 499 1883 555; x_wconf 91' lang='lat' dir='ltr'><strong>quo</strong></span> <span class='ocrx_word' id='word_1_14' title='bbox 1910 495 1996 541; x_wconf 87' lang='lat' dir='ltr'><strong>est</strong></span> <span class='ocrx_word' id='word_1_15' title='bbox 2026 496 2105 541; x_wconf 88' lang='lat' dir='ltr'><strong>to-</strong></span> <span class='ocrx_word' id='word_1_16' title='bbox 2133 491 2178 546; x_wconf 79' lang='lat' dir='ltr'><strong>A</strong></span> <span class='ocrx_word' id='word_1_17' title='bbox 2210 486 2363 543; x_wconf 79' lang='lat' dir='ltr'><strong>Patre</strong></span> <span class='ocrx_word' id='word_1_18' title='bbox 2390 488 2555 546; x_wconf 80' lang='lat' dir='ltr'><strong>fuisse</strong></span> <span class='ocrx_word' id='word_1_19' title='bbox 2587 489 2823 557; x_wconf 66' lang='lat' dir='ltr'><strong>testiris,</strong></span> <span class='ocrx_word' id='word_1_20' title='bbox 2852 492 3164 565; x_wconf 72' lang='lat' dir='ltr'><strong>priusquam</strong></span> <span class='ocrx_word' id='word_1_21' title='bbox 3206 506 3403 557; x_wconf 85' lang='lat' dir='ltr'><strong>terram</strong></span> <span class='ocrx_word' id='word_1_22' title='bbox 3445 502 3670 574; x_wconf 75' lang='lat' dir='ltr'><strong>faceret,</strong></span> <span class='ocrx_word' id='word_1_23' title='bbox 3702 519 3798 565; x_wconf 80' lang='lat' dir='ltr'><strong>aut</strong></span> 
     </span>
    </p>
   </div>
   <div class='ocr_carea' id='block_1_5' title="bbox 528 572 2110 647">
    <p class='ocr_par' dir='ltr' id='par_1_5' title="bbox 528 572 2110 647">
     <span class='ocr_line' id='line_1_5' title="bbox 528 572 2110 647; baseline 0.006 -22"><span class='ocrx_word' id='word_1_24' title='bbox 528 574 633 627; x_wconf 89' lang='lat' dir='ltr'><strong>tius</strong></span> <span class='ocrx_word' id='word_1_25' title='bbox 672 572 953 629; x_wconf 74' lang='lat' dir='ltr'><strong>mundona:</strong></span> <span class='ocrx_word' id='word_1_26' title='bbox 983 576 1247 632; x_wconf 70' lang='lat' dir='ltr'><strong>creaturae</strong></span> <span class='ocrx_word' id='word_1_27' title='bbox 1277 576 1519 645; x_wconf 84' lang='lat' dir='ltr'><strong>initium;</strong></span> <span class='ocrx_word' id='word_1_28' title='bbox 1549 579 1615 633; x_wconf 82' lang='lat' dir='ltr'><strong>da</strong></span> <span class='ocrx_word' id='word_1_29' title='bbox 1646 579 1821 647; x_wconf 89' lang='lat' dir='ltr'><strong>nobis,</strong></span> <span class='ocrx_word' id='word_1_30' title='bbox 1848 590 1904 636; x_wconf 90' lang='lat' dir='ltr'><strong>ut</strong></span> <span class='ocrx_word' id='word_1_31' title='bbox 1934 581 2110 636; x_wconf 79' lang='lat' dir='ltr'><strong>extre-</strong></span> 
     </span>
    </p>
   </div>
   <div class='ocr_carea' id='block_1_6' title="bbox 526 664 2109 742">
    <p class='ocr_par' dir='ltr' id='par_1_6' title="bbox 526 664 2109 742">
     <span class='ocr_line' id='line_1_6' title="bbox 526 664 2109 742; baseline 0.007 -25"><span class='ocrx_word' id='word_1_32' title='bbox 526 678 645 731; x_wconf 61' lang='lat' dir='ltr'><strong>ma,</strong></span> <span class='ocrx_word' id='word_1_33' title='bbox 666 665 748 721; x_wconf 82' lang='lat' dir='ltr'><strong>vel</strong></span> <span class='ocrx_word' id='word_1_34' title='bbox 777 664 953 721; x_wconf 87' lang='lat' dir='ltr'><strong>média</strong></span> <span class='ocrx_word' id='word_1_35' title='bbox 979 668 1104 722; x_wconf 88' lang='lat' dir='ltr'><strong>anni</strong></span> <span class='ocrx_word' id='word_1_36' title='bbox 1139 667 1295 738; x_wconf 76' lang='lat' dir='ltr'><strong>hujus</strong></span> <span class='ocrx_word' id='word_1_37' title='bbox 1319 683 1439 724; x_wconf 92' lang='lat' dir='ltr'><strong>cum</strong></span> <span class='ocrx_word' id='word_1_38' title='bbox 1487 670 1679 738; x_wconf 72' lang='lat' dir='ltr'><strong>placita</strong></span> <span class='ocrx_word' id='word_1_39' title='bbox 1709 671 1802 727; x_wconf 91' lang='lat' dir='ltr'><strong>tibi</strong></span> <span class='ocrx_word' id='word_1_40' title='bbox 1830 674 2109 742; x_wconf 82' lang='lat' dir='ltr'><strong>prosperi-</strong></span> 
     </span>
    </p>
   </div>
   <div class='ocr_carea' id='block_1_7' title="bbox 526 756 2106 836">
    <p class='ocr_par' dir='ltr' id='par_1_7' title="bbox 526 756 2106 836">
     <span class='ocr_line' id='line_1_7' title="bbox 526 756 2106 836; baseline 0.005 -27"><span class='ocrx_word' id='word_1_41' title='bbox 526 756 640 811; x_wconf 62' lang='lat' dir='ltr'><strong>tate</strong></span> <span class='ocrx_word' id='word_1_42' title='bbox 678 756 956 824; x_wconf 70' lang='lat' dir='ltr'><strong>ducamus,</strong></span> <span class='ocrx_word' id='word_1_43' title='bbox 987 761 1077 829; x_wconf 86' lang='lat' dir='ltr'><strong>qui</strong></span> <span class='ocrx_word' id='word_1_44' title='bbox 1114 760 1258 815; x_wconf 85' lang='lat' dir='ltr'><strong>initia</strong></span> <span class='ocrx_word' id='word_1_45' title='bbox 1287 761 1403 831; x_wconf 82' lang='lat' dir='ltr'><strong>ejus</strong></span> <span class='ocrx_word' id='word_1_46' title='bbox 1435 762 1528 817; x_wconf 88' lang='lat' dir='ltr'><strong>tibi</strong></span> <span class='ocrx_word' id='word_1_47' title='bbox 1555 762 1847 821; x_wconf 71' lang='lat' dir='ltr'><strong>dedicanda</strong></span> <span class='ocrx_word' id='word_1_48' title='bbox 1877 765 2106 836; x_wconf 83' lang='lat' dir='ltr'><strong>Porrigi-</strong></span> 
     </span>
    </p>
   </div>
   <div class='ocr_carea' id='block_1_8' title="bbox 526 851 2108 925">
    <p class='ocr_par' dir='ltr' id='par_1_8' title="bbox 526 851 2108 925">
     <span class='ocr_line' id='line_1_8' title="bbox 526 851 2108 925; baseline 0.006 -25"><span class='ocrx_word' id='word_1_49' title='bbox 526 862 679 912; x_wconf 89' lang='lat' dir='ltr'><strong>mus,</strong></span> <span class='ocrx_word' id='word_1_50' title='bbox 735 857 793 904; x_wconf 91' lang='lat' dir='ltr'><strong>ut</strong></span> <span class='ocrx_word' id='word_1_51' title='bbox 842 859 897 905; x_wconf 90' lang='lat' dir='ltr'><strong>et</strong></span> <span class='ocrx_word' id='word_1_52' title='bbox 958 851 1272 907; x_wconf 66' lang='lat' dir='ltr'><strong>substantiis</strong></span> <span class='ocrx_word' id='word_1_53' title='bbox 1334 853 1705 921; x_wconf 76' lang='lat' dir='ltr'><strong>abundomus,</strong></span> <span class='ocrx_word' id='word_1_54' title='bbox 1758 863 1812 911; x_wconf 86' lang='lat' dir='ltr'><strong>et</strong></span> <span class='ocrx_word' id='word_1_55' title='bbox 1858 854 2108 925; x_wconf 77' lang='lat' dir='ltr'><strong>operibus</strong></span> 
     </span>
    </p>
   </div>
   <div class='ocr_carea' id='block_1_9' title="bbox 521 939 1177 1012">
    <p class='ocr_par' dir='ltr' id='par_1_9' title="bbox 521 939 1177 1012">
     <span class='ocr_line' id='line_1_9' title="bbox 521 939 1177 1012; baseline 0.008 -19"><span class='ocrx_word' id='word_1_56' title='bbox 521 939 822 995; x_wconf 62' lang='lat' dir='ltr'><strong>sanctitétis</strong></span> <span class='ocrx_word' id='word_1_57' title='bbox 862 940 1177 1012; x_wconf 76' lang='lat' dir='ltr'><strong>fulgeamus.</strong></span> 
     </span>
    </p>
   </div>
   <div class='ocr_carea' id='block_1_10' title="bbox 595 1031 1717 1108">
    <p class='ocr_par' dir='ltr' id='par_1_10' title="bbox 595 1031 1717 1108">
     <span class='ocr_line' id='line_1_10' title="bbox 595 1031 1717 1108; baseline 0.007 -22"><span class='ocrx_word' id='word_1_58' title='bbox 595 1031 755 1087; x_wconf 81' lang='lat' dir='ltr'><strong>Pater</strong></span> <span class='ocrx_word' id='word_1_59' title='bbox 782 1044 983 1090; x_wconf 91' lang='lat' dir='ltr'><strong>noster.</strong></span> <span class='ocrx_word' id='word_1_60' title='bbox 1015 1035 1250 1092; x_wconf 59' lang='lat' dir='ltr'><strong>Izib‘erati</strong></span> <span class='ocrx_word' id='word_1_61' title='bbox 1283 1036 1312 1092; x_wconf 69' lang='grc' dir='ltr'>ὸ</span> <span class='ocrx_word' id='word_1_62' title='bbox 1344 1040 1503 1093; x_wconf 87' lang='lat' dir='ltr'><strong>malo.</strong></span> <span class='ocrx_word' id='word_1_63' title='bbox 1538 1041 1631 1108; x_wconf 79' lang='lat' dir='ltr'><strong>fol.</strong></span> <span class='ocrx_word' id='word_1_64' title='bbox 1659 1038 1717 1095; x_wconf 69' lang='grc' dir='ltr'><em>Ξ.</em></span> 
     </span>
    </p>
   </div>
   <div class='ocr_carea' id='block_1_11' title="bbox 593 1122 2104 1201">
    <p class='ocr_par' dir='ltr' id='par_1_11' title="bbox 593 1122 2104 1201">
     <span class='ocr_line' id='line_1_11' title="bbox 593 1122 2104 1201; baseline 0.005 -24"><span class='ocrx_word' id='word_1_65' title='bbox 593 1122 906 1180; x_wconf 67' lang='lat' dir='ltr'><strong>Benedictio.</strong></span> <span class='ocrx_word' id='word_1_66' title='bbox 954 1126 1215 1183; x_wconf 79' lang='lat' dir='ltr'><strong>Dominus</strong></span> <span class='ocrx_word' id='word_1_67' title='bbox 1259 1138 1444 1184; x_wconf 87' lang='lat' dir='ltr'><strong>noster</strong></span> <span class='ocrx_word' id='word_1_68' title='bbox 1488 1130 1644 1185; x_wconf 88' lang='lat' dir='ltr'><strong>Jesus</strong></span> <span class='ocrx_word' id='word_1_69' title='bbox 1693 1130 1967 1196; x_wconf 77' lang='lat' dir='ltr'><strong>Christus.</strong></span> <span class='ocrx_word' id='word_1_70' title='bbox 2016 1131 2104 1201; x_wconf 85' lang='lat' dir='ltr'><strong>qui</strong></span> 
     </span>
    </p>
   </div>
   <div class='ocr_carea' id='block_1_12' title="bbox 520 1216 2106 1290">
    <p class='ocr_par' dir='ltr' id='par_1_12' title="bbox 520 1216 2106 1290">
     <span class='ocr_line' id='line_1_12' title="bbox 520 1216 2106 1290; baseline 0.005 -19"><span class='ocrx_word' id='word_1_71' title='bbox 520 1223 600 1271; x_wconf 83' lang='lat' dir='ltr'><strong>est</strong></span> <span class='ocrx_word' id='word_1_72' title='bbox 632 1216 829 1272; x_wconf 75' lang='lat' dir='ltr'><strong>corona</strong></span> <span class='ocrx_word' id='word_1_73' title='bbox 872 1219 1037 1273; x_wconf 71' lang='lat' dir='ltr'><strong>totius</strong></span> <span class='ocrx_word' id='word_1_74' title='bbox 1076 1219 1106 1274; x_wconf 67' lang='grc' dir='ltr'>ὲ</span> <span class='ocrx_word' id='word_1_75' title='bbox 1150 1235 1211 1276; x_wconf 88' lang='lat' dir='ltr'><strong>se</strong></span> <span class='ocrx_word' id='word_1_76' title='bbox 1253 1221 1494 1277; x_wconf 61' lang='lat' dir='ltr'><strong>formave</strong></span> <span class='ocrx_word' id='word_1_77' title='bbox 1526 1222 1800 1290; x_wconf 67' lang='lat' dir='ltr'><strong>Ecclesiae,</strong></span> <span class='ocrx_word' id='word_1_78' title='bbox 1831 1225 1925 1280; x_wconf 90' lang='lat' dir='ltr'><strong>det</strong></span> <span class='ocrx_word' id='word_1_79' title='bbox 1952 1223 2106 1280; x_wconf 88' lang='lat' dir='ltr'><strong>nobis</strong></span> 
     </span>
    </p>
   </div>
   <div class='ocr_carea' id='block_1_13' title="bbox 524 1304 2106 1380">
    <p class='ocr_par' dir='ltr' id='par_1_13' title="bbox 524 1304 2106 1380">
     <span class='ocr_line' id='line_1_13' title="bbox 524 1304 2106 1380; baseline 0.006 -22"><span class='ocrx_word' id='word_1_80' title='bbox 524 1304 688 1368; x_wconf 77' lang='lat' dir='ltr'><strong>hunc,</strong></span> <span class='ocrx_word' id='word_1_81' title='bbox 713 1321 909 1361; x_wconf 91' lang='lat' dir='ltr'><strong>annum</strong></span> <span class='ocrx_word' id='word_1_82' title='bbox 946 1308 1272 1373; x_wconf 73' lang='lat' dir='ltr'><strong>placabilem</strong></span> <span class='ocrx_word' id='word_1_83' title='bbox 1312 1310 1529 1367; x_wconf 74' lang='lat' dir='ltr'><strong>ducere.</strong></span> <span class='ocrx_word' id='word_1_84' title='bbox 1572 1313 1607 1380; x_wconf 56' lang='lat' dir='ltr'><strong>ti</strong></span> <span class='ocrx_word' id='word_1_85' title='bbox 1632 1352 1644 1365; x_wconf 95' lang='lat'><strong>.</strong></span> <span class='ocrx_word' id='word_1_86' title='bbox 1680 1317 1871 1370; x_wconf 79' lang='lat' dir='ltr'><strong>Amen.</strong></span> <span class='ocrx_word' id='word_1_87' title='bbox 1902 1315 2106 1369; x_wconf 87' lang='lat' dir='ltr'><strong>Conso-</strong></span> 
     </span>
    </p>
   </div>
   <div class='ocr_carea' id='block_1_14' title="bbox 522 1393 2103 1474">
    <p class='ocr_par' dir='ltr' id='par_1_14' title="bbox 522 1393 2103 1474">
     <span class='ocr_line' id='line_1_14' title="bbox 522 1393 2103 1474; baseline 0.01 -24"><span class='ocrx_word' id='word_1_88' title='bbox 522 1393 663 1453; x_wconf 77' lang='lat' dir='ltr'><strong>l&#39;étur</strong></span> <span class='ocrx_word' id='word_1_89' title='bbox 706 1414 800 1453; x_wconf 90' lang='lat' dir='ltr'><strong>nos</strong></span> <span class='ocrx_word' id='word_1_90' title='bbox 830 1399 1089 1470; x_wconf 81' lang='lat' dir='ltr'><strong>frt&#39;tgihus,</strong></span> <span class='ocrx_word' id='word_1_91' title='bbox 1132 1414 1184 1457; x_wconf 90' lang='lat' dir='ltr'><strong>et</strong></span> <span class='ocrx_word' id='word_1_92' title='bbox 1209 1404 1459 1474; x_wconf 73' lang='lat' dir='ltr'><strong>dignetur</strong></span> <span class='ocrx_word' id='word_1_93' title='bbox 1484 1409 1768 1467; x_wconf 76' lang='lat' dir='ltr'><strong>munerare</strong></span> <span class='ocrx_word' id='word_1_94' title='bbox 1796 1409 2103 1466; x_wconf 72' lang='lat' dir='ltr'><strong>virtutibus.</strong></span> 
     </span>
    </p>
   </div>
   <div class='ocr_carea' id='block_1_15' title="bbox 536 1488 2105 1571">
    <p class='ocr_par' dir='ltr' id='par_1_15' title="bbox 536 1488 2105 1571">
     <span class='ocr_line' id='line_1_15' title="bbox 536 1488 2105 1571; baseline 0.008 -27"><span class='ocrx_word' id='word_1_95' title='bbox 536 1488 611 1560; x_wconf 73' lang='lat' dir='ltr'><strong>ti).</strong></span> <span class='ocrx_word' id='word_1_96' title='bbox 667 1493 859 1549; x_wconf 87' lang='lat' dir='ltr'><strong>Amen.</strong></span> <span class='ocrx_word' id='word_1_97' title='bbox 906 1494 975 1551; x_wconf 89' lang='lat' dir='ltr'><strong>Ut</strong></span> <span class='ocrx_word' id='word_1_98' title='bbox 1018 1497 1374 1565; x_wconf 61' lang='lat' dir='ltr'><strong>prosiieritate</strong></span> <span class='ocrx_word' id='word_1_99' title='bbox 1401 1498 1501 1554; x_wconf 88' lang='lat' dir='ltr'><strong>sibi</strong></span> <span class='ocrx_word' id='word_1_100' title='bbox 1545 1500 1745 1569; x_wconf 69' lang='lat' dir='ltr'><strong>placita</strong></span> <span class='ocrx_word' id='word_1_101' title='bbox 1796 1502 2105 1571; x_wconf 75' lang='lat' dir='ltr'><strong>lzetabundi,</strong></span> 
     </span>
    </p>
   </div>
   <div class='ocr_carea' id='block_1_16' title="bbox 519 1582 2102 1661">
    <p class='ocr_par' dir='ltr' id='par_1_16' title="bbox 519 1582 2102 1661">
     <span class='ocr_line' id='line_1_16' title="bbox 519 1582 2102 1661; baseline 0.009 -27"><span class='ocrx_word' id='word_1_102' title='bbox 519 1582 683 1637; x_wconf 83' lang='lat' dir='ltr'><strong>totius</strong></span> <span class='ocrx_word' id='word_1_103' title='bbox 744 1585 868 1638; x_wconf 90' lang='lat' dir='ltr'><strong>anni</strong></span> <span class='ocrx_word' id='word_1_104' title='bbox 928 1585 1098 1655; x_wconf 70' lang='lat' dir='ltr'><strong>spatia</strong></span> <span class='ocrx_word' id='word_1_105' title='bbox 1159 1590 1463 1644; x_wconf 72' lang='lat' dir='ltr'><strong>mereamur</strong></span> <span class='ocrx_word' id='word_1_106' title='bbox 1522 1594 1852 1659; x_wconf 87' lang='lat' dir='ltr'><strong>pertransire</strong></span> <span class='ocrx_word' id='word_1_107' title='bbox 1910 1593 2102 1661; x_wconf 69' lang='lat' dir='ltr'><strong>illmsi,</strong></span> 
     </span>
    </p>
   </div>
   <div class='ocr_carea' id='block_1_17' title="bbox 534 1671 1622 1751">
    <p class='ocr_par' dir='ltr' id='par_1_17' title="bbox 534 1671 1622 1751">
     <span class='ocr_line' id='line_1_17' title="bbox 534 1671 1622 1751; baseline 0.01 -25"><span class='ocrx_word' id='word_1_108' title='bbox 534 1671 572 1741; x_wconf 59' lang='grc' dir='ltr'>ἢ</span> <span class='ocrx_word' id='word_1_109' title='bbox 594 1713 611 1727; x_wconf 93' lang='grc'><strong>.</strong></span> <span class='ocrx_word' id='word_1_110' title='bbox 641 1672 831 1728; x_wconf 88' lang='lat' dir='ltr'><strong>Amen.</strong></span> <span class='ocrx_word' id='word_1_111' title='bbox 863 1675 964 1731; x_wconf 84' lang='lat' dir='ltr'><strong>Per</strong></span> <span class='ocrx_word' id='word_1_112' title='bbox 990 1679 1411 1734; x_wconf 87' lang='lat' dir='ltr'><strong>misericordiam</strong></span> <span class='ocrx_word' id='word_1_113' title='bbox 1436 1683 1622 1751; x_wconf 80' lang='lat' dir='ltr'><strong>ipsius.</strong></span> 
     </span>
    </p>
   </div>
   <div class='ocr_carea' id='block_1_18' title="bbox 592 1764 2106 1840">
    <p class='ocr_par' dir='ltr' id='par_1_18' title="bbox 592 1764 2106 1840">
     <span class='ocr_line' id='line_1_18' title="bbox 592 1764 2106 1840; baseline 0.011 -23"><span class='ocrx_word' id='word_1_114' title='bbox 592 1764 796 1826; x_wconf 76' lang='lat' dir='ltr'><strong>Lauda.</strong></span> <span class='ocrx_word' id='word_1_115' title='bbox 820 1767 1071 1823; x_wconf 83' lang='lat' dir='ltr'><strong>Alleluia.</strong></span> <span class='ocrx_word' id='word_1_116' title='bbox 1099 1771 1392 1829; x_wconf 65' lang='lat' dir='ltr'><strong>Lmtéhitur</strong></span> <span class='ocrx_word' id='word_1_117' title='bbox 1419 1774 1649 1840; x_wconf 77' lang='lat' dir='ltr'><strong>deserta,</strong></span> <span class='ocrx_word' id='word_1_118' title='bbox 1683 1789 1734 1831; x_wconf 88' lang='lat' dir='ltr'><strong>et</strong></span> <span class='ocrx_word' id='word_1_119' title='bbox 1756 1776 1917 1831; x_wconf 87' lang='lat' dir='ltr'><strong>invia.</strong></span> <span class='ocrx_word' id='word_1_120' title='bbox 1946 1776 2007 1830; x_wconf 89' lang='grc' dir='ltr'><strong>Ρ.</strong></span> <span class='ocrx_word' id='word_1_121' title='bbox 2040 1778 2106 1833; x_wconf 85' lang='lat' dir='ltr'><strong>Et</strong></span> 
     </span>
    </p>
   </div>
   <div class='ocr_carea' id='block_1_19' title="bbox 517 1857 2099 1935">
    <p class='ocr_par' dir='ltr' id='par_1_19' title="bbox 517 1857 2099 1935">
     <span class='ocr_line' id='line_1_19' title="bbox 517 1857 2099 1935; baseline 0.008 -23"><span class='ocrx_word' id='word_1_122' title='bbox 517 1857 775 1913; x_wconf 59' lang='lat' dir='ltr'><strong>exultibit</strong></span> <span class='ocrx_word' id='word_1_123' title='bbox 803 1862 1054 1929; x_wconf 76' lang='lat' dir='ltr'><strong>solitudo,</strong></span> <span class='ocrx_word' id='word_1_124' title='bbox 1088 1873 1142 1918; x_wconf 93' lang='lat' dir='ltr'><strong>et</strong></span> <span class='ocrx_word' id='word_1_125' title='bbox 1172 1864 1381 1920; x_wconf 75' lang='lat' dir='ltr'><strong>Ilorébit</strong></span> <span class='ocrx_word' id='word_1_126' title='bbox 1409 1870 1560 1935; x_wconf 58' lang='lat' dir='ltr'><strong>quasi</strong></span> <span class='ocrx_word' id='word_1_127' title='bbox 1614 1869 1801 1923; x_wconf 82' lang='lat' dir='ltr'><strong>lilium.</strong></span> <span class='ocrx_word' id='word_1_128' title='bbox 1839 1871 2099 1935; x_wconf 74' lang='lat' dir='ltr'><strong>Alleluia,</strong></span> 
     </span>
    </p>
   </div>
   <div class='ocr_carea' id='block_1_20' title="bbox 515 1948 2103 2019">
    <p class='ocr_par' dir='ltr' id='par_1_20' title="bbox 515 1948 2103 2019">
     <span class='ocr_line' id='line_1_20' title="bbox 515 1948 2103 2019; baseline 0.013 -20"><span class='ocrx_word' id='word_1_129' title='bbox 515 1948 751 2008; x_wconf 78' lang='lat' dir='ltr'><strong>alleluia.</strong></span> <span class='ocrx_word' id='word_1_130' title='bbox 798 1952 832 2019; x_wconf 58' lang='grc' dir='ltr'><em>ᾖ</em></span> <span class='ocrx_word' id='word_1_131' title='bbox 857 1991 871 2005; x_wconf 94' lang='grc'><strong>.</strong></span> <span class='ocrx_word' id='word_1_132' title='bbox 917 1952 1152 2008; x_wconf 70' lang='lat' dir='ltr'><strong>.Iubilate</strong></span> <span class='ocrx_word' id='word_1_133' title='bbox 1196 1954 1306 2010; x_wconf 89' lang='lat' dir='ltr'><strong>Deo</strong></span> <span class='ocrx_word' id='word_1_134' title='bbox 1335 1958 1510 2012; x_wconf 82' lang='lat' dir='ltr'><strong>omnis</strong></span> <span class='ocrx_word' id='word_1_135' title='bbox 1556 1970 1691 2013; x_wconf 87' lang='lat' dir='ltr'><strong>terra</strong></span> <span class='ocrx_word' id='word_1_136' title='bbox 1722 1962 1958 2018; x_wconf 82' lang='lat' dir='ltr'><strong>:servite</strong></span> <span class='ocrx_word' id='word_1_137' title='bbox 1997 1962 2103 2018; x_wconf 83' lang='lat' dir='ltr'><strong>Do-</strong></span> 
     </span>
    </p>
   </div>
   <div class='ocr_carea' id='block_1_21' title="bbox 517 2040 2101 2120">
    <p class='ocr_par' dir='ltr' id='par_1_21' title="bbox 517 2040 2101 2120">
     <span class='ocr_line' id='line_1_21' title="bbox 517 2040 2101 2120; baseline 0.011 -27"><span class='ocrx_word' id='word_1_138' title='bbox 517 2040 663 2095; x_wconf 77' lang='lat' dir='ltr'><strong>utino</strong></span> <span class='ocrx_word' id='word_1_139' title='bbox 690 2040 742 2095; x_wconf 89' lang='lat' dir='ltr'><strong>in</strong></span> <span class='ocrx_word' id='word_1_140' title='bbox 778 2042 1078 2112; x_wconf 47' lang='lat' dir='ltr'><strong>laetitia}.</strong></span> <span class='ocrx_word' id='word_1_141' title='bbox 1110 2046 1177 2100; x_wconf 82' lang='lat' dir='ltr'><strong>Et</strong></span> <span class='ocrx_word' id='word_1_142' title='bbox 1219 2048 1500 2105; x_wconf 62' lang='lat' dir='ltr'><strong>exultabit.</strong></span> <span class='ocrx_word' id='word_1_143' title='bbox 1548 2050 1620 2120; x_wconf 58' lang='grc' dir='ltr'><em>ᾖ.</em></span> <span class='ocrx_word' id='word_1_144' title='bbox 1666 2050 1869 2119; x_wconf 85' lang='lat' dir='ltr'><strong>Gloria,</strong></span> <span class='ocrx_word' id='word_1_145' title='bbox 1922 2065 1974 2109; x_wconf 92' lang='lat' dir='ltr'><strong>et</strong></span> <span class='ocrx_word' id='word_1_146' title='bbox 2006 2054 2101 2109; x_wconf 87' lang='lat' dir='ltr'><strong>ho-</strong></span> 
     </span>
    </p>
   </div>
   <div class='ocr_carea' id='block_1_22' title="bbox 514 2133 1273 2198">
    <p class='ocr_par' dir='ltr' id='par_1_22' title="bbox 514 2133 1273 2198">
     <span class='ocr_line' id='line_1_22' title="bbox 514 2133 1273 2198; baseline 0.011 -12"><span class='ocrx_word' id='word_1_147' title='bbox 514 2146 635 2198; x_wconf 90' lang='lat' dir='ltr'><strong>nor,</strong></span> <span class='ocrx_word' id='word_1_148' title='bbox 663 2146 769 2190; x_wconf 85' lang='lat' dir='ltr'><strong>etc.</strong></span> <span class='ocrx_word' id='word_1_149' title='bbox 800 2133 866 2190; x_wconf 86' lang='grc' dir='ltr'><strong>Ρ.</strong></span> <span class='ocrx_word' id='word_1_150' title='bbox 904 2137 968 2190; x_wconf 83' lang='grc' dir='ltr'>Ει</span> <span class='ocrx_word' id='word_1_151' title='bbox 994 2139 1273 2195; x_wconf 68' lang='lat' dir='ltr'><strong>exultabit.</strong></span> 
     </span>
    </p>
   </div>
   <div class='ocr_carea' id='block_1_23' title="bbox 589 2224 2100 2310">
    <p class='ocr_par' dir='ltr' id='par_1_23' title="bbox 589 2224 2100 2310">
     <span class='ocr_line' id='line_1_23' title="bbox 589 2224 2100 2310; baseline 0.009 -32"><span class='ocrx_word' id='word_1_152' title='bbox 589 2224 790 2280; x_wconf 64' lang='lat' dir='ltr'><strong>Oratio.</strong></span> <span class='ocrx_word' id='word_1_153' title='bbox 837 2228 1051 2286; x_wconf 89' lang='lat' dir='ltr'><strong>Discute</strong></span> <span class='ocrx_word' id='word_1_154' title='bbox 1080 2231 1109 2286; x_wconf 74' lang='lat' dir='ltr'><strong>a</strong></span> <span class='ocrx_word' id='word_1_155' title='bbox 1140 2232 1296 2289; x_wconf 75' lang='lat' dir='ltr'><strong>nobis</strong></span> <span class='ocrx_word' id='word_1_156' title='bbox 1343 2233 1647 2307; x_wconf 79' lang='lat' dir='ltr'><strong>Unigénite.</strong></span> <span class='ocrx_word' id='word_1_157' title='bbox 1697 2238 1917 2308; x_wconf 77' lang='lat' dir='ltr'><strong>nequire</strong></span> <span class='ocrx_word' id='word_1_158' title='bbox 1961 2239 2100 2310; x_wconf 78' lang='lat' dir='ltr'><strong>infra</strong></span> 
     </span>
    </p>
   </div>
   <div class='ocr_carea' id='block_1_24' title="bbox 508 2315 885 2385">
    <p class='ocr_par' dir='ltr' id='par_1_24' title="bbox 508 2315 885 2385">
     <span class='ocr_line' id='line_1_24' title="bbox 508 2315 885 2385; baseline 0.013 -18"><span class='ocrx_word' id='word_1_159' title='bbox 508 2315 564 2370; x_wconf 76' lang='lat' dir='ltr'><strong>in</strong></span> <span class='ocrx_word' id='word_1_160' title='bbox 595 2315 651 2370; x_wconf 85' lang='grc' dir='ltr'><em>Μ</em></span> <span class='ocrx_word' id='word_1_161' title='bbox 654 2319 885 2385; x_wconf 74' lang='lat' dir='ltr'><strong>atutt’nis.</strong></span> 
     </span>
    </p>
   </div>
   <div class='ocr_carea' id='block_1_25' title="bbox 585 2408 2094 2493">
    <p class='ocr_par' dir='ltr' id='par_1_25' title="bbox 585 2408 2094 2493">
     <span class='ocr_line' id='line_1_25' title="bbox 585 2408 2094 2493; baseline 0.011 -31"><span class='ocrx_word' id='word_1_162' title='bbox 585 2408 845 2484; x_wconf 72' lang='lat' dir='ltr'><strong>Hymnus.</strong></span> <span class='ocrx_word' id='word_1_163' title='bbox 878 2411 1104 2469; x_wconf 71' lang='lat' dir='ltr'><strong>AEtérue</strong></span> <span class='ocrx_word' id='word_1_164' title='bbox 1145 2432 1323 2471; x_wconf 88' lang='lat' dir='ltr'><strong>rerum</strong></span> <span class='ocrx_word' id='word_1_165' title='bbox 1355 2420 1635 2477; x_wconf 84' lang='lat' dir='ltr'><strong>Conditor.</strong></span> <span class='ocrx_word' id='word_1_166' title='bbox 1669 2422 1889 2493; x_wconf 80' lang='lat' dir='ltr'><strong>Require</strong></span> <span class='ocrx_word' id='word_1_167' title='bbox 1918 2424 2010 2493; x_wconf 79' lang='lat' dir='ltr'><strong>fol.</strong></span> <span class='ocrx_word' id='word_1_168' title='bbox 2040 2426 2094 2479; x_wconf 80' lang='grc'><em>5.</em></span> 
     </span>
    </p>
   </div>
   <div class='ocr_carea' id='block_1_26' title="bbox 587 2500 2097 2581">
    <p class='ocr_par' dir='ltr' id='par_1_26' title="bbox 587 2500 2097 2581">
     <span class='ocr_line' id='line_1_26' title="bbox 587 2500 2097 2581; baseline 0.01 -26"><span class='ocrx_word' id='word_1_169' title='bbox 587 2500 787 2563; x_wconf 72' lang='lat' dir='ltr'><strong>Duilio.</strong></span> <span class='ocrx_word' id='word_1_170' title='bbox 835 2504 1185 2575; x_wconf 84' lang='lat' dir='ltr'><strong>Omnipotens</strong></span> <span class='ocrx_word' id='word_1_171' title='bbox 1218 2508 1419 2565; x_wconf 79' lang='lat' dir='ltr'><strong>tetérne</strong></span> <span class='ocrx_word' id='word_1_172' title='bbox 1467 2510 1629 2579; x_wconf 85' lang='lat' dir='ltr'><strong>Deus,</strong></span> <span class='ocrx_word' id='word_1_173' title='bbox 1673 2523 1727 2568; x_wconf 91' lang='lat' dir='ltr'><strong>et</strong></span> <span class='ocrx_word' id='word_1_174' title='bbox 1770 2514 2097 2581; x_wconf 76' lang='lat' dir='ltr'><strong>misericors,</strong></span> 
     </span>
    </p>
   </div>
   <div class='ocr_carea' id='block_1_27' title="bbox 511 2592 2099 2673">
    <p class='ocr_par' dir='ltr' id='par_1_27' title="bbox 511 2592 2099 2673">
     <span class='ocr_line' id='line_1_27' title="bbox 511 2592 2099 2673; baseline 0.008 -26"><span class='ocrx_word' id='word_1_175' title='bbox 511 2592 606 2660; x_wconf 85' lang='lat' dir='ltr'><strong>qui</strong></span> <span class='ocrx_word' id='word_1_176' title='bbox 650 2594 947 2663; x_wconf 78' lang='lat' dir='ltr'><strong>temporum</strong></span> <span class='ocrx_word' id='word_1_177' title='bbox 991 2596 1087 2651; x_wconf 90' lang='lat' dir='ltr'><strong>das</strong></span> <span class='ocrx_word' id='word_1_178' title='bbox 1119 2596 1381 2666; x_wconf 79' lang='lat' dir='ltr'><strong>tempora,</strong></span> <span class='ocrx_word' id='word_1_179' title='bbox 1422 2608 1477 2655; x_wconf 92' lang='lat' dir='ltr'><strong>et</strong></span> <span class='ocrx_word' id='word_1_180' title='bbox 1506 2602 1595 2670; x_wconf 87' lang='lat' dir='ltr'><strong>qui</strong></span> <span class='ocrx_word' id='word_1_181' title='bbox 1634 2602 1859 2673; x_wconf 80' lang='lat' dir='ltr'><strong>singulis</strong></span> <span class='ocrx_word' id='word_1_182' title='bbox 1890 2605 2099 2673; x_wconf 85' lang='lat' dir='ltr'><strong>tempo-</strong></span> 
     </span>
    </p>
   </div>
   <div class='ocr_carea' id='block_1_28' title="bbox 510 2682 2099 2759">
    <p class='ocr_par' dir='ltr' id='par_1_28' title="bbox 510 2682 2099 2759">
     <span class='ocr_line' id='line_1_28' title="bbox 510 2682 2099 2759; baseline 0.008 -21"><span class='ocrx_word' id='word_1_183' title='bbox 510 2682 662 2739; x_wconf 83' lang='lat' dir='ltr'><strong>ribus</strong></span> <span class='ocrx_word' id='word_1_184' title='bbox 723 2682 820 2737; x_wconf 90' lang='lat' dir='ltr'><strong>das</strong></span> <span class='ocrx_word' id='word_1_185' title='bbox 873 2682 1142 2753; x_wconf 74' lang='lat' dir='ltr'><strong>gratiam,</strong></span> <span class='ocrx_word' id='word_1_186' title='bbox 1198 2702 1357 2757; x_wconf 89' lang='lat' dir='ltr'><strong>quam</strong></span> <span class='ocrx_word' id='word_1_187' title='bbox 1430 2690 1848 2748; x_wconf 86' lang='lat' dir='ltr'><strong>administrent:</strong></span> <span class='ocrx_word' id='word_1_188' title='bbox 1883 2704 1977 2759; x_wconf 92' lang='lat' dir='ltr'><strong>tu,</strong></span> <span class='ocrx_word' id='word_1_189' title='bbox 2032 2712 2099 2752; x_wconf 92' lang='lat' dir='ltr'><strong>ne</strong></span> 
     </span>
    </p>
   </div>
   <div class='ocr_carea' id='block_1_29' title="bbox 509 2773 2098 2856">
    <p class='ocr_par' dir='ltr' id='par_1_29' title="bbox 509 2773 2098 2856">
     <span class='ocr_line' id='line_1_29' title="bbox 509 2773 2098 2856; baseline 0.008 -26"><span class='ocrx_word' id='word_1_190' title='bbox 509 2789 666 2830; x_wconf 87' lang='lat' dir='ltr'><strong>mens</strong></span> <span class='ocrx_word' id='word_1_191' title='bbox 713 2773 1021 2844; x_wconf 72' lang='lat' dir='ltr'><strong>prolixitote</strong></span> <span class='ocrx_word' id='word_1_192' title='bbox 1067 2780 1406 2835; x_wconf 75' lang='lat' dir='ltr'><strong>tenebrarum</strong></span> <span class='ocrx_word' id='word_1_193' title='bbox 1460 2791 1763 2850; x_wconf 66' lang='lat' dir='ltr'><strong>exaestuet,</strong></span> <span class='ocrx_word' id='word_1_194' title='bbox 1815 2785 1954 2856; x_wconf 85' lang='lat' dir='ltr'><strong>gallo</strong></span> <span class='ocrx_word' id='word_1_195' title='bbox 2000 2802 2098 2842; x_wconf 84' lang='lat' dir='ltr'><strong>nos</strong></span> 
     </span>
    </p>
   </div>
   <div class='ocr_carea' id='block_1_30' title="bbox 511 2868 2096 2944">
    <p class='ocr_par' dir='ltr' id='par_1_30' title="bbox 511 2868 2096 2944">
     <span class='ocr_line' id='line_1_30' title="bbox 511 2868 2096 2944; baseline 0.008 -23"><span class='ocrx_word' id='word_1_196' title='bbox 511 2868 814 2930; x_wconf 58' lang='lat' dir='ltr'><strong>consolhris</strong></span> <span class='ocrx_word' id='word_1_197' title='bbox 844 2868 1105 2936; x_wconf 86' lang='lat' dir='ltr'><strong>canéute;</strong></span> <span class='ocrx_word' id='word_1_198' title='bbox 1139 2879 1195 2924; x_wconf 95' lang='lat' dir='ltr'><strong>ut</strong></span> <span class='ocrx_word' id='word_1_199' title='bbox 1215 2870 1340 2925; x_wconf 77' lang='lat' dir='ltr'><strong>dum</strong></span> <span class='ocrx_word' id='word_1_200' title='bbox 1375 2888 1551 2941; x_wconf 69' lang='lat' dir='ltr'><strong>prreco</strong></span> <span class='ocrx_word' id='word_1_201' title='bbox 1574 2874 1679 2933; x_wconf 84' lang='lat' dir='ltr'><strong>diéi</strong></span> <span class='ocrx_word' id='word_1_202' title='bbox 1711 2888 1889 2944; x_wconf 88' lang='lat' dir='ltr'><strong>sonat,</strong></span> <span class='ocrx_word' id='word_1_203' title='bbox 1917 2876 2096 2934; x_wconf 79' lang='lat' dir='ltr'><strong>diurni</strong></span> 
     </span>
    </p>
   </div>
   <div class='ocr_carea' id='block_1_31' title="bbox 510 2961 2094 3046">
    <p class='ocr_par' dir='ltr' id='par_1_31' title="bbox 510 2961 2094 3046">
     <span class='ocr_line' id='line_1_31' title="bbox 510 2961 2094 3046; baseline 0.009 -31"><span class='ocrx_word' id='word_1_204' title='bbox 510 2961 690 3032; x_wconf 89' lang='lat' dir='ltr'><strong>operis</strong></span> <span class='ocrx_word' id='word_1_205' title='bbox 714 2963 991 3019; x_wconf 76' lang='lat' dir='ltr'><strong>meditatio</strong></span> <span class='ocrx_word' id='word_1_206' title='bbox 1016 2966 1299 3021; x_wconf 69' lang='lat' dir='ltr'><strong>reviviscat</strong></span> <span class='ocrx_word' id='word_1_207' title='bbox 1323 2984 1337 3022; x_wconf 88' lang='lat'><strong>:</strong></span> <span class='ocrx_word' id='word_1_208' title='bbox 1363 2969 1572 3040; x_wconf 86' lang='lat' dir='ltr'><strong>réspice</strong></span> <span class='ocrx_word' id='word_1_209' title='bbox 1602 2986 1730 3042; x_wconf 84' lang='lat' dir='ltr'><strong>ergo</strong></span> <span class='ocrx_word' id='word_1_210' title='bbox 1758 2987 1857 3030; x_wconf 91' lang='lat' dir='ltr'><strong>nos</strong></span> <span class='ocrx_word' id='word_1_211' title='bbox 1875 2974 2094 3046; x_wconf 77' lang='lat' dir='ltr'><strong>jt’tgitér,</strong></span> 
     </span>
    </p>
   </div>
   <div class='ocr_carea' id='block_1_32' title="bbox 509 3053 2095 3137">
    <p class='ocr_par' dir='ltr' id='par_1_32' title="bbox 509 3053 2095 3137">
     <span class='ocr_line' id='line_1_32' title="bbox 509 3053 2095 3137; baseline 0.009 -29"><span class='ocrx_word' id='word_1_212' title='bbox 509 3065 566 3108; x_wconf 91' lang='lat' dir='ltr'><strong>et</strong></span> <span class='ocrx_word' id='word_1_213' title='bbox 609 3053 828 3136; x_wconf 79' lang='lat' dir='ltr'><strong>instiga,</strong></span> <span class='ocrx_word' id='word_1_214' title='bbox 860 3070 931 3111; x_wconf 89' lang='lat' dir='ltr'><strong>ne</strong></span> <span class='ocrx_word' id='word_1_215' title='bbox 976 3057 1257 3126; x_wconf 58' lang='lat' dir='ltr'><strong>profunda)</strong></span> <span class='ocrx_word' id='word_1_216' title='bbox 1301 3060 1475 3116; x_wconf 91' lang='lat' dir='ltr'><strong>noctis</strong></span> <span class='ocrx_word' id='word_1_217' title='bbox 1504 3062 1688 3118; x_wconf 85' lang='lat' dir='ltr'><strong>errore</strong></span> <span class='ocrx_word' id='word_1_218' title='bbox 1718 3065 1959 3137; x_wconf 72' lang='lat' dir='ltr'><strong>persuasi</strong></span> <span class='ocrx_word' id='word_1_219' title='bbox 1988 3066 2095 3122; x_wconf 87' lang='lat' dir='ltr'><strong>diéi</strong></span> 
     </span>
    </p>
   </div>
   <div class='ocr_carea' id='block_1_33' title="bbox 510 3132 2094 3223">
    <p class='ocr_par' dir='ltr' id='par_1_33' title="bbox 510 3132 2094 3223">
     <span class='ocr_line' id='line_1_33' title="bbox 510 3132 2094 3223; baseline 0.013 -29"><span class='ocrx_word' id='word_1_220' title='bbox 510 3132 895 3223; x_wconf 70' lang='lat' dir='ltr'><strong>obliviscamur</strong></span> <span class='ocrx_word' id='word_1_221' title='bbox 960 3147 1243 3216; x_wconf 76' lang='lat' dir='ltr'><strong>perennis;</strong></span> <span class='ocrx_word' id='word_1_222' title='bbox 1291 3150 1385 3204; x_wconf 88' lang='lat' dir='ltr'><strong>sed</strong></span> <span class='ocrx_word' id='word_1_223' title='bbox 1451 3132 1799 3215; x_wconf 27' lang='lat' dir='ltr'><strong>labéntesvin</strong></span> <span class='ocrx_word' id='word_1_224' title='bbox 1858 3157 2094 3215; x_wconf 78' lang='lat' dir='ltr'><strong>tenebris</strong></span> 
     </span>
    </p>
   </div>
   <div class='ocr_carea' id='block_1_34' title="bbox 507 3233 2094 3315">
    <p class='ocr_par' dir='ltr' id='par_1_34' title="bbox 507 3233 2094 3315">
     <span class='ocr_line' id='line_1_34' title="bbox 507 3233 2094 3315; baseline 0.009 -24"><span class='ocrx_word' id='word_1_225' title='bbox 507 3233 674 3303; x_wconf 81' lang='lat' dir='ltr'><strong>érige,</strong></span> <span class='ocrx_word' id='word_1_226' title='bbox 720 3245 775 3290; x_wconf 89' lang='lat' dir='ltr'><strong>et</strong></span> <span class='ocrx_word' id='word_1_227' title='bbox 817 3235 1044 3293; x_wconf 77' lang='lat' dir='ltr'><strong>videndo</strong></span> <span class='ocrx_word' id='word_1_228' title='bbox 1084 3254 1181 3295; x_wconf 90' lang='lat' dir='ltr'><strong>nos</strong></span> <span class='ocrx_word' id='word_1_229' title='bbox 1232 3240 1461 3313; x_wconf 74' lang='lat' dir='ltr'><strong>corrige,</strong></span> <span class='ocrx_word' id='word_1_230' title='bbox 1502 3255 1560 3300; x_wconf 91' lang='lat' dir='ltr'><strong>ut</strong></span> <span class='ocrx_word' id='word_1_231' title='bbox 1607 3262 1727 3315; x_wconf 78' lang='lat' dir='ltr'><strong>cum</strong></span> <span class='ocrx_word' id='word_1_232' title='bbox 1761 3246 1920 3303; x_wconf 90' lang='lat' dir='ltr'><strong>Petro</strong></span> <span class='ocrx_word' id='word_1_233' title='bbox 1961 3251 2094 3306; x_wconf 85' lang='lat' dir='ltr'><strong>resi-</strong></span> 
     </span>
    </p>
   </div>
   <div class='ocr_carea' id='block_1_35' title="bbox 511 3326 2093 3407">
    <p class='ocr_par' dir='ltr' id='par_1_35' title="bbox 511 3326 2093 3407">
     <span class='ocr_line' id='line_1_35' title="bbox 511 3326 2093 3407; baseline 0.014 -31"><span class='ocrx_word' id='word_1_234' title='bbox 511 3326 784 3394; x_wconf 59' lang='lat' dir='ltr'><strong>piscituur</strong></span> <span class='ocrx_word' id='word_1_235' title='bbox 823 3328 1018 3394; x_wconf 68' lang='lat' dir='ltr'><strong>errata,</strong></span> <span class='ocrx_word' id='word_1_236' title='bbox 1050 3338 1105 3385; x_wconf 89' lang='lat' dir='ltr'><strong>et</strong></span> <span class='ocrx_word' id='word_1_237' title='bbox 1150 3330 1371 3402; x_wconf 74' lang='lat' dir='ltr'><strong>paribus</strong></span> <span class='ocrx_word' id='word_1_238' title='bbox 1418 3334 1703 3407; x_wconf 77' lang='lat' dir='ltr'><strong>lacltrymis</strong></span> <span class='ocrx_word' id='word_1_239' title='bbox 1746 3339 1971 3395; x_wconf 89' lang='lat' dir='ltr'><strong>crimina</strong></span> <span class='ocrx_word' id='word_1_240' title='bbox 2001 3341 2093 3397; x_wconf 84' lang='lat' dir='ltr'><strong>de-</strong></span> 
     </span>
    </p>
   </div>
   <div class='ocr_carea' id='block_1_36' title="bbox 509 3418 2090 3491">
    <p class='ocr_par' dir='ltr' id='par_1_36' title="bbox 509 3418 2090 3491">
     <span class='ocr_line' id='line_1_36' title="bbox 509 3418 2090 3491; baseline 0.01 -22"><span class='ocrx_word' id='word_1_241' title='bbox 509 3418 735 3474; x_wconf 75' lang='lat' dir='ltr'><strong>tleamus</strong></span> <span class='ocrx_word' id='word_1_242' title='bbox 783 3421 1090 3476; x_wconf 89' lang='lat' dir='ltr'><strong>commissa.</strong></span> <span class='ocrx_word' id='word_1_243' title='bbox 1151 3422 1225 3491; x_wconf 66' lang='lat' dir='ltr'><strong>ti].</strong></span> <span class='ocrx_word' id='word_1_244' title='bbox 1276 3424 1468 3482; x_wconf 88' lang='lat' dir='ltr'><strong>Amen.</strong></span> <span class='ocrx_word' id='word_1_245' title='bbox 1510 3426 1612 3483; x_wconf 81' lang='lat' dir='ltr'><strong>Per</strong></span> <span class='ocrx_word' id='word_1_246' title='bbox 1663 3428 2090 3488; x_wconf 89' lang='lat' dir='ltr'><strong>misericordiam</strong></span> 
     </span>
    </p>
   </div>
   <div class='ocr_carea' id='block_1_37' title="bbox 511 3519 678 3571">
    <p class='ocr_par' dir='ltr' id='par_1_37' title="bbox 511 3519 678 3571">
     <span class='ocr_line' id='line_1_37' title="bbox 511 3519 678 3571; baseline 0.012 -8"><span class='ocrx_word' id='word_1_247' title='bbox 511 3519 678 3571; x_wconf 79' lang='lat' dir='ltr'><strong>tuaut.</strong></span> 
     </span>
    </p>
   </div>
   <div class='ocr_carea' id='block_1_38' title="bbox 582 3601 2093 3687">
    <p class='ocr_par' dir='ltr' id='par_1_38' title="bbox 582 3601 2093 3687">
     <span class='ocr_line' id='line_1_38' title="bbox 582 3601 2093 3687; baseline 0.012 -35"><span class='ocrx_word' id='word_1_248' title='bbox 582 3601 883 3671; x_wconf 80' lang='lat' dir='ltr'><strong>Autiphona</strong></span> <span class='ocrx_word' id='word_1_249' title='bbox 926 3604 980 3659; x_wconf 75' lang='grc'><em>1.</em></span> <span class='ocrx_word' id='word_1_250' title='bbox 1022 3604 1181 3661; x_wconf 89' lang='lat' dir='ltr'><strong>Salus</strong></span> <span class='ocrx_word' id='word_1_251' title='bbox 1225 3616 1337 3676; x_wconf 88' lang='lat' dir='ltr'><strong>tua,</strong></span> <span class='ocrx_word' id='word_1_252' title='bbox 1370 3609 1617 3682; x_wconf 87' lang='lat' dir='ltr'><strong>Domine,</strong></span> <span class='ocrx_word' id='word_1_253' title='bbox 1649 3626 1808 3683; x_wconf 88' lang='lat' dir='ltr'><strong>super</strong></span> <span class='ocrx_word' id='word_1_254' title='bbox 1837 3613 2093 3687; x_wconf 90' lang='lat' dir='ltr'><strong>populum</strong></span> 
     </span>
    </p>
   </div>
   <div class='ocr_carea' id='block_1_39' title="bbox 509 3694 1493 3771">
    <p class='ocr_par' dir='ltr' id='par_1_39' title="bbox 509 3694 1493 3771">
     <span class='ocr_line' id='line_1_39' title="bbox 509 3694 1493 3771; baseline 0.012 -27"><span class='ocrx_word' id='word_1_255' title='bbox 509 3700 679 3759; x_wconf 80' lang='lat' dir='ltr'><strong>tuum,</strong></span> <span class='ocrx_word' id='word_1_256' title='bbox 705 3700 762 3771; x_wconf 77' lang='lat' dir='ltr'><strong>et</strong></span> <span class='ocrx_word' id='word_1_257' title='bbox 786 3694 1103 3751; x_wconf 83' lang='lat' dir='ltr'><strong>benedictio.</strong></span> <span class='ocrx_word' id='word_1_258' title='bbox 1140 3696 1381 3755; x_wconf 73' lang='lat' dir='ltr'><strong>Pan/mus</strong></span> <span class='ocrx_word' id='word_1_259' title='bbox 1414 3716 1493 3756; x_wconf 88' lang='grc' dir='ltr'>ιιι.</span> 
     </span>
    </p>
   </div>
   <div class='ocr_carea' id='block_1_40' title="bbox 582 3774 2089 3865">
    <p class='ocr_par' dir='ltr' id='par_1_40' title="bbox 582 3774 2089 3865">
     <span class='ocr_line' id='line_1_40' title="bbox 582 3774 2089 3865; baseline 0.011 -29"><span class='ocrx_word' id='word_1_260' title='bbox 582 3774 877 3865; x_wconf 66' lang='lat' dir='ltr'><strong>Antiphone</strong></span> <span class='ocrx_word' id='word_1_261' title='bbox 914 3788 971 3841; x_wconf 77' lang='lat'><strong>2.</strong></span> <span class='ocrx_word' id='word_1_262' title='bbox 1011 3788 1162 3856; x_wconf 88' lang='lat' dir='ltr'><strong>Dele,</strong></span> <span class='ocrx_word' id='word_1_263' title='bbox 1206 3790 1455 3860; x_wconf 88' lang='lat' dir='ltr'><strong>Domine,</strong></span> <span class='ocrx_word' id='word_1_264' title='bbox 1490 3793 1797 3864; x_wconf 71' lang='lat' dir='ltr'><strong>iniquitates</strong></span> <span class='ocrx_word' id='word_1_265' title='bbox 1838 3804 2089 3853; x_wconf 90' lang='lat' dir='ltr'><strong>nostras:</strong></span> 
     </span>
    </p>
   </div>
   <div class='ocr_carea' id='block_1_41' title="bbox 508 3862 2093 3963">
    <p class='ocr_par' dir='ltr' id='par_1_41' title="bbox 508 3862 2093 3963">
     <span class='ocr_line' id='line_1_41' title="bbox 508 3862 2093 3963; baseline 0.007 -33"><span class='ocrx_word' id='word_1_266' title='bbox 508 3883 565 3931; x_wconf 88' lang='lat' dir='ltr'><strong>et</strong></span> <span class='ocrx_word' id='word_1_267' title='bbox 613 3891 641 3930; x_wconf 90' lang='lat' dir='ltr'><strong>a</strong></span> <span class='ocrx_word' id='word_1_268' title='bbox 681 3862 915 3957; x_wconf 70' lang='lat' dir='ltr'><strong>peccatis</strong></span> <span class='ocrx_word' id='word_1_269' title='bbox 962 3881 1161 3936; x_wconf 77' lang='lat' dir='ltr'><strong>nostris</strong></span> <span class='ocrx_word' id='word_1_270' title='bbox 1209 3883 1408 3937; x_wconf 85' lang='lat' dir='ltr'><strong>munda</strong></span> <span class='ocrx_word' id='word_1_271' title='bbox 1461 3862 1868 3943; x_wconf 15' lang='lat' dir='ltr'><strong>corinostrum.</strong></span> <span class='ocrx_word' id='word_1_272' title='bbox 1922 3886 2093 3963; x_wconf 57' lang='lat' dir='ltr'><strong>Psal-g</strong></span> 
     </span>
    </p>
   </div>
   <div class='ocr_carea' id='block_1_42' title="bbox 506 3954 2003 4026">
    <p class='ocr_par' dir='ltr' id='par_1_42' title="bbox 506 3954 2003 4026">
     <span class='ocr_line' id='line_1_42' title="bbox 506 3954 2003 4026; baseline 0.009 -5"><span class='ocrx_word' id='word_1_273' title='bbox 506 3984 618 4023; x_wconf 76' lang='lat' dir='ltr'><strong>mus</strong></span> <span class='ocrx_word' id='word_1_274' title='bbox 648 3985 699 4026; x_wconf 82' lang='grc' dir='ltr'><em>ι..</em></span> <span class='ocrx_word' id='word_1_275' title='bbox 846 3954 847 3957; x_wconf 11' lang='grc' dir='ltr'>Ἰ</span> <span class='ocrx_word' id='word_1_276' title='bbox 2002 3966 2003 3969; x_wconf 11' lang='grc' dir='ltr'>Ἰ</span> 
     </span>
    </p>
   </div>
   <div class='ocr_carea' id='block_1_43' title="bbox 578 4062 2095 4151">
    <p class='ocr_par' dir='ltr' id='par_1_43' title="bbox 578 4062 2095 4151">
     <span class='ocr_line' id='line_1_43' title="bbox 578 4062 2095 4151; baseline 0.011 -38"><span class='ocrx_word' id='word_1_277' title='bbox 578 4063 874 4139; x_wconf 72' lang='lat' dir='ltr'><strong>Antiphone</strong></span> <span class='ocrx_word' id='word_1_278' title='bbox 895 4064 947 4117; x_wconf 85' lang='lat'><strong>&#39;5.</strong></span> <span class='ocrx_word' id='word_1_279' title='bbox 974 4062 1228 4121; x_wconf 72' lang='lat' dir='ltr'><strong>Clamabo</strong></span> <span class='ocrx_word' id='word_1_280' title='bbox 1255 4065 1321 4121; x_wconf 87' lang='lat' dir='ltr'><strong>ad</strong></span> <span class='ocrx_word' id='word_1_281' title='bbox 1346 4065 1511 4122; x_wconf 91' lang='lat' dir='ltr'><strong>Deum</strong></span> <span class='ocrx_word' id='word_1_282' title='bbox 1535 4067 1853 4126; x_wconf 88' lang='lat' dir='ltr'><strong>altissimum</strong></span> <span class='ocrx_word' id='word_1_283' title='bbox 1879 4087 1893 4126; x_wconf 88' lang='lat'><strong>:</strong></span> <span class='ocrx_word' id='word_1_284' title='bbox 1920 4071 2095 4151; x_wconf 89' lang='lat' dir='ltr'><strong>Deum</strong></span> 
     </span>
    </p>
   </div>
   <div class='ocr_carea' id='block_1_44' title="bbox 507 4152 2092 4232">
    <p class='ocr_par' dir='ltr' id='par_1_44' title="bbox 507 4152 2092 4232">
     <span class='ocr_line' id='line_1_44' title="bbox 507 4152 2092 4232; baseline 0.01 -27"><span class='ocrx_word' id='word_1_285' title='bbox 507 4152 841 4232; x_wconf 68' lang='lat' dir='ltr'><strong>conditorem</strong></span> <span class='ocrx_word' id='word_1_286' title='bbox 886 4152 1151 4231; x_wconf 80' lang='lat' dir='ltr'><strong>omnium,</strong></span> <span class='ocrx_word' id='word_1_287' title='bbox 1202 4156 1292 4227; x_wconf 86' lang='lat' dir='ltr'><strong>qui</strong></span> <span class='ocrx_word' id='word_1_288' title='bbox 1336 4158 1600 4214; x_wconf 78' lang='lat' dir='ltr'><strong>beneiécit</strong></span> <span class='ocrx_word' id='word_1_289' title='bbox 1643 4161 1798 4218; x_wconf 90' lang='lat' dir='ltr'><strong>mihi.</strong></span> <span class='ocrx_word' id='word_1_290' title='bbox 1851 4161 2092 4221; x_wconf 77' lang='lat' dir='ltr'><strong>Psalmus</strong></span> 
     </span>
    </p>
   </div>
   <div class='ocr_carea' id='block_1_45' title="bbox 505 4236 947 4301">
    <p class='ocr_par' dir='ltr' id='par_1_45' title="bbox 505 4236 947 4301">
     <span class='ocr_line' id='line_1_45' title="bbox 505 4236 947 4301; baseline 0.018 0"><span class='ocrx_word' id='word_1_291' title='bbox 505 4258 618 4301; x_wconf 76' lang='grc' dir='ltr'>ινι.</span> <span class='ocrx_word' id='word_1_292' title='bbox 944 4236 947 4237; x_wconf 15' lang='grc' dir='ltr'><em>ν</em></span> 
     </span>
    </p>
   </div>
   <div class='ocr_carea' id='block_1_46' title="bbox 581 4336 2093 4419">
    <p class='ocr_par' dir='ltr' id='par_1_46' title="bbox 581 4336 2093 4419">
     <span class='ocr_line' id='line_1_46' title="bbox 581 4336 2093 4419; baseline 0.01 -29"><span class='ocrx_word' id='word_1_293' title='bbox 581 4336 787 4418; x_wconf 62' lang='lat' dir='ltr'><strong>Oratio.</strong></span> <span class='ocrx_word' id='word_1_294' title='bbox 812 4338 1028 4419; x_wconf 85' lang='lat' dir='ltr'><strong>Discute</strong></span> <span class='ocrx_word' id='word_1_295' title='bbox 1074 4338 1105 4395; x_wconf 66' lang='grc' dir='ltr'><strong>ὲ</strong></span> <span class='ocrx_word' id='word_1_296' title='bbox 1150 4339 1306 4399; x_wconf 88' lang='lat' dir='ltr'><strong>nobis</strong></span> <span class='ocrx_word' id='word_1_297' title='bbox 1336 4342 1623 4415; x_wconf 84' lang='lat' dir='ltr'><strong>Uuigénite</strong></span> <span class='ocrx_word' id='word_1_298' title='bbox 1664 4345 1889 4418; x_wconf 83' lang='lat' dir='ltr'><strong>ingéniti</strong></span> <span class='ocrx_word' id='word_1_299' title='bbox 1921 4348 2093 4405; x_wconf 86' lang='lat' dir='ltr'><strong>Patris</strong></span> 
     </span>
    </p>
   </div>
   <div class='ocr_carea' id='block_1_47' title="bbox 510 4433 2092 4517">
    <p class='ocr_par' dir='ltr' id='par_1_47' title="bbox 510 4433 2092 4517">
     <span class='ocr_line' id='line_1_47' title="bbox 510 4433 2092 4517; baseline 0.008 -31"><span class='ocrx_word' id='word_1_300' title='bbox 510 4446 758 4517; x_wconf 82' lang='lat' dir='ltr'><strong>somnum</strong></span> <span class='ocrx_word' id='word_1_301' title='bbox 791 4433 1062 4513; x_wconf 88' lang='lat' dir='ltr'><strong>corporis;</strong></span> <span class='ocrx_word' id='word_1_302' title='bbox 1094 4446 1149 4490; x_wconf 93' lang='lat' dir='ltr'><strong>et</strong></span> <span class='ocrx_word' id='word_1_303' title='bbox 1177 4436 1413 4495; x_wconf 89' lang='lat' dir='ltr'><strong>clemens</strong></span> <span class='ocrx_word' id='word_1_304' title='bbox 1436 4440 1676 4510; x_wconf 63' lang='lat' dir='ltr'><strong>placatus</strong></span> <span class='ocrx_word' id='word_1_305' title='bbox 1703 4443 1901 4499; x_wconf 87' lang='lat' dir='ltr'><strong>nostris</strong></span> <span class='ocrx_word' id='word_1_306' title='bbox 1932 4458 2092 4513; x_wconf 85' lang='lat' dir='ltr'><strong>parce</strong></span> 
     </span>
    </p>
   </div>
   <div class='ocr_carea' id='block_1_48' title="bbox 504 4525 2167 4623">
    <p class='ocr_par' dir='ltr' id='par_1_48' title="bbox 504 4525 2167 4623">
     <span class='ocr_line' id='line_1_48' title="bbox 504 4525 2167 4623; baseline 0.01 -46"><span class='ocrx_word' id='word_1_307' title='bbox 504 4525 734 4595; x_wconf 67' lang='lat' dir='ltr'><strong>piaculis</strong></span> <span class='ocrx_word' id='word_1_308' title='bbox 760 4544 775 4581; x_wconf 91' lang='lat'><strong>:</strong></span> <span class='ocrx_word' id='word_1_309' title='bbox 798 4534 856 4606; x_wconf 80' lang='lat' dir='ltr'><strong>ut</strong></span> <span class='ocrx_word' id='word_1_310' title='bbox 884 4528 936 4582; x_wconf 91' lang='lat' dir='ltr'><strong>in</strong></span> <span class='ocrx_word' id='word_1_311' title='bbox 968 4536 1019 4584; x_wconf 91' lang='lat' dir='ltr'><strong>te</strong></span> <span class='ocrx_word' id='word_1_312' title='bbox 1061 4532 1465 4603; x_wconf 76' lang='lat' dir='ltr'><strong>redemptdrum</strong></span> <span class='ocrx_word' id='word_1_313' title='bbox 1504 4534 1658 4606; x_wconf 88' lang='lat' dir='ltr'><strong>copia</strong></span> <span class='ocrx_word' id='word_1_314' title='bbox 1702 4537 1802 4606; x_wconf 90' lang='lat' dir='ltr'><strong>piis</strong></span> <span class='ocrx_word' id='word_1_315' title='bbox 1838 4540 2089 4609; x_wconf 80' lang='lat' dir='ltr'><strong>frequen-</strong></span> <span class='ocrx_word' id='word_1_316' title='bbox 2116 4563 2167 4623; x_wconf 71' lang='grc' dir='ltr'>ι)</span> 
     </span>
    </p>
   </div>
   <div class='ocr_carea' id='block_1_49' title="bbox 504 4615 2089 4697">
    <p class='ocr_par' dir='ltr' id='par_1_49' title="bbox 504 4615 2089 4697">
     <span class='ocr_line' id='line_1_49' title="bbox 504 4615 2089 4697; baseline 0.009 -27"><span class='ocrx_word' id='word_1_317' title='bbox 504 4615 648 4671; x_wconf 76' lang='grc' dir='ltr'>ιόιιιι-</span> <span class='ocrx_word' id='word_1_318' title='bbox 688 4618 904 4695; x_wconf 77' lang='lat' dir='ltr'><strong>vigiliis,</strong></span> <span class='ocrx_word' id='word_1_319' title='bbox 936 4622 1149 4691; x_wconf 83' lang='lat' dir='ltr'><strong>tuisque</strong></span> <span class='ocrx_word' id='word_1_320' title='bbox 1195 4624 1454 4680; x_wconf 70' lang='lat' dir='ltr'><strong>habetitur</strong></span> <span class='ocrx_word' id='word_1_321' title='bbox 1478 4625 1639 4697; x_wconf 37' lang='lat' dir='ltr'><strong>digna,</strong></span> <span class='ocrx_word' id='word_1_322' title='bbox 1680 4628 1954 4687; x_wconf 79' lang='lat' dir='ltr'><strong>obtutibus</strong></span> <span class='ocrx_word' id='word_1_323' title='bbox 1997 4645 2089 4686; x_wconf 87' lang='lat' dir='ltr'><strong>sa-</strong></span> 
     </span>
    </p>
   </div>
   <div class='ocr_carea' id='block_1_50' title="bbox 504 4698 2087 4792">
    <p class='ocr_par' dir='ltr' id='par_1_50' title="bbox 504 4698 2087 4792">
     <span class='ocr_line' id='line_1_50' title="bbox 504 4698 2087 4792; baseline 0.009 -29"><span class='ocrx_word' id='word_1_324' title='bbox 504 4711 611 4763; x_wconf 89' lang='lat' dir='ltr'><strong>cris</strong></span> <span class='ocrx_word' id='word_1_325' title='bbox 640 4726 654 4762; x_wconf 88' lang='lat'><strong>:</strong></span> <span class='ocrx_word' id='word_1_326' title='bbox 688 4720 742 4764; x_wconf 88' lang='lat' dir='ltr'><strong>et</strong></span> <span class='ocrx_word' id='word_1_327' title='bbox 780 4698 919 4783; x_wconf 84' lang='lat' dir='ltr'><strong>quod</strong></span> <span class='ocrx_word' id='word_1_328' title='bbox 953 4729 1093 4767; x_wconf 91' lang='lat' dir='ltr'><strong>nunc</strong></span> <span class='ocrx_word' id='word_1_329' title='bbox 1128 4715 1259 4770; x_wconf 89' lang='lat' dir='ltr'><strong>serit</strong></span> <span class='ocrx_word' id='word_1_330' title='bbox 1299 4716 1545 4786; x_wconf 89' lang='lat' dir='ltr'><strong>ignobilis</strong></span> <span class='ocrx_word' id='word_1_331' title='bbox 1579 4720 1756 4776; x_wconf 81' lang='lat' dir='ltr'><strong>carnis</strong></span> <span class='ocrx_word' id='word_1_332' title='bbox 1803 4720 2087 4792; x_wconf 77' lang='lat' dir='ltr'><strong>fragilitas;</strong></span> 
     </span>
    </p>
   </div>
   <div class='ocr_carea' id='block_1_51' title="bbox 507 4798 2087 4887">
    <p class='ocr_par' dir='ltr' id='par_1_51' title="bbox 507 4798 2087 4887">
     <span class='ocr_line' id='line_1_51' title="bbox 507 4798 2087 4887; baseline 0.009 -32"><span class='ocrx_word' id='word_1_333' title='bbox 507 4798 806 4856; x_wconf 63' lang='lat' dir='ltr'><strong>divinithtis</strong></span> <span class='ocrx_word' id='word_1_334' title='bbox 857 4812 961 4872; x_wconf 64' lang='lat' dir='ltr'><strong>tua;</strong></span> <span class='ocrx_word' id='word_1_335' title='bbox 1007 4805 1147 4859; x_wconf 89' lang='lat' dir='ltr'><strong>dono</strong></span> <span class='ocrx_word' id='word_1_336' title='bbox 1198 4816 1383 4878; x_wconf 70' lang='lat' dir='ltr'><strong>surgat</strong></span> <span class='ocrx_word' id='word_1_337' title='bbox 1436 4808 1490 4864; x_wconf 89' lang='lat' dir='ltr'><strong>in</strong></span> <span class='ocrx_word' id='word_1_338' title='bbox 1539 4810 1709 4887; x_wconf 79' lang='lat' dir='ltr'><strong>gloria</strong></span> <span class='ocrx_word' id='word_1_339' title='bbox 1744 4829 1758 4867; x_wconf 91' lang='lat'><strong>:</strong></span> <span class='ocrx_word' id='word_1_340' title='bbox 1792 4823 1846 4868; x_wconf 91' lang='lat' dir='ltr'><strong>tu</strong></span> <span class='ocrx_word' id='word_1_341' title='bbox 1905 4814 2087 4885; x_wconf 86' lang='lat' dir='ltr'><strong>igitur,</strong></span> 
     </span>
    </p>
   </div>
   <div class='ocr_carea' id='block_1_52' title="bbox 506 4892 2090 4980">
    <p class='ocr_par' dir='ltr' id='par_1_52' title="bbox 506 4892 2090 4980">
     <span class='ocr_line' id='line_1_52' title="bbox 506 4892 2090 4980; baseline 0.009 -32"><span class='ocrx_word' id='word_1_342' title='bbox 506 4894 758 4961; x_wconf 86' lang='lat' dir='ltr'><strong>Domine,</strong></span> <span class='ocrx_word' id='word_1_343' title='bbox 805 4895 1014 4973; x_wconf 86' lang='lat' dir='ltr'><strong>cunctis</strong></span> <span class='ocrx_word' id='word_1_344' title='bbox 1061 4897 1114 4975; x_wconf 84' lang='lat' dir='ltr'><strong>in</strong></span> <span class='ocrx_word' id='word_1_345' title='bbox 1157 4905 1209 4973; x_wconf 87' lang='lat' dir='ltr'><strong>te</strong></span> <span class='ocrx_word' id='word_1_346' title='bbox 1246 4902 1639 4959; x_wconf 80' lang='lat' dir='ltr'><strong>conlidentibus</strong></span> <span class='ocrx_word' id='word_1_347' title='bbox 1677 4892 1936 4973; x_wconf 71' lang='lat' dir='ltr'><strong>juvitmen</strong></span> <span class='ocrx_word' id='word_1_348' title='bbox 1979 4907 2090 4980; x_wconf 79' lang='lat' dir='ltr'><strong>lar—</strong></span> 
     </span>
    </p>
   </div>
   <div class='ocr_carea' id='block_1_53' title="bbox 458 4985 2091 5061">
    <p class='ocr_par' dir='ltr' id='par_1_53' title="bbox 458 4985 2091 5061">
     <span class='ocr_line' id='line_1_53' title="bbox 458 4985 2091 5061; baseline 0.008 -22"><span class='ocrx_word' id='word_1_349' title='bbox 458 5020 461 5023; x_wconf 66' lang='grc'><strong>›</strong></span> <span class='ocrx_word' id='word_1_350' title='bbox 502 5002 627 5056; x_wconf 83' lang='lat' dir='ltr'><strong>gum</strong></span> <span class='ocrx_word' id='word_1_351' title='bbox 661 4985 947 5055; x_wconf 75' lang='lat' dir='ltr'><strong>impende;</strong></span> <span class='ocrx_word' id='word_1_352' title='bbox 988 4996 1043 5061; x_wconf 81' lang='lat' dir='ltr'><strong>et</strong></span> <span class='ocrx_word' id='word_1_353' title='bbox 1069 4991 1136 5043; x_wconf 88' lang='lat' dir='ltr'><strong>ad</strong></span> <span class='ocrx_word' id='word_1_354' title='bbox 1164 4989 1449 5060; x_wconf 75' lang='lat' dir='ltr'><strong>supernam</strong></span> <span class='ocrx_word' id='word_1_355' title='bbox 1478 4993 1703 5060; x_wconf 72' lang='lat' dir='ltr'><strong>patriam</strong></span> <span class='ocrx_word' id='word_1_356' title='bbox 1737 4995 1941 5051; x_wconf 75' lang='lat' dir='ltr'><strong>alarum</strong></span> <span class='ocrx_word' id='word_1_357' title='bbox 1974 4997 2091 5052; x_wconf 77' lang='lat' dir='ltr'><strong>tua-</strong></span> 
     </span>
    </p>
   </div>
   <div class='ocr_carea' id='block_1_54' title="bbox 506 5079 2139 5163">
    <p class='ocr_par' dir='ltr' id='par_1_54' title="bbox 506 5079 2139 5163">
     <span class='ocr_line' id='line_1_54' title="bbox 506 5079 2139 5163; baseline 0.008 -30"><span class='ocrx_word' id='word_1_358' title='bbox 506 5095 628 5133; x_wconf 87' lang='lat' dir='ltr'><strong>rum</strong></span> <span class='ocrx_word' id='word_1_359' title='bbox 658 5079 1069 5143; x_wconf 74' lang='lat' dir='ltr'><strong>obumbratione</strong></span> <span class='ocrx_word' id='word_1_360' title='bbox 1110 5097 1211 5140; x_wconf 91' lang='lat' dir='ltr'><strong>nos</strong></span> <span class='ocrx_word' id='word_1_361' title='bbox 1256 5084 1466 5163; x_wconf 78' lang='lat' dir='ltr'><strong>atrahe.</strong></span> <span class='ocrx_word' id='word_1_362' title='bbox 1508 5088 1583 5158; x_wconf 67' lang='grc' dir='ltr'><strong>ιῆ.</strong></span> <span class='ocrx_word' id='word_1_363' title='bbox 1625 5089 1817 5145; x_wconf 85' lang='lat' dir='ltr'><strong>Amen.</strong></span> <span class='ocrx_word' id='word_1_364' title='bbox 1850 5088 1952 5144; x_wconf 84' lang='lat' dir='ltr'><strong>Per</strong></span> <span class='ocrx_word' id='word_1_365' title='bbox 1992 5090 2094 5146; x_wconf 83' lang='lat' dir='ltr'><strong>mi-</strong></span> <span class='ocrx_word' id='word_1_366' title='bbox 2128 5144 2139 5155; x_wconf 78' lang='grc'><em>,</em></span> 
     </span>
    </p>
   </div>
   <div class='ocr_carea' id='block_1_55' title="bbox 498 5171 1054 5231">
    <p class='ocr_par' dir='ltr' id='par_1_55' title="bbox 498 5171 1054 5231">
     <span class='ocr_line' id='line_1_55' title="bbox 498 5171 1054 5231; baseline 0.004 -3"><span class='ocrx_word' id='word_1_367' title='bbox 498 5171 855 5228; x_wconf 84' lang='lat' dir='ltr'><strong>sericordiatn</strong></span> <span class='ocrx_word' id='word_1_368' title='bbox 888 5181 1054 5231; x_wconf 85' lang='lat' dir='ltr'><strong>tuam.</strong></span> 
     </span>
    </p>
   </div>
   <div class='ocr_carea' id='block_1_56' title="bbox 512 5263 2091 5345">
    <p class='ocr_par' dir='ltr' id='par_1_56' title="bbox 512 5263 2091 5345">
     <span class='ocr_line' id='line_1_56' title="bbox 512 5263 2091 5345; baseline 0.008 -28"><span class='ocrx_word' id='word_1_369' title='bbox 512 5316 515 5317; x_wconf 30' lang='grc' dir='ltr'><em>ν</em></span> <span class='ocrx_word' id='word_1_370' title='bbox 576 5263 895 5336; x_wconf 71' lang='lat' dir='ltr'><strong>Antiphone.</strong></span> <span class='ocrx_word' id='word_1_371' title='bbox 970 5265 1230 5325; x_wconf 80' lang='lat' dir='ltr'><strong>Dominus</strong></span> <span class='ocrx_word' id='word_1_372' title='bbox 1298 5272 1536 5341; x_wconf 73' lang='lat' dir='ltr'><strong>possedit</strong></span> <span class='ocrx_word' id='word_1_373' title='bbox 1600 5286 1726 5343; x_wconf 90' lang='lat' dir='ltr'><strong>me,</strong></span> <span class='ocrx_word' id='word_1_374' title='bbox 1779 5271 2091 5345; x_wconf 73' lang='lat' dir='ltr'><strong>priusquam</strong></span> 
     </span>
    </p>
   </div>
   <div class='ocr_carea' id='block_1_57' title="bbox 505 5360 2090 5445">
    <p class='ocr_par' dir='ltr' id='par_1_57' title="bbox 505 5360 2090 5445">
     <span class='ocr_line' id='line_1_57' title="bbox 505 5360 2090 5445; baseline 0.01 -34"><span class='ocrx_word' id='word_1_375' title='bbox 505 5365 705 5414; x_wconf 85' lang='lat' dir='ltr'><strong>terram</strong></span> <span class='ocrx_word' id='word_1_376' title='bbox 735 5360 961 5418; x_wconf 76' lang='lat' dir='ltr'><strong>faceret.</strong></span> <span class='ocrx_word' id='word_1_377' title='bbox 1000 5361 1067 5417; x_wconf 85' lang='grc' dir='ltr'><strong>Ρ.</strong></span> <span class='ocrx_word' id='word_1_378' title='bbox 1097 5364 1398 5445; x_wconf 76' lang='lat' dir='ltr'><strong>Antequam</strong></span> <span class='ocrx_word' id='word_1_379' title='bbox 1450 5378 1658 5423; x_wconf 89' lang='lat' dir='ltr'><strong>montes</strong></span> <span class='ocrx_word' id='word_1_380' title='bbox 1686 5368 2090 5427; x_wconf 86' lang='lat' dir='ltr'><strong>stabiliréutur:</strong></span> 
     </span>
    </p>
   </div>
   <div class='ocr_carea' id='block_1_58' title="bbox 503 5459 2094 5532">
    <p class='ocr_par' dir='ltr' id='par_1_58' title="bbox 503 5459 2094 5532">
     <span class='ocr_line' id='line_1_58' title="bbox 503 5459 2094 5532; baseline 0.009 -28"><span class='ocrx_word' id='word_1_381' title='bbox 503 5459 628 5506; x_wconf 86' lang='lat' dir='ltr'><strong>ante</strong></span> <span class='ocrx_word' id='word_1_382' title='bbox 670 5462 851 5509; x_wconf 88' lang='lat' dir='ltr'><strong>autem</strong></span> <span class='ocrx_word' id='word_1_383' title='bbox 896 5470 1084 5515; x_wconf 88' lang='lat' dir='ltr'><strong>omnes</strong></span> <span class='ocrx_word' id='word_1_384' title='bbox 1112 5461 1278 5514; x_wconf 89' lang='lat' dir='ltr'><strong>colles</strong></span> <span class='ocrx_word' id='word_1_385' title='bbox 1302 5460 1489 5531; x_wconf 75' lang='lat' dir='ltr'><strong>genuit</strong></span> <span class='ocrx_word' id='word_1_386' title='bbox 1533 5476 1641 5517; x_wconf 88' lang='lat' dir='ltr'><strong>me.</strong></span> <span class='ocrx_word' id='word_1_387' title='bbox 1691 5461 1766 5532; x_wconf 59' lang='grc' dir='ltr'><em>ᾖ.</em></span> <span class='ocrx_word' id='word_1_388' title='bbox 1816 5462 2094 5519; x_wconf 77' lang='lat' dir='ltr'><strong>Eructavit</strong></span> 
     </span>
    </p>
   </div>
   <div class='ocr_carea' id='block_1_59' title="bbox 502 5547 2093 5631">
    <p class='ocr_par' dir='ltr' id='par_1_59' title="bbox 502 5547 2093 5631">
     <span class='ocr_line' id='line_1_59' title="bbox 502 5547 2093 5631; baseline 0.01 -35"><span class='ocrx_word' id='word_1_389' title='bbox 502 5554 599 5598; x_wconf 90' lang='lat' dir='ltr'><strong>cor</strong></span> <span class='ocrx_word' id='word_1_390' title='bbox 642 5559 819 5600; x_wconf 90' lang='lat' dir='ltr'><strong>meum</strong></span> <span class='ocrx_word' id='word_1_391' title='bbox 873 5547 1097 5605; x_wconf 89' lang='lat' dir='ltr'><strong>verbum</strong></span> <span class='ocrx_word' id='word_1_392' title='bbox 1155 5550 1353 5607; x_wconf 90' lang='lat' dir='ltr'><strong>bonum</strong></span> <span class='ocrx_word' id='word_1_393' title='bbox 1395 5551 1562 5619; x_wconf 86' lang='lat' dir='ltr'><strong>:dico</strong></span> <span class='ocrx_word' id='word_1_394' title='bbox 1610 5568 1711 5631; x_wconf 83' lang='lat' dir='ltr'><strong>ego</strong></span> <span class='ocrx_word' id='word_1_395' title='bbox 1755 5554 1917 5626; x_wconf 87' lang='lat' dir='ltr'><strong>opera</strong></span> <span class='ocrx_word' id='word_1_396' title='bbox 1975 5572 2093 5612; x_wconf 87' lang='lat' dir='ltr'><strong>mea</strong></span> 
     </span>
    </p>
   </div>
   <div class='ocr_carea' id='block_1_60' title="bbox 501 5636 2089 5714">
    <p class='ocr_par' dir='ltr' id='par_1_60' title="bbox 501 5636 2089 5714">
     <span class='ocr_line' id='line_1_60' title="bbox 501 5636 2089 5714; baseline 0.006 -22"><span class='ocrx_word' id='word_1_397' title='bbox 501 5636 637 5711; x_wconf 80' lang='lat' dir='ltr'><strong>regi.</strong></span> <span class='ocrx_word' id='word_1_398' title='bbox 668 5636 739 5696; x_wconf 91' lang='grc' dir='ltr'><strong>Ρ.</strong></span> <span class='ocrx_word' id='word_1_399' title='bbox 787 5640 1112 5713; x_wconf 78' lang='lat' dir='ltr'><strong>Antequam.</strong></span> <span class='ocrx_word' id='word_1_400' title='bbox 1158 5644 1234 5714; x_wconf 61' lang='grc' dir='ltr'><em>ᾗ.</em></span> <span class='ocrx_word' id='word_1_401' title='bbox 1282 5644 1483 5713; x_wconf 79' lang='lat' dir='ltr'><strong>Gloria,</strong></span> <span class='ocrx_word' id='word_1_402' title='bbox 1535 5658 1588 5703; x_wconf 89' lang='lat' dir='ltr'><strong>et</strong></span> <span class='ocrx_word' id='word_1_403' title='bbox 1635 5647 1809 5705; x_wconf 89' lang='lat' dir='ltr'><strong>honor</strong></span> <span class='ocrx_word' id='word_1_404' title='bbox 1874 5660 1977 5706; x_wconf 87' lang='lat' dir='ltr'><strong>etc.</strong></span> <span class='ocrx_word' id='word_1_405' title='bbox 2023 5648 2089 5703; x_wconf 97' lang='grc' dir='ltr'><strong>Ρ.</strong></span> 
     </span>
    </p>
   </div>
   <div class='ocr_carea' id='block_1_61' title="bbox 504 5734 824 5803">
    <p class='ocr_par' dir='ltr' id='par_1_61' title="bbox 504 5734 824 5803">
     <span class='ocr_line' id='line_1_61' title="bbox 504 5734 824 5803; baseline 0 -12"><span class='ocrx_word' id='word_1_406' title='bbox 504 5734 824 5803; x_wconf 75' lang='lat' dir='ltr'><strong>Antequam.</strong></span> 
     </span>
    </p>
   </div>
   <div class='ocr_carea' id='block_1_62' title="bbox 580 5827 2093 5911">
    <p class='ocr_par' dir='ltr' id='par_1_62' title="bbox 580 5827 2093 5911">
     <span class='ocr_line' id='line_1_62' title="bbox 580 5827 2093 5911; baseline 0.01 -32"><span class='ocrx_word' id='word_1_407' title='bbox 580 5827 785 5890; x_wconf 55' lang='lat' dir='ltr'><strong>(initio.</strong></span> <span class='ocrx_word' id='word_1_408' title='bbox 813 5828 1093 5887; x_wconf 75' lang='lat' dir='ltr'><strong>Cozetérna</strong></span> <span class='ocrx_word' id='word_1_409' title='bbox 1128 5830 1220 5888; x_wconf 90' lang='lat' dir='ltr'><strong>Dei</strong></span> <span class='ocrx_word' id='word_1_410' title='bbox 1250 5830 1509 5901; x_wconf 73' lang='lat' dir='ltr'><strong>sapientia</strong></span> <span class='ocrx_word' id='word_1_411' title='bbox 1541 5834 1737 5908; x_wconf 64' lang='lat' dir='ltr'><strong>Patris,</strong></span> <span class='ocrx_word' id='word_1_412' title='bbox 1765 5836 1857 5911; x_wconf 88' lang='lat' dir='ltr'><strong>qui</strong></span> <span class='ocrx_word' id='word_1_413' title='bbox 1894 5846 1945 5897; x_wconf 89' lang='lat' dir='ltr'><strong>te</strong></span> <span class='ocrx_word' id='word_1_414' title='bbox 1971 5852 2093 5895; x_wconf 90' lang='lat' dir='ltr'><strong>cum</strong></span> 
     </span>
    </p>
   </div>
   <div class='ocr_carea' id='block_1_63' title="bbox 2208 580 3796 655">
    <p class='ocr_par' dir='ltr' id='par_1_63' title="bbox 2208 580 3796 655">
     <span class='ocr_line' id='line_1_63' title="bbox 2208 580 3796 655; baseline 0.012 -20"><span class='ocrx_word' id='word_1_415' title='bbox 2208 580 2419 636; x_wconf 78' lang='lat' dir='ltr'><strong>excélsa</strong></span> <span class='ocrx_word' id='word_1_416' title='bbox 2467 582 2729 639; x_wconf 80' lang='lat' dir='ltr'><strong>montium</strong></span> <span class='ocrx_word' id='word_1_417' title='bbox 2777 587 3060 655; x_wconf 78' lang='lat' dir='ltr'><strong>stabiliret,</strong></span> <span class='ocrx_word' id='word_1_418' title='bbox 3110 589 3236 646; x_wconf 92' lang='lat' dir='ltr'><strong>dum</strong></span> <span class='ocrx_word' id='word_1_419' title='bbox 3282 600 3334 649; x_wconf 92' lang='lat' dir='ltr'><strong>te</strong></span> <span class='ocrx_word' id='word_1_420' title='bbox 3384 603 3510 650; x_wconf 88' lang='lat' dir='ltr'><strong>ante</strong></span> <span class='ocrx_word' id='word_1_421' title='bbox 3552 594 3796 654; x_wconf 84' lang='lat' dir='ltr'><strong>omnium</strong></span> 
     </span>
    </p>
   </div>
   <div class='ocr_carea' id='block_1_64' title="bbox 2207 673 3799 755">
    <p class='ocr_par' dir='ltr' id='par_1_64' title="bbox 2207 673 3799 755">
     <span class='ocr_line' id='line_1_64' title="bbox 2207 673 3799 755; baseline 0.013 -30"><span class='ocrx_word' id='word_1_422' title='bbox 2207 673 2534 731; x_wconf 80' lang='lat' dir='ltr'><strong>crcatidnem</strong></span> <span class='ocrx_word' id='word_1_423' title='bbox 2564 675 2789 733; x_wconf 89' lang='lat' dir='ltr'><strong>collium</strong></span> <span class='ocrx_word' id='word_1_424' title='bbox 2828 682 3133 749; x_wconf 74' lang='lat' dir='ltr'><strong>generaret,</strong></span> <span class='ocrx_word' id='word_1_425' title='bbox 3171 692 3221 739; x_wconf 91' lang='lat' dir='ltr'><strong>te</strong></span> <span class='ocrx_word' id='word_1_426' title='bbox 3253 700 3579 755; x_wconf 63' lang='lat' dir='ltr'><strong>qumsumus,</strong></span> <span class='ocrx_word' id='word_1_427' title='bbox 3613 696 3667 745; x_wconf 92' lang='lat' dir='ltr'><strong>te</strong></span> <span class='ocrx_word' id='word_1_428' title='bbox 3710 706 3799 745; x_wconf 79' lang='lat' dir='ltr'><strong>ro-</strong></span> 
     </span>
    </p>
   </div>
   <div class='ocr_carea' id='block_1_65' title="bbox 2206 765 3800 846">
    <p class='ocr_par' dir='ltr' id='par_1_65' title="bbox 2206 765 3800 846">
     <span class='ocr_line' id='line_1_65' title="bbox 2206 765 3800 846; baseline 0.013 -27"><span class='ocrx_word' id='word_1_429' title='bbox 2206 765 2425 833; x_wconf 70' lang='lat' dir='ltr'><strong>gamus,</strong></span> <span class='ocrx_word' id='word_1_430' title='bbox 2473 776 2567 835; x_wconf 91' lang='lat' dir='ltr'><strong>ut,</strong></span> <span class='ocrx_word' id='word_1_431' title='bbox 2614 772 2704 842; x_wconf 89' lang='lat' dir='ltr'><strong>qui</strong></span> <span class='ocrx_word' id='word_1_432' title='bbox 2750 770 2906 841; x_wconf 82' lang='lat' dir='ltr'><strong>hujus</strong></span> <span class='ocrx_word' id='word_1_433' title='bbox 2962 773 3286 846; x_wconf 70' lang='lat' dir='ltr'><strong>incorruptae</strong></span> <span class='ocrx_word' id='word_1_434' title='bbox 3340 781 3636 838; x_wconf 66' lang='lat' dir='ltr'><strong>nativitAtis</strong></span> <span class='ocrx_word' id='word_1_435' title='bbox 3690 792 3800 840; x_wconf 74' lang='lat' dir='ltr'><strong>tute</strong></span> 
     </span>
    </p>
   </div>
   <div class='ocr_carea' id='block_1_66' title="bbox 2205 856 3798 946">
    <p class='ocr_par' dir='ltr' id='par_1_66' title="bbox 2205 856 3798 946">
     <span class='ocr_line' id='line_1_66' title="bbox 2205 856 3798 946; baseline 0.014 -37"><span class='ocrx_word' id='word_1_436' title='bbox 2205 856 2394 926; x_wconf 74' lang='lat' dir='ltr'><strong>gaudia</strong></span> <span class='ocrx_word' id='word_1_437' title='bbox 2427 860 2763 937; x_wconf 66' lang='lat' dir='ltr'><strong>celebramus</strong></span> <span class='ocrx_word' id='word_1_438' title='bbox 2793 865 3026 932; x_wconf 74' lang='lat' dir='ltr'><strong>mando,</strong></span> <span class='ocrx_word' id='word_1_439' title='bbox 3059 867 3125 923; x_wconf 88' lang='lat' dir='ltr'><strong>ad</strong></span> <span class='ocrx_word' id='word_1_440' title='bbox 3165 878 3219 924; x_wconf 90' lang='lat' dir='ltr'><strong>te</strong></span> <span class='ocrx_word' id='word_1_441' title='bbox 3257 876 3649 929; x_wconf 84' lang='lat' dir='ltr'><strong>remuneraturi</strong></span> <span class='ocrx_word' id='word_1_442' title='bbox 3674 891 3798 946; x_wconf 85' lang='lat' dir='ltr'><strong>per-</strong></span> 
     </span>
    </p>
   </div>
   <div class='ocr_carea' id='block_1_67' title="bbox 2209 950 3799 1027">
    <p class='ocr_par' dir='ltr' id='par_1_67' title="bbox 2209 950 3799 1027">
     <span class='ocr_line' id='line_1_67' title="bbox 2209 950 3799 1027; baseline 0.011 -24"><span class='ocrx_word' id='word_1_443' title='bbox 2209 950 2487 1007; x_wconf 75' lang='lat' dir='ltr'><strong>veniamus</strong></span> <span class='ocrx_word' id='word_1_444' title='bbox 2532 953 2844 1011; x_wconf 86' lang='lat' dir='ltr'><strong>credéndo:</strong></span> <span class='ocrx_word' id='word_1_445' title='bbox 2896 966 2973 1024; x_wconf 87' lang='lat' dir='ltr'><strong>ut,</strong></span> <span class='ocrx_word' id='word_1_446' title='bbox 3006 959 3093 1027; x_wconf 86' lang='lat' dir='ltr'><strong>qui</strong></span> <span class='ocrx_word' id='word_1_447' title='bbox 3140 970 3267 1019; x_wconf 79' lang='lat' dir='ltr'><strong>ante</strong></span> <span class='ocrx_word' id='word_1_448' title='bbox 3315 961 3578 1019; x_wconf 78' lang='lat' dir='ltr'><strong>montium</strong></span> <span class='ocrx_word' id='word_1_449' title='bbox 3611 966 3799 1021; x_wconf 81' lang='lat' dir='ltr'><strong>condi-</strong></span> 
     </span>
    </p>
   </div>
   <div class='ocr_carea' id='block_1_68' title="bbox 2208 1038 3795 1124">
    <p class='ocr_par' dir='ltr' id='par_1_68' title="bbox 2208 1038 3795 1124">
     <span class='ocr_line' id='line_1_68' title="bbox 2208 1038 3795 1124; baseline 0.013 -33"><span class='ocrx_word' id='word_1_450' title='bbox 2208 1038 2404 1094; x_wconf 73' lang='lat' dir='ltr'><strong>tiduem</strong></span> <span class='ocrx_word' id='word_1_451' title='bbox 2434 1057 2498 1096; x_wconf 77' lang='lat' dir='ltr'><strong>ex</strong></span> <span class='ocrx_word' id='word_1_452' title='bbox 2531 1042 2692 1099; x_wconf 80' lang='lat' dir='ltr'><strong>Patre</strong></span> <span class='ocrx_word' id='word_1_453' title='bbox 2730 1045 2992 1114; x_wconf 73' lang='lat' dir='ltr'><strong>nasceris,</strong></span> <span class='ocrx_word' id='word_1_454' title='bbox 3023 1056 3078 1103; x_wconf 91' lang='lat' dir='ltr'><strong>et</strong></span> <span class='ocrx_word' id='word_1_455' title='bbox 3115 1050 3169 1105; x_wconf 90' lang='lat' dir='ltr'><strong>in</strong></span> <span class='ocrx_word' id='word_1_456' title='bbox 3216 1051 3548 1121; x_wconf 83' lang='lat' dir='ltr'><strong>plenitudine</strong></span> <span class='ocrx_word' id='word_1_457' title='bbox 3587 1055 3795 1124; x_wconf 71' lang='lat' dir='ltr'><strong>tempo-</strong></span> 
     </span>
    </p>
   </div>
   <div class='ocr_carea' id='block_1_69' title="bbox 2207 1129 3797 1208">
    <p class='ocr_par' dir='ltr' id='par_1_69' title="bbox 2207 1129 3797 1208">
     <span class='ocr_line' id='line_1_69' title="bbox 2207 1129 3797 1208; baseline 0.011 -24"><span class='ocrx_word' id='word_1_458' title='bbox 2207 1129 2281 1185; x_wconf 91' lang='lat' dir='ltr'><strong>ris</strong></span> <span class='ocrx_word' id='word_1_459' title='bbox 2310 1144 2465 1187; x_wconf 87' lang='lat' dir='ltr'><strong>natus</strong></span> <span class='ocrx_word' id='word_1_460' title='bbox 2493 1133 2562 1190; x_wconf 89' lang='lat' dir='ltr'><strong>de</strong></span> <span class='ocrx_word' id='word_1_461' title='bbox 2587 1135 2743 1192; x_wconf 80' lang='lat' dir='ltr'><strong>utero</strong></span> <span class='ocrx_word' id='word_1_462' title='bbox 2777 1136 3025 1208; x_wconf 82' lang='lat' dir='ltr'><strong>Virginis,</strong></span> <span class='ocrx_word' id='word_1_463' title='bbox 3056 1139 3136 1195; x_wconf 89' lang='lat' dir='ltr'><strong>sic</strong></span> <span class='ocrx_word' id='word_1_464' title='bbox 3174 1141 3228 1196; x_wconf 88' lang='lat' dir='ltr'><strong>in</strong></span> <span class='ocrx_word' id='word_1_465' title='bbox 3264 1152 3316 1197; x_wconf 93' lang='lat' dir='ltr'><strong>te</strong></span> <span class='ocrx_word' id='word_1_466' title='bbox 3344 1143 3627 1201; x_wconf 75' lang='lat' dir='ltr'><strong>credentes</strong></span> <span class='ocrx_word' id='word_1_467' title='bbox 3671 1161 3797 1202; x_wconf 85' lang='lat' dir='ltr'><strong>san-</strong></span> 
     </span>
    </p>
   </div>
   <div class='ocr_carea' id='block_1_70' title="bbox 2205 1219 3795 1299">
    <p class='ocr_par' dir='ltr' id='par_1_70' title="bbox 2205 1219 3795 1299">
     <span class='ocr_line' id='line_1_70' title="bbox 2205 1219 3795 1299; baseline 0.012 -25"><span class='ocrx_word' id='word_1_468' title='bbox 2205 1219 2432 1288; x_wconf 85' lang='lat' dir='ltr'><strong>ctiIices,</strong></span> <span class='ocrx_word' id='word_1_469' title='bbox 2478 1231 2535 1277; x_wconf 93' lang='lat' dir='ltr'><strong>ut</strong></span> <span class='ocrx_word' id='word_1_470' title='bbox 2564 1226 2928 1283; x_wconf 74' lang='lat' dir='ltr'><strong>sanctiﬁcatos</strong></span> <span class='ocrx_word' id='word_1_471' title='bbox 2972 1228 3143 1299; x_wconf 76' lang='lat' dir='ltr'><strong>gloria</strong></span> <span class='ocrx_word' id='word_1_472' title='bbox 3192 1232 3510 1289; x_wconf 62' lang='lat' dir='ltr'><strong>aeternitatis</strong></span> <span class='ocrx_word' id='word_1_473' title='bbox 3542 1236 3795 1292; x_wconf 81' lang='lat' dir='ltr'><strong>remune-</strong></span> 
     </span>
    </p>
   </div>
   <div class='ocr_carea' id='block_1_71' title="bbox 2206 1314 3456 1382">
    <p class='ocr_par' dir='ltr' id='par_1_71' title="bbox 2206 1314 3456 1382">
     <span class='ocr_line' id='line_1_71' title="bbox 2206 1314 3456 1382; baseline 0.011 -15"><span class='ocrx_word' id='word_1_474' title='bbox 2206 1326 2315 1369; x_wconf 86' lang='lat' dir='ltr'><strong>res.</strong></span> <span class='ocrx_word' id='word_1_475' title='bbox 2364 1314 2400 1382; x_wconf 65' lang='grc' dir='ltr'>ἢ</span> <span class='ocrx_word' id='word_1_476' title='bbox 2424 1352 2439 1368; x_wconf 94' lang='grc'><strong>.</strong></span> <span class='ocrx_word' id='word_1_477' title='bbox 2475 1316 2665 1372; x_wconf 75' lang='lat' dir='ltr'><strong>Amen.</strong></span> <span class='ocrx_word' id='word_1_478' title='bbox 2702 1319 2803 1375; x_wconf 87' lang='lat' dir='ltr'><strong>Per</strong></span> <span class='ocrx_word' id='word_1_479' title='bbox 2834 1323 3257 1380; x_wconf 70' lang='lat' dir='ltr'><strong>misericordiam</strong></span> <span class='ocrx_word' id='word_1_480' title='bbox 3289 1334 3456 1381; x_wconf 87' lang='lat' dir='ltr'><strong>tuam.</strong></span> 
     </span>
    </p>
   </div>
   <div class='ocr_carea' id='block_1_72' title="bbox 2278 1428 3793 1505">
    <p class='ocr_par' dir='ltr' id='par_1_72' title="bbox 2278 1428 3793 1505">
     <span class='ocr_line' id='line_1_72' title="bbox 2278 1428 3793 1505; baseline 0.011 -24"><span class='ocrx_word' id='word_1_481' title='bbox 2278 1428 2590 1498; x_wconf 63' lang='lat' dir='ltr'><strong>Antiphone.</strong></span> <span class='ocrx_word' id='word_1_482' title='bbox 2640 1430 2895 1503; x_wconf 86' lang='lat' dir='ltr'><strong>Populus,</strong></span> <span class='ocrx_word' id='word_1_483' title='bbox 2936 1437 3024 1505; x_wconf 89' lang='lat' dir='ltr'><strong>qui</strong></span> <span class='ocrx_word' id='word_1_484' title='bbox 3065 1436 3289 1492; x_wconf 72' lang='lat' dir='ltr'><strong>sedebat</strong></span> <span class='ocrx_word' id='word_1_485' title='bbox 3336 1440 3389 1493; x_wconf 91' lang='lat' dir='ltr'><strong>in</strong></span> <span class='ocrx_word' id='word_1_486' title='bbox 3430 1439 3690 1497; x_wconf 76' lang='lat' dir='ltr'><strong>tenebris.</strong></span> <span class='ocrx_word' id='word_1_487' title='bbox 3725 1443 3793 1498; x_wconf 87' lang='grc' dir='ltr'><strong>Ρ.</strong></span> 
     </span>
    </p>
   </div>
   <div class='ocr_carea' id='block_1_73' title="bbox 2214 1520 3796 1603">
    <p class='ocr_par' dir='ltr' id='par_1_73' title="bbox 2214 1520 3796 1603">
     <span class='ocr_line' id='line_1_73' title="bbox 2214 1520 3796 1603; baseline 0.009 -28"><span class='ocrx_word' id='word_1_488' title='bbox 2214 1520 2358 1578; x_wconf 84' lang='lat' dir='ltr'><strong>Vidit</strong></span> <span class='ocrx_word' id='word_1_489' title='bbox 2405 1524 2576 1580; x_wconf 89' lang='lat' dir='ltr'><strong>lucem</strong></span> <span class='ocrx_word' id='word_1_490' title='bbox 2606 1541 2851 1596; x_wconf 85' lang='lat' dir='ltr'><strong>magnam</strong></span> <span class='ocrx_word' id='word_1_491' title='bbox 2884 1546 2896 1580; x_wconf 91' lang='lat'>:</span> <span class='ocrx_word' id='word_1_492' title='bbox 2926 1528 3290 1586; x_wconf 69' lang='lat' dir='ltr'><strong>habitantibus</strong></span> <span class='ocrx_word' id='word_1_493' title='bbox 3331 1531 3384 1587; x_wconf 90' lang='lat' dir='ltr'><strong>in</strong></span> <span class='ocrx_word' id='word_1_494' title='bbox 3426 1533 3649 1603; x_wconf 69' lang='lat' dir='ltr'><strong>regitiue</strong></span> <span class='ocrx_word' id='word_1_495' title='bbox 3676 1551 3796 1589; x_wconf 84' lang='lat' dir='ltr'><strong>um-</strong></span> 
     </span>
    </p>
   </div>
   <div class='ocr_carea' id='block_1_74' title="bbox 2207 1612 3798 1695">
    <p class='ocr_par' dir='ltr' id='par_1_74' title="bbox 2207 1612 3798 1695">
     <span class='ocr_line' id='line_1_74' title="bbox 2207 1612 3798 1695; baseline 0.009 -27"><span class='ocrx_word' id='word_1_496' title='bbox 2207 1612 2318 1668; x_wconf 76' lang='lat' dir='ltr'><strong>bra:</strong></span> <span class='ocrx_word' id='word_1_497' title='bbox 2347 1617 2560 1680; x_wconf 87' lang='lat' dir='ltr'><strong>mortis,</strong></span> <span class='ocrx_word' id='word_1_498' title='bbox 2587 1615 2674 1670; x_wconf 81' lang='lat' dir='ltr'><strong>lux</strong></span> <span class='ocrx_word' id='word_1_499' title='bbox 2704 1616 2849 1673; x_wconf 83' lang='lat' dir='ltr'><strong>clara</strong></span> <span class='ocrx_word' id='word_1_500' title='bbox 2877 1630 2993 1673; x_wconf 86' lang='lat' dir='ltr'><strong>orta</strong></span> <span class='ocrx_word' id='word_1_501' title='bbox 3021 1630 3104 1687; x_wconf 81' lang='lat' dir='ltr'><strong>est</strong></span> <span class='ocrx_word' id='word_1_502' title='bbox 3134 1622 3235 1677; x_wconf 88' lang='lat' dir='ltr'><strong>eis.</strong></span> <span class='ocrx_word' id='word_1_503' title='bbox 3280 1625 3314 1695; x_wconf 57' lang='lat' dir='ltr'>ﬁ</span> <span class='ocrx_word' id='word_1_504' title='bbox 3340 1660 3355 1677; x_wconf 95' lang='lat'><strong><em>.</em></strong></span> <span class='ocrx_word' id='word_1_505' title='bbox 3380 1623 3580 1680; x_wconf 86' lang='lat' dir='ltr'><strong>Omnes</strong></span> <span class='ocrx_word' id='word_1_506' title='bbox 3610 1638 3798 1695; x_wconf 83' lang='lat' dir='ltr'><strong>gentes</strong></span> 
     </span>
    </p>
   </div>
   <div class='ocr_carea' id='block_1_75' title="bbox 2210 1703 3798 1778">
    <p class='ocr_par' dir='ltr' id='par_1_75' title="bbox 2210 1703 3798 1778">
     <span class='ocr_line' id='line_1_75' title="bbox 2210 1703 3798 1778; baseline 0.016 -26"><span class='ocrx_word' id='word_1_507' title='bbox 2210 1703 2445 1771; x_wconf 72' lang='lat' dir='ltr'><strong>plaudite</strong></span> <span class='ocrx_word' id='word_1_508' title='bbox 2473 1705 2722 1762; x_wconf 74' lang='lat' dir='ltr'><strong>manibus</strong></span> <span class='ocrx_word' id='word_1_509' title='bbox 2754 1724 2768 1761; x_wconf 90' lang='lat'><strong>:</strong></span> <span class='ocrx_word' id='word_1_510' title='bbox 2798 1708 3024 1778; x_wconf 75' lang='lat' dir='ltr'><strong>jubilate</strong></span> <span class='ocrx_word' id='word_1_511' title='bbox 3050 1711 3155 1766; x_wconf 92' lang='lat' dir='ltr'><strong>Deo</strong></span> <span class='ocrx_word' id='word_1_512' title='bbox 3180 1713 3233 1767; x_wconf 90' lang='lat' dir='ltr'><strong>in</strong></span> <span class='ocrx_word' id='word_1_513' title='bbox 3267 1728 3396 1769; x_wconf 81' lang='lat' dir='ltr'><strong>voce</strong></span> <span class='ocrx_word' id='word_1_514' title='bbox 3422 1715 3798 1777; x_wconf 78' lang='lat' dir='ltr'><strong>exultatit‘mis.</strong></span> 
     </span>
    </p>
   </div>
   <div class='ocr_carea' id='block_1_76' title="bbox 2211 1793 3796 1889">
    <p class='ocr_par' dir='ltr' id='par_1_76' title="bbox 2211 1793 3796 1889">
     <span class='ocr_line' id='line_1_76' title="bbox 2211 1793 3796 1889; baseline 0.011 -42"><span class='ocrx_word' id='word_1_515' title='bbox 2211 1793 2277 1849; x_wconf 87' lang='lat' dir='ltr'><strong>P.</strong></span> <span class='ocrx_word' id='word_1_516' title='bbox 2316 1794 2453 1848; x_wconf 77' lang='lat' dir='ltr'><strong>Vidit</strong></span> <span class='ocrx_word' id='word_1_517' title='bbox 2495 1798 2664 1851; x_wconf 91' lang='lat' dir='ltr'><strong>lucem</strong></span> <span class='ocrx_word' id='word_1_518' title='bbox 2712 1813 2980 1870; x_wconf 82' lang='lat' dir='ltr'><strong>magnam.</strong></span> <span class='ocrx_word' id='word_1_519' title='bbox 3031 1802 3103 1872; x_wconf 62' lang='grc' dir='ltr'><em>ᾖ.</em></span> <span class='ocrx_word' id='word_1_520' title='bbox 3136 1801 3345 1889; x_wconf 75' lang='lat' dir='ltr'><strong>Gloria,</strong></span> <span class='ocrx_word' id='word_1_521' title='bbox 3366 1814 3422 1862; x_wconf 88' lang='lat' dir='ltr'><strong>et</strong></span> <span class='ocrx_word' id='word_1_522' title='bbox 3465 1807 3659 1880; x_wconf 83' lang='lat' dir='ltr'><strong>honor,</strong></span> <span class='ocrx_word' id='word_1_523' title='bbox 3689 1818 3796 1865; x_wconf 87' lang='lat' dir='ltr'><strong>etc.</strong></span> 
     </span>
    </p>
   </div>
   <div class='ocr_carea' id='block_1_77' title="bbox 2208 1883 2669 1942">
    <p class='ocr_par' dir='ltr' id='par_1_77' title="bbox 2208 1883 2669 1942">
     <span class='ocr_line' id='line_1_77' title="bbox 2208 1883 2669 1942; baseline 0.011 -5"><span class='ocrx_word' id='word_1_524' title='bbox 2208 1883 2275 1938; x_wconf 92' lang='lat' dir='ltr'><strong>P.</strong></span> <span class='ocrx_word' id='word_1_525' title='bbox 2315 1886 2454 1940; x_wconf 85' lang='lat' dir='ltr'><strong>\‘idit</strong></span> <span class='ocrx_word' id='word_1_526' title='bbox 2477 1888 2669 1942; x_wconf 88' lang='lat' dir='ltr'><strong>lucem.</strong></span> 
     </span>
    </p>
   </div>
   <div class='ocr_carea' id='block_1_78' title="bbox 2285 1998 3794 2077">
    <p class='ocr_par' dir='ltr' id='par_1_78' title="bbox 2285 1998 3794 2077">
     <span class='ocr_line' id='line_1_78' title="bbox 2285 1998 3794 2077; baseline 0.011 -27"><span class='ocrx_word' id='word_1_527' title='bbox 2285 1998 2485 2054; x_wconf 73' lang='lat' dir='ltr'><strong>(Initio.</strong></span> <span class='ocrx_word' id='word_1_528' title='bbox 2519 2000 2802 2070; x_wconf 86' lang='lat' dir='ltr'><strong>Unigénite</strong></span> <span class='ocrx_word' id='word_1_529' title='bbox 2842 2004 2934 2058; x_wconf 65' lang='lat' dir='ltr'><strong>Dei</strong></span> <span class='ocrx_word' id='word_1_530' title='bbox 2983 2005 3169 2072; x_wconf 83' lang='lat' dir='ltr'><strong>Filius,</strong></span> <span class='ocrx_word' id='word_1_531' title='bbox 3202 2008 3289 2077; x_wconf 90' lang='lat' dir='ltr'><strong>qui</strong></span> <span class='ocrx_word' id='word_1_532' title='bbox 3342 2008 3711 2066; x_wconf 65' lang='lat' dir='ltr'><strong>habitantibus</strong></span> <span class='ocrx_word' id='word_1_533' title='bbox 3739 2011 3794 2068; x_wconf 79' lang='lat' dir='ltr'><strong>in</strong></span> 
     </span>
    </p>
   </div>
   <div class='ocr_carea' id='block_1_79' title="bbox 2206 2090 3794 2169">
    <p class='ocr_par' dir='ltr' id='par_1_79' title="bbox 2206 2090 3794 2169">
     <span class='ocr_line' id='line_1_79' title="bbox 2206 2090 3794 2169; baseline 0.009 -26"><span class='ocrx_word' id='word_1_534' title='bbox 2206 2090 2433 2159; x_wconf 78' lang='lat' dir='ltr'><strong>regidne</strong></span> <span class='ocrx_word' id='word_1_535' title='bbox 2464 2092 2668 2146; x_wconf 76' lang='lat' dir='ltr'><strong>umbra:</strong></span> <span class='ocrx_word' id='word_1_536' title='bbox 2704 2094 2895 2150; x_wconf 89' lang='lat' dir='ltr'><strong>mortis</strong></span> <span class='ocrx_word' id='word_1_537' title='bbox 2926 2097 3106 2151; x_wconf 88' lang='lat' dir='ltr'><strong>lumen</strong></span> <span class='ocrx_word' id='word_1_538' title='bbox 3145 2099 3325 2153; x_wconf 71' lang='lat' dir='ltr'><strong>videre</strong></span> <span class='ocrx_word' id='word_1_539' title='bbox 3355 2097 3558 2167; x_wconf 76' lang='lat' dir='ltr'><strong>iecisti;</strong></span> <span class='ocrx_word' id='word_1_540' title='bbox 3588 2102 3679 2169; x_wconf 91' lang='lat' dir='ltr'><strong>qui</strong></span> <span class='ocrx_word' id='word_1_541' title='bbox 3709 2102 3794 2157; x_wconf 84' lang='lat' dir='ltr'><strong>lu-</strong></span> 
     </span>
    </p>
   </div>
   <div class='ocr_carea' id='block_1_80' title="bbox 2204 2183 3793 2259">
    <p class='ocr_par' dir='ltr' id='par_1_80' title="bbox 2204 2183 3793 2259">
     <span class='ocr_line' id='line_1_80' title="bbox 2204 2183 3793 2259; baseline 0.009 -26"><span class='ocrx_word' id='word_1_542' title='bbox 2204 2195 2325 2235; x_wconf 81' lang='lat' dir='ltr'><strong>men</strong></span> <span class='ocrx_word' id='word_1_543' title='bbox 2351 2196 2443 2250; x_wconf 88' lang='lat' dir='ltr'><strong>per</strong></span> <span class='ocrx_word' id='word_1_544' title='bbox 2467 2183 2734 2254; x_wconf 65' lang='lat' dir='ltr'><strong>suscepta</strong></span> <span class='ocrx_word' id='word_1_545' title='bbox 2757 2184 3148 2243; x_wconf 81' lang='lat' dir='ltr'><strong>Iucarnatidnis</strong></span> <span class='ocrx_word' id='word_1_546' title='bbox 3177 2188 3488 2259; x_wconf 78' lang='lat' dir='ltr'><strong>Mystérium</strong></span> <span class='ocrx_word' id='word_1_547' title='bbox 3515 2190 3793 2247; x_wconf 89' lang='lat' dir='ltr'><strong>claruisti:</strong></span> 
     </span>
    </p>
   </div>
   <div class='ocr_carea' id='block_1_81' title="bbox 2203 2274 3796 2351">
    <p class='ocr_par' dir='ltr' id='par_1_81' title="bbox 2203 2274 3796 2351">
     <span class='ocr_line' id='line_1_81' title="bbox 2203 2274 3796 2351; baseline 0.008 -23"><span class='ocrx_word' id='word_1_548' title='bbox 2203 2274 2271 2329; x_wconf 90' lang='lat' dir='ltr'><strong>da</strong></span> <span class='ocrx_word' id='word_1_549' title='bbox 2305 2277 2458 2331; x_wconf 86' lang='lat' dir='ltr'><strong>uobis</strong></span> <span class='ocrx_word' id='word_1_550' title='bbox 2504 2285 2559 2332; x_wconf 92' lang='lat' dir='ltr'><strong>te</strong></span> <span class='ocrx_word' id='word_1_551' title='bbox 2597 2276 2903 2334; x_wconf 78' lang='lat' dir='ltr'><strong>illustrante</strong></span> <span class='ocrx_word' id='word_1_552' title='bbox 2938 2281 3122 2351; x_wconf 81' lang='lat' dir='ltr'><strong>deﬁgi,</strong></span> <span class='ocrx_word' id='word_1_553' title='bbox 3151 2289 3209 2336; x_wconf 93' lang='lat' dir='ltr'><strong>ut</strong></span> <span class='ocrx_word' id='word_1_554' title='bbox 3251 2284 3341 2351; x_wconf 86' lang='lat' dir='ltr'><strong>qui</strong></span> <span class='ocrx_word' id='word_1_555' title='bbox 3373 2282 3666 2339; x_wconf 70' lang='lat' dir='ltr'><strong>nativitatis</strong></span> <span class='ocrx_word' id='word_1_556' title='bbox 3689 2293 3796 2340; x_wconf 71' lang='lat' dir='ltr'><strong>tute</strong></span> 
     </span>
    </p>
   </div>
   <div class='ocr_carea' id='block_1_82' title="bbox 2208 2366 3797 2440">
    <p class='ocr_par' dir='ltr' id='par_1_82' title="bbox 2208 2366 3797 2440">
     <span class='ocr_line' id='line_1_82' title="bbox 2208 2366 3797 2440; baseline 0.007 -19"><span class='ocrx_word' id='word_1_557' title='bbox 2208 2366 2349 2421; x_wconf 88' lang='lat' dir='ltr'><strong>diem</strong></span> <span class='ocrx_word' id='word_1_558' title='bbox 2380 2366 2593 2422; x_wconf 76' lang='lat' dir='ltr'><strong>ovando</strong></span> <span class='ocrx_word' id='word_1_559' title='bbox 2622 2367 2983 2440; x_wconf 70' lang='lat' dir='ltr'><strong>suscepimus,</strong></span> <span class='ocrx_word' id='word_1_560' title='bbox 3018 2372 3313 2427; x_wconf 75' lang='lat' dir='ltr'><strong>divinitatis</strong></span> <span class='ocrx_word' id='word_1_561' title='bbox 3342 2380 3446 2428; x_wconf 69' lang='lat' dir='ltr'><strong>tua:</strong></span> <span class='ocrx_word' id='word_1_562' title='bbox 3480 2373 3797 2432; x_wconf 75' lang='lat' dir='ltr'><strong>muneribus</strong></span> 
     </span>
    </p>
   </div>
   <div class='ocr_carea' id='block_1_83' title="bbox 2201 2459 3696 2530">
    <p class='ocr_par' dir='ltr' id='par_1_83' title="bbox 2201 2459 3696 2530">
     <span class='ocr_line' id='line_1_83' title="bbox 2201 2459 3696 2530; baseline 0.007 -18"><span class='ocrx_word' id='word_1_563' title='bbox 2201 2459 2563 2515; x_wconf 76' lang='lat' dir='ltr'><strong>consolemur.</strong></span> <span class='ocrx_word' id='word_1_564' title='bbox 2613 2460 2650 2530; x_wconf 62' lang='grc' dir='ltr'><strong>ἢ</strong></span> <span class='ocrx_word' id='word_1_565' title='bbox 2672 2497 2686 2513; x_wconf 94' lang='grc'><strong>.</strong></span> <span class='ocrx_word' id='word_1_566' title='bbox 2719 2462 2914 2517; x_wconf 82' lang='lat' dir='ltr'><strong>Amen.</strong></span> <span class='ocrx_word' id='word_1_567' title='bbox 2943 2461 3049 2523; x_wconf 80' lang='lat' dir='ltr'><strong>Per</strong></span> <span class='ocrx_word' id='word_1_568' title='bbox 3072 2463 3501 2527; x_wconf 85' lang='lat' dir='ltr'><strong>misericordiam</strong></span> <span class='ocrx_word' id='word_1_569' title='bbox 3532 2474 3696 2523; x_wconf 88' lang='lat' dir='ltr'><strong>tuam.</strong></span> 
     </span>
    </p>
   </div>
   <div class='ocr_carea' id='block_1_84' title="bbox 2270 2574 3797 2648">
    <p class='ocr_par' dir='ltr' id='par_1_84' title="bbox 2270 2574 3797 2648">
     <span class='ocr_line' id='line_1_84' title="bbox 2270 2574 3797 2648; baseline 0.002 -20"><span class='ocrx_word' id='word_1_570' title='bbox 2270 2574 2376 2644; x_wconf 77' lang='lat'><strong>67</strong></span> <span class='ocrx_word' id='word_1_571' title='bbox 2407 2575 2723 2642; x_wconf 77' lang='lat' dir='ltr'><strong>Antiphona.</strong></span> <span class='ocrx_word' id='word_1_572' title='bbox 2759 2575 3001 2633; x_wconf 73' lang='lat' dir='ltr'><strong>\‘isitavit</strong></span> <span class='ocrx_word' id='word_1_573' title='bbox 3029 2577 3284 2634; x_wconf 80' lang='lat' dir='ltr'><strong>Dominus</strong></span> <span class='ocrx_word' id='word_1_574' title='bbox 3325 2580 3667 2648; x_wconf 84' lang='lat' dir='ltr'><strong>omnipotens</strong></span> <span class='ocrx_word' id='word_1_575' title='bbox 3698 2579 3797 2647; x_wconf 80' lang='lat' dir='ltr'><strong>po-</strong></span> 
     </span>
    </p>
   </div>
   <div class='ocr_carea' id='block_1_85' title="bbox 2200 2667 3793 2736">
    <p class='ocr_par' dir='ltr' id='par_1_85' title="bbox 2200 2667 3793 2736">
     <span class='ocr_line' id='line_1_85' title="bbox 2200 2667 3793 2736; baseline 0.005 -17"><span class='ocrx_word' id='word_1_576' title='bbox 2200 2667 2379 2736; x_wconf 88' lang='lat' dir='ltr'><strong>pulum</strong></span> <span class='ocrx_word' id='word_1_577' title='bbox 2392 2682 2547 2721; x_wconf 87' lang='lat' dir='ltr'><strong>suum</strong></span> <span class='ocrx_word' id='word_1_578' title='bbox 2561 2669 2952 2727; x_wconf 78' lang='lat' dir='ltr'><strong>domumJuda.</strong></span> <span class='ocrx_word' id='word_1_579' title='bbox 2983 2669 3053 2727; x_wconf 85' lang='grc' dir='ltr'><strong>Ρ.</strong></span> <span class='ocrx_word' id='word_1_580' title='bbox 3072 2670 3139 2726; x_wconf 86' lang='grc' dir='ltr'>Ει</span> <span class='ocrx_word' id='word_1_581' title='bbox 3158 2671 3453 2731; x_wconf 82' lang='lat' dir='ltr'><strong>constituet</strong></span> <span class='ocrx_word' id='word_1_582' title='bbox 3474 2673 3621 2727; x_wconf 87' lang='lat' dir='ltr'><strong>illum</strong></span> <span class='ocrx_word' id='word_1_583' title='bbox 3651 2673 3793 2729; x_wconf 88' lang='lat' dir='ltr'><strong>sicut</strong></span> 
     </span>
    </p>
   </div>
   <div class='ocr_carea' id='block_1_86' title="bbox 2198 2764 3785 2837">
    <p class='ocr_par' dir='ltr' id='par_1_86' title="bbox 2198 2764 3785 2837">
     <span class='ocr_line' id='line_1_86' title="bbox 2198 2764 3785 2837; baseline 0.002 -19"><span class='ocrx_word' id='word_1_584' title='bbox 2198 2774 2395 2830; x_wconf 82' lang='lat' dir='ltr'><strong>equum</strong></span> <span class='ocrx_word' id='word_1_585' title='bbox 2416 2764 2721 2833; x_wconf 82' lang='lat' dir='ltr'><strong>specidsum</strong></span> <span class='ocrx_word' id='word_1_586' title='bbox 2745 2766 2797 2820; x_wconf 91' lang='lat' dir='ltr'><strong>in</strong></span> <span class='ocrx_word' id='word_1_587' title='bbox 2820 2764 3136 2822; x_wconf 77' lang='lat' dir='ltr'><strong>certamine.</strong></span> <span class='ocrx_word' id='word_1_588' title='bbox 3178 2767 3213 2837; x_wconf 62' lang='grc' dir='ltr'><em>ᾗ</em></span> <span class='ocrx_word' id='word_1_589' title='bbox 3235 2804 3252 2821; x_wconf 90' lang='grc'><strong>.</strong></span> <span class='ocrx_word' id='word_1_590' title='bbox 3280 2767 3434 2822; x_wconf 87' lang='lat' dir='ltr'><strong>Sicut</strong></span> <span class='ocrx_word' id='word_1_591' title='bbox 3454 2766 3785 2835; x_wconf 78' lang='lat' dir='ltr'><strong>audivimus,</strong></span> 
     </span>
    </p>
   </div>
   <div class='ocr_carea' id='block_1_87' title="bbox 2199 2852 3789 2925">
    <p class='ocr_par' dir='ltr' id='par_1_87' title="bbox 2199 2852 3789 2925">
     <span class='ocr_line' id='line_1_87' title="bbox 2199 2852 3789 2925; baseline 0.005 -18"><span class='ocrx_word' id='word_1_592' title='bbox 2199 2852 2269 2907; x_wconf 86' lang='lat' dir='ltr'><strong>ita</strong></span> <span class='ocrx_word' id='word_1_593' title='bbox 2292 2866 2345 2908; x_wconf 92' lang='lat' dir='ltr'><strong>et</strong></span> <span class='ocrx_word' id='word_1_594' title='bbox 2370 2855 2595 2911; x_wconf 83' lang='lat' dir='ltr'><strong>vidimus</strong></span> <span class='ocrx_word' id='word_1_595' title='bbox 2625 2858 2678 2912; x_wconf 89' lang='lat' dir='ltr'><strong>in</strong></span> <span class='ocrx_word' id='word_1_596' title='bbox 2701 2858 2919 2914; x_wconf 61' lang='lat' dir='ltr'><strong>civitéte</strong></span> <span class='ocrx_word' id='word_1_597' title='bbox 2944 2857 3157 2914; x_wconf 86' lang='lat' dir='ltr'><strong>Domini</strong></span> <span class='ocrx_word' id='word_1_598' title='bbox 3186 2859 3465 2925; x_wconf 81' lang='lat' dir='ltr'><strong>virtutum,</strong></span> <span class='ocrx_word' id='word_1_599' title='bbox 3491 2859 3544 2914; x_wconf 87' lang='lat' dir='ltr'><strong>in</strong></span> <span class='ocrx_word' id='word_1_600' title='bbox 3566 2859 3789 2915; x_wconf 73' lang='lat' dir='ltr'><strong>civitate</strong></span> 
     </span>
    </p>
   </div>
   <div class='ocr_carea' id='block_1_88' title="bbox 2201 2945 3788 3011">
    <p class='ocr_par' dir='ltr' id='par_1_88' title="bbox 2201 2945 3788 3011">
     <span class='ocr_line' id='line_1_88' title="bbox 2201 2945 3788 3011; baseline 0.004 -12"><span class='ocrx_word' id='word_1_601' title='bbox 2201 2945 2292 3000; x_wconf 90' lang='lat' dir='ltr'><strong>Dei</strong></span> <span class='ocrx_word' id='word_1_602' title='bbox 2317 2948 2523 3011; x_wconf 82' lang='lat' dir='ltr'><strong>nostri:</strong></span> <span class='ocrx_word' id='word_1_603' title='bbox 2573 2949 2714 3005; x_wconf 88' lang='lat' dir='ltr'><strong>Deus</strong></span> <span class='ocrx_word' id='word_1_604' title='bbox 2743 2950 2986 3005; x_wconf 76' lang='lat' dir='ltr'><strong>fundavit</strong></span> <span class='ocrx_word' id='word_1_605' title='bbox 3029 2966 3148 3006; x_wconf 91' lang='lat' dir='ltr'><strong>eam</strong></span> <span class='ocrx_word' id='word_1_606' title='bbox 3178 2953 3229 3006; x_wconf 90' lang='lat' dir='ltr'><strong>in</strong></span> <span class='ocrx_word' id='word_1_607' title='bbox 3260 2950 3541 3007; x_wconf 72' lang='lat' dir='ltr'><strong>aeternum.</strong></span> <span class='ocrx_word' id='word_1_608' title='bbox 3595 2949 3666 3006; x_wconf 82' lang='lat' dir='ltr'><strong><em>P.</em></strong></span> <span class='ocrx_word' id='word_1_609' title='bbox 3716 2952 3788 3006; x_wconf 80' lang='lat' dir='ltr'><strong>Et</strong></span> 
     </span>
    </p>
   </div>
   <div class='ocr_carea' id='block_1_89' title="bbox 2197 3038 3790 3123">
    <p class='ocr_par' dir='ltr' id='par_1_89' title="bbox 2197 3038 3790 3123">
     <span class='ocr_line' id='line_1_89' title="bbox 2197 3038 3790 3123; baseline 0.008 -33"><span class='ocrx_word' id='word_1_610' title='bbox 2197 3038 2487 3094; x_wconf 87' lang='lat' dir='ltr'><strong>constituet</strong></span> <span class='ocrx_word' id='word_1_611' title='bbox 2532 3040 2705 3098; x_wconf 89' lang='lat' dir='ltr'><strong>illum.</strong></span> <span class='ocrx_word' id='word_1_612' title='bbox 2770 3043 2847 3123; x_wconf 56' lang='grc' dir='ltr'><em>ᾗ.</em></span> <span class='ocrx_word' id='word_1_613' title='bbox 2891 3041 3095 3110; x_wconf 86' lang='lat' dir='ltr'><strong>Gloria,</strong></span> <span class='ocrx_word' id='word_1_614' title='bbox 3143 3054 3201 3101; x_wconf 89' lang='lat' dir='ltr'><strong>et</strong></span> <span class='ocrx_word' id='word_1_615' title='bbox 3236 3044 3428 3111; x_wconf 88' lang='lat' dir='ltr'><strong>honor,</strong></span> <span class='ocrx_word' id='word_1_616' title='bbox 3473 3053 3581 3101; x_wconf 90' lang='lat' dir='ltr'><strong>etc.</strong></span> <span class='ocrx_word' id='word_1_617' title='bbox 3618 3044 3687 3100; x_wconf 90' lang='grc' dir='ltr'><strong>Ρ.</strong></span> <span class='ocrx_word' id='word_1_618' title='bbox 3718 3045 3790 3103; x_wconf 80' lang='lat' dir='ltr'><strong>Et</strong></span> 
     </span>
    </p>
   </div>
   <div class='ocr_carea' id='block_1_90' title="bbox 2198 3128 2515 3185">
    <p class='ocr_par' dir='ltr' id='par_1_90' title="bbox 2198 3128 2515 3185">
     <span class='ocr_line' id='line_1_90' title="bbox 2198 3128 2515 3185; baseline 0.009 -3"><span class='ocrx_word' id='word_1_619' title='bbox 2198 3128 2515 3185; x_wconf 77' lang='lat' dir='ltr'><strong>constituet.</strong></span> 
     </span>
    </p>
   </div>
   <div class='ocr_carea' id='block_1_91' title="bbox 2123 3204 3790 3327">
    <p class='ocr_par' dir='ltr' id='par_1_91' title="bbox 2123 3204 3790 3327">
     <span class='ocr_line' id='line_1_91' title="bbox 2123 3204 3790 3327; baseline 0.008 -33"><span class='ocrx_word' id='word_1_620' title='bbox 2123 3204 2173 3269; x_wconf 64' lang='grc' dir='ltr'><strong>ο</strong></span> <span class='ocrx_word' id='word_1_621' title='bbox 2274 3240 2472 3298; x_wconf 66' lang='lat' dir='ltr'><strong>Oratio.</strong></span> <span class='ocrx_word' id='word_1_622' title='bbox 2501 3243 2725 3301; x_wconf 91' lang='lat' dir='ltr'><strong>Domine</strong></span> <span class='ocrx_word' id='word_1_623' title='bbox 2760 3248 3121 3319; x_wconf 88' lang='lat' dir='ltr'><strong>omnipotens,</strong></span> <span class='ocrx_word' id='word_1_624' title='bbox 3147 3250 3237 3319; x_wconf 91' lang='lat' dir='ltr'><strong>qui</strong></span> <span class='ocrx_word' id='word_1_625' title='bbox 3268 3250 3495 3307; x_wconf 76' lang='lat' dir='ltr'><strong>visitain</strong></span> <span class='ocrx_word' id='word_1_626' title='bbox 3525 3251 3790 3327; x_wconf 80' lang='lat' dir='ltr'><strong>populum</strong></span> 
     </span>
    </p>
   </div>
   <div class='ocr_carea' id='block_1_92' title="bbox 2196 3334 3791 3418">
    <p class='ocr_par' dir='ltr' id='par_1_92' title="bbox 2196 3334 3791 3418">
     <span class='ocr_line' id='line_1_92' title="bbox 2196 3334 3791 3418; baseline 0.009 -31"><span class='ocrx_word' id='word_1_627' title='bbox 2196 3337 2345 3388; x_wconf 85' lang='lat' dir='ltr'><strong>tuum</strong></span> <span class='ocrx_word' id='word_1_628' title='bbox 2372 3334 2587 3391; x_wconf 91' lang='lat' dir='ltr'><strong>domum</strong></span> <span class='ocrx_word' id='word_1_629' title='bbox 2617 3337 2777 3405; x_wconf 77' lang='lat' dir='ltr'><strong>Juda;</strong></span> <span class='ocrx_word' id='word_1_630' title='bbox 2811 3339 2963 3394; x_wconf 83' lang='lat' dir='ltr'><strong>visita</strong></span> <span class='ocrx_word' id='word_1_631' title='bbox 2994 3355 3094 3397; x_wconf 86' lang='lat' dir='ltr'><strong>nos</strong></span> <span class='ocrx_word' id='word_1_632' title='bbox 3142 3341 3173 3396; x_wconf 66' lang='grc' dir='ltr'>ξι</span> <span class='ocrx_word' id='word_1_633' title='bbox 3204 3356 3399 3399; x_wconf 87' lang='lat' dir='ltr'><strong>somno</strong></span> <span class='ocrx_word' id='word_1_634' title='bbox 3436 3343 3739 3418; x_wconf 81' lang='lat' dir='ltr'><strong>facinorum</strong></span> <span class='ocrx_word' id='word_1_635' title='bbox 3775 3362 3791 3401; x_wconf 89' lang='lat'><strong>:</strong></span> 
     </span>
    </p>
   </div>
   <div class='ocr_carea' id='block_1_93' title="bbox 2199 3427 3793 3507">
    <p class='ocr_par' dir='ltr' id='par_1_93' title="bbox 2199 3427 3793 3507">
     <span class='ocr_line' id='line_1_93' title="bbox 2199 3427 3793 3507; baseline 0.008 -27"><span class='ocrx_word' id='word_1_636' title='bbox 2199 3435 2276 3494; x_wconf 91' lang='lat' dir='ltr'><strong>ut,</strong></span> <span class='ocrx_word' id='word_1_637' title='bbox 2304 3427 2431 3483; x_wconf 90' lang='lat' dir='ltr'><strong>dum</strong></span> <span class='ocrx_word' id='word_1_638' title='bbox 2460 3429 2666 3501; x_wconf 76' lang='lat' dir='ltr'><strong>iulgOre</strong></span> <span class='ocrx_word' id='word_1_639' title='bbox 2697 3442 2786 3487; x_wconf 90' lang='lat' dir='ltr'><strong>tuo</strong></span> <span class='ocrx_word' id='word_1_640' title='bbox 2815 3437 3159 3502; x_wconf 81' lang='lat' dir='ltr'><strong>peccatdrum</strong></span> <span class='ocrx_word' id='word_1_641' title='bbox 3190 3435 3441 3491; x_wconf 76' lang='lat' dir='ltr'><strong>tenebras</strong></span> <span class='ocrx_word' id='word_1_642' title='bbox 3461 3435 3793 3507; x_wconf 73' lang='lat' dir='ltr'><strong>eﬂ’ugamus,</strong></span> 
     </span>
    </p>
   </div>
   <div class='ocr_carea' id='block_1_94' title="bbox 2198 3517 3797 3598">
    <p class='ocr_par' dir='ltr' id='par_1_94' title="bbox 2198 3517 3797 3598">
     <span class='ocr_line' id='line_1_94' title="bbox 2198 3517 3797 3598; baseline 0.009 -28"><span class='ocrx_word' id='word_1_643' title='bbox 2198 3517 2396 3574; x_wconf 82' lang='lat' dir='ltr'><strong>virtute</strong></span> <span class='ocrx_word' id='word_1_644' title='bbox 2441 3520 2529 3574; x_wconf 75' lang='lat' dir='ltr'><strong>tua</strong></span> <span class='ocrx_word' id='word_1_645' title='bbox 2558 3522 2750 3577; x_wconf 88' lang='lat' dir='ltr'><strong>mortis</strong></span> <span class='ocrx_word' id='word_1_646' title='bbox 2785 3526 3108 3592; x_wconf 74' lang='lat' dir='ltr'><strong>potestatem</strong></span> <span class='ocrx_word' id='word_1_647' title='bbox 3148 3526 3415 3583; x_wconf 75' lang='lat' dir='ltr'><strong>evacues:</strong></span> <span class='ocrx_word' id='word_1_648' title='bbox 3468 3542 3574 3598; x_wconf 86' lang='lat' dir='ltr'><strong>quo</strong></span> <span class='ocrx_word' id='word_1_649' title='bbox 3623 3528 3707 3583; x_wconf 87' lang='lat' dir='ltr'><strong>sic</strong></span> <span class='ocrx_word' id='word_1_650' title='bbox 3738 3540 3797 3585; x_wconf 86' lang='lat' dir='ltr'><strong>te</strong></span> 
     </span>
    </p>
   </div>
   <div class='ocr_carea' id='block_1_95' title="bbox 2197 3612 3791 3691">
    <p class='ocr_par' dir='ltr' id='par_1_95' title="bbox 2197 3612 3791 3691">
     <span class='ocr_line' id='line_1_95' title="bbox 2197 3612 3791 3691; baseline 0.008 -29"><span class='ocrx_word' id='word_1_651' title='bbox 2197 3624 2340 3666; x_wconf 89' lang='lat' dir='ltr'><strong>nunc</strong></span> <span class='ocrx_word' id='word_1_652' title='bbox 2369 3612 2664 3681; x_wconf 87' lang='lat' dir='ltr'><strong>apparénte</strong></span> <span class='ocrx_word' id='word_1_653' title='bbox 2707 3615 3060 3683; x_wconf 78' lang='lat' dir='ltr'><strong>illustremur,</strong></span> <span class='ocrx_word' id='word_1_654' title='bbox 3109 3628 3206 3683; x_wconf 91' lang='lat' dir='ltr'><strong>ut,</strong></span> <span class='ocrx_word' id='word_1_655' title='bbox 3260 3627 3312 3675; x_wconf 91' lang='lat' dir='ltr'><strong>te</strong></span> <span class='ocrx_word' id='word_1_656' title='bbox 3342 3619 3702 3691; x_wconf 72' lang='lat' dir='ltr'><strong>repugnante,</strong></span> <span class='ocrx_word' id='word_1_657' title='bbox 3757 3621 3791 3675; x_wconf 75' lang='lat' dir='ltr'><strong>a</strong></span> 
     </span>
    </p>
   </div>
   <div class='ocr_carea' id='block_1_96' title="bbox 2196 3702 3793 3776">
    <p class='ocr_par' dir='ltr' id='par_1_96' title="bbox 2196 3702 3793 3776">
     <span class='ocr_line' id='line_1_96' title="bbox 2196 3702 3793 3776; baseline 0.008 -23"><span class='ocrx_word' id='word_1_658' title='bbox 2196 3702 2389 3757; x_wconf 87' lang='lat' dir='ltr'><strong>mortis</strong></span> <span class='ocrx_word' id='word_1_659' title='bbox 2411 3704 2637 3774; x_wconf 89' lang='lat' dir='ltr'><strong>império</strong></span> <span class='ocrx_word' id='word_1_660' title='bbox 2662 3705 2970 3763; x_wconf 75' lang='lat' dir='ltr'><strong>liberemur.</strong></span> <span class='ocrx_word' id='word_1_661' title='bbox 3019 3708 3055 3776; x_wconf 62' lang='lat' dir='ltr'><strong>ti</strong></span> <span class='ocrx_word' id='word_1_662' title='bbox 3079 3746 3095 3763; x_wconf 91' lang='lat'><strong>.</strong></span> <span class='ocrx_word' id='word_1_663' title='bbox 3128 3711 3321 3766; x_wconf 85' lang='lat' dir='ltr'><strong>Amen.</strong></span> <span class='ocrx_word' id='word_1_664' title='bbox 3346 3711 3451 3767; x_wconf 87' lang='lat' dir='ltr'><strong>Per</strong></span> <span class='ocrx_word' id='word_1_665' title='bbox 3477 3711 3793 3767; x_wconf 84' lang='lat' dir='ltr'><strong>misericor-</strong></span> 
     </span>
    </p>
   </div>
   <div class='ocr_carea' id='block_1_97' title="bbox 2196 3782 2577 3849">
    <p class='ocr_par' dir='ltr' id='par_1_97' title="bbox 2196 3782 2577 3849">
     <span class='ocr_line' id='line_1_97' title="bbox 2196 3782 2577 3849; baseline 0.016 -4"><span class='ocrx_word' id='word_1_666' title='bbox 2196 3789 2337 3846; x_wconf 86' lang='lat' dir='ltr'><strong>diam</strong></span> <span class='ocrx_word' id='word_1_667' title='bbox 2371 3803 2537 3849; x_wconf 88' lang='lat' dir='ltr'><strong>tuam.</strong></span> <span class='ocrx_word' id='word_1_668' title='bbox 2574 3782 2577 3789; x_wconf 69' lang='grc'><em>’</em></span> 
     </span>
    </p>
   </div>
   <div class='ocr_carea' id='block_1_98' title="bbox 2284 3882 3791 3969">
    <p class='ocr_par' dir='ltr' id='par_1_98' title="bbox 2284 3882 3791 3969">
     <span class='ocr_line' id='line_1_98' title="bbox 2284 3882 3791 3969; baseline 0.008 -32"><span class='ocrx_word' id='word_1_669' title='bbox 2284 3882 2359 3951; x_wconf 63' lang='lat' dir='ltr'><strong>ti.</strong></span> <span class='ocrx_word' id='word_1_670' title='bbox 2387 3882 2574 3941; x_wconf 81' lang='lat' dir='ltr'><strong>Justus</strong></span> <span class='ocrx_word' id='word_1_671' title='bbox 2603 3901 2756 3952; x_wconf 85' lang='lat' dir='ltr'><strong>meus</strong></span> <span class='ocrx_word' id='word_1_672' title='bbox 2803 3888 2892 3944; x_wconf 85' lang='lat' dir='ltr'><strong>hic</strong></span> <span class='ocrx_word' id='word_1_673' title='bbox 2934 3899 3018 3946; x_wconf 86' lang='lat' dir='ltr'><strong>est</strong></span> <span class='ocrx_word' id='word_1_674' title='bbox 3045 3890 3290 3948; x_wconf 67' lang='lat' dir='ltr'><strong>Salvator</strong></span> <span class='ocrx_word' id='word_1_675' title='bbox 3336 3906 3507 3969; x_wconf 86' lang='lat' dir='ltr'><strong>meus.</strong></span> <span class='ocrx_word' id='word_1_676' title='bbox 3561 3891 3630 3948; x_wconf 86' lang='lat' dir='ltr'><strong>P.</strong></span> <span class='ocrx_word' id='word_1_677' title='bbox 3664 3892 3791 3967; x_wconf 84' lang='lat' dir='ltr'><strong>Ipse</strong></span> 
     </span>
    </p>
   </div>
   <div class='ocr_carea' id='block_1_99' title="bbox 2196 3973 3793 4057">
    <p class='ocr_par' dir='ltr' id='par_1_99' title="bbox 2196 3973 3793 4057">
     <span class='ocr_line' id='line_1_99' title="bbox 2196 3973 3793 4057; baseline 0.008 -28"><span class='ocrx_word' id='word_1_678' title='bbox 2196 3973 2447 4031; x_wconf 62' lang='lat' dir='ltr'><strong>liberévit</strong></span> <span class='ocrx_word' id='word_1_679' title='bbox 2466 3978 2738 4055; x_wconf 65' lang='lat' dir='ltr'><strong>civitittem</strong></span> <span class='ocrx_word' id='word_1_680' title='bbox 2765 3995 2915 4036; x_wconf 87' lang='lat' dir='ltr'><strong>suam</strong></span> <span class='ocrx_word' id='word_1_681' title='bbox 2942 3997 2958 4037; x_wconf 90' lang='lat'><strong>:</strong></span> <span class='ocrx_word' id='word_1_682' title='bbox 3009 3992 3063 4039; x_wconf 90' lang='lat' dir='ltr'><strong>et</strong></span> <span class='ocrx_word' id='word_1_683' title='bbox 3089 3985 3307 4055; x_wconf 72' lang='lat' dir='ltr'><strong>peectlta</strong></span> <span class='ocrx_word' id='word_1_684' title='bbox 3350 3985 3551 4057; x_wconf 88' lang='lat' dir='ltr'><strong>populo</strong></span> <span class='ocrx_word' id='word_1_685' title='bbox 3574 4000 3674 4041; x_wconf 91' lang='lat' dir='ltr'><strong>suo</strong></span> <span class='ocrx_word' id='word_1_686' title='bbox 3698 3986 3793 4041; x_wconf 86' lang='lat' dir='ltr'><strong>di-</strong></span> 
     </span>
    </p>
   </div>
   <div class='ocr_carea' id='block_1_100' title="bbox 2196 4061 3787 4155">
    <p class='ocr_par' dir='ltr' id='par_1_100' title="bbox 2196 4061 3787 4155">
     <span class='ocr_line' id='line_1_100' title="bbox 2196 4061 3787 4155; baseline 0.008 -34"><span class='ocrx_word' id='word_1_687' title='bbox 2196 4066 2392 4137; x_wconf 88' lang='lat' dir='ltr'><strong>mittet,</strong></span> <span class='ocrx_word' id='word_1_688' title='bbox 2428 4084 2534 4125; x_wconf 90' lang='lat' dir='ltr'><strong>non</strong></span> <span class='ocrx_word' id='word_1_689' title='bbox 2578 4061 2635 4125; x_wconf 88' lang='lat' dir='ltr'><strong>in</strong></span> <span class='ocrx_word' id='word_1_690' title='bbox 2680 4070 2876 4143; x_wconf 67' lang='lat' dir='ltr'><strong>pretio,</strong></span> <span class='ocrx_word' id='word_1_691' title='bbox 2916 4089 3018 4130; x_wconf 92' lang='lat' dir='ltr'><strong>nec</strong></span> <span class='ocrx_word' id='word_1_692' title='bbox 3046 4077 3098 4131; x_wconf 89' lang='lat' dir='ltr'><strong>in</strong></span> <span class='ocrx_word' id='word_1_693' title='bbox 3140 4087 3349 4150; x_wconf 59' lang='lat' dir='ltr'><strong>quaestu</strong></span> <span class='ocrx_word' id='word_1_694' title='bbox 3400 4079 3660 4155; x_wconf 64' lang='lat' dir='ltr'><strong>pecuniae.</strong></span> <span class='ocrx_word' id='word_1_695' title='bbox 3686 4108 3787 4133; x_wconf 91' lang='lat'><strong>—.</strong></span> 
     </span>
    </p>
   </div>
   <div class='ocr_carea' id='block_1_101' title="bbox 2196 4156 3787 4241">
    <p class='ocr_par' dir='ltr' id='par_1_101' title="bbox 2196 4156 3787 4241">
     <span class='ocr_line' id='line_1_101' title="bbox 2196 4156 3787 4241; baseline 0.008 -28"><span class='ocrx_word' id='word_1_696' title='bbox 2196 4156 2393 4215; x_wconf 74' lang='lat' dir='ltr'><strong>Levate</strong></span> <span class='ocrx_word' id='word_1_697' title='bbox 2416 4161 2468 4215; x_wconf 92' lang='lat' dir='ltr'><strong>in</strong></span> <span class='ocrx_word' id='word_1_698' title='bbox 2489 4162 2683 4217; x_wconf 77' lang='lat' dir='ltr'><strong>cmlum</strong></span> <span class='ocrx_word' id='word_1_699' title='bbox 2714 4161 2900 4220; x_wconf 86' lang='lat' dir='ltr'><strong>oculos</strong></span> <span class='ocrx_word' id='word_1_700' title='bbox 2929 4177 3154 4234; x_wconf 84' lang='lat' dir='ltr'><strong>vestros,</strong></span> <span class='ocrx_word' id='word_1_701' title='bbox 3186 4180 3240 4241; x_wconf 70' lang='lat' dir='ltr'><strong>et</strong></span> <span class='ocrx_word' id='word_1_702' title='bbox 3266 4169 3445 4224; x_wconf 78' lang='lat' dir='ltr'><strong>videte</strong></span> <span class='ocrx_word' id='word_1_703' title='bbox 3471 4171 3593 4239; x_wconf 86' lang='lat' dir='ltr'><strong>quis</strong></span> <span class='ocrx_word' id='word_1_704' title='bbox 3620 4172 3787 4225; x_wconf 64' lang='lat' dir='ltr'><strong>crea-</strong></span> 
     </span>
    </p>
   </div>
   <div class='ocr_carea' id='block_1_102' title="bbox 2195 4250 3783 4327">
    <p class='ocr_par' dir='ltr' id='par_1_102' title="bbox 2195 4250 3783 4327">
     <span class='ocr_line' id='line_1_102' title="bbox 2195 4250 3783 4327; baseline 0.008 -25"><span class='ocrx_word' id='word_1_705' title='bbox 2195 4253 2271 4303; x_wconf 88' lang='lat' dir='ltr'><strong>vit</strong></span> <span class='ocrx_word' id='word_1_706' title='bbox 2302 4250 2439 4306; x_wconf 76' lang='lat' dir='ltr'><strong>htec.</strong></span> <span class='ocrx_word' id='word_1_707' title='bbox 2471 4252 2728 4308; x_wconf 87' lang='lat' dir='ltr'><strong>Dominus</strong></span> <span class='ocrx_word' id='word_1_708' title='bbox 2750 4253 2911 4322; x_wconf 90' lang='lat' dir='ltr'><strong>Deus,</strong></span> <span class='ocrx_word' id='word_1_709' title='bbox 2942 4257 3031 4327; x_wconf 91' lang='lat' dir='ltr'><strong>qui</strong></span> <span class='ocrx_word' id='word_1_710' title='bbox 3060 4260 3267 4313; x_wconf 74' lang='lat' dir='ltr'><strong>creavit</strong></span> <span class='ocrx_word' id='word_1_711' title='bbox 3304 4259 3562 4314; x_wconf 78' lang='lat' dir='ltr'><strong>terminos</strong></span> <span class='ocrx_word' id='word_1_712' title='bbox 3596 4269 3783 4316; x_wconf 59' lang='lat' dir='ltr'><strong>terra}.</strong></span> 
     </span>
    </p>
   </div>
   <div class='ocr_carea' id='block_1_103' title="bbox 2202 4340 3793 4427">
    <p class='ocr_par' dir='ltr' id='par_1_103' title="bbox 2202 4340 3793 4427">
     <span class='ocr_line' id='line_1_103' title="bbox 2202 4340 3793 4427; baseline 0.01 -34"><span class='ocrx_word' id='word_1_713' title='bbox 2202 4340 2265 4394; x_wconf 88' lang='lat' dir='ltr'><strong>P.</strong></span> <span class='ocrx_word' id='word_1_714' title='bbox 2299 4342 2415 4412; x_wconf 90' lang='lat' dir='ltr'><strong>Ipse</strong></span> <span class='ocrx_word' id='word_1_715' title='bbox 2439 4342 2703 4425; x_wconf 75' lang='lat' dir='ltr'><strong>liberavit.</strong></span> <span class='ocrx_word' id='word_1_716' title='bbox 2750 4345 2785 4416; x_wconf 55' lang='grc' dir='ltr'><em>ᾗ</em></span> <span class='ocrx_word' id='word_1_717' title='bbox 2811 4384 2825 4400; x_wconf 94' lang='grc'><strong>.</strong></span> <span class='ocrx_word' id='word_1_718' title='bbox 2856 4347 3058 4417; x_wconf 84' lang='lat' dir='ltr'><strong>Gloria,</strong></span> <span class='ocrx_word' id='word_1_719' title='bbox 3107 4360 3162 4405; x_wconf 91' lang='lat' dir='ltr'><strong>et</strong></span> <span class='ocrx_word' id='word_1_720' title='bbox 3193 4350 3383 4416; x_wconf 88' lang='lat' dir='ltr'><strong>honor,</strong></span> <span class='ocrx_word' id='word_1_721' title='bbox 3415 4359 3526 4406; x_wconf 87' lang='lat' dir='ltr'><strong>etc.</strong></span> <span class='ocrx_word' id='word_1_722' title='bbox 3569 4348 3636 4427; x_wconf 85' lang='lat' dir='ltr'><strong><em>P.</em></strong></span> <span class='ocrx_word' id='word_1_723' title='bbox 3662 4350 3793 4422; x_wconf 84' lang='lat' dir='ltr'><strong>Ipse</strong></span> 
     </span>
    </p>
   </div>
   <div class='ocr_carea' id='block_1_104' title="bbox 2196 4418 3595 4488">
    <p class='ocr_par' dir='ltr' id='par_1_104' title="bbox 2196 4418 3595 4488">
     <span class='ocr_line' id='line_1_104' title="bbox 2196 4418 3595 4488; baseline 0.007 -1"><span class='ocrx_word' id='word_1_724' title='bbox 2196 4432 2464 4488; x_wconf 64' lang='lat' dir='ltr'><strong>liberavit.</strong></span> <span class='ocrx_word' id='word_1_725' title='bbox 2532 4418 2537 4425; x_wconf 41' lang='grc'><strong>’</strong></span> <span class='ocrx_word' id='word_1_726' title='bbox 3591 4431 3595 4435; x_wconf 36' lang='grc'>’</span> 
     </span>
    </p>
   </div>
   <div class='ocr_carea' id='block_1_105' title="bbox 2270 4523 3795 4615">
    <p class='ocr_par' dir='ltr' id='par_1_105' title="bbox 2270 4523 3795 4615">
     <span class='ocr_line' id='line_1_105' title="bbox 2270 4523 3795 4615; baseline 0.008 -38"><span class='ocrx_word' id='word_1_727' title='bbox 2270 4523 2469 4577; x_wconf 66' lang='lat' dir='ltr'><strong>Oratio.</strong></span> <span class='ocrx_word' id='word_1_728' title='bbox 2505 4523 2600 4579; x_wconf 83' lang='lat' dir='ltr'><strong>llic</strong></span> <span class='ocrx_word' id='word_1_729' title='bbox 2628 4534 2713 4580; x_wconf 86' lang='lat' dir='ltr'><strong>est</strong></span> <span class='ocrx_word' id='word_1_730' title='bbox 2733 4526 2909 4596; x_wconf 85' lang='lat' dir='ltr'><strong>justus</strong></span> <span class='ocrx_word' id='word_1_731' title='bbox 2938 4539 3155 4599; x_wconf 88' lang='lat' dir='ltr'><strong>noster,</strong></span> <span class='ocrx_word' id='word_1_732' title='bbox 3200 4531 3253 4586; x_wconf 90' lang='lat' dir='ltr'><strong>in</strong></span> <span class='ocrx_word' id='word_1_733' title='bbox 3279 4547 3387 4611; x_wconf 91' lang='lat' dir='ltr'><strong>quo</strong></span> <span class='ocrx_word' id='word_1_734' title='bbox 3431 4534 3795 4615; x_wconf 65' lang='lat' dir='ltr'><strong>sperabamus</strong></span> 
     </span>
    </p>
   </div>
   <div class='ocr_carea' id='block_1_106' title="bbox 2194 4615 3790 4696">
    <p class='ocr_par' dir='ltr' id='par_1_106' title="bbox 2194 4615 3790 4696">
     <span class='ocr_line' id='line_1_106' title="bbox 2194 4615 3790 4696; baseline 0.009 -27"><span class='ocrx_word' id='word_1_735' title='bbox 2194 4615 2319 4680; x_wconf 85' lang='lat' dir='ltr'><strong>Iide,</strong></span> <span class='ocrx_word' id='word_1_736' title='bbox 2349 4616 2676 4685; x_wconf 63' lang='lat' dir='ltr'><strong>praecinente</strong></span> <span class='ocrx_word' id='word_1_737' title='bbox 2704 4620 2991 4692; x_wconf 61' lang='lat' dir='ltr'><strong>Propheta,</strong></span> <span class='ocrx_word' id='word_1_738' title='bbox 3036 4632 3092 4679; x_wconf 88' lang='lat' dir='ltr'><strong>et</strong></span> <span class='ocrx_word' id='word_1_739' title='bbox 3115 4624 3183 4681; x_wconf 88' lang='lat' dir='ltr'><strong>ad</strong></span> <span class='ocrx_word' id='word_1_740' title='bbox 3219 4640 3378 4695; x_wconf 90' lang='lat' dir='ltr'><strong>quem</strong></span> <span class='ocrx_word' id='word_1_741' title='bbox 3428 4627 3790 4696; x_wconf 76' lang='lat' dir='ltr'><strong>pervenimus</strong></span> 
     </span>
    </p>
   </div>
   <div class='ocr_carea' id='block_1_107' title="bbox 2191 4700 3793 4789">
    <p class='ocr_par' dir='ltr' id='par_1_107' title="bbox 2191 4700 3793 4789">
     <span class='ocr_line' id='line_1_107' title="bbox 2191 4700 3793 4789; baseline 0.012 -32"><span class='ocrx_word' id='word_1_742' title='bbox 2191 4706 2534 4776; x_wconf 70' lang='lat' dir='ltr'><strong>apparentem</strong></span> <span class='ocrx_word' id='word_1_743' title='bbox 2564 4725 2661 4780; x_wconf 91' lang='lat' dir='ltr'><strong>per</strong></span> <span class='ocrx_word' id='word_1_744' title='bbox 2682 4712 2909 4782; x_wconf 74' lang='lat' dir='ltr'><strong>gratiam</strong></span> <span class='ocrx_word' id='word_1_745' title='bbox 2937 4700 2959 4767; x_wconf 4' lang='lat' dir='ltr'><strong>:i</strong></span> <span class='ocrx_word' id='word_1_746' title='bbox 2984 4716 3209 4786; x_wconf 80' lang='lat' dir='ltr'><strong>proinde</strong></span> <span class='ocrx_word' id='word_1_747' title='bbox 3230 4721 3514 4789; x_wconf 72' lang='lat' dir='ltr'><strong>poscamus</strong></span> <span class='ocrx_word' id='word_1_748' title='bbox 3538 4719 3793 4775; x_wconf 76' lang='lat' dir='ltr'><strong>clemen-</strong></span> 
     </span>
    </p>
   </div>
   <div class='ocr_carea' id='block_1_108' title="bbox 2194 4792 3785 4881">
    <p class='ocr_par' dir='ltr' id='par_1_108' title="bbox 2194 4792 3785 4881">
     <span class='ocr_line' id='line_1_108' title="bbox 2194 4792 3785 4881; baseline 0.008 -29"><span class='ocrx_word' id='word_1_749' title='bbox 2194 4799 2318 4852; x_wconf 88' lang='lat' dir='ltr'><strong>tiam</strong></span> <span class='ocrx_word' id='word_1_750' title='bbox 2359 4800 2498 4870; x_wconf 89' lang='lat' dir='ltr'><strong>ejus,</strong></span> <span class='ocrx_word' id='word_1_751' title='bbox 2528 4811 2587 4857; x_wconf 89' lang='lat' dir='ltr'><strong>ut</strong></span> <span class='ocrx_word' id='word_1_752' title='bbox 2612 4803 2805 4860; x_wconf 88' lang='lat' dir='ltr'><strong>liberet</strong></span> <span class='ocrx_word' id='word_1_753' title='bbox 2833 4792 2960 4871; x_wconf 79' lang='lat' dir='ltr'><strong>nos,</strong></span> <span class='ocrx_word' id='word_1_754' title='bbox 2997 4819 3051 4862; x_wconf 90' lang='lat' dir='ltr'><strong>et</strong></span> <span class='ocrx_word' id='word_1_755' title='bbox 3081 4813 3298 4878; x_wconf 70' lang='lat' dir='ltr'><strong>peccata</strong></span> <span class='ocrx_word' id='word_1_756' title='bbox 3330 4810 3531 4881; x_wconf 87' lang='lat' dir='ltr'><strong>populo</strong></span> <span class='ocrx_word' id='word_1_757' title='bbox 3557 4797 3657 4867; x_wconf 85' lang='lat' dir='ltr'><strong>suo</strong></span> <span class='ocrx_word' id='word_1_758' title='bbox 3683 4810 3785 4866; x_wconf 88' lang='lat' dir='ltr'><strong>di-</strong></span> 
     </span>
    </p>
   </div>
   <div class='ocr_carea' id='block_1_109' title="bbox 2192 4891 3789 4972">
    <p class='ocr_par' dir='ltr' id='par_1_109' title="bbox 2192 4891 3789 4972">
     <span class='ocr_line' id='line_1_109' title="bbox 2192 4891 3789 4972; baseline 0.011 -27"><span class='ocrx_word' id='word_1_759' title='bbox 2192 4891 2388 4959; x_wconf 89' lang='lat' dir='ltr'><strong>mittat,</strong></span> <span class='ocrx_word' id='word_1_760' title='bbox 2436 4894 2526 4961; x_wconf 89' lang='lat' dir='ltr'><strong>qui</strong></span> <span class='ocrx_word' id='word_1_761' title='bbox 2574 4896 2731 4951; x_wconf 91' lang='lat' dir='ltr'><strong>nobis</strong></span> <span class='ocrx_word' id='word_1_762' title='bbox 2778 4899 3012 4968; x_wconf 86' lang='lat' dir='ltr'><strong>impéndi</strong></span> <span class='ocrx_word' id='word_1_763' title='bbox 3050 4902 3302 4972; x_wconf 63' lang='lat' dir='ltr'><strong>dignhtus</strong></span> <span class='ocrx_word' id='word_1_764' title='bbox 3345 4914 3431 4961; x_wconf 85' lang='lat' dir='ltr'><strong>est</strong></span> <span class='ocrx_word' id='word_1_765' title='bbox 3480 4891 3644 4961; x_wconf 87' lang='lat' dir='ltr'><strong>totus.</strong></span> <span class='ocrx_word' id='word_1_766' title='bbox 3696 4903 3739 4972; x_wconf 72' lang='lat' dir='ltr'><strong>Ii</strong></span> <span class='ocrx_word' id='word_1_767' title='bbox 3769 4944 3789 4962; x_wconf 90' lang='lat'><strong>.</strong></span> 
     </span>
    </p>
   </div>
   <div class='ocr_carea' id='block_1_110' title="bbox 2192 4980 3221 5053">
    <p class='ocr_par' dir='ltr' id='par_1_110' title="bbox 2192 4980 3221 5053">
     <span class='ocr_line' id='line_1_110' title="bbox 2192 4980 3221 5053; baseline 0.012 -12"><span class='ocrx_word' id='word_1_768' title='bbox 2192 4987 2390 5044; x_wconf 79' lang='lat' dir='ltr'><strong>Amen.</strong></span> <span class='ocrx_word' id='word_1_769' title='bbox 2417 4986 2521 5045; x_wconf 89' lang='lat' dir='ltr'><strong>Per</strong></span> <span class='ocrx_word' id='word_1_770' title='bbox 2552 4990 2980 5050; x_wconf 84' lang='lat' dir='ltr'><strong>misericordiam</strong></span> <span class='ocrx_word' id='word_1_771' title='bbox 3005 5006 3175 5053; x_wconf 88' lang='lat' dir='ltr'><strong>tuam.</strong></span> <span class='ocrx_word' id='word_1_772' title='bbox 3218 4980 3221 4983; x_wconf 40' lang='grc'>’</span> 
     </span>
    </p>
   </div>
   <div class='ocr_carea' id='block_1_111' title="bbox 2790 5105 3185 5166">
    <p class='ocr_par' dir='ltr' id='par_1_111' title="bbox 2790 5105 3185 5166">
     <span class='ocr_line' id='line_1_111' title="bbox 2790 5105 3185 5166; baseline 0.015 -6"><span class='ocrx_word' id='word_1_773' title='bbox 2790 5105 2857 5161; x_wconf 82' lang='lat' dir='ltr'><strong>In</strong></span> <span class='ocrx_word' id='word_1_774' title='bbox 2897 5107 3185 5166; x_wconf 79' lang='lat' dir='ltr'><strong>Laudibus.</strong></span> 
     </span>
    </p>
   </div>
   <div class='ocr_carea' id='block_1_112' title="bbox 2264 5195 3795 5277">
    <p class='ocr_par' dir='ltr' id='par_1_112' title="bbox 2264 5195 3795 5277">
     <span class='ocr_line' id='line_1_112' title="bbox 2264 5195 3795 5277; baseline 0.009 -28"><span class='ocrx_word' id='word_1_775' title='bbox 2264 5195 2345 5249; x_wconf 79' lang='lat' dir='ltr'><strong>Ad</strong></span> <span class='ocrx_word' id='word_1_776' title='bbox 2372 5195 2661 5257; x_wconf 74' lang='lat' dir='ltr'><strong>Cdnticum.</strong></span> <span class='ocrx_word' id='word_1_777' title='bbox 2690 5200 3007 5272; x_wconf 72' lang='lat' dir='ltr'><strong>Antiphone.</strong></span> <span class='ocrx_word' id='word_1_778' title='bbox 3038 5202 3206 5261; x_wconf 80' lang='lat' dir='ltr'><strong>Filius</strong></span> <span class='ocrx_word' id='word_1_779' title='bbox 3231 5206 3568 5277; x_wconf 76' lang='lat' dir='ltr'><strong>accrescens,</strong></span> <span class='ocrx_word' id='word_1_780' title='bbox 3598 5218 3650 5265; x_wconf 90' lang='lat' dir='ltr'><strong>et</strong></span> <span class='ocrx_word' id='word_1_781' title='bbox 3678 5208 3795 5267; x_wconf 70' lang='lat' dir='ltr'><strong>de—</strong></span> 
     </span>
    </p>
   </div>
   <div class='ocr_carea' id='block_1_113' title="bbox 2194 5284 3799 5373">
    <p class='ocr_par' dir='ltr' id='par_1_113' title="bbox 2194 5284 3799 5373">
     <span class='ocr_line' id='line_1_113' title="bbox 2194 5284 3799 5373; baseline 0.01 -30"><span class='ocrx_word' id='word_1_782' title='bbox 2194 5284 2353 5343; x_wconf 83' lang='lat' dir='ltr'><strong>corus</strong></span> <span class='ocrx_word' id='word_1_783' title='bbox 2383 5288 2601 5360; x_wconf 80' lang='lat' dir='ltr'><strong>aspectu</strong></span> <span class='ocrx_word' id='word_1_784' title='bbox 2628 5308 2640 5343; x_wconf 87' lang='lat'><strong>:</strong></span> <span class='ocrx_word' id='word_1_785' title='bbox 2675 5292 2789 5363; x_wconf 89' lang='lat' dir='ltr'><strong>ipse</strong></span> <span class='ocrx_word' id='word_1_786' title='bbox 2815 5304 2930 5363; x_wconf 90' lang='lat' dir='ltr'><strong>est,</strong></span> <span class='ocrx_word' id='word_1_787' title='bbox 2975 5304 3031 5352; x_wconf 90' lang='lat' dir='ltr'><strong>et</strong></span> <span class='ocrx_word' id='word_1_788' title='bbox 3058 5296 3193 5353; x_wconf 89' lang='lat' dir='ltr'><strong>dans</strong></span> <span class='ocrx_word' id='word_1_789' title='bbox 3233 5298 3449 5371; x_wconf 87' lang='lat' dir='ltr'><strong>eloquia</strong></span> <span class='ocrx_word' id='word_1_790' title='bbox 3479 5302 3799 5373; x_wconf 65' lang='lat' dir='ltr'><strong>pulchritu-</strong></span> 
     </span>
    </p>
   </div>
   <div class='ocr_carea' id='block_1_114' title="bbox 2194 5378 2356 5433">
    <p class='ocr_par' dir='ltr' id='par_1_114' title="bbox 2194 5378 2356 5433">
     <span class='ocr_line' id='line_1_114' title="bbox 2194 5378 2356 5433; baseline -0.006 0"><span class='ocrx_word' id='word_1_791' title='bbox 2194 5378 2356 5433; x_wconf 84' lang='lat' dir='ltr'><strong>diuis.</strong></span> 
     </span>
    </p>
   </div>
   <div class='ocr_carea' id='block_1_115' title="bbox 2267 5470 3600 5555">
    <p class='ocr_par' dir='ltr' id='par_1_115' title="bbox 2267 5470 3600 5555">
     <span class='ocr_line' id='line_1_115' title="bbox 2267 5470 3600 5555; baseline 0.012 -30"><span class='ocrx_word' id='word_1_792' title='bbox 2267 5470 2559 5529; x_wconf 66' lang='lat' dir='ltr'><strong>canticum.</strong></span> <span class='ocrx_word' id='word_1_793' title='bbox 2592 5473 2820 5533; x_wconf 72' lang='lat' dir='ltr'><strong>Vocavit</strong></span> <span class='ocrx_word' id='word_1_794' title='bbox 2851 5478 3017 5535; x_wconf 71' lang='lat' dir='ltr'><strong>Iacob</strong></span> <span class='ocrx_word' id='word_1_795' title='bbox 3041 5481 3179 5538; x_wconf 85' lang='lat' dir='ltr'><strong>Iilios</strong></span> <span class='ocrx_word' id='word_1_796' title='bbox 3206 5497 3354 5539; x_wconf 91' lang='lat' dir='ltr'><strong>suos.</strong></span> <span class='ocrx_word' id='word_1_797' title='bbox 3385 5485 3483 5555; x_wconf 82' lang='grc' dir='ltr'><strong>[οι.</strong></span> 
     </span>
    </p>
   </div>
   <div class='ocr_carea' id='block_1_116' title="bbox 2265 5562 3801 5651">
    <p class='ocr_par' dir='ltr' id='par_1_116' title="bbox 2265 5562 3801 5651">
     <span class='ocr_line' id='line_1_116' title="bbox 2265 5562 3801 5651; baseline 0.014 -37"><span class='ocrx_word' id='word_1_798' title='bbox 2265 5562 2346 5615; x_wconf 81' lang='lat' dir='ltr'><strong>Ad</strong></span> <span class='ocrx_word' id='word_1_799' title='bbox 2381 5562 2708 5630; x_wconf 73' lang='lat' dir='ltr'><strong>Benedictus.</strong></span> <span class='ocrx_word' id='word_1_800' title='bbox 2736 5569 3058 5645; x_wconf 69' lang='lat' dir='ltr'><strong>Antiphone.</strong></span> <span class='ocrx_word' id='word_1_801' title='bbox 3082 5573 3403 5633; x_wconf 85' lang='lat' dir='ltr'><strong>Benedictus</strong></span> <span class='ocrx_word' id='word_1_802' title='bbox 3425 5593 3504 5645; x_wconf 89' lang='lat' dir='ltr'><strong>es,</strong></span> <span class='ocrx_word' id='word_1_803' title='bbox 3532 5578 3801 5651; x_wconf 83' lang='lat' dir='ltr'><strong>Domine,</strong></span> 
     </span>
    </p>
   </div>
   <div class='ocr_carea' id='block_1_117' title="bbox 2194 5656 3804 5739">
    <p class='ocr_par' dir='ltr' id='par_1_117' title="bbox 2194 5656 3804 5739">
     <span class='ocr_line' id='line_1_117' title="bbox 2194 5656 3804 5739; baseline 0.011 -28"><span class='ocrx_word' id='word_1_804' title='bbox 2194 5662 2251 5711; x_wconf 91' lang='lat' dir='ltr'><strong>et</strong></span> <span class='ocrx_word' id='word_1_805' title='bbox 2277 5656 2615 5715; x_wconf 88' lang='lat' dir='ltr'><strong>benedictum</strong></span> <span class='ocrx_word' id='word_1_806' title='bbox 2647 5676 2842 5718; x_wconf 89' lang='lat' dir='ltr'><strong>nomen</strong></span> <span class='ocrx_word' id='word_1_807' title='bbox 2873 5663 3057 5739; x_wconf 67' lang='lat' dir='ltr'><strong>gloriae</strong></span> <span class='ocrx_word' id='word_1_808' title='bbox 3086 5674 3213 5723; x_wconf 60' lang='lat' dir='ltr'><strong>tuae.</strong></span> <span class='ocrx_word' id='word_1_809' title='bbox 3247 5668 3313 5723; x_wconf 89' lang='grc' dir='ltr'><strong>Ρ.</strong></span> <span class='ocrx_word' id='word_1_810' title='bbox 3342 5669 3651 5728; x_wconf 88' lang='lat' dir='ltr'><strong>Benedicite</strong></span> <span class='ocrx_word' id='word_1_811' title='bbox 3675 5671 3804 5729; x_wconf 67' lang='lat' dir='ltr'><strong>os.</strong></span> 
     </span>
    </p>
   </div>
   <div class='ocr_carea' id='block_1_118' title="bbox 2194 5750 3802 5838">
    <p class='ocr_par' dir='ltr' id='par_1_118' title="bbox 2194 5750 3802 5838">
     <span class='ocr_line' id='line_1_118' title="bbox 2194 5750 3802 5838; baseline 0.011 -31"><span class='ocrx_word' id='word_1_812' title='bbox 2194 5750 2397 5807; x_wconf 92' lang='lat' dir='ltr'><strong>minum</strong></span> <span class='ocrx_word' id='word_1_813' title='bbox 2426 5766 2611 5809; x_wconf 89' lang='lat' dir='ltr'><strong>omnes</strong></span> <span class='ocrx_word' id='word_1_814' title='bbox 2640 5755 2794 5812; x_wconf 87' lang='lat' dir='ltr'><strong>clécti</strong></span> <span class='ocrx_word' id='word_1_815' title='bbox 2823 5759 2980 5829; x_wconf 88' lang='lat' dir='ltr'><strong>ejus:</strong></span> <span class='ocrx_word' id='word_1_816' title='bbox 3013 5763 3084 5816; x_wconf 91' lang='lat' dir='ltr'><strong>sit</strong></span> <span class='ocrx_word' id='word_1_817' title='bbox 3118 5778 3313 5820; x_wconf 89' lang='lat' dir='ltr'><strong>nomen</strong></span> <span class='ocrx_word' id='word_1_818' title='bbox 3340 5776 3584 5824; x_wconf 85' lang='lat' dir='ltr'><strong>sanctum</strong></span> <span class='ocrx_word' id='word_1_819' title='bbox 3617 5767 3802 5838; x_wconf 77' lang='lat' dir='ltr'><strong>ipsius</strong></span> 
     </span>
    </p>
   </div>
   <div class='ocr_carea' id='block_1_119' title="bbox 2196 5840 3422 5911">
    <p class='ocr_par' dir='ltr' id='par_1_119' title="bbox 2196 5840 3422 5911">
     <span class='ocr_line' id='line_1_119' title="bbox 2196 5840 3422 5911; baseline 0.011 -13"><span class='ocrx_word' id='word_1_820' title='bbox 2196 5840 2537 5904; x_wconf 82' lang='lat' dir='ltr'><strong>benedictum</strong></span> <span class='ocrx_word' id='word_1_821' title='bbox 2567 5844 2622 5901; x_wconf 91' lang='lat' dir='ltr'><strong>in</strong></span> <span class='ocrx_word' id='word_1_822' title='bbox 2645 5849 2824 5909; x_wconf 81' lang='lat' dir='ltr'><strong>omnia</strong></span> <span class='ocrx_word' id='word_1_823' title='bbox 2851 5852 3049 5908; x_wconf 74' lang='lat' dir='ltr'><strong>Saecula</strong></span> <span class='ocrx_word' id='word_1_824' title='bbox 3080 5854 3422 5911; x_wconf 74' lang='lat' dir='ltr'><strong>Stccultirum.</strong></span> 
     </span>
    </p>
   </div>
  </div>
