4044 6382
217 361 315 419 ηε)

282 470 573 528 canticum.
594 464 915 525 Benedictus
939 477 1020 531 es,
1065 463 1313 519 Domine.
1346 464 1439 533 fol.
1471 463 1525 519 6.

282 563 448 620 Sana.
480 557 698 617 Intende
729 555 971 622 Dauniae,
998 553 1246 624 procede.
1278 553 1370 622 fol.
1396 554 1487 606 63.

283 649 489 707 Lauda.
521 648 756 709 Laudato
780 646 1058 701 Daminum
1090 644 1155 698 dc
1175 644 1329 699 caelis
1358 658 1373 695 :
1424 642 1637 696 laudate
1664 655 1786 697 eum

213 742 267 798 in
289 741 536 797 excelsis.
568 738 809 793 Psalmus
835 751 1052 799 CXLVIII.

302 832 477 887 Lectio
503 831 619 884 libri
649 828 1036 887 Proverbi‘orttm
1064 823 1357 881 Salaminis
1388 820 1541 893 (Cap.
1572 820 1713 891 vm).

300 928 340 995 ἢ
361 966 379 983 .
408 926 517 980 Deo
541 922 759 993 gratias.

288 1017 544 1073 Dominus
598 1012 847 1083 possedit
874 1024 961 1064 mc
1004 1008 1060 1065 in
1109 1006 1259 1062 initio
1302 1007 1505 1061 viarum
1548 1004 1784 1071 suarum,

212 1110 501 1178 antequam
539 1106 822 1176 quicquam
852 1101 1053 1157 iaceret
1072 1099 1101 1154 ξι
1126 1098 1408 1170 principio.
1442 1096 1642 1153 Unctus
1669 1111 1788 1151 sum

211 1202 244 1257 ὲ
276 1202 497 1267 saeculo,
541 1195 825 1267 antequam
865 1206 1057 1249 terram
1082 1193 1301 1248 iaceret.
1353 1192 1462 1246 Nec
1484 1190 1608 1250 dum
1638 1199 1791 1244 erant

210 1292 417 1363 abyssi,
448 1301 501 1347 et
525 1304 627 1362 ego
649 1288 762 1360 jam
789 1285 1082 1356 conceptus
1128 1300 1313 1340 eram:
1357 1282 1583 1338 necdum
1618 1281 1789 1336 fontes

209 1384 475 1455 aquarum
522 1382 857 1451 ert'tperant:
914 1378 1140 1435 necdum
1191 1386 1401 1432 montes
1448 1376 1598 1445 gravi
1648 1375 1791 1429 mole

209 1473 603 1529 constiterant:
645 1469 929 1541 antequam
959 1470 1127 1526 colles
1152 1483 1249 1539 ego
1278 1468 1611 1539 parturiébar
1636 1483 1651 1520 :
1696 1467 1792 1521 ad-

208 1564 319 1621 huc
346 1574 543 1621 terram
574 1578 681 1619 non
712 1562 933 1627 iecerat,
974 1572 1028 1617 et
1055 1561 1294 1622 ﬂumina.
1325 1571 1380 1615 et
1405 1558 1655 1613 cardines
1702 1574 1789 1612 ur-

209 1654 305 1710 bis
365 1665 543 1711 terra.
609 1653 830 1721 Quando
884 1651 1216 1722 prmparabat
1274 1650 1469 1715 caelos,
1529 1648 1786 1705 aderam:

208 1746 430 1816 quando
459 1746 605 1803 certa
629 1745 767 1816 lege,
791 1752 846 1799 et
871 1758 1002 1814 gyro
1029 1742 1260 1796 vallabat
1279 1741 1541 1812 abyssos:
1575 1737 1791 1808 quando

1125 354 1188 410 IN
1228 353 1441 411 PRIMO
1481 353 1595 410 DIE
1632 350 2046 409 JEJUNIORUM
2091 349 2246 406 KAL.
2277 348 2544 407 JANUAB

1805 471 1861 527 Δ

3357 344 3465 407 I60

2024 462 2140 520 Una
2165 478 2284 518 cum
2310 472 2495 519 sancto
2519 463 2718 532 Spiritu

2029 555 2084 610 in
2115 555 2435 624 sempiterna
2461 554 2677 609 saecula.

2098 648 2290 702 Amen.

1956 737 2065 807 68
2093 735 2353 806 Capitula.
2386 737 2527 791 Deus
2549 737 2665 792 sine
2687 734 2858 791 initio.
2894 735 2959 790 Et
2985 735 3188 789 Lauda.
3213 734 3462 791 Alleluia.

1888 832 2177 887 Laetabitur
2218 832 2451 887 deserta.
2501 830 2565 884 Et
2616 830 2932 884 Benedictio.
2982 829 3238 885 Dominus
3284 838 3467 884 noster

1888 922 2042 978 Jesus
2069 923 2333 977 Christus.
2381 922 2475 993 fol.
2529 919 2618 976 66-.
2674 920 2733 977 ln
2774 920 2992 977 nomine
3037 920 3247 977 Damini
3297 920 3469 976 nostri

1888 1013 2013 1069 Jesu
2041 1014 2256 1070 Christi.

1890 1129 2131 1185 INCIPIT
2178 1127 2965 1254 OFFICIUMJiEJIPSrI‘ﬁRUM
3016 1126 3080 1181 IN
3128 1123 3470 1181 KALENDIS

1969 1293 2278 1348 Obset'vdtur
2318 1293 2476 1346 tribus
2524 1292 2703 1346 ditibus
2745 1301 2863 1346 ante
2905 1292 3088 1362 festum
3135 1286 3464 1361 Epiphania,

1892 1399 2045 1460 prout
2076 1387 2324 1459 sequitur.

2528 1492 2687 1531 PBIIO
2724 1492 2831 1537 θιι.

1963 1570 2043 1623 Ad
2067 1568 2401 1622 Matutinum.
2428 1567 2738 1637 Antiphona.
2761 1566 2839 1622 Tu
2864 1576 3061 1631 autem,
3086 1562 3338 1628 υόιιιὶιιειι
3351 1575 3471 1616 sus-

1891 1662 2080 1729 ctiptnr.
2108 1675 2279 1724 incus,
2313 1669 2368 1715 et
2388 1658 2554 1729 gldria
2575 1673 2713 1724 mea,
2745 1667 2798 1712 et
2819 1656 3059 1713 exaltans
3081 1664 3238 1725 caput
3264 1667 3464 1707 meum.

1896 1750 2137 1813 Bsolmus
2166 1768 2241 1813 tu.

204 1838 414 1893 aethera
444 1837 691 1896 ﬁrmabat
720 1835 955 1900 sursum,
978 1845 1029 1889 et
1056 1832 1472 1891 librabat-fontes
1492 1831 1786 1899 aquarum:
1822 1841 1870 1901 Β
1973 1845 2172 1899 unum,
2202 1844 2474 1911 Quamvis,
2519 1841 3025 1909 Daminemmﬁma
3068 1835 3471 1908 ωειεεηίιηιίυηι

202 1932 429 2002 quando
458 1930 822 1989 circdmdabat
849 1928 983 1984 mari
1024 1928 1304 1992 terminos,
1344 1935 1400 1981 et
1428 1928 1596 1995 legem
1629 1925 1792 1995 pune-

208 2022 308 2079 bat
328 2023 504 2093 aquis,
553 2036 621 2077 ne
649 2018 941 2079 transirent
969 2018 1102 2071 lines
1131 2032 1259 2071 suos
1286 2035 1298 2070 :
1347 2015 1559 2093 quando
1596 2030 1797 2083 appen-

206 2114 376 2170 débat
406 2113 752 2169 fundamenti
786 2123 963 2165 terrm.
994 2110 1125 2165 Cum
1157 2123 1222 2165 eo
1250 2122 1396 2165 eram
1425 2116 1615 2162 cuncta
1650 2121 1799 2161 cum-

205 2204 426 2275 ponens
450 2219 465 2262 :
494 2212 553 2259 et
579 2201 886 2261 delectabar
913 2214 1006 2270 per
1041 2199 1280 2270 singulos
1304 2198 1442 2263 dies,
1493 2197 1680 2253 ludens
1706 2211 1801 2252 co-

204 2310 328 2350 ram
355 2311 421 2350 eo
453 2296 509 2349 in
550 2295 738 2349 orbem
781 2293 1084 2348 terrarum:
1140 2302 1194 2345 et
1222 2291 1419 2345 delitsm
1468 2305 1600 2343 mea:
1643 2295 1799 2344 erant

205 2403 335 2444 cum
359 2387 484 2441 liliis
507 2388 807 2441 hominum.
836 2385 989 2440 Nunc
1006 2399 1134 2454 ergo
1159 2384 1253 2438 lilii
1279 2384 1461 2438 audite
1482 2398 1594 2437 me:
1627 2381 1795 2449 Beati,

208 2482 302 2553 qui
357 2479 670 2537 custédinnt
715 2479 826 2533 vias
871 2492 1038 2531 meas.
1086 2476 1282 2533 Audite
1322 2476 1693 2543 disciplinam,
1742 2481 1798 2529 et

210 2571 389 2628 estate
413 2568 712 2640 sapientes,
739 2579 795 2625 et
815 2568 980 2629 nolite
1006 2567 1243 2637 abicere
1269 2581 1408 2623 eam.
1458 2565 1497 2635 ti
1516 2605 1530 2620 .
1564 2568 1757 2623 Anien.

875 2658 1131 2729 Hymnus.

428 2750 694 2821 Splendor
720 2751 962 2809 Paterna:
991 2750 1174 2820 gluria'.

358 2842 436 2898 De
466 2844 605 2907 luce,
639 2843 811 2903 lucem
834 2841 1143 2913 praferens,

361 2933 475 2988 Lux
502 2934 671 3002 lucis,
689 2943 746 2989 et
770 2935 890 2989 fons
915 2933 1137 2989 luminis.

362 3026 486 3082 Dies
508 3027 652 3081 diem
682 3027 1015 3090 illuminans.

432 3119 710 3189 Vertisque
739 3117 820 3174 sol
850 3116 1108 3187 inlabere,

360 3212 564 3271 llicans
594 3212 769 3267 nitere
801 3209 1000 3280 perpeti
1034 3229 1047 3265 :

361 3306 631 3376 Jubarque
654 3306 838 3362 Sancti
862 3304 1093 3374 Spiritus

368 3396 586 3455 lniimde
611 3396 813 3450 nostris
842 3394 1110 3449 sensibus.

443 3488 583 3544 Votis
610 3488 863 3543 vocemus
892 3496 947 3542 ct
976 3487 1208 3553 Patrem,

375 3579 575 3640 Patrem
606 3580 863 3652 perénnis
890 3580 1077 3650 glaria:
1104 3597 1121 3634 :

369 3670 526 3728 Pater
554 3673 788 3742 potentis
813 3670 998 3742 gratia:

367 3764 582 3833 Culpam
615 3766 814 3836 releget
841 3766 1121 3819 lubricam.

440 3855 695 3912 lnl‘drmet
721 3866 873 3911 actus
900 3856 1170 3923 strenuos,

364 3947 581 4005 Dentcm
614 3949 864 4005 retundat
890 3949 1077 4017 invidi,

364 4042 531 4098 Casus
557 4044 815 4099 secundet
838 4042 1083 4111 asperos,

364 4131 538 4189 Donet
562 4131 783 4203 gerendi
812 4132 1061 4204 gratiam.

435 4226 668 4282 Mentem
695 4225 957 4297 gubernet
984 4236 1038 4282 et
1060 4234 1228 4297 regit,

360 4321 543 4387 Casto,
575 4318 717 4375 lidéli
746 4318 972 4387 corpore
996 4337 1009 4373 :

374 4413 537 4469 Fides
566 4415 750 4469 calore
783 4411 1008 4477 ferveat,

361 4504 593 4561 Fraudis
627 4506 827 4560 venéna
853 4504 1091 4559 nésciat:

430 4594 785 4662 Christasque
816 4593 968 4647 nobis
996 4594 1067 4647 sit
1094 4591 1266 4660 cibus,

360 4686 635 4754 Potusqne
663 4696 848 4741 noster
877 4685 949 4739 sit
978 4684 1108 4739 iides
1135 4702 1150 4737 ;

361 4778 497 4833 Laeti
523 4777 770 4832 bibamus
796 4777 1035 4832 sobriam

364 4870 696 4926 Ebrietdtem
722 4870 964 4940 spiritus.

434 4965 611 5021 Latus
637 4962 756 5019 dies
782 4964 869 5019 hic
898 4963 1138 5031 transeat
1162 5005 1175 5021 .

358 5057 547 5112 Pudor
566 5057 657 5127 sit,
691 5065 748 5119 nt
770 5057 1062 5129 dilaculum
1090 5075 1105 5125 ;

363 5148 548 5215 Fides,
578 5148 724 5213 velut
749 5148 1005 5211 meridies
1029 5166 1041 5202 :

362 5244 753 5315 Crepusculum
781 5258 934 5300 mens
962 5243 1187 5299 nésciat.

440 5336 653 5397 Aurdra
680 5349 867 5391 cursus
894 5334 1165 5405 provehit,

365 5426 584 5485 Aurora
607 5437 749 5484 totus
781 5428 1016 5499 fulgeat:

363 5521 429 5577 in
456 5518 618 5577 Patre
647 5528 791 5577 totus
822 5520 984 5587 ﬁlius,

364 5612 444 5669 Et
475 5620 617 5668 totus
639 5613 691 5667 in
723 5612 901 5667 Verbo
928 5612 1107 5667 Pater.

453 5699 635 5766 Gldria
666 5703 807 5758 Patri
838 5704 1095 5774 ingenito,

363 5792 558 5855 Gloria
588 5793 884 5867 Unigénito,

1894 1935 2179 1999 multitudo
2223 1935 2452 2005 abneget
2497 1936 2723 1990 saldtetn
2758 1943 2993 1987 nostram
3036 1944 3158 1985 esse
3187 1930 3237 1981 in
3269 1937 3321 1982 te
3354 1927 3463 1981 Da-

1897 2026 2043 2079 mino
2070 2025 2179 2078 Deo
2202 2032 2422 2088 nostro;
2472 2024 2626 2082 nobis
2675 2035 2849 2077 tamen
2897 2023 2967 2075 ob
3009 2024 3109 2074 hoc
3148 2018 3301 2073 robur
3348 2020 3461 2085 spei

1898 2118 2124 2170 multum
2159 2116 2401 2186 augetur,
2433 2117 2553 2184 quia
2600 2127 2656 2172 tu
2688 2115 2968 2183 susceptor
2998 2124 3178 2168 noster
3226 2126 3345 2167 esse
3391 2111 3475 2166 di-

1899 2210 2092 2279 gnatus
2116 2224 2174 2263 es
2200 2226 2212 2261 :
2262 2209 2570 2263 obstruatur
2600 2208 2780 2277 itaque
2809 2223 2870 2262 os
2902 2206 3234 2277 loquentium
3268 2206 3472 2273 iniqua,

1898 2316 2018 2356 eum
2050 2300 2330 2369 sperantes
2360 2301 2413 2355 in
2444 2310 2494 2354 te
2518 2299 2885 2354 tttisericOrdia
2908 2296 3207 2353 circumdat
3233 2295 3469 2352 assidua.

1914 2393 1951 2463 ιῇ
1975 2432 1989 2447 .
2017 2395 2210 2450 Amen.
2243 2393 2344 2448 Per
2374 2392 2794 2453 tnisericdrdiam
2840 2394 3003 2445 tuum:

1971 2483 2269 2557 Antiphona
2305 2483 2353 2536 l.
2399 2483 2527 2547 Quis
2574 2482 2717 2537 Deus
2771 2491 2966 2550 prmter
3005 2481 3327 2536 Daminunt‘t
3381 2490 3477 2535 aut

1898 2576 2017 2643 quis
2043 2573 2182 2628 Deus
2215 2584 2407 2642 praeter
2440 2577 2604 2629 Deum
2632 2585 2871 2628 nostrum
2897 2571 2920 2625 ?
2948 2571 3210 2626 Psalmus.
3241 2587 3377 2627 xvtt.

1973 2663 2177 2720 Oratio.
2208 2666 2485 2721 Furtitﬁdo
2522 2676 2725 2730 nostra,
2768 2665 2907 2720 dona
2948 2664 3101 2718 nobis
3130 2663 3475 2718 dilectionem

1903 2762 1979 2815 tui
2009 2759 2242 2815 nt’nninis
2275 2758 2533 2830 pérpetim
2561 2759 2862 2828 possidere:
2894 2757 3119 2827 dignare
3144 2771 3264 2813 esse
3291 2766 3477 2813 nostra

1900 2862 2085 2906 contra
2114 2851 2459 2907 adscrsantes
2489 2852 2695 2906 virtus:
2740 2852 3130 2905 ﬁrmamentum
3160 2856 3343 2903 contra
3377 2849 3477 2902 im-

1903 2943 2237 3013 pugnantes:
2291 2944 2543 2999 liberator
2586 2943 2616 2997 a
2656 2942 3091 3012 captivantibus;
3146 2949 3225 3005 ut,
3257 2940 3361 2995 tuis
3408 2955 3477 2994 ex

1905 3044 2014 3088 toto
2052 3034 2412 3091 defensaculis
2457 3034 2855 3100 circumcinCti,
2902 3033 2981 3088 sic
3023 3032 3248 3088 adversa
3289 3030 3478 3086 mundi

1907 3140 2057 3180 mens
2089 3135 2270 3180 nosua
2299 3142 2405 3181 non
2448 3125 2670 3192 métuat,
2724 3137 2781 3180 nt
2826 3124 3018 3180 blanda
3054 3140 3158 3177 non
3201 3125 3474 3192 requirat:

1826 3196 1874 3255 (λ
1909 3225 1997 3272 tua
2055 3232 2268 3286 semper
2328 3218 2499 3287 gratia
2558 3216 2808 3272 contenta
2864 3213 3176 3270 muneribus
3229 3210 3482 3283 g'audeat.

1918 3309 1957 3377 ιῆ
2002 3310 2195 3363 Amen.
2230 3307 2329 3361 Per
2356 3306 2777 3361 misericordiam
2804 3314 2973 3359 tuam.

1974 3400 2285 3466 Antiphone.
2319 3397 2374 3453 3.
2402 3397 2627 3465 Delicta,
2662 3398 2751 3467 qui
2790 3396 2934 3460 solus
2968 3394 3214 3464 intélligis
3242 3412 3252 3447 :
3302 3394 3332 3448 a
3360 3407 3484 3464 pec-

1902 3492 2037 3547 catis
2065 3492 2261 3545 nostris
2289 3491 2485 3546 munda
2511 3505 2630 3557 nos,
2663 3488 2905 3555 deinc.
2940 3487 3182 3541 Psalmus
3212 3502 3361 3542 χλιιι.

1976 3584 2179 3639 Oratio.
2215 3583 2297 3637 Ab
2340 3583 2531 3638 ocultis
2582 3582 2779 3638 nostris
2823 3581 3015 3637 mund-1
3054 3596 3170 3646 nos,
3222 3580 3472 3641 Dantine,

1904 3675 2181 3746 purgando
2203 3674 2606 3739 conscientiam,
2631 3689 2748 3749 qua:
2774 3673 3000 3739 internis
3022 3686 3085 3726 ac
3110 3671 3340 3741 prdpriis
3366 3672 3486 3729 inli-

1902 3770 2042 3824 citur
2071 3767 2329 3822 maculis:
2361 3768 2428 3821 ab
2458 3766 2644 3821 alienis
2672 3780 2881 3837 quoque
2904 3779 3061 3834 parce
3082 3764 3251 3818 servis
3281 3764 3409 3826 tuis,
3430 3770 3489 3816 ut

1906 3878 1971 3917 ea
1996 3850 2293 3930 indt’tlgeas,
2346 3876 2463 3928 qua:
2507 3862 2586 3915 vcl
2629 3860 2889 3914 malarum
2938 3857 3217 3928 exemplis.
3248 3856 3481 3911 addisci-

1905 3968 2045 4019 mus,
2078 3954 2159 4015 vel
2193 3952 2365 4021 pravis
2398 3952 2570 4008 inlécti
2604 3951 3038 4023 perSuasionibus
3077 3952 3479 4021 perpetramus;

1907 4043 2076 4115 utqui
2110 4052 2161 4097 te
2193 4042 2463 4112 praprium
2491 4042 2830 4113 agndscimus
2867 4043 3167 4107 DOminutn,
3224 4042 3477 4111 peccato-

1906 4148 2024 4204 rpm
2054 4134 2385 4205 nequaquam
2422 4134 2712 4205 sentiamus
2744 4132 2962 4189 ulterit‘is
3003 4134 3358 4190 dominatum.
3408 4135 3445 4201 ti
3472 4171 3488 4186 .

1908 4226 2099 4281 Amen.
2170 4224 2271 4278 Per
2333 4225 2754 4285 misericordiam
2831 4235 2996 4279 tuam.
3059 4228 3358 4294 Antiphonti
3433 4226 3488 4280 3.

1911 4315 2120 4375 Exaudi
2165 4332 2264 4373 nos
2290 4316 2341 4372 in
2382 4319 2487 4382 die,
2520 4320 2624 4388 qua
2672 4319 3092 4374 ittvocnvérintus
3139 4329 3212 4387 te,
3266 4319 3491 4375 Domine

1909 4407 2054 4462 Deus
2080 4418 2279 4471 noster.
2313 4407 2556 4462 Psalmus
2587 4425 2692 4462 δικ.

1836 4534 1885 4597 D
1985 4498 2188 4556 Oratio.
2234 4497 2628 4554 Trihnlatitines
2659 4500 2836 4555 cordis
2884 4510 3086 4568 nostri,
3137 4518 3266 4567 quas
3317 4502 3490 4572 paeni-

1917 4589 2077 4644 téndo
2104 4588 2397 4645 facinorum
2429 4591 2500 4645 ob
2519 4601 2717 4647 metutn
2747 4591 3002 4662 judicium
3032 4594 3229 4662 pandit,
3260 4610 3353 4663 per
3383 4595 3485 4647 mi-

1910 4679 2255 4735 sericordiam
2288 4692 2450 4748 tuam,
2483 4681 2730 4747 Domine,
2776 4683 2845 4738 ad
2876 4684 3217 4756 indulgentiae
3248 4686 3487 4741 lmtiliam

1911 4772 2169 4828 adtrahe:
2219 4775 2368 4828 mitte
2397 4774 2576 4843 itaque
2604 4776 2757 4831 nobis
2784 4776 3037 4832 auxilium
3065 4778 3132 4834 de
3160 4789 3345 4835 sancto
3372 4795 3387 4845 ;
3435 4789 3493 4835 et

1912 4869 2213 4923 nostrarum
2244 4869 2526 4931 mmstitias
2569 4867 2814 4923 cardium
2842 4869 3036 4941 pingue
3068 4872 3163 4928 tibi
3198 4871 3355 4927 tiu-ito
3386 4871 3489 4926 hn-

1912 4959 2246 5017 Iocaustum:
2289 4970 2346 5015 ut
2376 4960 2647 5016 mentibus
2696 4962 2894 5019 nostris
2922 4974 2975 5017 et
3012 4964 3330 5027 consilium,
3382 4980 3490 5033 quo

1909 5055 2216 5123 delecteris,
2249 5055 2478 5124 inSpires
2500 5072 2514 5123 ;
2540 5064 2595 5112 et
2619 5070 2777 5127 opus,
2809 5073 2916 5127 quo
2939 5058 3184 5127 placéris,
3218 5060 3487 5113 insinnes:

1911 5147 2199 5218 petitiones
2229 5157 2442 5204 nostras
2491 5150 2563 5203 ita
2591 5151 2863 5220 sappleas,
2906 5159 2963 5206 ut
3011 5153 3227 5222 peccata
3268 5152 3489 5206 deleas:

1911 5252 1967 5299 et
1990 5241 2058 5298 ad
2086 5242 2231 5311 illam
2262 5242 2536 5314 regionem
2564 5243 2652 5297 ubi
2682 5244 2799 5301 sine
2825 5241 3074 5310 termino,
3108 5242 3327 5307 vivitur,
3362 5254 3489 5307 pro-

1910 5335 2074 5406 pitius
2122 5336 2469 5392 intromittas.
2535 5334 2609 5406 ιῆ.
2667 5340 2859 5394 Amen.
2915 5334 3017 5392 Pcr
3068 5331 3486 5389 misericdrdialn

1913 5412 2081 5485 tuam.

1997 5517 2071 5586 ιῆ.
2105 5515 2412 5573 Adveniens
2439 5516 2698 5572 Danilnus
2722 5515 2940 5572 abstulit
2970 5528 3181 5571 omnem
3206 5514 3489 5585 caliginem

1914 5614 2105 5680 noctis,
2139 5613 2227 5668 ubi
2257 5627 2360 5669 non
2397 5613 2654 5679 eratlux,
2700 5611 2836 5667 facta
2881 5618 2965 5666 est
3012 5608 3248 5666 claritas.
3302 5608 3366 5664 Ρ.
3425 5608 3494 5667 Et

1912 5704 2159 5775 apparuit
2180 5705 2316 5760 dies.
2361 5704 2436 5774 γ.
2472 5703 2723 5773 Populus,
2751 5700 2843 5771 qui
2881 5697 3102 5755 sedebat
3126 5698 3180 5755 in
3235 5698 3493 5771 tenebris,

1914 5794 2047 5851 vidit
2075 5796 2253 5852 lumen
2297 5810 2582 5864 magnum:
2636 5789 2995 5853 habitantibus
3041 5788 3093 5847 in
3123 5792 3491 5865 regibne.nm_~
