4044 6382
498 388 593 446 151

1708 362 2135 432 ΒΠΕἻΙᾹῘΗῙῙΜ
2177 360 2541 418 GOTIIICUM.

3659 351 3768 409 152

493 506 604 562 lira:
627 504 812 560 mortis
838 504 927 558 lux
962 513 1075 557 orta
1105 508 1189 556 est
1216 505 1315 557 eis.
1351 497 1415 557 ι’.
1449 497 1513 553 Et
1536 492 1803 567 apparuit.
1837 519 1926 541 ——.
1952 484 2075 544 Glo-
2101 481 2149 539 Α
2176 478 2369 535 animis
2395 480 2690 545 hominum,
2718 486 2775 535 et
2800 478 2853 532 in
2893 473 3202 545 muscipulis
3245 470 3465 543 pedibus
3497 471 3765 542 insipien-

492 598 592 662 ria,
625 607 678 650 et
703 599 894 661 honor,
929 606 1034 649 etc.
1071 590 1135 646 P.
1169 591 1234 645 Et
1263 587 1531 659 apparuit.

1090 681 1156 737 In
1188 680 1474 735 Laudibus.

566 782 878 847 Antiphone.
916 783 1107 830 Averte
1140 772 1327 827 faciem
1356 782 1496 824 tuam
1530 767 1558 821 ὸ
1585 764 1814 834 peccatis
1844 758 2071 815 nostris:

490 882 545 925 et
576 887 763 925 omnes
791 867 1099 937 iniquitates
1125 877 1332 920 nostras
1359 862 1498 917 dele.
1543 859 1784 912 I’satmus
1810 870 1859 908 ι..

567 967 767 1021 Oratio.
814 964 1010 1020 Avérte
1060 961 1251 1016 faciem
1300 967 1445 1012 tuam
1492 956 1522 1009 Ξι
1570 951 1803 1024 peccatis
1854 944 2074 1010 nostris,

492 1061 757 1123 Dutnine;
786 1070 840 1116 et
868 1073 1056 1113 omnes
1098 1053 1387 1126 inquitates
1412 1060 1622 1107 nostras
1649 1046 1770 1102 dele
1794 1064 1806 1098 :
1859 1043 2076 1099 rémove

492 1155 560 1209 ab
588 1153 758 1210 Oculis
800 1153 904 1207 luis
952 1150 1209 1206 malarum
1244 1146 1549 1203 nostrﬁrum
1585 1141 1793 1196 facinus
1833 1135 2075 1204 volupta-

492 1256 606 1302 tum
636 1263 650 1313 ;
682 1257 985 1312 n'ostrmque
1007 1241 1329 1298 confessioni
1375 1234 1667 1293 clementer
1694 1241 1839 1287 tuum
1866 1229 2077 1299 appone

491 1340 768 1394 auditum:
819 1336 1096 1404 miserere,
1146 1347 1473 1405 quaesumus,
1526 1326 1839 1399 rogantibus
1881 1322 2073 1387 nobis,

490 1433 579 1499 qui
613 1431 875 1501 pr0pftius
928 1428 1151 1498 respicis
1189 1428 1242 1481 in
1273 1423 1535 1487 adversis,
1586 1428 1641 1477 et.
1667 1419 1757 1489 qui
1778 1413 2077 1486 desperatis

493 1540 588 1578 cur
615 1522 885 1595 pmnitens
913 1520 1122 1586 tribuis,
1166 1513 1593 1571 coniessiénibus
1642 1510 1841 1565 nostris
1894 1504 2079 1578 gldrim

500 1628 604 1671 tum
637 1627 829 1684 praesta
861 1612 1181 1668 subsidium.
1210 1608 1315 1665 Sed
1348 1606 1470 1676 quia
1517 1602 1831 1674 publicanus
1863 1598 1893 1653 ὸ
1920 1596 2076 1666 longe

494 1720 668 1771 stans,
712 1717 767 1762 et
797 1705 1099 1774 percutiens
1141 1711 1327 1770 pectus
1349 1714 1527 1764 suum,
1573 1696 1691 1750 sola
1734 1691 2078 1748 confessidue

494 1798 748 1867 purgatus
778 1803 895 1859 est;
941 1792 1206 1857 similiter,
1255 1799 1311 1846 et
1338 1804 1435 1843 nos
1483 1785 1793 1856 peccatores
1844 1781 2075 1837 exaudi:

494 1901 571 1954 ut,
603 1892 736 1945 sicut
760 1889 833 1944 illi
866 1888 1085 1945 méritos
1142 1884 1416 1955 petitidnis
1444 1896 1556 1937 suae
1596 1879 1797 1935 lructus
1842 1873 2074 1938 donasti,

494 1984 565 2037 ita
595 1993 648 2038 et
676 1982 830 2037 nobis
876 1977 1301 2050 supplicantibus
1341 1974 1571 2044 indignis
1611 1971 1786 2027 servis
1836 1966 1941 2021 tuis
1990 1965 2081 2020 vé-

493 2076 633 2128 uiam
664 2073 901 2144 digneris
930 2069 1165 2141 impéndi
1215 2066 1467 2138 peccatis.
1516 2065 1551 2131 ἢ
1573 2104 1586 2118 .
1621 2062 1809 2117 Amen.
1847 2058 1948 2113 Per
1976 2056 2079 2111 Ini-

490 2166 842 2223 sericdrdiam
875 2174 1043 2219 luam.

564 2258 644 2311 Ad
675 2257 958 2311 Cdnticum.
994 2250 1303 2324 Antiphone.
1330 2248 1563 2318 Exurge,
1592 2243 1813 2299 Domine
1834 2241 1998 2305 Deus,
2029 2247 2083 2296 et

494 2349 660 2404 libera
695 2348 904 2417 plebem
934 2354 1119 2401 tuam:
1170 2339 1455 2413 nequando
1506 2339 1689 2392 dicant
1736 2334 2077 2390 adversarii:

493 2442 682 2499 Manus
726 2450 908 2497 nostra
954 2438 1164 2501 excelsa
1205 2444 1309 2492 est.
1362 2442 1419 2491 et
1470 2447 1575 2488 non
1620 2431 1766 2487 Deus
1813 2428 1937 2486 fecit
1968 2428 2083 2483 haec

493 2534 696 2590 omnia.

567 2630 858 2684 Cénticum.
893 2624 1123 2684 Atténde
1146 2624 1359 2689 caelum,
1384 2631 1440 2680 et
1466 2621 1678 2689 loquar.
1711 2615 1806 2687 fol.
1838 2614 1895 2671 4.

565 2722 850 2777 Reitéretur
880 2717 1192 2789 Antiphona.
1224 2714 1460 2783 Exurge,
1484 2711 1733 2767 Dumine.

569 2816 768 2869 Orciu'o.
802 2812 1008 2867 Montes
1052 2818 1273 2864 cantent
1324 2806 1517 2871 nobis,
1565 2812 1620 2859 et
1659 2810 1803 2857 terra
1853 2796 2079 2853 audiat:

494 2902 1048 2977 sicutMoysiiamulo
1079 2911 1173 2956 tuo
1222 2901 1276 2956 in
1323 2896 1718 2954 confessidnem
1758 2891 2083 2949 mirabilium

493 3010 550 3055 et
572 3000 961 3069 praecepti):qu
1011 2995 1269 3051 tuérum:
1317 3003 1371 3048 et
1421 2989 1714 3047 descendat
1756 3002 1918 3057 super
1962 2998 2083 3049 nos,

498 3090 764 3155 Domine,
818 3088 987 3159 gratia
1043 3084 1426 3142 misericordia:
1476 3082 1684 3137 Domini
1740 3078 1907 3135 nostri
1954 3076 2084 3132 Jesu

493 3182 695 3238 Clu-isti
722 3182 813 3236 lilii
845 3180 943 3247 tui,
975 3178 1113 3234 sicut
1142 3194 1232 3233 rus
1259 3192 1420 3245 super
1461 3185 1678 3237 terram,
1723 3181 1778 3228 et
1806 3172 1943 3226 sicut
1968 3170 2081 3223 im-
2110 3200 2159 3264 Ο

494 3277 589 3330 ber
616 3290 775 3344 super
798 3287 1041 3344 gramen,
1072 3281 1126 3326 et
1152 3270 1289 3325 sicut
1330 3270 1421 3323 nix
1470 3281 1634 3337 supra
1681 3262 1922 3319 faenum:
1962 3274 2082 3330 quae

496 3382 594 3422 nos
613 3367 724 3437 69
740 3362 1125 3420 inseusibilitér
1148 3361 1215 3416 ab
1236 3369 1349 3415 arte
1370 3357 1659 3428 impietatis
1677 3352 1932 3410 emundet
1950 3350 2082 3416 illic,

497 3462 583 3515 ubi
617 3462 956 3531 peccatorum
994 3459 1302 3515 uostrdrum
1354 3453 1713 3511 numerositas
1743 3450 1886 3505 nulla
1915 3447 2085 3515 possit

493 3552 857 3607 satisfactidne
880 3549 1117 3621 pensari.
1150 3549 1229 3602 Tu
1255 3556 1455 3611 autem,
1488 3545 1737 3607 Dumiue,
1768 3541 1860 3611 qui
1888 3553 1947 3593 es
1976 3554 2084 3592 caa-

494 3645 680 3699 cdrum
716 3644 919 3709 lumen,
970 3639 1267 3696 errantium
1313 3637 1423 3701 via,
1470 3632 1795 3690 resurrectio
1840 3626 2085 3683 mortuo-

501 3753 653 3801 rum,
704 3735 951 3804 respéctu
995 3730 1299 3787 clementia:
1344 3738 1451 3783 tua:
1497 3721 1840 3782 conscientiae
1887 3726 2086 3775 nostrae

499 3825 749 3879 téuebras
804 3824 1096 3887 inlumina;
1151 3818 1433 3887 peccantes
1481 3816 1548 3870 ad
1592 3813 1957 3884 paenitentiam
1996 3826 2086 3867 re-

500 3931 654 3980 voca,
699 3912 1082 3982 paenitentibus
1124 3910 1331 3967 véuiam
1381 3908 1626 3978 prompta
1673 3907 1727 3959 in
1774 3914 1826 3958 te
1871 3917 2086 3974 semper

497 4006 841 4067 miseratione
884 4004 1091 4076 largire.
1161 4002 1199 4071 ιῆ
1224 4042 1237 4058 .
1293 4004 1484 4057 Amen.
1518 3998 1618 4054 Per
1659 3993 2082 4053 misericordiam

499 4110 663 4155 tuam.

568 4186 984 4253 Matutindrtum.
1012 4186 1322 4255 AIIlI'p/Iona.
1350 4183 1606 4240 Exdrtum
1635 4187 1720 4237 est
1744 4178 1797 4234 in
1830 4175 2070 4233 tenebris

498 4282 677 4341 lumeu
707 4280 867 4341 rectis
898 4279 1083 4334 corde.
1134 4274 1201 4333 P.
1250 4276 1582 4337 Misericors,
1610 4282 1663 4328 et
1693 4269 1998 4335 miserator,
2028 4273 2084 4321 et.

492 4372 668 4440 justus
716 4371 992 4426 Dsminus.
1040 4369 1076 4437 ᾗ
1101 4408 1115 4424 .
1163 4369 1230 4423 Et
1268 4365 1635 4424 clamavéruut
1674 4362 1739 4417 ad
1770 4360 2079 4425 Dominum,

497 4465 620 4521 cum
652 4464 1030 4523 tribularéntur
1062 4479 1075 4516 :
1110 4470 1165 4517 et
1195 4462 1262 4516 de
1287 4457 1702 4517 necessitatibus
1731 4454 1914 4509 eorum
1949 4451 2081 4507 Iibe-

498 4559 638 4612 ravit
679 4572 796 4611 eos.
828 4554 896 4610 P.
931 4554 1259 4610 Misericors.
1302 4554 1335 4621 7
1363 4592 1376 4605 .
1421 4549 1623 4617 Gloria,
1657 4559 1711 4606 et
1751 4548 1943 4611 honor,
1971 4552 2077 4601 etc.
2105 4564 2162 4628 ι)

498 4645 567 4700 Ρ.
603 4645 923 4701 Misericors.

575 4744 779 4798 Lauda.
827 4741 882 4797 In
933 4740 1134 4796 sanctis
1185 4738 1302 4808 ejus
1330 4736 1543 4799 laudate
1576 4752 1699 4797 eum
1745 4737 1797 4794 iu
1831 4732 2081 4790 cxcélsrs.

497 4833 744 4892 Psalmus
773 4848 994 4890 CXLVIII.

569 4931 744 4986 Lectio
771 4930 888 4984 libri
914 4925 1197 4996 Sapiéntitz
1234 4923 1527 4982 Salomonis
1557 4922 1711 4994 (Cap.
1741 4936 1852 4987 XIV,
1886 4919 2010 4989 xv).

585 5029 624 5093 Ii}
647 5062 663 5078 .
698 5024 807 5078 Deo
836 5021 1061 5092 gratias.

573 5116 697 5183 Fili,
727 5113 1067 5170 benedictum
1098 5118 1182 5166 est
1214 5112 1435 5182 tignum,
1468 5123 1565 5179 per
1604 5105 1744 5177 quod
1778 5100 2083 5171 ﬁtjustitia.

498 5209 603 5268 Per
633 5222 823 5263 manus
848 5213 1050 5271 autem,
1075 5203 1218 5275 quod
1239 5206 1297 5258 lit
1317 5203 1541 5266 idolum,
1566 5195 1906 5253 maledictum
1932 5200 2013 5246 est
2033 5198 2088 5246 et

498 5302 705 5372 ipsum,
739 5310 792 5355 et
818 5298 909 5369 qui
954 5296 1077 5353 fecit
1108 5296 1237 5351 illud
1271 5313 1284 5349 :
1316 5296 1437 5364 quia
1471 5292 1560 5346 ille
1588 5287 1804 5360 quidem
1834 5283 2086 5353 operatus

498 5581 746 5652 impietas
771 5579 909 5650 ejus.
936 5576 1148 5634 Etenim
1178 5572 1319 5642 quod
1352 5570 1546 5624 iactum
1575 5572 1680 5628 est,
1703 5578 1826 5618 cum
1854 5561 1967 5626 illo,
1996 5557 2086 5630 qui

499 5649 650 5744 fecit,
702 5649 964 5732 tormenta
1004 5667 1261 5741 patiétur.
1316 5662 1541 5730 Propter
1574 5657 1705 5720 hoc,
1736 5664 1790 5710 et
1827 5652 1882 5709 in
1930 5649 2086 5706 idolis

499 5743 777 5832 nationum
823 5764 927 5821 erit
974 5776 1082 5820 non
1133 5752 1411 5822 respectus
1460 5766 1477 5825 ς
1525 5747 1777 5822 quoniam
1821 5743 2087 5803 creaturae

499 5860 593 5924 Dei
636 5861 686 5916 in
717 5853 1171 5914 abominationem
1203 5847 1355 5904 factae
1382 5850 1533 5912 sunt,
1562 5850 1613 5898 ct
1646 5840 1700 5897 in
1730 5834 2084 5901 tentatidnem

2179 574 2331 629 tium.
2365 574 2576 629 Initium
2627 570 2991 626 iornicatidnis
3030 579 3114 625 eSt
3142 566 3429 638 exquisitio
3463 564 3759 629 idoldrum,

2176 676 2231 724 et
2276 669 2584 725 adinvéntio
2629 667 2840 722 illdruut
2886 664 3160 733 corruptio
3212 664 3359 717 vitm.
3408 660 3759 716 lniauddrum

2176 764 2319 820 enim
2348 762 2611 819 idoldrum
2642 760 2847 815 cultura
2879 758 3056 813 omnis
3078 755 3202 811 mali
3233 768 3392 809 causa
3424 762 3528 818 est,
3561 766 3618 807 et
3648 751 3768 805 ini-

2179 854 2334 918 tium,
2368 863 2422 908 et
2470 853 2609 907 linis.
2642 851 2748 906 Aut
2774 850 2916 904 enim
2948 848 3075 903 dum
3109 847 3390 908 laetantur,
3437 842 3717 898 insaniunt
3747 858 3764 895 :

2176 958 2266 1001 aut
2291 946 2651 1003 vaticinautur
2682 943 2835 1009 falsa,
2867 956 2957 997 aut
2989 943 3173 996 vivunt
3205 938 3422 1009 injuste,
3457 948 3549 991 aut
3583 937 3768 1006 perju-

2178 1047 2298 1094 rant
2338 1037 2468 1092 cito.
2514 1036 2648 1091 Dum
2698 1034 2971 1091 conlidunt
3014 1034 3067 1086 in
3108 1032 3298 1098 iddlis,
3327 1046 3444 1101 qua!
3473 1040 3599 1084 sunt
3645 1030 3768 1085 sine

2178 1128 2375 1193 anima,
2400 1128 2540 1183 male
2558 1126 2805 1198 jurantes
2836 1124 3013 1179 nocéri
3038 1137 3097 1179 se
3130 1139 3235 1179 non
3256 1130 3493 1190 Sperant.
3523 1120 3769 1189 Utraque

2177 1234 2306 1289 ergo
2335 1219 2437 1273 illis
2463 1217 2682 1273 véuient
2706 1216 2871 1288 justé,
2903 1214 3153 1286 qudniam
3199 1216 3337 1268 male
3379 1212 3665 1267 senserunt
3698 1210 3772 1266 de

2182 1311 2311 1375 Deo,
2334 1308 2674 1366 attendentes
2714 1312 2765 1365 in
2800 1308 2980 1373 idolis,
3012 1317 3065 1363 et
3092 1306 3293 1376 injuste
3321 1305 3640 1376 iuraverunt
3662 1349 3677 1372 ,
3709 1304 3765 1358 in

2178 1400 2323 1457 idolo
2358 1401 2765 1457 contemnentes
2790 1399 3078 1469 justitiam.
3120 1397 3237 1453 Non
3277 1395 3420 1452 enim
3459 1395 3769 1466 juratdrum

2179 1502 2265 1550 est
2293 1493 2485 1560 virtus,
2510 1492 2606 1548 sed
2640 1491 2979 1562 peccantium
3009 1505 3163 1559 prena
3185 1488 3522 1560 perambulat
3549 1500 3771 1554 semper

2179 1600 2343 1655 super
2391 1585 2709 1655 injustdrum
2762 1582 3280 1653 prmvaricatidnem.
3327 1579 3408 1635 Tu
3449 1588 3626 1633 autem
3660 1577 3775 1631 1);)-

2182 1678 2327 1733 mine
2353 1677 2494 1733 Deus
2524 1685 2731 1742 noster,
2781 1675 2981 1743 suavis,
3010 1686 3064 1730 et
3111 1689 3271 1729 verus
3314 1682 3417 1738 est,
3451 1671 3686 1739 patiens,
3719 1680 3775 1723 et

2185 1769 2237 1825 in
2282 1768 2650 1825 misericérdia
2691 1767 2935 1839 dispdnis
2964 1766 3168 1821 omnia.
3202 1763 3411 1818 Etenim
3442 1763 3487 1816 si
3514 1761 3776 1830 peccave-

2107 1834 2156 1897 B
2184 1862 2372 1930 rimus,
2406 1861 2483 1918 tui
2514 1876 2718 1928 sumus,
2768 1858 3002 1915 scientes
3041 1857 3459 1928 magnitudinem
3495 1864 3637 1910 tuam
3670 1874 3682 1907 :
3720 1864 3775 1909 et

2179 1952 2225 2008 si
2258 1969 2363 2009 non
2396 1952 2813 2021 peccaverimus,
2844 1950 3047 2005 scimus
3072 1946 3323 2018 quoniam
3354 1945 3493 2015 apud
3529 1956 3580 1998 te
3622 1959 3775 1999 com-

2183 2042 2349 2112 putati
2379 2057 2583 2097 sumus.
2617 2042 2785 2096 Nosse
2831 2039 2974 2095 enim
3024 2048 3103 2102 te,
3149 2037 3522 2092 consummata
3562 2034 3772 2104 justiti:

2180 2143 2265 2189 est
2302 2150 2317 2187 :
2349 2142 2404 2188 et
2433 2132 2572 2188 scire
2595 2130 2883 2203 jusritiam,
2909 2139 2964 2184 et
2990 2128 3269 2182 veritatem
3304 2135 3476 2191 tuam,
3510 2122 3658 2178 radix
3689 2130 3771 2175 est

2182 2223 2621 2280 immortalitatis.
2668 2223 2706 2292 Ii}
2728 2262 2743 2276 .
2778 2224 2971 2277 Amen.

2836 2310 3100 2382 Hymnus.

2468 2405 2821 2477 Benignitétis
2846 2403 2966 2459 fons
2987 2404 3148 2466 Deus,

2397 2502 2497 2571 Qui
2528 2518 2634 2557 non
2678 2500 2883 2555 habens
2914 2498 3073 2551 finem
3104 2493 3232 2550 boni

2401 2595 2576 2663 Super
2602 2593 2799 2647 malum
2829 2588 3164 2651 sceléstium,

2396 2686 2622 2755 Semper
2651 2684 2790 2754 pius,
2824 2695 3042 2749 semper
3070 2678 3267 2733 bonus.

2468 2775 2716 2830 Mreslum
2744 2771 2875 2828 satis
2901 2785 2995 2827 cor
3023 2767 3304 2831 caedimus,

2396 2867 2464 2924 Et
2486 2867 2638 2921 triste
2664 2873 2851 2935 pectus
2883 2860 3180 2925 tundimus,

2398 2964 2579 3031 Aquas
2609 2956 2822 3029 pupillae
2848 2954 3145 3018 fundimus,

2398 3052 2616 3108 Mmstas
2644 3063 2809 3122 genas
2834 3046 3155 3102 inducimus.

2474 3143 2664 3215 Egisse
2695 3142 2924 3198 multum
2956 3138 3199 3210 prenitet.

2402 3238 2663 3307 llorrens,
2696 3244 2914 3301 tetrum,
2942 3234 3026 3289 vel
3055 3230 3383 3302 pessimum;

2401 3329 2816 3400 Turpissimum,
2844 3342 2907 3381 ac
2933 3323 3207 3381 sordidum

2400 3423 2654 3479 Fatemur
2682 3436 2843 3477 omne
2873 3418 3114 3474 noxium.

2473 3516 2626 3570 Elata
2652 3530 2756 3569 vox
2783 3524 2833 3568 te
2861 3512 3116 3582 postulat,

2397 3607 2478 3662 Tu
2512 3622 2692 3678 parce,
2722 3605 2870 3669 dicit,
2906 3602 3186 3667 Gouditor,

2400 3698 2517 3755 Jam
2552 3712 2709 3769 parce
2735 3696 2930 3751 clamat
2960 3694 3274 3757 Obsecranl,

2408 3790 2631 3862 Ignosce
2662 3788 2803 3859 quod
2828 3785 3219 3856 commisimus.

2473 3880 2585 3934 Non
2612 3880 2690 3933 ira
2721 3886 2942 3933 mrestos
2969 3874 3209 3940 sorbeat,

2399 3974 2515 4029 Non
2549 3988 2701 4041 poma
2732 3972 2900 4027 fessos
2928 3976 3170 4025 conterat
3208 3984 3225 4033 ;

2403 4068 2589 4124 Solare
2610 4065 2867 4121 contritos
2896 4062 3026 4129 cito,

2400 4159 2464 4212 lit
2490 4156 2740 4227 gaudium
2769 4156 2925 4210 nobis
2947 4154 3094 4208 dato.

2471 4251 2692 4318 Praesta,
2724 4248 2883 4303 Pater
2910 4246 3176 4316 piissime,

2398 4344 2647 4410 Patrique
2672 4356 2893 4411 compar
2926 4339 3115 4401 Unice,

2396 4435 2530 4493 Cum
2559 4431 2762 4503 Spiritu
2796 4430 3080 4486 Paraclito.

2398 4526 2644 4597 Regnans
2662 4536 2757 4594 per
2786 4536 2944 4576 omne
2966 4518 3241 4575 saeculum.

2466 4620 2661 4672 Amen.

2256 4710 2603 4784 Supplicdtio.
2648 4707 2876 4765 Oremus
2925 4702 3335 4774 Redemptorem
3376 4695 3557 4753 mundi
3589 4692 3784 4750 Domi-

2186 4822 2313 4862 num
2345 4813 2585 4860 nostrum
2614 4802 2798 4858 Jesum
2840 4799 3154 4862 Christum,
3178 4810 3297 4851 cum
3327 4790 3474 4848 omni
3505 4788 3779 4859 supplica-

2187 4900 2333 4963 tidne
2364 4898 2647 4968 rogemus;
2682 4904 2737 4949 ut
2761 4909 2857 4949 nos
2887 4891 3057 4963 gratia
3087 4889 3280 4957 ipsius,
3307 4894 3362 4941 et
3390 4900 3484 4956 per
3511 4882 3785 4938 interces-

2185 4993 2393 5050 sidncm
2420 4988 2633 5046 Sancta:
2662 4985 2843 5041 Maria:
2874 4982 3104 5052 Virginis
3139 4976 3426 5034 Genitricis
3456 4987 3567 5029 sua:
3595 4972 3648 5025 in
3680 4986 3782 5025 sa-

2187 5100 2281 5142 cro
2306 5091 2492 5139 sancto
2516 5079 2725 5151 jejunio
2750 5075 3124 5132 remissit’mem
3150 5068 3515 5140 peccatorum,
3557 5061 3785 5133 pace‘m-

2186 5194 2293 5251 que
2340 5177 2494 5233 nobis
2541 5172 2804 5243 prapitius
2858 5168 3061 5225 dunttre
3109 5164 3376 5235 dignetur.
3421 5160 3497 5229 ἡ.
3549 5157 3781 5251 Drmsta,

2187 5247 2390 5329 tetérue
2420 5268 2762 5337 omnipotens
2787 5264 2947 5318 Deus.
2973 5259 3156 5331 Hyrie,
3181 5256 3408 5312 eléison.
3448 5251 3485 5320 ἡ
3506 5290 3521 5305 .
3539 5247 3781 5311 Christe,

2186 5362 2413 5420 eléison.
2448 5359 2630 5431 Kyrie,
2659 5356 2890 5415 eléison.

2259 5427 2523 5523 Capitula.
2586 5444 2926 5504 Dilectissimi
2974 5442 3203 5509 fratres,
3258 5437 3347 5509 qui
3401 5432 3582 5489 omnia
3633 5427 3783 5523 idola

2188 5518 2426 5622 gentium
2456 5557 2578 5599 cum
2611 5537 2895 5597 Psalmista
2924 5532 3197 5591 dmmouia
3219 5545 3339 5586 esse
3368 5525 3625 5587 créditis;
3652 5518 3784 5574 illo-

2186 5610 2329 5705 ;um,
2362 5648 2575 5706 quaso,
2607 5640 2668 5687 ut
2696 5630 2834 5685 ritus
2859 5636 2913 5683 et
2943 5624 3250 5681 monstruos
3282 5627 3436 5674 actus
3465 5610 3786 5670 omnimodo

2195 5704 2512 5799 respttamus
2538 5740 2553 5779 :
2579 5730 2636 5778 et
2655 5721 2699 5778 si
2721 5720 2952 5791 aliquem
2985 5733 3050 5774 ex
3085 5712 3340 5771 Ecclesia:
3368 5708 3490 5763 ﬁliis
3514 5704 3659 5768 talia,
3684 5710 3791 5759 aut

2190 5797 2350 5902 agerc
2397 5827 2489 5880 aut
2515 5817 2773 5879 delectari
2806 5814 3137 5890 prospicitis,
3186 5806 3360 5866 vestra
3408 5797 3795 5882 admonitione
