4044 6382
320 372 433 445 iss

1237 382 1302 438 IN
1341 380 1551 437 PRIMO
1591 378 1706 435 DIE
1746 374 2169 435 JEJUNIORUM
2200 373 2360 431 ΚΑΙ..
2390 373 2685 433 JANUAR.

3487 371 3592 431 134

317 501 601 573 corripite,
642 506 698 557 et
735 484 969 555 ad'viam
999 495 1185 552 salutis
1216 496 1283 552 ab
1312 494 1589 550 erroribus
1614 492 1901 556 revocate;
1929 494 1984 553 Α
2007 488 2204 555 Cerno,
2237 488 2379 559 quod
2413 486 2642 559 populus
2679 487 2782 543 iste
2808 485 2957 543 durae
2985 486 3212 544 cervicis
3238 493 3341 543 est.
3372 483 3592 541 Dimitte
3686 551 3697 560 .

322 610 382 656 ut
410 598 570 655 verba
602 594 894 650 Dominica:
933 591 1207 656 oratidnis,
1234 605 1353 660 qua:
1394 589 1510 659 ipso
1541 585 1770 642 Domino
1798 585 1900 639 do-

320 692 477 747 cente
501 688 787 753 didicistis,
814 697 867 739 et
894 684 1051 739 simul
1082 697 1291 738 mecum
1321 690 1373 735 et
1403 694 1526 735 cum
1556 678 1665 734 illis
1694 676 1905 746 procla-

321 786 474 838 mare
502 781 653 835 liberi
687 778 904 849 possitis
927 776 958 832 é
987 776 1142 831 terris
1170 772 1412 830 dicéntes
1438 789 1451 825 :

394 884 557 939 Pater
588 891 791 935 uoster.
823 877 868 933 A
890 876 1030 931 malo
1058 891 1154 929 nos
1180 874 1370 929 libera.
1402 871 1496 943 fol.
1529 871 1616 926 10.

397 986 601 1042 Lauda.
645 984 895 1039 Alleliiia.
941 979 1232 1034 Last-(ibitur
1278 976 1488 1032 deserta
1534 984 1589 1029 et
1625 973 1807 1035 invia,
1852 982 1909 1028 et

320 1079 585 1136 exultavit
613 1076 861 1133 solitudo.
901 1073 962 1126 Ρ.
1000 1072 1064 1126 Et
1102 1071 1315 1126 ﬁorébit
1353 1070 1505 1138 quasi
1537 1067 1726 1121 lilium.
1762 1064 1909 1119 Alle-

319 1176 455 1239 luia,
484 1171 716 1227 alleluia.
763 1169 800 1239 ᾗ
825 1208 838 1221 .
865 1166 1096 1222 ,ιυὶιίιὲιθ
1120 1163 1347 1218 Domino
1372 1160 1548 1213 omnis
1574 1166 1716 1212 terra
1745 1175 1756 1209 :
1788 1170 1907 1210 ser-

320 1272 435 1326 vite
463 1268 691 1323 Domino
723 1266 775 1320 in
808 1262 1009 1318 lautitia.
1043 1259 1110 1315 P.
1143 1258 1251 1339 Eta
1279 1258 1314 1325 ᾖ
1338 1294 1354 1312 .
1388 1254 1592 1319 Gloria,
1626 1261 1682 1308 et
1710 1252 1905 1313 honor,

320 1372 433 1417 etc.
462 1359 529 1415 Ρ.
563 1359 647 1415 Et.

395 1473 504 1543 70
531 1468 847 1525 Benedictio.
876 1466 1122 1523 Christus
1153 1462 1433 1526 Dominus,
1462 1459 1550 1526 qui
1575 1472 1695 1512 cum
1727 1456 1906 1520 Patre,

317 1574 379 1621 et
409 1564 612 1635 Spiritu
635 1562 833 1618 Sancto
858 1575 993 1615 unus
1015 1567 1163 1613 extat
1187 1555 1434 1611 conditor
1476 1562 1529 1607 et
1560 1551 1821 1605 annorum
1853 1556 1909 1602 et

319 1654 796 1727 témporum;ipse
828 1654 878 1707 in
921 1651 1071 1707 initio
1095 1649 1252 1717 hujus
1290 1648 1413 1701 anni
1462 1654 1692 1698 vestrum
1742 1654 1910 1695 arce-

317 1750 479 1818 ptar‘e
508 1747 757 1818 dignetur
794 1745 1079 1815 jejunium.
1127 1743 1200 1811 ιῆ.
1252 1741 1443 1795 Amen.
1478 1734 1561 1791 Sit
1589 1734 1741 1789 vobis
1767 1747 1910 1787 sem-

2008 596 2113 646 me,
2144 591 2201 636 ut
2228 581 2487 636 irascatur
2527 580 2673 635 furor
2711 593 2863 634 meus
2906 589 3091 634 contra
3130 593 3256 649 eos,
3288 586 3345 633 et
3385 578 3593 634 déleam

2007 684 2121 737 eos,
2156 670 2454 739 faciamque
2479 680 2531 726 te
2561 671 2613 724 in
2636 677 2849 739 gentem
2871 683 3142 738 magnam.
3171 668 3384 739 Mdyses
3410 679 3589 724 autem

2009 761 2197 816 orabat
2229 760 2513 818 Dominum
2543 776 2723 826 suum,
2753 760 2937 815 dicens
2967 776 2983 815 :
3029 761 3159 824 Cur,
3200 760 3455 828 Domine,
3487 761 3596 816 ira-

2009 853 2174 906 scitur
2194 852 2340 906 furor
2363 862 2482 906 tuus
2504 861 2687 907 contra
2708 850 2963 921 populum
2986 860 3159 915 tuum,
3181 840 3336 915 quem
3361 851 3596 907 eduxisti

2009 943 2076 999 de
2105 952 2242 998 terra
2270 943 2507 1014 Egypti,
2541 944 2593 998 in
2636 942 2952 997 fortitudine
2993 955 3179 1010 magna
3201 980 3217 1005 ,
3248 949 3302 997 et
3330 941 3382 995 in
3433 957 3594 998 manu

2010 1036 2264 1091 robusta?
2293 1035 2366 1090 Ne
2414 1049 2596 1105 quaeso
2622 1035 2801 1088 dicant
2838 1033 3077 1103 Egyptii
3112 1051 3123 1085 :
3159 1030 3364 1087 callido
3408 1031 3596 1087 eduxit

2010 1141 2126 1191 eos,
2160 1135 2214 1180 nt
2240 1126 2563 1181 interﬁceret
2591 1126 2642 1180 in
2672 1125 2966 1191 montibus,
2998 1133 3053 1181 et
3079 1122 3288 1179 deleret
3307 1124 3375 1178 de
3405 1131 3547 1177 terra
3575 1140 3589 1175 :

2009 1217 2247 1287 quiéscat
2274 1218 2347 1272 ira
2379 1225 2487 1283 tua,
2533 1226 2587 1272 et
2629 1228 2747 1272 esto
2788 1216 3066 1287 placabilis
3103 1230 3268 1285 super
3300 1215 3596 1283 nequitiam

2012 1306 2193 1376 populi
2224 1307 2318 1361 tui.
2350 1306 2651 1363 Recordare
2673 1307 2964 1371 Abraham,
2997 1306 3165 1373 Isaac,
3194 1315 3248 1361 et
3279 1304 3439 1360 lsraél
3467 1320 3598 1361 ser-

2012 1398 2196 1452 vorum
2244 1398 2471 1463 tuorum,
2501 1399 2693 1469 quibus
2725 1398 2919 1469 jurosti
2957 1415 3053 1469 per
3096 1397 3461 1468 temetipsum,
3502 1395 3591 1451 di-

2011 1506 2178 1547 cens:
2213 1491 2575 1561 Multiplicabo
2611 1506 2795 1547 semen
2827 1500 3001 1557 tuum,
3044 1492 3182 1547 sicut
3208 1490 3396 1546 stellas
3423 1488 3547 1547 cmli
3578 1505 3595 1543 :

2012 1597 2066 1643 et
2090 1586 2388 1644 universam
2415 1596 2617 1644 terram
2648 1587 2806 1650 hanc,
2832 1585 2900 1641 de
2921 1600 3025 1655 qua
3051 1586 3259 1641 locutus
3285 1600 3431 1651 sum,
3460 1583 3600 1638 dabo

2012 1679 2208 1735 sémini
2235 1690 2437 1747 vestro,
2466 1688 2520 1734 et
2548 1678 2889 1749 possidébitis
2909 1692 3028 1733 eam
3059 1692 3289 1748 semper.
3325 1677 3603 1732 Placatus-

2014 1787 2116 1842 que
2161 1782 2240 1827 εει
2273 1770 2554 1838 Dominus,
2588 1787 2657 1827 ne
2704 1770 2907 1826 faceret
2949 1770 3172 1835 malum,
3203 1769 3339 1840 quod
3388 1769 3601 1825 locutus

284 1857 422 1913 1’"
444 1841 656 1935 “cf?”
696 1840 782 1935 αιιί
809 1836 984 1935 ἀμίαι
1023 1836 1182 1935 ‘9‘.“{5
1209 1830 1392 1935 “‘“".“,‘
1434 1827 1799 1935 Rf"“?‘“‘“°f1
1828 1824 1904 1929 ἡῖ
1944 1864 1987 1922 B
2016 1824 2217 1921 asa“
2241 1824 3030 1935 advershs'popnlumsuum.
3088 1824 3172 1916 si
3210 1824 3465 1917 reversus
3514 1868 3602 1917 est

311 1938 518 1990 Amen.
550 1932 639 1998 Ut,
669 1933 821 1997 cuius
868 1931 920 1985 in
952 1929 1228 1984 nativitate
1270 1922 1526 1979 solemnia
1555 1922 1662 1989 iam
1694 1917 1910 1972 strénué

311 2026 638 2096 peregistis,
663 2020 1012 2094 apparitidnis
1042 2019 1175 2072 festa
1207 2016 1368 2069 etiam
1394 2030 1513 2067 cum
1542 2010 1739 2082 gaudio
1764 2009 1910 2065 cele-

308 2120 517 2177 bretis.
566 2119 602 2184 li)
622 2156 637 2171 .
666 2119 859 2171 Amen.
889 2114 1009 2167 Per.
1045 2112 1100 2165 In
1131 2109 1370 2163 nomine.

309 2242 410 2298 Ad
438 2240 661 2296 Tertiam
691 2233 973 2304 Prophelia
1012 2240 1060 2287 et
1093 2229 1267 2284 omnia
1301 2226 1407 2281 (ilia
1448 2219 1746 2277 successivé.
1780 2217 1916 2272 Pro-

645 2325 927 2382 verbiorum
950 2320 1247 2379 Salomonis
1276 2316 1427 2389 (Cap.
1459 2314 1563 2383 ιιι).

407 2455 447 2523 ti
471 2496 487 2511 .
519 2453 632 2509 Deo
654 2452 857 2524 gratias

394 2568 519 2636 Fili,
548 2583 616 2623 ne
654 2562 993 2619 obliviscdris
1020 2560 1157 2629 legis
1187 2571 1354 2621 meae,
1398 2561 1452 2608 et
1492 2547 1760 2622 praecepta
1794 2560 1912 2600 mea

311 2664 591 2723 custodiat
622 2674 716 2716 cor
747 2667 916 2713 tuum.
966 2651 1375 2723 Longitndinem
1413 2648 1558 2703 enim
1599 2643 1827 2707 dierum,
1860 2648 1915 2695 et

312 2769 492 2810 annos
514 2752 661 2816 vitae,
693 2758 746 2803 et
776 2761 961 2818 pacem
992 2744 1224 2814 appdnet
1272 2740 1388 2795 tibi.
1432 2732 1830 2797 Misericordia,
1859 2737 1914 2785 et

315 2846 521 2902 veritas
544 2854 649 2897 non
680 2849 732 2895 te
758 2839 1033 2903 deserant,
1058 2832 1333 2890 circomda
1364 2844 1456 2885 eas
1483 2828 1685 2899 gutturi
1714 2836 1826 2890 tuo,
1859 2829 1915 2876 et

320 2938 501 2997 scribe
530 2936 581 2990 in
626 2932 821 2989 tabulis
858 2928 1036 2985 cordis
1076 2927 1191 2982 tui:
1228 2933 1283 2980 et
1311 2921 1548 2978 invénies
1577 2916 1826 2988 gratiam,
1860 2920 1915 2967 et

322 3031 664 3101 disciplinam
704 3026 897 3081 bonam
929 3036 1109 3079 coram
1141 3020 1273 3080 Deo,
1319 3025 1374 3072 et
1405 3011 1732 3068 hominibus.
1767 3006 1915 3061 Habe

326 3100 577 3185 ﬁduciam
608 3122 660 3177 in
691 3119 918 3175 Domino
940 3132 1005 3171 ex
1034 3123 1147 3170 toto
1173 3110 1336 3167 corde
1359 3119 1472 3175 tun,
1495 3116 1548 3161 et
1574 3121 1641 3160 ne
1670 3100 1915 3158 inniteris

329 3215 627 3295 prudentiae
659 3223 783 3267 tua).
826 3210 883 3264 In
913 3207 1163 3264 omnibus
1189 3204 1292 3258 viis
1323 3203 1428 3257 tuis
1450 3198 1625 3295 cogita
1654 3195 1826 3260 illum,
1858 3201 1912 3295 et
1938 3210 1986 3273 ο

327 3282 441 3377 ipse
490 3305 685 3375 diriget
737 3315 954 3373 gressus
1011 3308 1154 3352 tuos.
1212 3294 1289 3349 Ne
1354 3292 1428 3347 sis
1493 3287 1708 3356 sapiens
1772 3282 1910 3352 apud

326 3375 670 3468 temetipsum
716 3413 732 3453 :
792 3397 919 3451 time
969 3390 1287 3453 Dominum,
1340 3394 1395 3441 et
1438 3381 1629 3439 recéde
1677 3395 1705 3433 a
1750 3375 1911 3431 malo.

350 3492 393 3562 ii
414 3531 428 3545 .
460 3494 645 3546 Amen.

654 3612 824 3673 Lectio
855 3608 973 3665 libri
1007 3605 1175 3662 Exodi
1203 3602 1357 3677 (Cap.
1390 3597 1592 3669 χχχιι).

420 3732 460 3801 ἡ
482 3770 497 3786 .
524 3731 635 3787 Deo
672 3728 896 3799 gratias.

404 3836 465 3892 In
497 3834 602 3891 illis
631 3833 819 3889 diebus
849 3848 864 3887 :
895 3829 1092 3885 Videns
1130 3823 1390 3895 populus,
1431 3817 1573 3890 quod
1606 3828 1810 3870 moram
1843 3812 1920 3866 la-

332 3939 483 3986 ceret
528 3922 885 3982 descendéudi
928 3921 995 3975 de
1042 3928 1223 3972 monte
1264 3914 1511 3983 Moyses,
1566 3907 1921 3978 congregatus

330 4018 593 4077 adversus
624 4019 822 4080 Aaron,
854 4012 930 4066 ait
963 4027 975 4064 :
1007 4009 1197 4079 Surge,
1233 4006 1317 4061 fac
1346 4003 1500 4058 nobis
1526 4001 1680 4063 deos,
1711 3998 1922 4068 quinos

334 4110 681 4182 praecedant:
712 4106 881 4178 Moysi
912 4105 1055 4160 enim
1085 4100 1209 4156 huic
1230 4099 1369 4162 viro,
1401 4095 1492 4165 qui
1517 4108 1615 4149 nos
1642 4092 1829 4182 edux-it
1855 4089 1924 4145 de

334 4179 480 4260 terra
532 4201 784 4272 Egypti,
820 4195 1129 4266 ignoramus
1172 4189 1298 4261 quid
1341 4185 1614 4242 acciderit.
1667 4179 1925 4249 Dixitque

333 4299 402 4355 ad
432 4313 527 4353 eos
576 4301 791 4351 Aaron:
822 4292 1023 4347 Tollite
1062 4287 1278 4344 inaures
1318 4283 1510 4338 aureas
1557 4280 1625 4335 de
1671 4277 1923 4341 uxorum,

335 4392 679 4460 ﬁliorumque
705 4399 757 4444 et
785 4386 1015 4442 filiorum
1042 4381 1339 4438 vestrarum
1373 4374 1623 4442 auribus,
1653 4382 1704 4428 et
1737 4368 1927 4425 all‘érte

2014 1955 2225 2028 Iloyses
2270 1957 2337 2012 de
2367 1964 2570 2022 monte,
2601 1966 2820 2025 portans
2866 1954 3001 2023 duas
3047 1953 3256 2010 tabulas
3307 1950 3602 2008 testimonii

2015 2048 2068 2102 in
2120 2062 2279 2103 manu
2314 2049 2545 2117 scriptas
2572 2064 2637 2103 ex
2676 2050 2901 2118 utraque
2947 2056 3095 2116 parte
3138 2053 3194 2102 et
3236 2045 3406 2100 factas
3434 2044 3604 2113 opere

2016 2140 2110 2196 Dei
2143 2158 2157 2193 :
2205 2141 2466 2211 scriptura
2499 2142 2593 2195 Dei
2620 2157 2832 2212 quoque
2873 2150 2989 2196 erat
3025 2142 3080 2195 in
3110 2139 3322 2195 tabulis.
3365 2135 3605 2193 Audiens

2015 2243 2192 2289 autem
2222 2232 2387 2288 Josué
2428 2234 2710 2288 tumultum
2741 2232 2922 2304 populi
2953 2230 3330 2297 vociferantis,
3375 2230 3509 2285 dixit
3535 2231 3604 2284 ad

2011 2324 2231 2395 Moysen
2265 2341 2279 2378 :
2312 2325 2555 2381 Ululatus
2585 2338 2775 2395 pugnae
2805 2326 3020 2379 auditur
3041 2324 3093 2379 in
3133 2323 3344 2378 castris.
3384 2322 3483 2390 Qui
3515 2335 3602 2377 re-

2014 2415 2269 2485 Spondit:
2302 2417 2419 2472 Non
2459 2426 2542 2473 est
2569 2418 2772 2473 clamor
2806 2416 3206 2472 adhortantium
3248 2416 3315 2471 ad
3344 2431 3600 2486 pugnam,

2014 2523 2188 2579 neque
2218 2508 2529 2564 vociferatio
2558 2509 2995 2579 compelléntium
3026 2510 3096 2565 ad
3125 2510 3300 2582 fugam
3335 2528 3348 2563 :
3382 2509 3478 2565 sed
3503 2524 3602 2565 vo-

2013 2615 2128 2655 cem
2156 2601 2488 2656 cantantium
2517 2616 2617 2670 ego
2638 2602 2819 2656 audio.
2852 2600 3094 2672 cumque
3121 2601 3605 2672 appropinquasset

2013 2691 2081 2748 ad
2104 2701 2301 2763 castra,
2329 2694 2459 2748 vidit
2486 2692 2734 2758 vitulum,
2762 2683 2817 2748 et
2841 2692 3036 2748 choros
3068 2709 3083 2748 :
3116 2693 3391 2763 iratusque
3421 2690 3598 2756 valde,

2012 2786 2240 2858 projécit
2259 2786 2329 2842 de
2359 2801 2518 2842 manu
2565 2787 2809 2856 tabulas,
2842 2795 2897 2843 et
2933 2786 3194 2858 confregit
3234 2802 3326 2843 eas
3356 2787 3423 2842 ad
3454 2789 3600 2843 radio

2012 2895 2131 2936 cem
2175 2880 2419 2936 montis:
2469 2879 2843 2951 arripiénsque
2893 2880 3121 2935 vitulum
3171 2896 3328 2951 quem
3375 2880 3602 2946 fecerat,

2013 2974 2343 3040 combussit,
2377 2984 2432 3031 et
2473 2975 2725 3031 contrivit
2766 2989 2935 3045 usque
2974 2972 3040 3028 ad
3081 2973 3396 3045 pulverem,
3443 2986 3603 3042 quem

2012 3066 2213 3135 Sparsit
2241 3066 2292 3121 in
2338 3081 2553 3136 aquam,
2587 3075 2643 3120 et
2670 3065 2816 3121 dedit
2840 3080 2905 3121 ex
2934 3080 3000 3121 eo
3039 3075 3221 3135 potum
3252 3064 3377 3121 ﬁliis
3416 3062 3601 3120 lsraél.

2019 3160 2267 3229 Dixitque
2294 3160 2361 3215 ad
2405 3161 2584 3215 Aaron
2618 3177 2633 3213 :
2682 3158 2819 3225 Quid
2852 3159 2944 3213 tibi
2991 3158 3118 3213 fecit
3144 3157 3231 3213 hic
3268 3156 3520 3227 populus,
3545 3163 3608 3210 ut

2019 3253 2303 3309 induceres
2330 3267 2491 3319 super
2530 3267 2652 3307 eum
2697 3250 2973 3320 peccdtum
3016 3249 3347 3304 maximum?
3375 3247 3471 3302 Cui
3513 3247 3607 3301 ille

2017 3343 2331 3412 respondit:
2374 3344 2452 3398 Ne
2501 3343 2805 3413 indignetur
2848 3342 3103 3397 Dominus
3132 3355 3320 3396 meus:
3371 3350 3429 3394 tu
3457 3340 3603 3394 enim

2019 3436 2157 3492 nosti
2200 3435 2455 3506 populum
2504 3438 2660 3492 istum
2684 3478 2698 3502 ,
2732 3435 2870 3506 quod
2920 3449 3121 3506 pronus
3159 3436 3229 3490 sit
3258 3432 3323 3489 ad
3354 3432 3554 3488 malum
3587 3448 3603 3485 :

2019 3528 2271 3584 dixérunt
2294 3529 2421 3584 mihi
2455 3548 2466 3583 :
2502 3530 2585 3586 fac
2614 3529 2767 3586 nobis
2795 3529 2957 3595 deos,
2981 3529 3075 3599 qui
3118 3542 3217 3584 nos
3248 3525 3553 3598 prmcédant
3588 3542 3602 3579 :

2019 3623 2143 3680 huic
2170 3625 2314 3681 enim
2362 3625 2553 3695 Moysi,
2581 3624 2669 3695 qui
2712 3639 2811 3679 nos
2845 3622 3034 3679 edoxit
3071 3621 3139 3678 de
3174 3631 3314 3677 terra
3361 3619 3605 3691 Egypti,

2019 3719 2288 3773 nescimus
2320 3716 2446 3787 quid
2482 3715 2758 3771 acciderit.
2789 3714 2996 3781 Quibus
3024 3728 3125 3783 ego
3164 3712 3274 3768 dixi
3305 3728 3318 3765 :
3359 3712 3489 3779 Quis
3516 3724 3611 3765 ve-

2019 3813 2190 3866 strum
2221 3811 2381 3866 habet
2403 3811 2631 3874 aurum?
2660 3808 2923 3866 Tulérunt
2954 3817 3010 3863 et
3047 3806 3309 3863 dederunt
3348 3805 3477 3861 mihi
3512 3820 3525 3856 :
3555 3812 3611 3860 et

2021 3904 2223 3976 projéci
2268 3904 2398 3960 illud
2431 3907 2483 3959 in
2512 3906 2709 3976 ignem,
2742 3902 3098 3973 egressosque
3146 3910 3229 3958 est
3258 3900 3349 3956 hic
3389 3897 3612 3954 vitulus.

2028 3996 2225 4053 Videns
2265 4012 2392 4065 ergo
2441 3996 2652 4066 hloyses
2702 3994 2953 4065 populum
3001 3993 3143 4065 quod
3187 4000 3334 4049 esset
3379 3991 3616 4046 nudatus

2025 4092 2375 4162 (spoliaverat
2412 4091 2553 4144 enim
2605 4104 2726 4145 eum
2770 4090 2951 4143 Aaron
3003 4095 3219 4156 propter
3265 4084 3613 4155 ignominiam

2024 4186 2219 4250 sordis,
2247 4196 2297 4240 et
2328 4185 2467 4239 inter
2489 4183 2671 4238 hostes
2697 4181 2899 4237 nudum
2925 4179 3300 4247 constituerat)
3334 4195 3347 4232 :
3381 4188 3435 4234 et
3463 4186 3617 4233 stans

2028 4280 2081 4334 in
2104 4279 2405 4333 castrOrum
2429 4285 2607 4345 porta,
2630 4276 2705 4330 ait
2730 4293 2744 4329 :
2765 4275 2821 4331 Si
2842 4276 2963 4344 quis
2991 4281 3072 4329 est
3102 4272 3337 4338 Domini,
3363 4269 3619 4340 iungetur

2028 4369 2182 4426 mihi.
2225 4369 2650 4440 Congregatique
2691 4377 2817 4422 sunt
2844 4368 2908 4422 ad
2939 4382 3060 4423 eum
3091 4380 3280 4421 omnes
3319 4365 3411 4418 ﬁlii
3441 4364 3568 4419 Levi
3603 4381 3615 4416 :

332 4485 405 4541 ad
448 4499 555 4539 me.
594 4457 864 4550 iFecitque
907 4476 1135 4547 populus
1184 4486 1303 4540 qua:
1347 4469 1620 4540 jusserat,
1678 4461 1928 4519 deferens
2028 4465 2223 4537 quibus
2241 4463 2487 4517 ait:llaec
2506 4462 2635 4517 dicit
2659 4460 2915 4516 Dominus
2942 4461 3079 4516 Deus
3101 4460 3204 4531 71
3232 4457 3621 4513 lsraélzPouat

331 4578 556 4637 inaures
579 4574 644 4630 ad
675 4549 877 4629 Aaron.
900 4571 1043 4639 Quas
1073 4568 1193 4622 cum
1225 4565 1316 4619 ille
1340 4559 1651 4629 accepisset,
1681 4553 1927 4610 formévit
1962 4581 2010 4640 D
2037 4559 2118 4612 vir
2154 4557 2392 4628 gladium
2440 4569 2605 4626 super
2638 4552 2814 4609 femur
2843 4568 2996 4607 suum
3026 4568 3041 4609 :
3089 4551 3197 4619 ite,
3242 4560 3297 4607 et
3340 4550 3512 4606 redite
3555 4549 3624 4606 de

336 4670 507 4741 opere
536 4665 774 4733 fusorio,
809 4672 861 4718 et
901 4661 1025 4716 fecit
1072 4674 1137 4714 ex
1167 4656 1246 4712 eis
1291 4652 1515 4707 vitulum
1553 4645 1878 4703 conﬂatilem
1914 4662 1924 4697 :

2039 4666 2189 4726 porta
2238 4668 2405 4725 usque
2452 4653 2518 4707 ad
2552 4662 2755 4722 portam
2790 4666 2885 4717 per
2913 4648 3148 4705 modium
3198 4646 3522 4711 castrorum,
3571 4658 3627 4705 et

335 4737 740 4828 dixeruntque:
774 4754 836 4809 lli
867 4762 990 4807 sunt
1012 4750 1083 4805 dii
1115 4747 1187 4802 tui
1216 4744 1401 4804 lsraél.
1432 4742 1521 4812 qui
1554 4752 1604 4795 te
1631 4737 1924 4793 eduxérunl

2039 4747 2247 4802 occidat
2278 4744 2655 4823 unusquisque
2674 4744 2890 4798 fratrem
2918 4757 3073 4796 suum
3101 4750 3156 4795 et
3182 4742 3411 4795 amicum
3442 4756 3622 4806 suum,

338 4853 412 4910 de
443 4861 582 4906 terra
606 4827 843 4918 Egypti.
876 4844 1029 4912 Quod
1054 4841 1173 4897 cum
1201 4837 1421 4894 vidisset
1441 4836 1620 4889 Aaron
1650 4827 1924 4885 aediﬁcavit

2039 4848 2096 4893 et
2125 4837 2423 4905 proximum
2452 4852 2628 4892 suum.
2653 4835 3028 4906 Feceruntqpe
3059 4834 3148 4888 ﬁlii
3180 4834 3305 4889 Levi
3334 4835 3481 4903 juxta
3511 4848 3627 4889 ser-

339 4944 514 5001 altAre
541 4956 721 4998 coram
749 4954 837 5009 eo,
870 4946 924 4993 et
952 4933 1216 5004 praeconis
1245 4945 1382 4986 voce
1409 4924 1661 4984 clamavit
1700 4922 1887 4977 dicens
1920 4942 1934 4978 :

338 5033 477 5091 Cras
522 5031 832 5089 solémnitas
888 5028 1099 5083 Domini
1148 5033 1248 5081 est.
1303 5019 1699 5091 Surgentésque
1742 5013 1933 5088 mané,

340 5126 653 5183 obtulerunt
680 5123 1013 5185 holocausta,
1059 5129 1115 5173 et
1158 5115 1362 5172 hostias
1394 5113 1664 5184 paciﬁcas,
1712 5120 1767 5167 et
1796 5111 1940 5168 sedit

341 5218 577 5291 populus
599 5212 945 5279 mandudre,
969 5222 1023 5268 et
1049 5210 1255 5277 bibere,
1278 5218 1332 5264 et
1352 5206 1700 5263 surrexerunt
1728 5205 1937 5261 ludere.

346 5309 581 5364 Locutus
611 5317 695 5364 est
738 5316 916 5361 autem
968 5303 1229 5359 Dominus
1276 5300 1342 5354 ad
1392 5299 1611 5369 bloysen
1638 5339 1655 5367 ,
1702 5298 1887 5353 dicens
1922 5314 1937 5352 :

348 5402 540 5472 Vade,
598 5398 870 5457 descénde
919 5415 934 5452 :
985 5397 1224 5466 peccévit
1270 5394 1499 5466 populus
1557 5403 1720 5461 tuus,
1779 5408 1939 5463 quem

343 5496 581 5552 eduxisti
607 5496 675 5553 de
707 5504 846 5551 terra
872 5494 1114 5563 Egypti.
1146 5490 1506 5549 Recessérunt
1534 5490 1602 5546 de
1631 5489 1714 5545 via
1735 5531 1751 5558 ,
1780 5502 1940 5558 quam

346 5588 633 5644 ostendisti
661 5587 742 5643 eis
775 5607 787 5643 :
820 5587 1169 5656 feceruntque
1197 5584 1299 5641 sibi
1330 5584 1557 5641 vitulum
1586 5581 1939 5647 conﬂatilem,

345 5690 407 5737 et
432 5681 869 5743 immolaverunt,
896 5664 1055 5747 atque
1082 5678 1422 5734 immolantes
1444 5677 1493 5733 ei
1526 5673 1729 5731 hostias
1749 5716 1765 5741 ,
1789 5674 1941 5731 dixé-

348 5784 523 5829 runt:
576 5774 665 5829 Isti
715 5783 839 5829 sunt
867 5772 940 5828 dii
985 5774 1057 5828 tui
1106 5771 1290 5836 lsraél,
1320 5770 1409 5841 qui
1455 5779 1506 5825 te
1546 5769 1846 5826 eduxerunt
1873 5768 1941 5825 de

353 5876 499 5922 terra
525 5864 761 5937 Egypti.
788 5864 1122 5935 Rursumque
1146 5865 1277 5920 dixit
1307 5860 1565 5919 Dominus
1587 5859 1653 5917 ad
1676 5859 1893 5935 Moysen
1920 5880 1934 5916 :
2010 5922 2013 5925 η

2042 4928 2254 4983 nionem
2298 4928 2501 4998 Bloysi,
2552 4926 2965 4998 cecideroutque
3012 4927 3064 4981 in
3106 4926 3195 4981 die
3240 4926 3333 4981 illo
3362 4925 3509 4997 quasi
3551 4925 3629 4980 vis

2039 5019 2169 5091 giuti
2198 5020 2299 5074 tria
2328 5020 2487 5073 millia
2521 5019 2816 5074 hominum.
2850 5020 2914 5074 Et
2938 5020 3011 5075 ait
3046 5019 3254 5091 Moyses
3282 5037 3294 5072 :
3333 5017 3630 5075 Consecra—

2042 5112 2139 5165 stis
2174 5124 2363 5165 manus
2417 5120 2624 5164 vestras
2669 5109 2828 5165 hodie
2881 5110 3243 5181 unusquisque
3292 5108 3346 5163 in
3395 5109 3542 5169 ﬁlio,
3576 5114 3631 5159 et

2043 5202 2095 5256 in
2144 5201 2308 5256 fratre
2352 5217 2472 5267 suo,
2521 5212 2579 5257 ut
2603 5201 2758 5257 detur
2791 5202 2937 5258 vobis
2966 5202 3294 5258 benedictio.
3336 5200 3372 5265 li)
3395 5238 3409 5253 .
3434 5200 3627 5253 Amen.

2215 5294 2388 5350 Le’ctio
2410 5295 2526 5350 libri
2548 5294 2722 5351 Esaia
2751 5294 3027 5366 Propheta:
3073 5295 3226 5366 (Cap.
3255 5291 3465 5360 χχχιιι).

2131 5386 2166 5455 ﬁl
2189 5424 2206 5442 .
2239 5386 2352 5441 Deo
2390 5386 2608 5458 gratias.

2117 5464 2245 5522 Haec
2287 5467 2418 5521 dicit
2459 5466 2720 5521 Dominus
2748 5485 2761 5521 :
2792 5467 2986 5545 Audite
3016 5465 3106 5535 qui
3136 5461 3294 5532 longe
3319 5461 3469 5527 estis,
3513 5475 3633 5531 quae

2044 5554 2292 5626 fecerim,
2342 5566 2397 5614 et
2448 5557 2760 5627 cognoscite
2794 5556 2955 5612 vicini
3013 5553 3375 5611 fortitudinem
3431 5566 3633 5608 meam.

2044 5648 2334 5707 Contérriti
2355 5663 2482 5707 sunt
2510 5653 2563 5707 in
2579 5649 2705 5706 Sion
2735 5648 3066 5722 peccatores,
3093 5646 3331 5717 possedit
3354 5645 3512 5699 timor
3533 5642 3634 5713 hy-

2044 5746 2299 5818 pocritas.
2337 5745 2466 5815 Quis
2511 5745 2705 5815 poterit
2744 5741 2985 5796 habitare
3032 5741 3100 5798 de
3149 5739 3299 5796 vobis
3341 5752 3463 5794 cum
3515 5736 3637 5803 igne

2045 5837 2375 5897 devorante?
2425 5835 2553 5903 Quis
2610 5831 2813 5888 habitat
2867 5848 2933 5887 cx
2982 5834 3132 5892 vobis
3182 5847 3303 5889 cum
3350 5825 3636 5883 ardoribus
