4044 6382
479 363 582 424 155

1667 351 2094 413 BREVIARIUM
2133 350 2500 418 GOTHICUM.

3642 354 3740 413 {56

476 449 851 548 sempiternis?
875 472 977 542 Qui
1008 467 1246 528 ambulat
1264 470 1319 526 in
1344 469 1578 542 iudiciis,
1608 479 1664 528 et
1690 470 1923 541 loquitur
1951 483 2047 526 ve-
2079 468 2134 533 Α
2157 476 2259 533 rat,
2300 469 2396 525 sed
2425 484 2568 540 quoa
2597 469 2843 527 alterius.
2890 470 3085 539 Omne,
3133 467 3276 541 quod
3305 471 3362 526 in
3390 466 3619 527 macello
3648 483 3740 528 ve-

472 572 708 636 ritatem,
737 569 827 640 qui
856 567 1071 640 proiicit
1091 565 1391 633 avaritiam,
1420 576 1476 623 et
1503 566 1846 631 calumniam,
1875 573 1931 622 et
1955 564 2054 620 éx-
2081 610 2091 619 .

472 664 607 719 cutit
632 675 824 717 manus
844 674 970 716 suas
990 660 1059 715 ab
1077 660 1221 715 omni
1253 660 1497 727 munere,
1523 659 1612 729 qui
1641 658 1869 713 obdurat
1890 656 2052 711 aures

471 765 597 807 suas
627 766 695 806 ne
729 751 934 817 audiat,
967 758 1023 806 et
1048 764 1119 805 ne
1155 748 1397 811 effundat
1435 747 1774 818 sanguinem,
1800 755 1853 802 et
1890 746 2055 802 cludit

472 842 659 899 oculos
687 849 815 899 sud's
845 859 912 898 ne
930 842 1107 898 videat
1123 840 1342 897 malum.
1368 841 1473 895 iste
1498 842 1551 895 in
1572 838 1798 895 excelsis
1824 836 2051 903 habitat,

470 934 802 993 munimén'ta
833 936 1089 993 saxdrum
1118 932 1417 988 sublimitas
1445 930 1601 1001 ejus:
1631 931 1783 1003 panis
1810 928 1926 998 ejus
1958 928 2056 983 da-

473 1038 559 1086 tus
586 1039 691 1096 est,
724 1043 873 1099 aqua!
903 1027 1021 1098 ejus
1052 1026 1237 1082 ﬁdeles
1265 1032 1408 1081 sunt.
1432 1023 1629 1095 Regem
1650 1025 1705 1078 in
1735 1022 1930 1078 decore
1956 1035 2055 1075 suo

470 1120 725 1175 videbunt
753 1119 891 1174 oculi
938 1119 1078 1184 eius,
1118 1125 1343 1175 cernent
1390 1125 1588 1171 terram
1627 1115 1695 1171 de
1732 1114 1907 1186 longe.
1946 1113 2055 1170 Cor

470 1209 589 1277 ejus
634 1208 982 1264 meditabitur
1018 1207 1269 1264 timerem
1311 1224 1324 1261 :
1366 1206 1458 1262 ubi
1500 1214 1583 1262 est
1623 1205 1923 1260 litteratus?
1963 1204 2056 1260 ubi

469 1300 629 1358 verba
659 1301 789 1371 legis
814 1300 1151 1370 ponderans?
1180 1299 1271 1355 ubi
1306 1285 1494 1353 doctor
1532 1296 1908 1367 parvulorum?
1954 1286 2057 1351 Ιλὸ-

472 1392 651 1461 pulum
690 1390 1083 1461 imprudentem
1127 1405 1232 1445 non
1270 1388 1496 1456 videbis,
1538 1388 1791 1459 populum
1822 1388 1913 1443 alti
1943 1403 2057 1444 ser-

470 1480 646 1535 tndnis
679 1499 693 1534 :
738 1482 809 1535 ita
841 1491 899 1536 ut
935 1495 1041 1536 non
1077 1480 1248 1550 possis
1286 1479 1592 1551 intelligere
1622 1478 2053 1536 disertitudinem

469 1572 661 1643 lingua:
689 1572 825 1643 ejus,
858 1573 911 1627 in
939 1586 1045 1643 quo
1065 1571 1205 1626 nulla
1234 1580 1317 1627 est
1344 1570 1624 1641 sapientia.
1668 1571 1706 1638 1i)
1732 1612 1742 1624 .
1775 1572 1971 1626 Amen.

526 1663 804 1733 Sequenda
844 1664 1091 1720 Epistula:
1128 1664 1285 1718 Pauli
1322 1664 1557 1734 Apdstoli
1598 1663 1667 1718 ad
1708 1661 2001 1718 Corinthios

1058 1755 1132 1826 (I,
1156 1773 1271 1827 cap.
1302 1755 1383 1811 xl.

552 1860 589 1911 ιη
613 1886 628 1902 .
659 1846 768 1901 Deo
791 1845 1007 1916 gratias.

537 1938 777 2007 Fratres,
831 1937 1081 1993 nolumus
1130 1952 1226 1993 vos
1276 1939 1546 2007 ignorare,
1596 1938 1847 2008 quoniam
1879 1950 2057 2010 patres

466 2030 635 2085 nostri
661 2044 848 2085 omnes
869 2030 972 2085 sub
994 2029 1135 2084 nube
1163 2029 1394 2095 luérunt,
1428 2039 1482 2085 et
1502 2044 1689 2085 omnes
1712 2046 1860 2086 mare
1884 2040 2056 2089 trans-

464 2122 669 2189 iérunt,
720 2133 775 2177 et
838 2136 1027 2177 omnes
1097 2122 1151 2177 in
1226 2122 1411 2193 Mriyse
1480 2120 1729 2192 baptizati
1785 2133 1942 2192 sunt,
1999 2139 2055 2183 et

464 2213 517 2266 in
565 2213 727 2278 nube,
769 2221 825 2267 cl.
875 2213 930 2268 in
981 2214 1117 2269 mari
1158 2228 1175 2268 :
1224 2222 1280 2268 et
1332 2226 1520 2268 omnes
1573 2212 1820 2269 eamdem
1877 2228 2055 2273 escam

464 2305 797 2374 spiritualem
824 2305 1304 2373 manducave’runt,
1347 2316 1403 2361 et
1433 2319 1622 2361 omnes
1660 2307 1908 2363 eumdem
1954 2324 2052 2378 po-

466 2409 577 2455 tum
647 2403 980 2471 spirituAlem
1053 2404 1304 2459 biberunt
1366 2404 1678 2476 (bibebant
1741 2412 1919 2459 autem
1987 2403 2055 2460 de

464 2493 770 2563 spirituali,
818 2494 1170 2564 consequenti
1222 2509 1351 2562 eos,
1403 2496 1557 2566 petra
1606 2512 1622 2550 :
1673 2496 1824 2567 petra
1873 2503 2053 2551 autem

464 2594 584 2641 erat
630 2585 926 2657 Christus),
963 2587 1058 2643 sed
1104 2604 1215 2644 non
1259 2589 1312 2644 in
1362 2590 1606 2658 pluribus
1668 2591 1852 2645 edrum
1890 2590 2054 2646 bene-

466 2678 720 2750 placitum
757 2688 842 2735 est
875 2680 986 2737 Deo
1022 2698 1034 2734 :
1080 2698 1202 2737 nam
1251 2682 1504 2752 prostrati
1545 2691 1673 2739 sunt
1717 2685 1773 2739 in
1814 2682 2049 2739 deserto.

466 2770 593 2826 Haec
616 2780 797 2828 autem
822 2774 876 2827 in
908 2772 1076 2844 ﬁgura
1114 2774 1253 2831 facta
1274 2785 1399 2831 sunt
1427 2777 1620 2845 nostri,
1662 2784 1853 2831 utnon
1882 2776 2051 2831 simus

466 2864 905 2934 concupiscéntes
960 2866 1251 2934 maldrum,
1301 2868 1441 2924 sicut
1486 2867 1562 2923 illi
1614 2867 2049 2939 concupierunt:

467 2974 641 3028 neque
690 2958 933 3015 idolatras
983 2959 1312 3027 eiliciémini,
1360 2962 1499 3017 sicut
1524 2961 1740 3032 quidam
1768 2976 1835 3017 ex
1869 2960 1999 3031 ipsis
2032 2976 2048 3016 :

467 3051 913 3120 quemddmodt‘tm
942 3053 1201 3122 scriptum
1230 3062 1313 3110 est
1338 3070 1353 3108 :
1384 3052 1537 3109 Sedit
1562 3053 1791 3123 populus
1822 3052 2050 3108 mandu-

466 3144 612 3209 care,
639 3152 695 3200 et
718 3143 925 3211 bibere,
958 3154 1013 3201 et
1032 3144 1381 3201 surrexerunt
1408 3145 1615 3205 ludere.
1670 3144 1853 3217 Neque
1879 3144 2049 3201 Ῑυτηί-
2077 3162 2124 3226 C
2154 3143 2360 3243 ευωᾶε,

466 3239 680 3307 cémini,
711 3240 845 3295 sicut
874 3239 1089 3311 quidam
1119 3255 1190 3297 ex
1214 3241 1348 3311 ipsis
1378 3240 1624 3297 fornicati
1653 3248 1801 3307 sunt,
1830 3249 1884 3296 et
1908 3240 2051 3295 ceci-

466 3329 657 3386 derunt
701 3331 811 3386 una
849 3331 937 3387 die
980 3331 1167 3402 viginti
1197 3331 1299 3388 tria
1333 3332 1519 3389 millia.
1565 3332 1749 3403 Neque
1788 3332 2054 3389 tentémus

464 3419 735 3476 Christum
776 3437 792 3475 :
836 3421 976 3476 sicut
1020 3421 1235 3491 quidam
1284 3423 1470 3479 edrum
1522 3421 1882 3493 tentavérunt,
1927 3432 1982 3479 et
2020 3421 2054 3476 ὸ

466 3513 805 3583 serpentibus
839 3513 1133 3584 perierunt.
1170 3514 1352 3585 Neque
1378 3514 1890 3570 murmuravérimus
1917 3514 2055 3569 sicut

466 3610 682 3677 quidam
708 3608 898 3664 eerum
931 3607 1418 3673 murmuravérunt,
1461 3616 1517 3663 et
1542 3607 1819 3676 perierunt
1856 3606 1925 3660 ab
1950 3620 2057 3660 ex-

472 3703 841 3758 terminatore.
867 3700 995 3757 Haac
1012 3709 1189 3756 autem
1202 3699 1382 3755 omnia
1400 3699 1454 3754 in
1481 3699 1651 3771 ﬁgura
1676 3697 2057 3768 contingebant

466 3794 612 3851 illis:
653 3795 848 3865 scripta
891 3801 1017 3851 sunt
1051 3794 1193 3850 enim
1235 3793 1305 3847 ad
1344 3793 1734 3850 correctidnem
1779 3804 2054 3861 nostram,

471 3891 526 3943 in
576 3904 708 3958 quos
739 3889 873 3944 lines
913 3887 1232 3943 saeculorum
1269 3885 1617 3943 devenerunt.
1658 3887 1842 3956 Itaque
1878 3886 1968 3957 qui
1995 3901 2057 3941 se

467 3980 739 4035 existimat
778 3988 941 4046 stare,
987 3978 1169 4033 videat
1209 3992 1276 4034 ne
1320 3977 1498 4033 cadat.
1537 3977 1786 4033 Tentatio
1814 3993 1908 4034 vos
1946 3993 2053 4033 non

467 4070 831 4143 apprehendat
860 4069 962 4124 nisi
1002 4067 1282 4124 humana:
1334 4068 1505 4124 ﬁdelis
1539 4078 1717 4123 autem
1761 4068 1901 4123 Deus
1948 4077 2052 4135 est,

466 4164 557 4237 qui
587 4178 690 4217 non
730 4162 959 4232 patietur
986 4175 1082 4217 vos
1115 4160 1309 4217 tentari
1340 4175 1499 4232 supra
1540 4160 1592 4216 id
1635 4161 1777 4231 quod
1809 4160 2052 4230 potestis,

468 4254 562 4309 sed
593 4253 751 4310 faciet
777 4264 833 4310 et
848 4268 970 4310 cum
992 4253 1288 4309 tentatidne
1308 4251 1468 4308 etiam
1485 4251 1823 4320 proventum,
1843 4260 1901 4307 ut
1929 4266 2053 4321 pos-

467 4347 581 4403 sitis
606 4347 891 4407 sustinere.
922 4346 1144 4416 Propter
1173 4344 1338 4416 quod,
1367 4342 1670 4399 charissimi
1700 4343 1855 4411 mihi,
1888 4342 2055 4413 fugite

468 4439 534 4494 ah
558 4438 820 4493 idolorum
850 4438 1056 4493 cultura
1090 4454 1106 4491 :
1138 4435 1211 4493 Ut
1232 4435 1582 4506 prudentibus
1604 4434 1816 4505 loquor,
1848 4447 1944 4488 vos
1966 4433 2055 4503 ju-

2157 562 2464 631 nt'tmdatur,
2510 562 2847 631 manducéte,
2895 563 3026 620 nihil
3072 562 3495 633 interrogantes'
3522 572 3741 633 propter

2155 654 2558 711 conscientiam.
2600 656 2809 711 deini
2855 665 2939 711 est
2982 666 3147 723 terra,
3194 666 3248 711 et
3283 654 3561 725 plenitudo
3598 655 3739 725 ejus.

2156 747 2211 803 Si
2241 748 2360 817 quis
2382 756 2537 802 vocat
2558 762 2655 803 vos
2672 746 2990 814 inﬁdelium,
3007 755 3064 802 et
3088 746 3251 801 vultis
3274 747 3355 802 ire
3380 763 3396 801 :
3417 760 3576 801 omne
3598 745 3742 815 quod

2156 839 2309 893 vobis
2338 838 2644 908 apponitur,
2665 838 3007 905 manducAte,
3041 837 3172 892 nihil
3195 836 3587 906 interrogantes
3614 850 3742 907 pro-

2159 942 2276 1004 pter
2303 931 2707 987 constientiam.
2759 930 2817 987 Si
2846 930 2962 999 quis
2991 936 3169 983 autem
3199 928 3392 984 dixerit
3421 944 3436 983 :
3482 925 3593 981 Hoc
3640 926 3741 981 im-

2159 1027 2415 1081 moldtutn
2444 1036 2527 1081 est
2559 1024 2716 1079 iddlis
2746 1040 2760 1077 :
2790 1024 2954 1081 nolite
2990 1022 3309 1078 manducAre
3337 1030 3551 1092 propter
3589 1021 3741 1077 illum

2157 1116 2247 1189 qui
2279 1115 2533 1172 indicavit
2562 1124 2776 1185 propter
2796 1113 3201 1170 conscientiam.
3222 1111 3616 1167 Conscientiam
3646 1126 3741 1165 au-

2160 1218 2265 1265 tem
2296 1210 2415 1263 dico
2443 1222 2546 1261 non
2578 1215 2747 1271 tuam,
2773 1205 2864 1260 sed
2888 1204 3133 1260 alterius.
3166 1203 3237 1260 Ut
3262 1204 3388 1274 quid
3416 1202 3558 1257 enim
3581 1201 3742 1257 libe'r-

2160 1310 2240 1356 tas
2269 1316 2385 1356 mca
2414 1298 2683 1367 jddicﬁtur
2724 1298 2791 1351 ab
2822 1296 2925 1352 alia
2954 1296 3314 1352 conscientia?
3351 1294 3408 1350 Si
3448 1308 3577 1365 ergo
3619 1307 3743 1348 cum

2158 1394 2327 1466 gratia
2357 1392 2637 1463 participe,
2684 1390 2809 1461 quid
2839 1389 3177 1459 blasphemor
3207 1402 3303 1457 pro
3331 1401 3397 1442 eo
3441 1385 3584 1455 quod
3613 1383 3743 1455 ετὰε

2158 1486 2259 1541 tias
2287 1484 2421 1555 ago?
2465 1483 2593 1539 Sive
2630 1497 2761 1554 ergo
2807 1480 3167 1545 manducatis,
3196 1478 3310 1533 sive
3349 1470 3617 1543 bibéritis,
3653 1473 3747 1532 vel

2157 1583 2297 1639 aliud
2321 1582 2447 1653 quid
2476 1580 2654 1637 facitis
2686 1600 2697 1635 :
2726 1578 2905 1635 Omnia
2936 1579 2991 1634 in
3019 1577 3244 1649 gloriam
3278 1576 3369 1633 Dei
3400 1574 3579 1633 facite.
3611 1574 3743 1631 Sine

2156 1674 2451 1732 oﬂensione
2494 1674 2669 1729 estdte
2713 1671 2935 1737 ludatis,
2986 1679 3041 1725 et
3068 1667 3348 1735 Gentibus,
3400 1676 3455 1723 et
3482 1666 3743 1724 Ecclesia

2083 1797 2135 1871 Β
2158 1770 2252 1826 Dei
2287 1788 2302 1828 :
2348 1771 2496 1827 Sicut
2526 1780 2578 1827 et
2603 1784 2703 1840 ego
2744 1783 2838 1838 per
2866 1766 3045 1821 omnia
3091 1763 3340 1818 omnibus
3390 1761 3597 1832 placeo,
3631 1776 3741 1817 non

2158 1878 2406 1934 quaerens
2438 1861 2580 1933 quod
2622 1859 2751 1915 mihi
2781 1859 2911 1915 utile
2934 1864 3038 1925 est,
3088 1855 3183 1912 sed
3224 1855 3366 1925 quod
3415 1855 3635 1909 multis:
3682 1862 3747 1910 ut

2156 1957 2291 2013 salvi
2321 1957 2469 2011 ﬁant.
2514 1954 2591 2022 ti).
2631 1953 2825 2007 Amen.

2227 2050 2332 2119 72
2374 2044 2669 2113 Antipltona
2696 2044 2745 2097 1.
2787 2040 3084 2097 Simulacra
3112 2040 3380 2107 Gentium,
3414 2042 3581 2111 (Spera
3628 2041 3745 2096 ma-

2156 2155 2319 2195 unum
2354 2138 2629 2192 hominum
2651 2154 2664 2190 :
2689 2136 2889 2190 similes
2912 2134 3015 2188 illis
3045 2135 3192 2199 (iant,
3216 2132 3521 2202 quifaciunt
3546 2148 3610 2188 ea
3640 2151 3652 2187 :
3685 2143 3744 2189 et

2155 2244 2366 2297 omnes,
2413 2228 2503 2297 qui
2550 2227 2827 2282 conﬁdunt
2869 2226 2922 2279 in
2951 2226 3049 2281 eis.
3080 2224 3180 2289 Qui
3209 2232 3387 2279 autem
3410 2226 3598 2279 timent
3632 2223 3742 2283 Do-

2155 2325 2385 2391 minum,
2416 2321 2637 2391 sperent
2680 2321 2732 2374 in
2759 2319 3023 2373 deino:
3055 2317 3269 2388 adjutor
3295 2317 3507 2384 eoi-unt,
3542 2326 3597 2375 et
3618 2331 3743 2387 pro-

2157 2426 2330 2473 tector
2356 2416 2543 2471 edrum
2569 2422 2674 2471 est.
2707 2411 2945 2467 Psalmus
2968 2425 3119 2467 cant.

2228 2529 2430 2584 (initio.
2463 2526 2710 2593 Domine,
2738 2525 2831 2596 qui
2869 2526 3081 2585 surst‘tm
3123 2525 3185 2579 in.
3221 2523 3532 2581 cmléstibus
3581 2523 3740 2582 usus-

2156 2630 2297 2689 tans,
2328 2620 2573 2677 terrénas
2617 2618 2908 2689 potestates
2950 2617 3204 2675 contines
3241 2626 3295 2673 et
3323 2617 3593 2687 gubernas
3627 2635 3639 2671 ε
3671 2620 3741 2674 da

2154 2713 2358 2770 nomini
2383 2723 2473 2768 tuo
2489 2711 2733 2784 gldriam,
2755 2710 2822 2765 da
2853 2709 3198 2781 peccantibus
3218 2709 3461 2769 veniam:
3485 2711 3743 2781 quodque

2152 2806 2221 2862 de
2249 2814 2337 2867 tua
2370 2804 2739 2861 misericdrdia
2786 2804 3184 2873 praesumimus,
3230 2804 3283 2859 in
3304 2806 3564 2871 veritéte,
3596 2808 3743 2876 quod

2152 2900 2478 2969 quaeremus,
2524 2897 2857 2961 bauriAmus,
2890 2906 2949 2951 ut
2977 2894 3345 2951 misericordia
3406 2905 3495 2951 tua
3525 2896 3592 2952 de
3634 2896 3742 2952 Ec.

2152 2992 2329 3053 clésize
2348 3002 2494 3049 coetu
2522 2992 2809 3047 simulacra
2832 2991 3112 3059 excludat,
3150 3000 3205 3046 et
3230 2994 3428 3048 veritas
3468 2993 3537 3048 ad
3563 2993 3755 3053 cultus

2155 3085 2230 3140 tui
2258 3083 2584 3154 aguitiOnem
2627 3082 2793 3138 dubia
2822 3081 2988 3137 corda
3008 3082 3287 3137 convertat
3318 3098 3334 3140 :
3364 3083 3557 3154 adjice,
3588 3100 3740 3155 quas-

2386 3174 2626 3238 Domine,
2648 3174 3070 3230 benedictitinetn
3115 3185 3259 3229 tuam
3289 3190 3449 3244 super
3476 3176 3755 3246 pupulum.

2157 3275 2330 3335 tuum,
2371 3276 2428 3322 et
2449 3281 2610 3337 super
2652 3266 2789 3321 ﬁlios
2825 3267 3054 3335 edrum;
3088 3265 3286 3336 quique
3324 3266 3635 3323 timentibus
3688 3279 3761 3325 te

2153 3354 2326 3414 factus
2355 3373 2413 3414 es
2444 3359 2588 3413 salus
2611 3357 2664 3412 in
2697 3359 2857 3412 vitam
2882 3355 3213 3426 perpetuam,
3237 3372 3399 3427 quam
3423 3358 3742 3428 promisisti,

2154 3451 2389 3506 concede
2417 3452 2667 3505 cortinam
2692 3468 2705 3515 ;
2732 3461 2789 3505 ut
2811 3464 2915 3506 non
2946 3448 3183 3519 peccatis
3205 3450 3424 3514 mortui,
3455 3450 3485 3503 ὸ
3514 3460 3603 3504 tua
3647 3450 3747 3506 be-

2156 3543 2458 3597 nedictidnc
2487 3542 2819 3611 abjiciamur,
2852 3542 2949 3598 sed
2978 3543 3099 3596 vitae
3149 3542 3439 3612 participes
3463 3540 3614 3608 facti,
3644 3557 3746 3596 no-

2156 3649 2278 3689 men
2306 3645 2451 3689 tuum
2482 3635 2534 3688 in
2564 3635 2760 3689 saecula
2798 3632 3201 3699 conlaudemus.
3280 3633 3353 3699 ἡ.
3385 3634 3578 3687 Amen.
3637 3632 3745 3697 Per

2156 3727 2602 3791 misericdrdiam,
2629 3737 2735 3782 etc.

2228 3840 2522 3911 Antiphona
2558 3840 2613 3895 2.
2658 3840 2900 3894 Exultate
2929 3839 3036 3892 Deo
3064 3838 3297 3909 adjutéri
3340 3849 3525 3895 nostro
3556 3857 3570 3893 :
3598 3839 3743 3910 jubi-

2158 3933 2262 3990 lilte
2292 3934 2401 3988 Deo
2428 3932 2613 3988 Jacob.
2651 3933 2883 3988 Psalmus
2916 3948 3055 3987 Lxxx

2231 4044 2431 4099 Oratio.
2472 4043 2593 4099 Tibi
2618 4044 2847 4114 adjutori
2894 4056 3083 4101 nostro
3132 4044 3360 4101 Dbmlno
3402 4047 3743 4103 esnltatidne

2156 4138 2279 4195 ﬁdei
2308 4150 2363 4194 et
2391 4138 2501 4207 spei
2528 4138 2840 4212 plaudentes
2870 4140 3105 4206 oramus,
3141 4151 3199 4193 ut
3225 4139 3410 4207 petitio
3456 4150 3639 4196 nostra
3686 4142 3745 4196 in

2158 4229 2497 4285 tribulatione
2523 4228 2713 4285 diffusa
2747 4229 2852 4285 tuis
2882 4228 3102 4285 auribus
3123 4230 3535 4302 appmpinquet,
3562 4241 3617 4287 et
3647 4248 3743 4287 ne-

2156 4324 2463 4380 cessitatum
2517 4324 2816 4377 nostrérum
2844 4338 3032 4378 causas
3080 4322 3316 4378 insinuet
3349 4341 3362 4375 :
3396 4333 3487 4377 tua
3542 4326 3747 4393 quippe

2157 4415 2368 4471 hbuitas
2398 4417 2726 4484 singulorum
2758 4414 3003 4483 precibus
3034 4429 3249 4485 semper
3298 4414 3456 4481 adsit,
3507 4424 3566 4470 ut
3608 4415 3757 4472 libe-.

468 4531 640 4587 dicate
653 4530 793 4602 quod
803 4530 945 4586 dico.
958 4528 1113 4585 Calix
1125 4528 1536 4595 benedictidnis,
1562 4528 1648 4583 cui
1661 4526 2044 4591 benedicimus,

2160 4522 2276 4562 res:
2306 4518 2359 4561 et
2385 4506 2583 4576 eréptis
2610 4508 2761 4563 nobis
2794 4506 2966 4562 tribue
2999 4506 3255 4572 desiderii
3283 4507 3537 4565 ardorem
3570 4508 3637 4564 ad
3690 4518 3752 4565 te

468 4638 644 4678 nonne
671 4620 1087 4677 communicatio
1118 4619 1394 4690 sanguinis
1424 4618 1623 4673 Christi
1645 4618 1771 4672 est?
1796 4626 1848 4673 et
1876 4617 2050 4687 panis,

470 4730 628 4785 quem
653 4713 968 4784 frangimus,
1000 4725 1178 4767 nonne
1210 4708 1548 4780 participatio
1570 4709 1811 4778 corporis
1839 4708 2054 4772 Domini

468 4809 583 4865 est?
613 4806 876 4875 Quoniam
900 4819 1035 4858 unus
1063 4802 1237 4873 panis,
1269 4816 1432 4855 unum
1453 4814 1649 4869 corpus
1670 4799 1824 4854 multi
1844 4815 2052 4870 sumus,

471 4917 595 4959 nam
633 4912 824 4954 omnes
851 4896 918 4952 de
939 4910 1046 4950 uno
1078 4907 1232 4964 pane,
1264 4900 1319 4948 et
1347 4891 1415 4947 de
1440 4907 1547 4947 uno
1575 4890 1743 4946 calice
1762 4892 2054 4961 participa-

473 5007 611 5045 tnns.
649 4988 835 5043 Videte
874 4985 1036 5042 lsraél
1075 4983 1371 5040 secundum
1410 4997 1627 5038 carnem
1671 4999 1685 5035 :
1739 4997 1917 5039 nonne
1965 4983 2056 5053 qui

470 5084 637 5138 edunt
658 5078 888 5145 hostias,
922 5077 1205 5148 participes
1226 5083 1352 5131 sunt
1372 5074 1589 5129 altéris?
1619 5073 1754 5142 Quid
1783 5075 1951 5143 ergo?
1971 5074 2055 5128 di-

473 5189 538 5229 co
566 5171 704 5243 quod
720 5169 875 5226 iddlis
891 5169 1219 5224 immolétum
1235 5166 1550 5236 sitaliquid?
1581 5174 1675 5221 aut
1690 5164 1833 5235 quod
1854 5164 2055 5219 iddlum

473 5265 540 5320 sit
554 5262 751 5335 aliquid
765 5261 788 5315 ‘l
804 5261 912 5317 Sed
936 5273 1055 5330 quae
1069 5258 1345 5313 immolant
1363 5257 1581 5321 Gentes,
1606 5255 1944 5312 daemonibus
1958 5255 2049 5311 im-

477 5358 699 5419 molant,
716 5366 769 5412 et
784 5369 890 5410 non
912 5350 1182 5407 Deo.Nolo
1193 5361 1370 5406 autem
1385 5364 1478 5405 vos
1506 5348 1684 5404 socios
1706 5348 1821 5404 ﬁeri
1846 5346 2059 5403 (ιωωο-

477 5451 686 5505 nidrum
701 5465 716 5503 :
735 5462 841 5503 non
855 5444 1077 5517 potestis
1094 5441 1756 5513 calicengomini'hibere,
1770 5439 2058 5506 etcalicem

476 5539 868 5596 dtemonidrum
898 5556 912 5592 :
937 5552 1043 5593 non
1073 5533 1296 5606 potestis
1322 5548 1520 5590 mensa:
1543 5532 1752 5589 Domini
1774 5531 2060 5603 participes

476 5639 677 5699 esse,et
693 5644 890 5686 mensa:
901 5627 1289 5686 daemoniorum
1299 5665 1314 5681 .
1328 5625 1409 5681 An
1422 5626 1733 5681 mmulémur
1746 5624 2058 5681 Dominum?

479 5722 746 5794 Numquid
787 5722 1036 5779 fortiores
1081 5720 1172 5776 illo
1211 5719 1435 5777 sumus?
1461 5719 1645 5774 Omnia
1693 5719 1826 5774 mihi
1875 5718 2036 5774 licent

478 5817 574 5875 scd
602 5833 709 5876 non
740 5816 917 5875 omnia
946 5815 1228 5874 aediﬁcant.
1257 5814 1426 5874 Nemo
1454 5812 1595 5886 quod
1618 5827 1773 5872 suum
1805 5822 1887 5872 est
1914 5828 2057 5885 qua:-

2156 4600 2493 4670 perténderc,
2517 4611 2569 4655 et
2592 4601 2842 4653 nnilarem
2875 4598 3029 4653 trinae
3050 4598 3345 4668 majestétis
3379 4599 3579 4655 devote
3616 4615 3757 4655 con-

2156 4694 2393 4750 curditér
2424 4695 2729 4761 clamitAre;
2761 4703 2836 4759 ut,
2888 4692 2994 4748 tuis
3020 4708 3232 4764 semper
3260 4692 3511 4750 laudibus
3552 4694 3753 4760 dediti,

2159 4787 2367 4842 tuarum
2392 4784 2830 4855 justilicatidnum
2861 4784 3129 4839 tramitem
3160 4784 3404 4839 adsecuti
3436 4785 3487 4840 in
3517 4794 3570 4840 te
3596 4800 3751 4854 qua:-

2156 4892 2343 4934 sumus
2371 4874 2711 4931 exultatidnis
2739 4874 3077 4942 ornamenta,
3110 4884 3165 4931 et
3188 4876 3304 4946 spei
3334 4874 3569 4930 remedia
3603 4882 3656 4929 et
3682 4875 3753 4929 ii-

2157 4970 2245 5026 dei
2275 4968 2621 5040 adquiramus
2649 4969 2922 5023 coronam.
2968 4968 3004 5033 ιῆ
3027 5007 3043 5022 .
3075 4968 3267 5022 Amen.
3301 4964 3405 5021 Per
3434 4964 3752 5020 misericor-

2158 5063 2299 5117 diam
2350 5072 2493 5115 tuam
2544 5060 2682 5116 Deus
2727 5070 2932 5126 noster,
2982 5068 3088 5114 etc.
3122 5058 3379 5113 Dominus
3421 5058 3491 5112 sit
3526 5070 3755 5126 semper

2158 5152 2453 5208 Vobiscum.
2503 5152 2539 5222 [ἢ
2559 5191 2573 5206 .
2611 5154 2673 5206 Et
2703 5168 2821 5207 cum
2852 5151 3040 5221 spiritu
3072 5160 3181 5205 tuo.

2230 5248 2526 5317 Antiphona
2554 5248 2607 5301 ὅ.
2647 5247 2989 5319 Cognoscant
3014 5247 3213 5302 Gentes
3256 5245 3509 5316 quoniam
3543 5257 3762 5300 nomen

2160 5344 2257 5400 tibi
2285 5341 2539 5397 Dominus
2572 5360 2583 5395 :
2613 5352 2667 5395 tu
2698 5343 2844 5396 solus
2870 5341 3176 5397 Altissimus
3207 5353 3372 5409 super
3395 5351 3611 5392 omnem
3637 5344 3769 5392 ter-

2161 5453 2295 5494 ram.
2325 5436 2566 5490 Psalmus
2596 5450 2799 5490 Lxxxn.

2248 5531 2320 5600 ἡ.
2372 5527 2689 5599 Pr0pitillre,
2732 5526 2976 5594 Dumine,
3025 5523 3262 5596 peccatis
3291 5523 3491 5581 nostris
3522 5530 3771 5593 propter

2161 5637 2358 5679 nomen
2391 5633 2556 5675 tuum.
2592 5618 2657 5672 Ρ.
2689 5616 2986 5687 Nequando
3022 5617 3203 5671 dicant
3229 5616 3283 5671 in
3314 5614 3615 5674 Gentibus:
3642 5612 3774 5681 U‘bi

2162 5723 2243 5770 est
2262 5713 2402 5767 Deus
2417 5710 2644 5766 serum?
2664 5709 2695 5779 Ῡ
2720 5749 2735 5763 .
2761 5708 2965 5779 Adjuva
2984 5721 3099 5772 nos,
3121 5708 3261 5764 Deus
3274 5707 3521 5763 salutiris
3533 5714 3768 5773 noster:

2164 5817 2220 5868 et
2241 5804 2499 5881 prouidus
2529 5814 2644 5859 esto
2688 5801 2922 5872 peccatis
2968 5801 3188 5860 nostris.
3226 5800 3291 5859 Ρ.
3322 5798 3619 5870 Nequando
3652 5798 3781 5861 Ji---~
