4044 6382
254 368 353 429 157

1171 366 1236 425 ΙΝ
1274 364 1485 424 PRIMO
1526 363 1637 421 DIE
1674 361 2096 422 JEJUNIORUM
2133 361 2292 419 KAL.
2324 363 2608 420 JANUAR.

247 494 387 555 cant,
408 490 513 541 etc.
570 482 610 554 ᾗ
629 523 647 543 .
686 478 893 549 Gloria,
924 486 980 537 et
1001 478 1174 535 honor
1199 479 1369 543 Patri,
1402 486 1507 533 etc.
1540 473 1827 529 Reiterétur
1851 475 1902 535 Α
1930 485 2089 542 quem
2118 471 2358 528 cosléstia
2379 512 2395 538 ,
2429 479 2483 526 et
2506 480 2664 527 terra:
2691 468 2995 529 machinatu
3022 469 3223 531 virtute
3237 473 3520 534 continere

247 574 563 646 Propitiare,
590 573 839 629 Domine.

313 664 522 721 Preces.
562 663 645 722 Ad
673 673 725 721 te
746 661 1063 733 clamamus,
1091 661 1340 718 Domine.
1372 659 1440 715 P.
1474 658 1752 729 Miserere,
1781 667 1835 715 et

245 773 403 830 parce
423 756 621 830 populo
669 766 781 814 tuo.
819 759 855 825 7
878 796 893 813 .
926 754 1250 813 Sacerdotes
1297 754 1450 810 orate
1486 770 1501 807 :
1552 751 1834 807 ﬂectentes

245 848 417 920 genua
447 848 647 907 dicite:
694 848 763 905 P.
805 850 1089 908 Miserere.
1134 848 1169 918 ᾖ
1196 889 1209 901 .
1245 846 1467 918 ignosce
1521 844 1680 908 mala,
1712 856 1834 912 quae

247 942 545 1015 gessimus,
600 953 654 1000 et
713 953 830 1000 esto
881 942 1035 998 nobis
1092 939 1371 1010 propitius.
1428 935 1496 991 P.
1552 934 1830 990 Miserere.

259 1043 334 1111 ᾖ.
380 1039 633 1095 Aréntem
661 1046 857 1093 terram
885 1037 993 1107 jam
1043 1033 1271 1103 réspice,
1305 1043 1359 1087 et
1380 1029 1607 1085 imbrem
1648 1024 1834 1097 grotim

246 1136 443 1192 tribue.
470 1130 536 1188 P.
568 1130 843 1197 Miserere,
872 1137 928 1184 et
956 1141 1115 1197 parce
1145 1124 1343 1197 popqu
1372 1132 1486 1177 tuo.

313 1227 581 1299 Capitula.
615 1223 952 1295 Cognoseant
975 1219 1197 1287 Gentes,
1221 1217 1458 1281 Christe,
1476 1212 1617 1283 quod
1637 1228 1829 1269 nomen

247 1325 339 1381 tibi
370 1324 438 1379 sit
466 1321 750 1387 Dominus,
782 1333 878 1389 pro
900 1316 1093 1386 quibus
1134 1328 1194 1368 es
1241 1309 1483 1382 patibulo
1510 1306 1697 1362 Crucis
1738 1321 1833 1376 ap-

240 1417 440 1487 pén‘sus
486 1432 499 1469 :
544 1428 785 1486 quosque
812 1409 1042 1482 ignaviae
1074 1405 1375 1477 ignorantia
1400 1401 1572 1467 dedit,
1605 1399 1831 1456 sciéntia

240 1510 487 1566 resﬁtuat
513 1505 803 1572 conditori,
855 1511 911 1557 ut
957 1500 1059 1556 lidc
1082 1497 1429 1554 convertatur
1470 1491 1824 1559 conscientia,

241 1612 291 1658 et
322 1615 421 1671 spe
444 1600 690 1655 laetentur
719 1596 772 1651 iu
810 1593 1001 1665 gloria.

310 1693 468 1747 Pater
493 1697 693 1745 noster.
739 1689 773 1758 ᾗ
797 1726 813 1743 .
843 1690 887 1742 Α
917 1685 1056 1740 malo
1086 1697 1183 1739 nos
1211 1682 1401 1738 libera.
1451 1679 1549 1750 fol.
1576 1680 1665 1733 10.

312 1782 415 1837 Per
464 1779 889 1836 misericordiam
922 1786 1097 1843 tuam,
1129 1776 1271 1831 Deus
1302 1783 1507 1839 noster,
1534 1772 1623 1841 qui
1651 1785 1709 1826 es
1734 1768 1828 1825 be-

1931 565 2182 624 latemur.
2209 563 2462 621 Miserere
2503 563 2667 635 igitur
2702 562 2896 630 nostri,
2934 561 3185 632 Domine,
3214 564 3515 635 miserere;

1930 666 1986 714 et
2010 656 2242 728 peccatis
2273 656 2496 721 nostris,
2528 669 2623 725 pro
2653 653 2847 724 quibus
2873 662 2931 710 te
2955 656 3271 721 metuimus,
3302 672 3468 727 parce
3500 671 3521 714 :

1933 758 1990 805 ut
2017 749 2386 818 contemptum
2428 756 2669 802 nostrum
2700 746 2900 816 pietate
2927 744 3181 802 clementi
3212 748 3474 817 respicias
3499 790 3517 817 ,

1932 852 1984 899 et
2015 841 2046 898 ὁ
2074 841 2393 899 delictorum
2434 836 2725 909 obprdbrio
2763 836 2988 897 dextera
3030 852 3131 895 nos
3175 846 3279 894 tute
3306 837 3523 896 virtutis

1931 933 2151 1003 eripias.
2200 934 2237 999 ιῆ
2261 972 2273 985 .
2306 930 2502 986 Amen.

2002 1024 2106 1080 Per
2132 1022 2556 1080 misericordiam
2588 1032 2756 1091 tuam,
2787 1022 2928 1079 Deus
2956 1031 3162 1079 noster.

2004 1117 2263 1172 Dominus
2290 1118 2359 1172 sit
2387 1130 2603 1187 semper
2630 1116 2934 1173 vobiscum.
2983 1116 3022 1184 ἡ
3043 1156 3057 1171 .
3090 1116 3159 1171 Et
3184 1130 3327 1182 cum,
3356 1126 3464 1173 etc.

2002 1209 2303 1281 Antiphone
2347 1211 2405 1266 9.
2458 1210 2687 1266 Bénelae
2734 1207 2965 1267 Domine
3014 1209 3193 1275 bonis,
3250 1220 3307 1267 et
3360 1211 3522 1268 rectis

1931 1305 2113 1361 corde.
2146 1305 2385 1360 Psalmus
2406 1321 2597 1361 cxnv.

2004 1393 2206 1449 Oratio.
2260 1395 2509 1462 Bénelae,
2562 1394 2817 1467 Domine,
2868 1395 3027 1451 bonis
3057 1403 3111 1451 et
3154 1396 3318 1451 rectis
3357 1396 3525 1452 corde

1931 1484 2173 1556 regimen
2203 1485 2459 1541 salutaris
2490 1485 2765 1555 impende,
2795 1495 2954 1557 atque
2985 1486 3040 1542 in
3072 1497 3175 1543 tua:
3216 1486 3388 1557 plebis
3416 1501 3523 1542 cu-

1932 1576 2109 1632 stodia
2156 1590 2377 1647 semper
2418 1576 2601 1645 vigila,
2632 1584 2690 1631 et
2728 1577 3132 1648 malignantium
3180 1576 3386 1635 rabiem
3434 1578 3524 1634 tua

1930 1669 2149 1726 dextera
2179 1669 2416 1725 rel‘réna.
2463 1669 2501 1738 ri)
2523 1708 2537 1722 .
2572 1671 2770 1724 Amen.

2008 1763 2111 1819 Per
2136 1761 2560 1818 misericordiam
2594 1770 2759 1816 tuam.

243 1874 512 1939 nedictus,
535 1882 588 1929 et
617 1873 771 1938 vivis,
803 1880 858 1926 et
899 1837 1246 1938 otnnia'regis
1276 1868 1330 1921 in
1359 1837 1565 1921 saecula.
1595 1861 1826 1917 saeculo-
1860 1837 1907 1897 Β
2002 1860 2298 1929 Antiphona
2352 1860 2409 1915 ’5.
2455 1858 2651 1927 Speret
2700 1857 2866 1912 lsraél
2916 1856 2970 1911 in
3026 1855 3252 1911 Domino
3300 1871 3368 1913 ex
3420 1854 3527 1914 hoe

240 1980 385 2021 rum.
457 1965 533 2031 ιῖ.
589 1968 779 2018 Amen.
835 1961 1093 2016 Dominus
1137 1961 1210 2014 sit
1263 1972 1478 2024 semper
1525 1955 1828 2009 vobiscum.

255 2060 296 2127 ιῆ
318 2099 334 2115 .
366 2058 433 2113 Et
461 2072 583 2112 cum
618 2056 811 2125 spiritu
841 2062 950 2109 tuo.
997 2054 1031 2122 ᾖ
1059 2094 1072 2106 .
1099 2051 1155 2105 In
1184 2051 1400 2105 nomine
1424 2048 1635 2102 Domini
1664 2044 1834 2100 nostri

238 2150 373 2205 .lesu
398 2146 597 2203 Christi
626 2147 966 2214 perﬁciamus
987 2159 1105 2199 cum
1141 2158 1294 2213 pace.
1338 2143 1376 2210 ιῆ
1399 2181 1412 2195 .
1445 2142 1553 2195 Deo
1578 2139 1795 2208 gratias.

320 2238 431 2295 Isto
462 2240 642 2293 ordine
668 2238 916 2307 ﬁniantur
942 2236 1116 2303 Horw,
1141 2234 1394 2299 videlicet,
1428 2232 1624 2296 Tertia,
1649 2229 1830 2294 Sexta,

234 2336 288 2383 et
332 2328 491 2383 Nona
516 2329 577 2382 de
613 2328 788 2382 diebus
822 2328 1159 2399 jejuniérum,
1202 2325 1301 2378 hoc
1340 2334 1434 2391 est,
1478 2321 1831 2376 Kalendarum

233 2417 486 2477 Januarii
536 2419 698 2473 tribus
771 2419 947 2472 diébus
1021 2427 1138 2471 ante
1206 2415 1551 2485 Epiphaniam
1624 2411 1831 2466 Domini

235 2510 423 2578 quarta
441 2509 593 2578 feria,
616 2508 794 2578 quintd
824 2508 974 2575 feria,
1003 2507 1147 2561 θυαειὰ
1175 2506 1325 2575 féria,
1370 2513 1417 2557 et
1440 2503 1663 2557 sabbato
1691 2501 1828 2570 quod

238 2611 313 2664 est
363 2599 552 2671 Vigilia
578 2609 770 2655 sancta:
796 2597 1154 2664 Pentecdstes;
1200 2597 1361 2652 tribas
1389 2595 1562 2649 diébus
1589 2604 1710 2649 ante
1753 2597 1830 2664 [e-

239 2705 379 2748 stum
407 2692 572 2747 sancti
596 2690 877 2763 Cypriani:
897 2688 1253 2744 Kalendarum
1276 2687 1638 2742 Novémbrium
1666 2686 1827 2739 tribus

242 2788 418 2841 diibus
441 2795 560 2840 ante
588 2787 769 2855 festum
796 2784 960 2839 sancti
993 2782 1229 2848 Martini,
1271 2792 1318 2835 et
1344 2783 1397 2835 in
1419 2781 1583 2852 fe'riis,
1611 2796 1723 2850 qua:
1747 2780 1829 2832 in-

246 2882 326 2951 fra
347 2895 542 2934 annum
562 2886 679 2934 sunt
698 2886 881 2951 preter
901 2878 1039 2943 illas,
1066 2891 1180 2947 qua:
1200 2874 1593 2929 benedictionem
1616 2872 1823 2926 habent.

843 2969 924 3025 Ad
955 2969 1191 3026 Sextum.

422 3062 603 3117 Léctio
631 3061 748 3116 libri
784 3058 958 3116 Esaia:
986 3058 1259 3129 Pmphétw
1289 3057 1441 3131 (Cap.
1474 3061 1645 3127 χχχι).

327 3154 365 3223 ἡ
386 3191 401 3208 .
441 3153 555 3208 Deo
582 3152 802 3223 gratias.

315 3246 437 3301 llazc
461 3246 593 3301 dicit
637 3243 895 3298 Dominus
928 3261 941 3298 :
972 3242 1252 3310 Quomodo
1302 3241 1347 3297 si
1392 3244 1565 3313 rogiat
1596 3257 1698 3308 teo,
1776 3253 1831 3298 et

253 3334 455 3392 catulus
484 3336 657 3391 leonis
696 3350 859 3405 super
889 3334 1123 3404 prmdam
1154 3348 1329 3401 suam,
1378 3349 1498 3389 cum
1532 3333 1833 3389 occurrerit

259 3426 309 3482 ei
346 3408 624 3481 multitudo
654 3426 951 3496 pastorum,
999 3423 1029 3478 ὸ
1061 3438 1192 3479 voce
1217 3424 1403 3478 eerum
1433 3439 1537 3479 non
1568 3421 1828 3477 formida-

264 3513 360 3583 bit,
397 3526 451 3573 et
476 3517 505 3572 ὲ
533 3517 862 3573 multitudine
885 3517 1070 3571 eorum
1104 3530 1209 3568 non
1233 3514 1446 3583 pavebit
1466 3530 1480 3568 :
1502 3514 1580 3568 sic
1604 3513 1832 3569 descen-

265 3608 349 3665 det
374 3609 621 3667 Doutinus
648 3612 1004 3674 exercituum,
1032 3617 1091 3663 ut
1116 3607 1387 3678 pracliétur
1416 3623 1575 3677 super
1591 3618 1828 3661 montem

257 3702 397 3769 Sion,
429 3713 482 3758 et
504 3719 666 3773 super
691 3702 886 3759 collem
938 3702 1073 3769 eius.
1104 3704 1255 3757 Sicut
1282 3714 1408 3756 aves
1434 3700 1697 3765 volantes,
1753 3701 1832 3754 sic

257 3794 494 3863 proteget
518 3794 776 3849 Dominus
804 3795 1133 3848 exercituum
1158 3791 1514 3857 Hierosalem,
1546 3790 1831 3861 protegens

253 3895 307 3941 et
332 3887 585 3951 liberans,
619 3885 910 3950 transiens,
963 3886 1197 3939 salvans.
1244 3882 1648 3949 Convertimini,
1693 3883 1833 3938 sicut.

252 3977 303 4031 in
333 3977 651 4048 profundum
683 3977 1030 4033 recesserittis
1058 3976 1150 4031 lilii
1183 3976 1362 4031 lsraél.
1391 3973 1447 4029 In
1477 3975 1567 4031 die
1609 3974 1697 4029 illa
1738 3976 1832 4028 ah-

249 4071 395 4139 jiciet
423 4071 506 4126 vir
532 4071 672 4126 idola
700 4069 905 4140 argénti
936 4069 1041 4138 sui,
1069 4079 1125 4125 et
1150 4069 1296 4125 idola
1322 4070 1436 4124 auri
1468 4069 1571 4137 sui,
1598 4085 1715 4139 qua:
1758 4069 1826 4126 lé-

250 4172 433 4218 cet-ant
483 4163 636 4217 vobis
667 4177 856 4216 manus
886 4172 1074 4217 vestrae
1119 4162 1171 4215 in
1215 4163 1510 4231 peccatum.
1560 4160 1627 4216 Et
1676 4161 1834 4215 cadet

249 4254 417 4310 Assur
442 4254 495 4309 in
518 4254 698 4325 gladio
727 4269 834 4309 non
866 4252 986 4317 viri,
1018 4261 1073 4307 et
1098 4252 1308 4323 gladius
1341 4268 1447 4306 non
1479 4252 1709 4307 hominis
1739 4266 1832 4306 vo-

250 4347 387 4402 rabit
432 4362 578 4411 eum,
605 4356 657 4403 et
681 4345 853 4417 fugiet.
893 4361 996 4400 non
1028 4345 1059 4400 ἐι
1099 4345 1237 4401 faeie
1278 4344 1443 4416 gladii
1476 4362 1488 4395 τ
1529 4359 1582 4400 et
1605 4345 1831 4414 juvenes

249 4440 366 4511 ejus
414 4440 703 4510 vectigales
748 4447 925 4495 erunt.
978 4441 1040 4493 Et
1095 4438 1349 4495 fortitudo
1395 4438 1513 4510 ejus
1552 4438 1582 4493 ὸ
1626 4439 1831 4494 terrere

1932 1968 2075 2007 nunc
2104 1961 2155 2005 et
2195 1966 2363 2019 usque
2409 1951 2459 2005 in
2504 1951 2781 2007 saaculum.
2828 1948 3069 2004 Psalmtts
3107 1965 3269 2005 eux.
3314 1949 3388 2017 ιῆ.
3421 1949 3523 2005 Μί-

1933 2044 2117 2099 serere
2156 2044 2281 2112 quia
2314 2043 2452 2097 Deus
2480 2058 2560 2096 es.
2605 2042 2672 2095 P.
2726 2040 3026 2097 Misericors
3071 2040 3354 2105 miserere,
3399 2039 3527 2109 quia

1936 2135 2280 2205 peccavimus
2308 2135 2425 2188 tibi.
2473 2135 2504 2201 ᾗ
2530 2173 2545 2188 .
2577 2133 2658 2189 Ad
2691 2144 2744 2190 te
2775 2134 3017 2189 levamus
3047 2132 3233 2188 oculos
3281 2143 3521 2193 nostros,

1934 2228 2023 2299 qui
2057 2227 2265 2283 habitas
2295 2228 2346 2281 in
2376 2227 2546 2283 ctelis.
2581 2225 2649 2280 P.
2681 2226 3007 2282 Misericors.
3060 2226 3099 2295 1i)
3120 2265 3135 2280 .
3168 2225 3451 2281 Miserere.

2002 2318 2210 2375 Preces.
2241 2319 2324 2377 Ad
2371 2327 2423 2374 te
2467 2318 2788 2385 clamAmus,
2838 2318 3085 2373 Domine.
3134 2317 3204 2373 P.
3236 2318 3529 2374 Precamur

1932 2420 1987 2467 ut
2012 2412 2292 2468 exaudias.
2338 2412 2372 2480 Ῡ
2398 2450 2414 2465 .
2444 2411 2585 2465 Audi
2616 2425 2803 2466 vocem
2836 2410 3173 2480 supplicum,
3205 2418 3261 2465 et
3288 2410 3354 2465 da
3398 2413 3526 2466 vitae

1929 2502 2248 2558 remedium.
2282 2501 2348 2555 P.
2393 2502 2700 2557 Precautur.
2745 2501 2781 2569 Ῡ
2804 2539 2818 2555 .
2849 2501 3050 2557 Causas
3077 2502 3282 2573 peccati
3306 2502 3521 2572 amove,

1929 2605 1985 2652 et
2028 2596 2098 2651 da
2146 2596 2320 2651 locum
2365 2594 2559 2651 venite.
2611 2593 2680 2649 P.
2735 2594 3046 2650 Precamur.
3112 2595 3187 2660 Ῡ.
3246 2596 3321 2649 Da
3370 2595 3527 2650 nobis

1928 2688 2206 2755 auxilium,
2231 2690 2321 2758 qui
2345 2688 2487 2742 tollis
2513 2687 2829 2757 perieulum.
2856 2686 2922 2743 Ρ.
2943 2687 3252 2743 Ριθρὲιιιιιιδ.
3283 2688 3317 2756 Ῡ
3343 2728 3357 2743 .
3383 2667 3524 2743 Audi

1929 2780 2073 2836 Deus
2102 2781 2287 2837 viduas
2308 2822 2325 2847 ,
2356 2790 2412 2837 et
2441 2780 2809 2852 orphandrum
2858 2779 3187 2851 lachrymas.
3221 2778 3288 2833 P.
3318 2779 3516 2835 Preca-

1932 2888 2069 2929 anr.

2002 2964 2262 3036 Capitula.
2314 2965 2505 3021 Exolta
2555 2979 2724 3023 cornu
2771 2974 3048 3030 nostrum,
3098 2962 3347 3031 Domine,
3400 2963 3526 3020 lidei

1931 3059 2211 3114 catholicze
2283 3057 2512 3124 merito;
2562 3074 2632 3115 ne
2685 3057 2986 3114 maculetur
3041 3071 3196 3113 mens
3249 3056 3523 3126 superbiai

1856 3188 1904 3252 ϐ
1932 3150 2144 3216 merbo,
2176 3151 2505 3220 gressusque
2558 3159 2775 3206 nostros
2815 3165 2977 3219 super
3006 3149 3191 3204 mundi
3224 3148 3380 3217 hujus
3405 3148 3526 3202 lati-

1938 3242 2122 3296 tudine
2168 3242 2343 3297 tribue
2391 3243 2670 3297 ambulare
2714 3258 2730 3298 :
2785 3258 2851 3296 ne
2904 3242 3049 3296 noxii
3104 3241 3416 3295 incedamus
3467 3242 3522 3296 iu

1935 3332 2246 3401 compedes,
2277 3332 2372 3387 sed
2399 3332 2675 3388 humiliter
2703 3332 3009 3399 sentiendo,
3034 3332 3099 3385 ad
3131 3330 3519 3401 plenitudinem

1934 3425 2047 3494 spei
2080 3422 2232 3478 nobis
2261 3422 2537 3477 condones
2562 3424 2877 3492 properare.

2005 3515 2165 3571 Pater
2192 3524 2395 3581 noster,
2422 3525 2530 3571 etc.
2563 3517 2608 3569 A
2639 3515 2779 3570 malo
2805 3529 2902 3570 nos
2930 3514 3118 3571 libera.
3150 3514 3246 3585 fol.
3283 3514 3372 3570 l0.

2007 3606 2289 3673 Dominus,
2316 3614 2422 3662 etc.
2466 3606 2504 3674 ἢ
2526 3644 2543 3661 .
2574 3607 2640 3661 Et
2666 3620 2786 3662 cum
2819 3606 3043 3676 spiritu,
3075 3614 3180 3663 etc.
3216 3607 3271 3660 lu
3298 3604 3522 3662 nomine

1934 3699 2169 3763 Domini,
2202 3709 2309 3754 etc.

2008 3791 2321 3846 Benedictio.
2368 3794 2558 3857 Qua’rc
2584 3791 2640 3846 in
2671 3790 2854 3857 Sexta,
2888 3806 3002 3861 qua:
3029 3791 3220 3844 dicitur
3242 3807 3332 3863 per
3358 3800 3521 3846 totum

1934 3900 2147 3938 annunL

2560 3976 2640 4029 Ad
2666 3974 2894 4030 Nonum.

2207 4066 2595 4123 Proverbidrum
2628 4069 2924 4126 Salomonis
2954 4070 3108 4141 (Cap.
3140 4071 3241 4144 ιιι).

2019 4160 2055 4228 q
2081 4200 2094 4213 .
2114 4160 2239 4219 Deo
2270 4160 2492 4229 gratias.

2007 4226 2133 4318 Fili,
2165 4226 2295 4306 noli‘
2321 4252 2609 4322 prohibere
2656 4266 2779 4309 eum
2810 4256 2898 4322 qui
2931 4261 3108 4323 potest
3146 4253 3469 4312 benefacere

1933 4349 1978 4403 si
2006 4348 2171 4413 vales,
2202 4359 2257 4403 et
2282 4348 2396 4417 ipse
2424 4348 2671 4404 bénel’ac.
2711 4348 2791 4403 Ne
2816 4349 2966 4403 dicas
2992 4350 3168 4403 amico
3187 4358 3280 4405 tuo
3310 4368 3322 4403 :
3349 4350 3516 4416 Vade,

1932 4440 2227 4504 revertere,
2278 4448 2333 4494 et
2379 4439 2501 4494 cras
2547 4439 2687 4493 dabo
2739 4437 2833 4493 tibi
2882 4455 2895 4492 :
2942 4438 3065 4493 eum
3111 4440 3293 4493 statim
3347 4443 3519 4510 possis

248 4532 515 4598 transibit,
540 4540 594 4587 et
625 4528 891 4600 parebunt
920 4529 1184 4601 fugientes
1212 4530 1478 4601 principes
1515 4529 1633 4599 ejus
1660 4548 1673 4583 :
1702 4531 1828 4585 dicit
1858 4555 1907 4616 ι)
1933 4532 2087 4587 dare.
2120 4532 2235 4585 Non
2263 4530 2405 4585 enim
2452 4530 2558 4585 scis
2588 4530 2715 4600 quid
2750 4538 3136 4599 superventura
3170 4533 3343 4601 pariet
3378 4535 3515 4589 dies.

249 4624 537 4692 Dominus,
568 4628 718 4696 cujus
747 4626 884 4697 ignis
907 4636 989 4682 est
1016 4627 1069 4679 in
1094 4620 1246 4695 Sion,
1275 4635 1326 4681 et
1356 4626 1600 4681 caminus
1639 4626 1755 4695 ejus
1777 4627 1829 4681 in

246 4715 609 4775 llierosalem.
635 4720 772 4775 Ecce
801 4719 854 4773 in
879 4718 1085 4788 justitia
1131 4718 1375 4787 regtiabit
1402 4733 1519 4784 rex,
1552 4727 1605 4772 et
1634 4718 1832 4786 prim-i-

244 4824 341 4880 pes
391 4811 443 4865 in
493 4810 697 4883 judicio
731 4819 1021 4883 prmerunt.
1053 4811 1160 4882 73
1191 4812 1256 4865 Et
1286 4811 1387 4866 erit
1414 4812 1514 4879 vir,
1566 4810 1702 4866 sicut
1739 4811 1831 4881 qui

244 4899 596 4965 absconditur
620 4901 651 4955 ὲ
677 4911 857 4968 vento,
890 4912 945 4957 et
987 4901 1127 4957 celat
1155 4916 1215 4957 se
1257 4900 1288 4955 it
1316 4900 1650 4970 tempestate.
1685 4901 1834 4957 Sicut

245 4992 347 5047 rivi
378 4993 633 5063 aqudrum
658 4993 709 5050 in
736 4994 848 5060 siti,
880 5000 935 5048 et
961 4994 1149 5049 umbra
1183 5004 1346 5064 petrae
1376 4995 1736 5064 permanéntis
1775 4995 1830 5051 iu

245 5093 393 5142 terra
442 5086 679 5143 deserta.
731 5087 849 5143 Non
894 5087 1200 5157 caligabunt
1250 5087 1390 5143 oculi
1419 5086 1734 5152 videntium,
1779 5096 1835 5144 et

245 5177 409 5235 Aures
448 5177 779 5234 audientium
822 5178 1107 5249 diligenter
1175 5177 1574 5236 auscultabunt.
1624 5181 1693 5236 Et
1740 5196 1834 5237 cor

242 5269 536 5325 stultdrum
600 5268 865 5340 intelliget
901 5269 1202 5335 scientiam,
1242 5281 1296 5326 et
1328 5270 1506 5343 lingua
1552 5271 1831 5329 balborum

244 5358 514 5415 velociter
561 5359 809 5432 loquetur
851 5371 909 5417 et
936 5361 1112 5431 plano.
1143 5362 1258 5417 Non
1286 5363 1566 5420 vocabitur
1596 5368 1731 5419 ultra
1764 5367 1829 5434 is,

242 5452 335 5519 qui
362 5450 621 5521 insipiens
649 5461 750 5515 est,
778 5453 1046 5523 princeps,
1080 5468 1252 5524 neque
1266 5453 1636 5511 fraudulentus
1654 5458 1834 5525 appel-

245 5539 448 5596 labitur
475 5541 667 5611 major,
699 5544 775 5597 ait
825 5542 1083 5605 Dominus
1110 5543 1469 5615 omnipotens.
1518 5546 1593 5614 ii).
1636 5548 1830 5604 Amen.

316 5633 619 5705 Antiphone
648 5636 701 5691 Ι.
731 5635 884 5691 Oculi
913 5636 1083 5691 nostri
1110 5636 1176 5691 ad
1215 5635 1498 5706 Dominum
1526 5636 1694 5693 Deum
1736 5655 1835 5695 no-

244 5737 445 5792 stt-um,
476 5727 649 5784 donec
678 5726 999 5784 miseremur
1026 5728 1200 5784 nobis.
1241 5727 1477 5783 Protinus
1506 5745 1669 5785 cxxu.

325 5820 529 5875 Oratio.
560 5820 745 5890 Ad-te,
767 5820 1022 5891 Domine,
1055 5820 1242 5878 oculos
1290 5828 1503 5878 nostros
1542 5822 1796 5893 erigimus
1816 5865 1830 5889 ,

1932 4624 2009 4679 Ne
2035 4621 2272 4678 metiaris
2304 4622 2476 4676 amico
2507 4632 2597 4677 tuo
2640 4621 2862 4687 malum,
2892 4636 3013 4676 cum
3046 4622 3136 4678 ille
3165 4623 3215 4677 in
3246 4630 3301 4679 te
3323 4623 3521 4681 habeat

1932 4717 2205 4772 ﬁduciam.
2237 4714 2317 4771 Ne
2363 4714 2662 4771 contendas
2692 4713 2945 4769 adversus
2978 4714 3251 4768 hominem
3296 4716 3515 4781 trustra,

1932 4812 2053 4865 cum
2084 4809 2199 4876 ipse
2244 4808 2341 4862 tibi
2374 4806 2503 4862 nihil
2538 4804 2891 4861 malel'écerit.
2923 4806 3001 4861 Ne
3029 4806 3296 4862 aemuléris
3341 4807 3519 4863 homi-

1933 4916 2055 4956 nem
2085 4898 2366 4969 injostum,
2396 4912 2496 4953 nec
2522 4895 2750 4952 imiteris
2779 4897 2893 4953 vias
2920 4897 3034 4968 ejus
3064 4916 3078 4952 :
3110 4899 3234 4967 quia
3301 4899 3515 4955 abomi-

1933 4993 2079 5047 natio
2104 5000 2187 5048 est
2216 4989 2428 5045 Domini
2471 4990 2647 5044 omnis
2676 4989 2898 5056 inlusor,
2930 5000 2985 5046 et
3012 5006 3133 5047 eum
3182 4992 3516 5062 simplicibus

1931 5081 2312 5138 sermocinatio
2339 5080 2477 5150 ejus.
2506 5078 2728 5149 Egestas
2757 5080 2787 5135 :‘a
2821 5081 3050 5137 Domino
3081 5084 3132 5138 in
3165 5082 3383 5139 domum
3410 5083 3514 5137 im-

1932 5174 2027 5244 pii,
2062 5172 2401 5230 tabernacula
2449 5179 2632 5227 autem
2660 5169 2929 5241 iustorum
2987 5175 3385 5230 benedicentur.
3433 5175 3519 5229 ln-

1935 5264 2143 5321 lusores
2169 5265 2284 5336 ipse
2312 5262 2535 5331 inludet,
2584 5271 2641 5318 et
2670 5263 2963 5321 mansuetis
2991 5265 3084 5321 dat
3125 5265 3376 5336 gratiam.
3437 5265 3517 5337 ἡ.

1934 5363 2128 5414 Amen.
2834 5348 2847 5354 ’

2146 5448 2320 5504 Lectio
2348 5449 2465 5505 libri
2493 5448 2670 5505 Exodi
2699 5449 2851 5524 (Cap.
2884 5467 3051 5517 xxx",
3087 5451 3304 5523 xum).

2018 5548 2058 5615 ἡ
2079 5590 2093 5603 .
2125 5550 2236 5607 Deo
2263 5547 2488 5620 gratias.

2005 5638 2065 5694 ln
2092 5640 2281 5696 diebus
2311 5638 2454 5693 illis:
2485 5634 2720 5690 Locutus
2746 5641 2830 5689 est
2859 5634 3071 5704 Moyses
3096 5634 3221 5693 aliis
3248 5636 3409 5692 lsraél
3430 5636 3517 5694 di-

1934 5746 2099 5789 cens:
2132 5730 2400 5788 Peccastis
2428 5727 2709 5797 peccatum
2740 5725 3035 5782 maximum
3074 5745 3088 5783 :
3122 5728 3408 5786 ascendam
3449 5730 3517 5783 ad

1938 5825 2238 5894 Dominum,
2280 5828 2328 5887 si
2357 5819 2653 5895 quomodo,
2692 5833 2849 5897 (eum,
2895 5822 3136 5895 quivere,
3186 5820 3518 5889 deprecabor
