4044 6382
506 354 611 413 ίῦῦ

1730 338 2159 401 BREVIARIUM
2197 333 2575 395 GOTHICUM'

3669 332 3777 392 160

502 484 603 541 pro
633 464 840 525 sedlere
870 471 1069 521 vestro.
1100 462 1478 533 Reversosque
1506 460 1573 518 ad
1606 460 1910 524 Dominum,
1953 458 2029 515 ait
2058 472 2073 511 :
2103 456 2158 521 Α
2180 460 2419 510 nostrum
2436 449 2715 507 dilatitum
2735 448 2976 541 est.‘Non
2999 449 3373 522 angustiaminl
3395 448 3453 508 in
3475 447 3773 509 nobi'szan-

501 559 762 626 Obsecro,
796 555 1042 621 Domine,
1102 555 1341 624 peccovit
1391 552 1616 625 populus
1646 553 1749 608 iste
1797 551 2077 623 peccAtum

500 648 819 715 maximum,
847 647 1196 716 fecernntque
1216 645 1319 701 sibi
1341 646 1471 701 deos
1500 644 1695 700 aureos
1721 662 1733 697 :
1759 652 1852 699 aut
1875 641 2081 697 dimitte

500 742 581 797 eis
607 738 749 795 hanc
778 752 996 804 noxam,
1028 748 1120 792 aut
1149 738 1193 791 si
1227 752 1336 791 non
1385 736 1537 802 iacis,
1568 735 1689 791 delc
1719 749 1804 790 me
1834 734 1901 789 de
1943 733 2080 788 libro

500 838 617 897 tuo,
646 830 1119 901 quem-scripsisti.
1149 827 1246 883 Cui
1295 827 1575 897 respondit
1626 826 1880 881 Dominus
1913 842 1928 880 :
1978 824 2079 891 Qui

499 920 804 990 peccaverit
826 918 980 986 mihi;
1006 907 1197 974 deléb'o
1223 934 1345 973 eum
1369 919 1435 973 de
1462 918 1598 972 libro
1629 933 1749 974 meo
1776 934 1791 971 :
1822 925 1876 971 tu
1901 924 2078 972 autem

500 1010 658 1078 vade,
689 1020 744 1065 et
769 1010 872 1066 duc
902 1010 1155 1080 populum
1185 1010 1343 1065 istum
1386 1010 1491 1079 quo
1523 1010 1733 1065 locutus
1773 1024 1889 1065 sum
1933 1008 2030 1064 tibi
2062 1027 2074 1063 :

500 1102 739 1172 An’gelus
762 1116 913 1157 meus
943 1102 1209 1171 prmcédet
1238 1111 1311 1157 te.
1345 1102 1455 1172 Ego
1484 1110 1663 1156 autem
1705 1102 1757 1155 in
1788 1100 1877 1156 die
1919 1094 2081 1156 nl'tio-

499 1194 589 1249 nis
607 1192 834 1248 visitabo
862 1202 917 1248 et
946 1194 1048 1249 hoc
1076 1193 1350 1264 peccitum
1386 1193 1594 1249 ecrum.
1640 1192 1914 1248 Percﬁssit
1948 1206 2079 1263 ergo

499 1283 758 1340 Dominus
808 1284 1064 1355 populum
1114 1299 1214 1358 pro
1261 1285 1413 1341 reatu
1461 1283 1634 1353 vituli,
1665 1298 1825 1355 quem
1874 1274 2079 1340 fecerat

498 1378 699 1433 Aaron.

570 1487 911 1559 Locutﬁsque
964 1498 1048 1545 est
1102 1488 1357 1544 Dominus
1412 1488 1481 1544 ad
1546 1486 1768 1559 Moysen
1820 1505 1835 1540 :
1889 1485 2076 1552 Vade,

496 1580 728 1637 ascende
780 1583 849 1637 de
895 1581 1016 1637 loco
1063 1582 1166 1636 isto
1209 1590 1284 1647 tu,
1336 1591 1392 1636 et
1438 1580 1671 1650 populus
1720 1590 1863 1647 tuus,
1916 1594 2078 1650 quem

496 1671 729 1727 eduxisti
760 1671 827 1727 de
872 1682 1011 1727 terra
1057 1671 1295 1743 Egypti,
1349 1673 1405 1726 in
1452 1680 1675 1739 terram,
1720 1683 1877 1741 quam
1901 1670 2079 1742 juravi

498 1766 787 1830 Abraham,
819 1764 967 1821 isaac
995 1775 1049 1822 et
1073 1765 1260 1829 Jacob,
1293 1765 1478 1821 dicens
1516 1779 1532 1819 :
1562 1763 1766 1819 Sémini
1812 1773 1903 1818 tuo
1938 1762 2078 1819 dabo

2179 542 2486 615 gustiamini
2508 546 2688 599 autem
2707 543 2760 598 in
2776 536 3074 599 viscéribus
3084 544 3279 599 vestris
3298 542 3571 601 :camdent
3590 554 3771 602 autem

2182 635 2440 692 habéntes
2457 634 2961 702 remunerationem,
2980 634 3246 705 tamquam
3269 634 3395 691 ﬁliis
3410 633 3551 702 dico,
3572 636 3771 693 dilata-

2180 727 2381 783 miniet
2400 742 2515 783 vos.
2549 729 2615 782 Et
2643 726 2812 787 nolite
2835 726 3019 797 jugum
3051 726 3249 785 docere
3278 740 3400 784 cum
3440 726 3766 783 inﬁdelibus.

2180 821 2314 890 Quae
2341 823 2482 877 enim
2511 820 2850 891 participatio
2892 821 3116 891 justititc
3145 836 3266 877 cum
3296 821 3617 893 iniquitate?
3662 823 3771 879 Aut

2180 928 2299 983 qua:
2337 912 2568 968 societas
2596 913 2729 968 lucis
2752 912 2819 968 ad
2848 912 3131 969 tenebras?
3162 913 3290 982 Quae
3308 914 3449 971 enim
3478 914 3769 971 convéntio

2180 1002 2378 1057 Christi
2411 1002 2479 1057 ad
2521 1002 2713 1057 Belial?
2743 1002 2851 1058 Aut
2877 1018 2996 1074 qua:
3026 1016 3149 1075 pars
3180 1004 3322 1061 ﬁdéli
3360 1020 3483 1060 cum
3526 1005 3771 1063 inﬁdeli?

2180 1094 2279 1162 Qui
2296 1106 2472 1151 autem
2487 1095 2781 1151 consénsus
2796 1097 2993 1166 templo
3018 1097 3111 1152 Dei
3133 1111 3254 1152 cum
3279 1097 3471 1153 idolis?
3494 1098 3601 1155 Vos
3621 1102 3768 1157 enim

2180 1187 2309 1242 estis
2332 1187 2583 1256 templum
2608 1185 2702 1243 Dei
2726 1186 2855 1253 vivi,
2880 1187 3019 1243 sient
3038 1188 3171 1243 dicit
3192 1188 3481 1248 Dominus:
3502 1190 3771 1258 Quoniam

2176 1266 2435 1335 'habitiibo
2466 1281 2517 1336 in
2547 1280 2676 1351 illis,
2706 1289 2761 1337 et
2790 1280 2932 1337 inter
2958 1295 3053 1336 eos
3096 1281 3402 1350 ambulabo,
3433 1292 3489 1339 et
3516 1299 3611 1340 ero
3648 1286 3773 1342 illo—

2180 1388 2297 1428 rum
2330 1374 2491 1441 Deus,
2522 1382 2576 1429 et
2601 1375 2704 1444 ipsi
2730 1382 2890 1429 erunt
2919 1373 3049 1429 mihi
3082 1374 3329 1444 populus.
3379 1375 3605 1446 Propter
3624 1380 3771 1449 quod

2181 1462 2323 1520 exite
2350 1465 2419 1520 de
2447 1464 2623 1520 médio
2649 1465 2858 1531 eorum,
2888 1475 2941 1520 et
2972 1466 3319 1533 separantini,
3347 1466 3478 1522 dicit
3506 1468 3772 1527 Dominus

2185 1558 2559 1628 Omnipotens,
2591 1566 2646 1614 et
2673 1558 3008 1613 immt’mdum
3038 1574 3106 1614 ne
3134 1558 3416 1629 tetigéritis
3441 1577 3454 1613 :
3484 1572 3537 1617 et
3566 1576 3667 1633 ego
3688 1578 3773 1618 re-

2180 1650 2372 1722 cipiam
2404 1666 2501 1705 vos
2546 1662 2646 1707 :et
2693 1666 2789 1707 ero
2820 1652 2970 1706 vobis
2996 1652 3049 1707 in
3102 1664 3328 1721 patrem,
3373 1660 3431 1708 et
3474 1669 3567 1710 vos
3611 1656 3766 1711 eritis

2182 1742 2313 1797 mihi
2358 1742 2413 1796 in
2446 1741 2606 1806 ﬁlios,
2636 1751 2692 1797 et
2719 1740 2773 1796 in
2806 1742 2965 1809 tilias,
2998 1728 3131 1797 dicit
3164 1741 3444 1799 Dominus.
3479 1745 3582 1799 llas
3604 1746 3767 1816 igitur

498 1867 719 1925 terram,
745 1816 798 1914 et
825 1862 1031 1914 mittant
1059 1816 1446 1929 prtecurSOrem
1480 1859 1554 1913 tui
1589 1856 1874 1928 Angelum,
1898 1856 2077 1928 uteji-
2108 1816 2156 1876 Β
2183 1832 2879 1929 δβδέηῑθ-ε-Ρτοεηίεδίρηεει
2926 1834 3255 1929 οιδίξτίδδίῖηίρ
3276 1926 3286 1929 Α
3310 1837 3641 1929 ωυνηάέηιυδγ
3668 1855 3770 1895 ιιοε

494 1953 631 2008 ciam
679 1952 1062 2019 Chanauaaum,
1114 1952 1419 2018 Hetlneum,
1474 1960 1531 2007 et
1589 1950 1983 2015 Amorrhteum,
2025 1957 2081 2006 et

491 2044 788 2109 Cethzeum,
812 2056 867 2101 et
894 2045 1265 2111 Pherezzeum,
1288 2053 1342 2098 et
1366 2043 1646 2110 lievteum,
1671 2051 1724 2097 et
1745 2042 2077 2106 Jebuzzeum,

491 2146 548 2194 et
593 2139 794 2193 intrent
830 2139 884 2192 in
928 2147 1124 2193 terram
1156 2136 1409 2192 ﬂuentem
1457 2136 1595 2191 lacte
1634 2144 1690 2191 et
1736 2135 1915 2189 melle.
1960 2133 2076 2189 Non

491 2228 635 2282 enim
686 2227 971 2284 ascendam
1004 2237 1205 2294 tecum,
1234 2226 1361 2297 quia
1410 2224 1637 2296 populus
1665 2225 1812 2281 dura)
1855 2225 2077 2281 cervicis

492 2335 552 2376 es
585 2338 599 2373 :
650 2335 717 2375 nc
746 2320 883 2376 forte
912 2320 1219 2390 dispérdam
1273 2329 1325 2374 te
1366 2317 1421 2374 in
1448 2318 1554 2376 via.
1607 2318 1950 2389 Andiénsque
1981 2318 2078 2389 po-

496 2413 650 2479 pulus
677 2414 976 2469 sermonem
1002 2412 1110 2484 74
1135 2412 1277 2467 hunc
1303 2410 1618 2481 péssimum,
1650 2410 1825 2465 luxit:
1856 2420 1911 2466 et
1958 2410 2078 2465 nul-

496 2507 579 2561 lus
606 2521 675 2562 ex
710 2522 859 2562 more
888 2505 1104 2561 indotus
1142 2514 1225 2561 est
1251 2506 1397 2561 cultu
1446 2519 1562 2559 suo.
1597 2504 1847 2573 Dixitque
1896 2503 2078 2558 Domi-

495 2613 596 2653 nus
620 2598 686 2653 ad
713 2598 932 2670 Moysen
961 2617 972 2652 :
999 2599 1244 2670 Loquere
1271 2600 1393 2654 ﬁliis
1422 2599 1585 2655 lsraél
1617 2616 1630 2653 :
1664 2599 1905 2669 Populus
1929 2599 2078 2653 dum

493 2692 719 2747 cervicis
742 2706 823 2757 es,
855 2692 1022 2747 semel
1052 2691 1341 2748 ascendam
1368 2691 1421 2746 in
1467 2691 1644 2746 medio
1674 2692 1771 2758 tui,
1802 2700 1856 2747 et
1883 2688 2077 2745 delebo

494 2793 566 2840 te.
595 2784 712 2841 Jatn
758 2800 902 2841 nunc
926 2787 1133 2858 depone
1181 2785 1560 2842 ornamentum
1595 2795 1766 2852 tuum,
1819 2794 1879 2839 ut
1909 2785 2074 2839 sciant

491 2876 618 2948 quid
646 2876 836 2932 faciam
875 2877 991 2933 tibi.
1025 2876 1397 2946 Deposuérunt
1423 2892 1550 2945 ergo
1581 2876 1675 2930 ﬁlii
1711 2874 1878 2931 lsraél
1906 2890 2073 2931 orna-

492 2968 732 3025 méntum
764 2985 921 3024 suum
970 2969 999 3023 ὲ
1029 2980 1211 3024 monte
1241 2969 1440 3024 lloreb.
1475 2969 1689 3039 Moyses
1717 2985 1928 3039 quoque
1968 2969 2074 3023 tol-

500 3063 615 3119 lens
646 3064 1066 3132 tabernaculum,
1094 3064 1317 3119 tetendit
1339 3073 1490 3117 extra
1521 3074 1696 3117 castra
1729 3062 1938 3132 procul,
1972 3077 2069 3117 vo-

2180 1924 2249 1979 ab
2277 1924 2421 1980 omni
2446 1924 2849 1994 inquinamento
2878 1924 3057 1980 carnis
3082 1934 3136 1980 et
3159 1926 3402 1995 spiritos,
3429 1928 3773 1998 perﬁciéntes

2180 2018 2665 2076 sanctiﬁcationem
2697 2019 2751 2074 in
2782 2018 2977 2075 timOre
3004 2018 3119 2079 Dei.
3167 2020 3205 2088 ri
3227 2060 3251 2087 ,κ
3273 2021 3468 2077 Amen.

2251 2132 2546 2204 Antiphona
2598 2133 2649 2187 1.
2683 2132 2873 2188 Omnia
2904 2134 3261 2204 quacomque
3289 2134 3463 2192 voluit
3510 2134 3771 2191 Dominus

2180 2223 2307 2282 fecit
2332 2226 2383 2280 in
2400 2226 2560 2292 coelo,
2590 2233 2646 2284 et
2672 2226 2724 2281 in
2754 2232 2920 2290 terra,
2948 2226 3001 2279 in
3034 2226 3191 2288 mari,
3220 2235 3274 2279 et
3305 2226 3359 2280 in
3386 2226 3618 2296 abyssis,
3639 2228 3772 2283 edd-

2180 2329 2308 2372 cens
2335 2315 2503 2371 nubes
2526 2316 2594 2370 ab
2621 2314 2866 2371 extromo
2898 2322 3075 2371 terrae.
3110 2313 3354 2369 Psalmus
3384 2330 3611 2371 cxxxtv.

2255 2429 2457 2484 Oratio.
2507 2429 2753 2496 Domine,
2806 2426 2897 2497 qui
2929 2428 3165 2482 edocens
3214 2428 3383 2482 nubes
3412 2427 3480 2482 ab
3524 2428 3772 2484 extremo

2182 2530 2374 2587 tet-rte;
2407 2521 2595 2575 orbem
2622 2519 2934 2575 universum
2964 2517 3167 2573 sanctis
3188 2516 3408 2586 replesti
3432 2517 3767 2585 doctoribus,

2181 2612 2388 2683 iolgura
2417 2610 2468 2666 in
2500 2611 2737 2681 pluviam
2768 2609 3028 2666 converte
3050 2608 3379 2676 misericors,
3400 2617 3459 2663 ut
3486 2608 3772 2679 praeceptis

2181 2703 2307 2768 tuis,
2338 2703 2530 2774 quibus
2555 2702 2782 2757 famulos
2814 2710 2953 2768 tuos,
2992 2710 3050 2755 ut
3076 2700 3343 2770 corrigas,
3374 2710 3569 2766 terres,
3593 2699 3771 2756 bene-

2178 2796 2409 2853 dicéndo
2455 2796 2691 2865 reﬁcias,
2727 2795 2925 2867 tuoque
2966 2792 3198 2865 replotos
3225 2793 3401 2867 gratia
3434 2793 3652 2850 uberius
3677 2794 3773 2863 bc-~~

2180 2891 2417 2949 nedicas.
2464 2893 2502 2961 ιῆ
2524 2931 2539 2945 .
2576 2896 2769 2947 Amen.

2250 2985 2354 3041 Per
2382 2983 2805 3041 misericordiam
2838 2992 3007 3039 tuam.
3036 2985 3181 3040 Deus
3210 2991 3418 3053 noster,
3445 2992 3533 3041 etc

2252 3073 2513 3130 Dominus
2538 3073 2608 3128 sit
2637 3087 2871 3144 semper,
2904 3083 3016 3130 etc.
3059 3073 3097 3143 ti
3120 3116 3135 3131 .
3167 3074 3234 3128 Et
3260 3088 3407 3143 cum,
3438 3082 3546 3129 etc.

492 3156 740 3228 cavitque
784 3172 983 3214 nomen
1033 3159 1170 3228 ejus,
1224 3154 1653 3211 Tabernaculum
1682 3152 1919 3212 foederis.
1993 3155 2068 3223 ιῆ.

2251 3188 2548 3259 Antiphona
2567 3186 2623 3242 2.
2642 3186 2772 3254 Quis
2795 3187 2938 3243 Deus
2965 3201 3188 3257 magnus
3217 3186 3357 3242 sicut
3380 3186 3523 3242 Deus
3550 3190 3773 3242 noster?

486 3251 679 3305 Amen;

667 3360 841 3417 Léctio
873 3360 991 3415 libri
1022 3360 1190 3417 Esaiae
1216 3360 1488 3433 PrOpIte/w
1520 3360 1678 3434 (Cap.
1725 3363 1893 3431 XLVI).

574 3473 614 3540 ἢ
636 3512 651 3527 .
684 3473 795 3527 Deo
823 3473 1047 3542 gratias.

562 3584 687 3639 Hinc
714 3585 841 3639 dicit
874 3585 1133 3641 Dominus
1160 3604 1171 3640 :
1208 3588 1399 3642 Audite
1432 3604 1538 3657 mc,
1572 3603 1763 3644 domus
1786 3589 1977 3657 Jacob,
2023 3599 2077 3647 et

488 3693 651 3734 omne
693 3678 968 3735 residuum
999 3680 1190 3737 domas
1220 3681 1407 3750 Isruél,
1437 3684 1526 3753 qui
1555 3682 1843 3753 portamini
1893 3683 1921 3738 it
1955 3698 2077 3741 meo

489 3770 674 3834 t'ttero,
706 3772 795 3842 qui
825 3771 1111 3843 gestamini
1142 3771 1172 3827 ὲ
1219 3788 1335 3828 mea
1368 3773 1545 3829 vulva.
1599 3774 1777 3845 Usque
1804 3774 1871 3829 ad
1904 3774 2074 3831 sené-

491 3872 632 3918 ctam
661 3878 759 3933 ego
790 3865 923 3933 ipse,
959 3873 1014 3918 et
1046 3879 1213 3934 usque
1241 3865 1308 3919 ad
1347 3879 1510 3920 canos
1550 3881 1651 3938 ego
1682 3866 1903 3935 porthbo
1932 3884 1943 3920 :
1976 3880 2074 3937 ego

492 3955 618 4019 feci,
650 3963 704 4010 et
733 3970 834 4025 ego
866 3957 1028 4011 feram
1060 3973 1073 4009 :
1105 3972 1206 4028 cgo
1232 3957 1481 4028 portiibo,
1511 3968 1567 4012 et
1593 3958 1831 4013 salvao.
1866 3958 1960 4015 Cui
1989 3974 2076 4013 as-

490 4050 768 4105 similastis
794 4066 899 4112 me.
933 4060 987 4107 et
1016 4052 1291 4121 :cquostis,
1320 4060 1373 4107 et
1405 4052 1759 4121 comparastis
1793 4067 1901 4120 me,
1924 4062 1978 4109 et
1998 4052 2076 4107 fe-

490 4142 640 4198 cisds
669 4144 937 4199 similem?
964 4144 1064 4211 Qui
1094 4144 1352 4201 confertis
1401 4144 1587 4198 aurum
1632 4146 1700 4199 de
1738 4144 1977 4211 sacculo,
2020 4153 2074 4199 et

482 4218 772 4307 'argéntum
828 4236 1028 4293 statera
1082 4235 1392 4306 ponderétis
1443 4254 1457 4289 :
1517 4234 1877 4293 conducéntes
1943 4235 2075 4289 arti-

493 4330 667 4396 ﬁcem,
718 4339 775 4384 ut
826 4331 989 4386 faciat
1036 4331 1195 4385 deum
1241 4347 1254 4386 :
1307 4342 1359 4385 et
1409 4327 1768 4397 procidéntes,
1815 4327 2068 4383 adoratis.

492 4422 714 4478 Portant
743 4423 892 4478 illum
922 4425 975 4478 in
1007 4423 1248 4479 homeris
1299 4423 1597 4494 gestantes,
1628 4431 1683 4477 et
1711 4421 1970 4492 ponéntes
2016 4420 2071 4477 in

2180 3289 2237 3337 tu
2263 3294 2321 3336 es
2352 3280 2511 3347 Deus,
2538 3280 2628 3350 qui
2655 3278 2788 3335 facis
2818 3273 3083 3334 mirabilia
3110 3280 3282 3334 solus.
3312 3278 3549 3333 Psatmus
3572 3294 3770 3335 sxxvr.

2254 3374 2455 3428 Oratio.
2481 3373 2791 3439 Precamur,
2814 3371 3059 3437 Domine,
3084 3378 3143 3425 ut
3165 3370 3252 3425 tua
3276 3386 3375 3425 nos
3398 3386 3501 3425 non
3526 3370 3774 3433 repellas

2180 3466 2593 3537 propitiatione:
2650 3465 2747 3522 sed
2795 3462 3105 3519 obtinenda:
3153 3462 3542 3519 misericordia:
3590 3462 3774 3519 adhuc

2180 3570 2393 3629 tempus
2421 3559 2630 3629 appdne
2657 3578 2668 3614 :
2704 3568 2759 3614 ut
2786 3558 3031 3623 dextera,
3081 3573 3202 3629 quae
3232 3557 3332 3613 fuit
3358 3555 3553 3612 vindex
3584 3556 3637 3611 in
3683 3558 3778 3612 ul-

2179 3650 2326 3706 tidne
2356 3649 2691 3715 facinorum;
2723 3649 2838 3718 ipsa
2882 3648 2954 3703 sit
3000 3649 3157 3704 nobis
3183 3648 3431 3705 c0ntritis
3469 3647 3773 3705 remédium

2177 3740 2585 3807 sempiternum.
2635 3739 2672 3802 ἡ
2694 3779 2707 3793 .
2740 3740 2936 3795 Amen.

2251 3851 2357 3906 l’er
2387 3849 2818 3905 misericordiam
2848 3858 2992 3905 tuam
3021 3851 3167 3905 Deus
3194 3858 3398 3918 noster,
3433 3860 3542 3906 etc.

2249 3942 2548 4015 Antiphena
2577 3942 2627 3997 ὅ.
2654 3941 2754 4010 Qui
2785 3940 3006 4014 diligitis
3030 3940 3338 4008 Dominum,
3366 3941 3514 3998 odite
3544 3941 3771 3999 malum.

2179 4034 2425 4092 Psalmus
2454 4051 2600 4093 xcv1.

2249 4144 2454 4200 Preces.
2489 4142 2711 4209 Avérte,
2740 4141 2984 4207 Domine,
3018 4142 3151 4196 iram
3175 4139 3371 4196 luroris
3398 4140 3494 4207 tui,
3521 4149 3576 4197 et
3598 4140 3771 4199 mise-

2177 4237 2327 4292 ritus
2354 4250 2513 4306 parce
2540 4233 2735 4303 populo
2764 4243 2873 4287 tuo.
2898 4232 2965 4287 P.
2993 4231 3059 4286 Et
3089 4228 3367 4286 miserere.
3404 4228 3438 4299 ᾖ
3468 4270 3482 4284 .
3500 4229 3758 4297 Omnium

2175 4328 2421 4400 precibus
2463 4327 2607 4397 pium
2638 4327 2876 4382 auditum
2909 4326 3105 4395 praebe,
3138 4332 3298 4395 teque
3342 4322 3589 4392 rogitmus
3635 4336 3768 4377 san-

2174 4419 2281 4486 cte,
2325 4418 2432 4475 cito
2461 4418 2719 4475 concede.
2752 4417 2821 4471 Ρ.
2851 4417 2915 4472 Et
2955 4416 3233 4472 miserérc.
3279 4415 3313 4483 Ῡ
3336 4451 3351 4467 .
3383 4412 3485 4479 Tu,
3525 4412 3770 4480 Christe,

492 4513 612 4569 loco
640 4530 739 4568 suo
765 4536 778 4569 ε
810 4525 865 4568 ct
891 4515 1073 4579 stabit,
1106 4524 1161 4570 et
1189 4516 1255 4570 de
1301 4517 1420 4570 loco
1446 4530 1543 4569 suo
1580 4530 1685 4570 non
1717 4515 2020 4570 movebitur
2053 4533 2065 4568 :
2096 4530 2149 4589 D
2177 4514 2382 4570 ﬂebiles
2411 4512 2643 4583 gémitus
2673 4512 2903 4577 intuore,
2936 4509 3151 4566 vincula
3181 4508 3370 4562 mortis
3397 4506 3569 4573 solve,
3601 4515 3659 4561 et
3683 4509 3772 4562 vi-

491 4604 588 4661 sed
619 4614 676 4660 et
704 4605 823 4659 com
853 4605 1206 4661 clamaverint
1235 4607 1301 4660 ad
1331 4622 1477 4672 eum,
1528 4622 1632 4661 non
1658 4607 1916 4664 exaudiet
1947 4625 1960 4661 :
2005 4606 2072 4662 de

494 4697 841 4752 tribulatione
870 4712 976 4752 non
1006 4697 1254 4752 salvobit.
1301 4698 1625 4753 Mementote
1656 4699 1816 4763 istud,
1850 4697 2074 4754 confun-

491 4790 692 4844 damini
719 4806 735 4843 :
771 4789 943 4845 redite
967 4790 1408 4859 prasvaricatorcs
1436 4791 1502 4845 ad
1531 4806 1643 4845 cor.
1692 4790 2070 4847 Recordamini

494 4885 689 4952 prioris
720 4885 923 4948 saeculi,
971 4883 1221 4954 quoniam
1268 4899 1365 4953 ego
1397 4899 1513 4939 sum
1559 4884 1723 4951 Deus,
1766 4893 1949 4940 etnon
1992 4894 2075 4941 est

492 4976 630 5033 ultra
650 4978 808 5043 Deus,
839 4992 938 5032 nec
965 4990 1045 5032 est
1074 4976 1263 5032 similis
1288 4979 1389 5032 mei
1417 4996 1430 5033 :
1459 4977 1795 5033 Atlnt’intians
1824 4978 1892 5033 ab
1914 4979 2073 5034 exor-

492 5070 584 5127 dio
611 5070 984 5135 novissimum,
1016 5080 1071 5124 et
1094 5072 1161 5125 ab
1191 5070 1341 5125 initio
1364 5086 1480 5141 qua:
1505 5071 1730 5125 necdum
1756 5068 1895 5125 facta
1921 5080 2063 5138 sunt,

491 5162 679 5220 dicens
707 5180 722 5218 :
753 5162 1048 5217 Consilium
1102 5180 1277 5219 meum
1310 5164 1491 5229 stabit,
1538 5172 1591 5217 et
1619 5162 1797 5236 omnis
1822 5161 2073 5218 voluntas

492 5275 611 5315 mea
637 5260 727 5316 ﬁet
755 5276 767 5311 :
800 5258 1008 5312 Vocans
1038 5258 1105 5312 ab
1134 5258 1339 5313 oriénte
1368 5272 1543 5322 avcm,
1574 5268 1629 5311 et
1673 5255 1741 5310 de
1767 5264 1908 5310 terra
1951 5254 2071 5309 lon-

492 5353 686 5423 ginqua
718 5350 888 5407 virum
940 5351 1228 5405 voluntatis
1258 5365 1391 5404 mea:
1442 5366 1453 5401 :
1505 5357 1559 5403 et
1601 5348 1813 5402 locatus
1845 5360 1985 5413 sum,
2018 5354 2074 5402 et

492 5448 756 5503 adddcam
784 5447 929 5502 illum
959 5463 973 5500 :
1000 5445 1201 5511 creavi,
1227 5454 1281 5500 et
1325 5443 1515 5499 iaciam
1548 5443 1721 5498 illum.
1768 5441 1805 5511 ἢ
1829 5482 1842 5495 .
1876 5442 2069 5496 Amen.

567 5562 843 5634 Sequéntfa
894 5558 1136 5634 Epistolis
1169 5556 1322 5634 Ponti
1354 5554 1588 5634 Apdstoli
1616 5555 1682 5609 ad
1709 5552 2003 5610 Corinthios

947 5632 1183 5685 secanda:
1216 5629 1364 5701 (Cap.
1397 5644 1468 5696 vt,
1497 5626 1610 5696 vn).

580 5752 615 5819 ἢ
640 5790 652 5803 .
685 5750 793 5803 Dco
821 5748 1039 5817 gratius.

566 5848 803 5910 FLtlI‘CS,
830 5860 891 5899 os
923 5854 1161 5899 nosuum
1194 5836 1337 5913 patet
1367 5838 1434 5896 ad
1463 5852 1575 5907 vos,
1606 5835 1639 5893 ὸ
1664 5830 1946 5903 Corinthii,
1976 5844 2073 5911 cet;

2181 4617 2286 4664 tam
2331 4608 2546 4678 largire.
2580 4606 2648 4661 P.
2697 4607 2767 4661 Et
2796 4603 3075 4660 miserere.
3117 4603 3154 4671 Ῡ
3180 4640 3193 4655 .
3224 4599 3343 4655 Jam
3385 4600 3507 4654 vide
3554 4598 3779 4670 lachry-

2179 4715 2319 4767 mas,
2351 4698 2594 4768 intéllige
2620 4695 2865 4768 lugentes
2910 4714 2925 4751 :
2958 4693 3175 4749 tandem
3206 4692 3402 4749 delicta
3432 4699 3617 4747 nostra
3646 4690 3777 4761 cle-

2180 4805 2336 4848 mens
2366 4789 2605 4860 ignosce.
2642 4787 2709 4842 Ρ.
2760 4787 2825 4842 Et
2854 4785 3130 4840 miserere.
3178 4784 3214 4853 Ῡ
3238 4823 3255 4839 .
3285 4781 3474 4838 Nullus
3501 4796 3567 4836 ex
3606 4780 3778 4842 nobis

2177 4894 2284 4952 est,
2336 4897 2494 4954 quem
2527 4879 2717 4936 audias
2768 4876 3023 4963 libenter,
3058 4884 3114 4930 tu
3150 4882 3370 4945 propter
3399 4872 3773 4944 temetipsum,

2176 4976 2411 5043 Christe,
2443 4974 2720 5030 succorre.
2749 4968 2818 5024 P.
2844 4969 2914 5025 Et
2942 4965 3223 5023 miserere.

2249 5090 2517 5161 Capitula.
2546 5088 2716 5153 Deus,
2761 5084 2919 5155 cujus
2953 5084 3005 5138 in
3037 5095 3206 5153 regno
3235 5077 3573 5135 credentium
3622 5086 3779 5133 terra

2178 5181 2407 5247 exoltat,
2439 5179 2594 5249 cujus
2637 5175 2902 5247 justitiam
2935 5172 3059 5230 cmli
3090 5171 3432 5237 adnt'mtiant,
3460 5170 3569 5241 75
3610 5167 3783 5237 cujus

2177 5273 2597 5331 dominationem
2641 5269 2972 5341 Angelorum
3000 5266 3240 5339 legiones
3264 5265 3524 5331 adorant;
3554 5261 3784 5320 custodi

2181 5370 2467 5427 servorum
2498 5368 2716 5424 tuorum
2748 5365 2957 5420 animas
3002 5380 3016 5416 :
3048 5377 3110 5417 ac
3138 5377 3206 5417 ne
3233 5358 3439 5430 peccati
3486 5354 3782 5412 auctorem

2178 5461 2483 5534 sequentes,
2538 5458 2871 5515 intereitmus
2914 5462 3018 5511 :tu
3047 5452 3215 5507 libera
3241 5491 3258 5516 ,
3311 5456 3368 5503 tu
3415 5445 3675 5534 protege,
3711 5452 3783 5500 tu

2179 5532 2438 5612 conserva
2470 5570 2483 5605 :
2518 5560 2596 5618 ut,
2645 5549 2769 5604 cum
2798 5557 2922 5603 ante
2950 5543 3144 5600 faciem
3176 5550 3320 5597 tuam
3358 5537 3496 5608 ignis
3540 5532 3783 5590 ωιιώιὶ-

2179 5661 2306 5704 rens
2336 5644 2596 5717 praejerit,
2647 5656 2755 5698 non
2787 5653 2886 5695 nos
2917 5634 3235 5692 meritorum
3263 5644 3422 5701 pcena
3452 5623 3781 5683 exuréndos

2178 5738 2428 5810 accipiat,
2475 5736 2570 5795 sed
2598 5732 2887 5792 cleméntia
2924 5726 3206 5797 creatoris,
3254 5734 3317 5781 ut
3354 5722 3615 5785 vivamus,
3656 5718 3779 5775 cri-

2178 5832 2308 5903 piat.
