4044 6382
293 429 393 484 iiii

1146 428 1208 483 ΙΝ
1247 427 1557 484 SECUNDO
1596 429 1709 483 DIE
1749 428 2167 486 JEJUNIORUM
2209 432 2364 486 ΚΑΙ».
2409 432 2713 489 1ΑΝυΑΒ.”

3448 439 3549 496 162

365 542 520 597 Pater
550 548 751 596 noster.
795 539 860 595 Et
892 555 957 596 ne
988 556 1105 607 nos,
1132 551 1235 597 etc.
1268 542 1315 598 Α
1343 542 1485 597 malo
1522 555 1623 598 nos
1672 541 1863 598 libera.
1892 544 1946 604 Α
1969 538 2052 597 soi
2084 551 2139 597 et
2167 543 2287 598 luna
2316 560 2421 599 non
2464 546 2729 601 deﬁcient.
2783 543 2850 600 P.
2900 545 2954 601 in
3005 549 3263 605 aeternum
3314 561 3546 622 tempus.

290 634 475 702 Qua’re
496 634 591 705 fol.
620 633 705 689 i0.

867 724 947 777 Ad
1009 722 1300 794 vesperum.

368 813 573 867 Lauda.
616 812 1072 883 vespere,mané,
1102 825 1155 869 et
1200 814 1424 870 meridie
1472 825 1522 869 te
1570 814 1868 877 laudemus.

294 904 542 959 Domine.

369 994 691 1065 Antiphona.
722 994 881 1051 Salva
906 995 1113 1063 plebem
1157 1004 1324 1063 tuam,
1348 995 1592 1061 Domine,
1625 1004 1679 1051 ει
1700 996 1870 1050 bene-

295 1090 385 1145 dic
426 1088 780 1165 hereditatem
813 1097 977 1141 tuam.
1009 1086 1250 1141 Psalmas
1281 1102 1445 1141 xxvu.

366 1179 569 1233 Lauda.
605 1176 793 1233 V‘éniat
841 1183 1000 1247 super
1046 1193 1181 1247 nos,
1218 1178 1467 1243 Domine,
1502 1178 1870 1234 misericordia

297 1283 385 1329 tua
419 1290 435 1328 :
466 1282 521 1329 et
545 1272 778 1328 saiutére
816 1281 984 1336 tuum,
1016 1281 1070 1326 et
1116 1271 1383 1340 eloquium
1443 1282 1611 1326 tuum.
1676 1272 1752 1341 y.
1810 1272 1875 1327 Et

1987 635 2022 703 ᾖ
2046 674 2061 689 .
2088 634 2415 691 Hierusalem
2446 653 2553 693 non
2583 639 2685 693 erit
2716 637 2806 693 tibi
2857 640 2936 693 soi
2984 639 3215 711 amplius
3245 642 3310 697 ad
3360 644 3548 702 lucén-

1971 725 2096 781 dum
2121 742 2214 796 per
2238 729 2404 793 diem,
2434 745 2531 784 nec
2560 730 2814 797 splendor
2842 731 2980 785 luna:
3030 732 3347 790 illuminitbit
3393 744 3447 792 te
3493 738 3548 792 in

1974 829 2160 886 nocte;
2194 819 2287 875 sed
2313 820 2417 875 erit
2449 822 2541 875 tibi
2573 821 2831 875 Dominus
2852 822 2904 876 in
2936 822 3071 878 luce.
3097 822 3164 878 P.
3191 824 3244 879 in
3265 825 3549 882 aeternum.

2570 911 2640 966 1η
2672 912 2953 967 Laudibus.

2046 1001 2362 1070 Antiphona.
2396 1000 2594 1057 Arérte
2619 1002 2810 1058 faciem
2855 1013 2996 1057 luam
3026 1003 3056 1057 is
3084 1005 3316 1072 peccatis
3364 1010 3497 1062 meis
3531 1024 3548 1061 :

1975 1102 2027 1147 et
2050 1106 2237 1146 omnes
2265 1092 2567 1161 iniquitates
2595 1108 2741 1148 meas
2781 1093 2919 1148 dele.
2953 1092 3194 1149 Psalmus
3226 1112 3273 1149 ι..

2049 1180 2246 1235 Oratio.
2280 1182 2475 1237 Avérte
2505 1182 2691 1237 faciem
2730 1192 2899 1237 tuam.
2948 1182 3167 1254 Require
3194 1184 3287 1254 fol.
3318 1183 3407 1238 68.

2043 1275 2124 1327 Ad
2182 1272 2469 1329 Cénticum.
2523 1274 2834 1340 Antiphoni).
2903 1276 3016 1330 Non
3072 1285 3154 1331 est
3218 1276 3358 1332 Deus
3416 1278 3553 1333 sicut

294 1364 632 1433 respondebo
660 1361 1103 1430 exprobrantibus
1130 1361 1259 1415 mihi
1304 1360 1523 1417 verbum
1553 1379 1566 1414 :
1598 1362 1720 1430 quia
1760 1376 1875 1431 spe-
1974 1363 2159 1430 homo,
2189 1371 2247 1418 ut
2274 1365 2562 1419 mentiatur
2593 1384 2604 1417 :
2636 1380 2734 1421 nec
2757 1376 2814 1421 ut
2844 1366 2979 1421 ﬁlius
3006 1366 3258 1435 hominis,
3286 1376 3343 1423 ut
3362 1368 3553 1424 immu-

302 1455 415 1509 ra‘vl
437 1454 490 1510 in
520 1454 857 1510 sermunibus
888 1454 1012 1507 tuis.
1047 1452 1115 1509 P.
1148 1455 1214 1508 Et
1252 1453 1524 1524 eloquium
1576 1463 1745 1509 tuum.
1795 1455 1867 1524 ᾖ.

296 1543 501 1612 Gloria,
532 1554 585 1600 et
611 1544 782 1599 honor
809 1544 972 1611 Patri,
1003 1555 1107 1600 etc.
1143 1544 1208 1599 P.
1240 1546 1303 1600 Et
1329 1546 1597 1615 eidquium
1632 1557 1799 1602 tuum.

368 1633 630 1705 Hymnus.
666 1634 1012 1703 Benignitatis
1036 1635 1151 1689 ions
1184 1636 1340 1689 Deus.
1358 1634 1713 1706 .Supplicdtio.
1742 1636 1875 1692 Ore-

294 1739 413 1778 mus
467 1723 877 1793 Redemptdrem
938 1724 1139 1780 mundi.
1204 1721 1465 1793 Capitula.
1530 1724 1874 1781 Dtlectissimi

296 1813 512 1870 fratres.
544 1814 862 1870 Benedictio.
893 1816 1141 1872 Christus
1173 1816 1449 1883 Déminus,
1494 1820 1582 1887 qui
1619 1833 1740 1872 cum
1774 1818 1873 1872 Pa-

1977 1455 2135 1510 tétur.
2156 1479 2160 1482 ⁴

2295 1546 2562 1600 (ῖάιιιιοιιηι
2604 1546 2817 1600 Numeri
2854 1548 3011 1619 (Cap.
3045 1565 3173 1604 χχιιι
3190 1560 3228 1620 ).

2047 1634 2123 1690 De
2153 1636 2312 1689 Aram
2342 1636 2566 1691 adduxit
2594 1652 2681 1692 me
2722 1638 2876 1691 Dalac
2922 1654 3013 1691 rex
3063 1639 3436 1706 liioabitarum,
3484 1642 3552 1697 de

1975 1724 2247 1782 mentibus
2273 1726 2504 1783 Orientis
2530 1744 2545 1782 :
2577 1728 2727 1792 veni,
2763 1729 2955 1797 inquit,
2986 1738 3040 1782 et
3070 1730 3294 1787 maledic
3337 1732 3503 1788 Jacob
3536 1751 3548 1785 :

1977 1816 1996 1837 "
2026 1816 2277 1885 propera,
2306 1827 2360 1872 et
2382 1819 2651 1873 detestare
2671 1817 2857 1873 Israel.
2890 1818 3169 1886 Quémodo
3214 1823 3549 1893 maledicam,

295 1915 398 1960 tre.
424 1906 629 1959 Lauda.
649 1907 901 1962 Alleluia.
928 1902 1225 1961 Laetabitur
1243 1908 1475 1962 desérta.
1507 1909 1690 1962 Omnia
1718 1925 1875 1978 supra
1907 1893 1953 1953 Β
1979 1907 2061 1960 cui
2092 1922 2200 1960 non
2231 1908 2504 1963 maledixit
2532 1909 2715 1963 Deus?

293 1995 432 2047 dicta
461 1996 662 2065 require
706 1996 798 2065 fol.
845 1995 937 2061 69,
981 1996 1072 2049 70.
1133 1996 1331 2048 Oratio.
1386 1996 1633 2064 Domine,
1683 1998 1875 2054 exaudi

293 2085 603 2139 oratidnem
634 2095 893 2140 nostram.
925 2083 1145 2152 Require
1173 2086 1225 2137 in
1247 2086 1341 2137 ista
1369 2085 1520 2153 [όιὶο.

641 2175 644 2179 ’
842 2190 893 2228 tu
944 2189 1177 2229 secuuuo
1230 2190 1336 2229 om.

865 2264 946 2317 Ad
979 2262 1310 2319 Hominum.

371 2355 689 2424 Antiphona.
712 2356 791 2411 Tu
820 2366 995 2411 autem
1019 2355 1246 2411 Domine
1272 2355 1553 2424 susceptor
1598 2373 1749 2413 meus
1794 2374 1873 2425 es,

293 2447 469 2518 giaria
499 2461 639 2511 mea,
666 2456 720 2502 et
746 2449 986 2503 eXaitans
1004 2457 1167 2517 caput
1187 2462 1386 2502 meum.
1419 2448 1661 2503 Psalmus
1694 2465 1771 2504 ιιι.

380 2536 582 2593 Oratio.
615 2539 867 2605 Quamvis
899 2538 1144 2593 Démine.
1177 2539 1362 2606 Quwre
1401 2541 1495 2611 fol.
1535 2542 1621 2595 68.

367 2629 662 2696 Antiphona
692 2631 744 2684 i.
794 2630 1013 2698 Magnus
1064 2628 1344 2699 Dominus,
1379 2639 1434 2686 et
1478 2631 1755 2688 laudi‘ibiiis
1793 2634 1875 2688 ni-

302 2718 428 2774 mis.
462 2719 716 2774 Psalmus.
754 2734 916 2776 xum.

374 2814 573 2867 Oratio.
620 2814 806 2883 Magne
835 2812 1061 2869 Domine
1090 2813 1349 2883 valdeque
1377 2816 1678 2884 laudabilis,
1709 2815 1871 2873 ansis

300 2910 353 2963 in
384 2922 570 2962 omnes
597 2908 754 2961 iidem
796 2907 1051 2961 Ecclesia:
1082 2917 1183 2961 tuze
1214 2926 1226 2961 :
1269 2918 1327 2963 ut
1354 2908 1405 2962 in
1435 2909 1587 2978 cujus
1616 2909 1871 2981 gradibus

301 3001 441 3055 Deus
462 2999 797 3070 agndsceris;
841 3000 893 3053 in
930 3014 992 3054 ea
1022 2998 1180 3055 étiam
1228 3000 1384 3069 plena
1427 2999 1660 3056 fidelium
1712 3003 1875 3057 devo-

295 3094 444 3147 tiOne
493 3092 725 3147 lauderis
765 3108 780 3145 :
830 3091 1052 3161 ejusque
1096 3108 1278 3162 preces
1329 3094 1586 3164 propitius
1626 3088 1885 3164 suscipe?

297 3196 348 3242 et
378 3188 519 3241 inter
547 3185 732 3241 saeculi
764 3186 1022 3255 procellas
1064 3186 1315 3241 sollicitos
1340 3189 1661 3256 gubernator
1688 3198 1869 3242 custo-

296 3275 350 3329 di
376 3294 389 3329 :
419 3284 478 3329 ut
500 3274 797 3338 civilétem,
825 3290 979 3343 quam
1026 3274 1255 3328 luridasti
1303 3277 1355 3327 in
1411 3276 1625 3340 saecula,
1656 3276 1868 3328 miseri-

294 3363 481 3419 cérdia
506 3365 593 3418 tua
623 3364 976 3427 introeuntes,
1005 3362 1361 3431 suscipiuntur
1390 3363 1440 3415 in
1473 3362 1873 3427 iiia,narrantes

301 3455 358 3509 in
388 3456 617 3511 turribus
647 3454 908 3510 mirabilia
941 3462 1048 3508 tua.
1094 3454 1131 3523 ιξ
1155 3496 1169 3510 .
1204 3454 1392 3509 Amen.

378 3545 481 3598 Per
510 3546 925 3601 inisericowiam
958 3557 1120 3611 tuam,
1151 3558 1252 3601 etc.

371 3633 659 3704 Antiphone
712 3637 769 3690 2.
814 3636 1077 3691 Memento
1124 3637 1573 3707 congregatidnis,
1611 3637 1867 3708 deiue,

296 3744 455 3799 quam
482 3730 674 3786 creasti
703 3731 772 3786 ab
798 3730 969 3785 initio.
1009 3728 1252 3785 Psalmus
1292 3746 1477 3787 Lxxttl.

379 3818 582 3875 Oratio.
644 3821 909 3877 Memento
968 3821 1192 3877 Domine
1245 3822 1673 3892 congregatidnis
1721 3832 1865 3891 tuae,

292 3925 453 3981 quam
484 3913 553 3968 ab
582 3913 735 3969 initio
759 3914 975 3980 creasti,
1006 3928 1270 3984 quamque
1299 3913 1610 3967 mirabiliter
1658 3927 1721 3968 ac
1764 3913 1868 3969 mi-

292 4006 640 4062 sericérditér
671 4007 747 4061 tui
777 4006 1051 4077 sanguinis
1082 4009 1252 4074 pretio
1278 4005 1579 4072 redemisti;
1612 4006 1704 4075 qui
1732 4006 1869 4063 banc

290 4102 462 4170 ipsam
495 4102 547 4156 in
576 4102 969 4171 possessionem
1018 4113 1157 4154 tuam
1210 4102 1279 4155 de
1329 4100 1582 4157 Gentibus
1636 4100 1866 4172 elegisti.

288 4192 486 4247 Libera
516 4207 642 4274 ergo
685 4192 883 4262 virgam
913 4191 1221 4245 hereditatis
1251 4200 1353 4245 tua:
1383 4191 1413 4245 ἐι
1452 4192 1867 4262 supplantatdris

289 4285 603 4340 incursibus
632 4301 646 4339 :
674 4299 737 4340 ac
761 4285 838 4339 sic
868 4299 984 4340 eam
1027 4299 1150 4354 rege
1168 4284 1507 4353 justilicando
1538 4286 1784 4354 praesenti
1814 4284 1868 4339 in

284 4375 523 4442 seculo,
555 4384 614 4429 ut
661 4376 829 4445 ipsam
882 4373 1160 4429 itmréditet
1190 4376 1242 4427 in
1270 4376 1466 4429 saeculo
1494 4383 1612 4444 post
1643 4374 1822 4429 futuro
1850 4392 1864 4427 :

282 4476 343 4523 et
401 4481 520 4535 qua:
571 4480 792 4536 regnum
856 4475 1002 4520 tuum
1047 4466 1295 4519 advenire
1349 4464 1523 4519 divina
1584 4466 1869 4521 traditione

1895 3234 1943 3296 ο

2046 1998 2161 2064 Qua
2202 2000 2407 2054 ratidne
2444 2000 2710 2068 detester,
2743 2002 2763 2022 ‘
2792 2016 2949 2072 quem
2978 2000 3121 2058 Deus
3163 2016 3269 2058 non
3310 2003 3554 2059 detesta-

1977 2096 2061 2141 tur
2080 2088 2103 2141 'i

2049 2175 2125 2232 De
2150 2179 2373 2235 summis
2400 2178 2639 2237 silicibus
2668 2181 2857 2238 videbo
2885 2199 3040 2252 eum,
3072 2187 3091 2209 '
3120 2192 3174 2240 et
3214 2180 3282 2240 de
3326 2184 3557 2242 collibus

1976 2276 2331 2331 considerabo
2379 2276 2550 2333 illum.

2048 2365 2284 2434 Pupulus
2310 2368 2459 2423 solus
2508 2369 2788 2438 habitiibit,

1975 2456 2332 2526 reputabitur.

2043 2546 2176 2614 Quis
2205 2548 2548 2604 dinumerare
2570 2550 2736 2618 possit
2759 2551 3033 2622 pulverem
3056 2550 3244 2619 Jacob,
3266 2555 3297 2588 "
3319 2563 3373 2609 et
3393 2568 3555 2610 nosse

1973 2640 2261 2694 numerum
2292 2639 2474 2708 stirpis
2500 2639 2699 2695 lsraéi?

2044 2730 2297 2785 Morietur
2323 2729 2501 2785 anima
2527 2747 2641 2787 mea
2668 2742 2841 2788 morte
2858 2734 3148 2805 justdrum,
3176 2736 3194 2756 '
3216 2744 3270 2792 ει
3298 2736 3405 2807 76
3427 2736 3556 2793 iiatti

1973 2822 2264 2880 novissima
2296 2836 2415 2876 mea
2449 2821 2637 2876 horum
2660 2822 2874 2877 similia.

2042 2914 2132 2969 Sta
2165 2911 2320 2966 Balac
2351 2920 2403 2965 et
2425 2914 2685 2976 ausculta.
2706 2910 2727 2933 “
2756 2913 2877 2968 audi
2904 2914 2975 2969 liii
3002 2915 3223 2985 Sepnor
3253 2934 3268 2972 :

2041 3005 2155 3059 Non
2189 3015 2272 3060 est
2303 3002 2443 3059 Deus
2471 3005 2609 3059 sicut
2639 3006 2819 3071 homo,
2853 3015 2912 3060 ut
2939 3008 3266 3062 mentiatur:
3297 3009 3328 3045 ’*
3354 3023 3453 3064 nec
3499 3017 3556 3065 ut

1973 3098 2108 3152 ﬁlius
2136 3096 2391 3161 humiuis,
2424 3109 2478 3150 ut
2512 3094 2840 3150 immutétur.

2047 3190 2188 3242 Dixit
2215 3203 2365 3257 ergo,
2395 3198 2580 3242 etnon
2630 3184 2820 3241 faciet?
2870 3186 2889 3207 ⁶

1979 3276 2328 3346 adimpiébit?

2051 3368 2129 3421 Ad
2162 3364 2579 3424 benedicendum
2608 3362 2868 3421 adductus
2896 3379 3035 3432 sutn,
3070 3365 3089 3386 ‘
3123 3367 3551 3426 bcncutctiOnem

1977 3459 2258 3533 prohibérc
2283 3471 2392 3513 itan
2425 3460 2596 3521 valeo.

2047 3558 2161 3610 Non
2214 3563 2301 3609 est
2345 3552 2547 3608 idolum
2592 3552 2644 3607 in
2693 3549 2878 3618 Jacob,
2910 3551 2931 3573 ‘
2977 3566 3073 3606 nec
3101 3551 3307 3607 videtur
3334 3552 3556 3608 simula-

1971 3666 2124 3708 crum
2155 3650 2207 3705 in
2235 3648 2420 3704 lsraél.

2045 3741 2304 3797 Dominus
2327 3740 2465 3795 Deus
2497 3738 2614 3808 ejus
2642 3751 2761 3792 cum
2788 3750 2854 3793 eo
2883 3744 2995 3800 est,
3019 3736 3038 3756 ⁶
3060 3745 3112 3791 ει
3138 3750 3355 3806 clangor
3387 3736 3554 3792 victo-

1973 3832 2067 3888 ria:
2102 3832 2241 3903 regis
2268 3830 2321 3885 in
2354 3829 2467 3883 illo.

2046 3923 2184 3978 Deus
2211 3921 2394 3977 eduxit
2416 3934 2536 3974 eum
2564 3930 2631 3974 ue
2658 3917 2892 3990 AZgypte
2910 3960 2927 3986 ,

1971 4014 2114 4069 milis
2142 4022 2224 4068 est
2252 4009 2604 4065 rbinoceréti.

2042 4106 2156 4160 Non
2180 4111 2261 4159 est
2287 4103 2563 4173 augurium
2613 4100 2664 4155 in
2713 4100 2898 4166 Jacob,
2948 4102 2979 4136 "
3028 4116 3126 4156 nec
3181 4101 3438 4156 divinatio
3493 4100 3545 4154 in

1969 4194 2396 4358 lsr'i‘iiipéﬁbus
2426 4287 2536 4342 suis
2574 4284 2782 4341 dicétur
2828 4284 2993 4340 Jacob
3034 4294 3089 4339 et
3136 4284 3298 4338 Israel
3348 4284 3378 4318 ¥
3417 4284 3544 4352 quid

1972 4383 2221 4452 operatus
2260 4391 2342 4435 est
2372 4380 2529 4434 Deus.

2046 4472 2281 4542 Populus
2310 4484 2434 4526 ecce
2464 4480 2519 4524 ut
2569 4469 2735 4524 leaena
2781 4467 3085 4538 consurgit,
3131 4468 3152 4491 ⁶

2907 2382 2961 2426 ει
3016 2371 3156 2427 inter
3204 2382 3390 2443 gentes
3446 2390 3555 2430 non

2943 3191 3147 3244 ιοεὺιιιε
3192 3200 3297 3256 est,
3349 3202 3402 3246 et
3450 3207 3555 3246 non

3021 3931 3174 3987 cujus
3200 3916 3450 3974 fortitudo
3478 3920 3552 3973 si-

3200 4477 3254 4523 et
3307 4467 3393 4522 ieo
3433 4469 3541 4522 eri-

280 4560 510 4617 exdrat:
561 4561 628 4614 ad
676 4560 815 4614 idem
866 4574 1086 4629 regnum
1132 4559 1338 4614 indultu
1368 4558 1575 4625 piaculo
1654 4558 1865 4615 beredi-
1896 4568 2112 4659 Dgilur
2152 4584 2166 4620 :

279 4651 425 4707 taria
455 4652 792 4707 successidne
844 4652 1136 4721 perveniat.
1208 4653 1277 4713 ἢ.
1320 4654 1510 4707 Amen.

359 4747 465 4801 Per
492 4745 909 4801 misericbrdiam
939 4754 1218 4813 tuam,etc.

355 4836 664 4908 Antiphone
690 4835 743 4890 5.
771 4836 986 4892 Clamor
1009 4845 1188 4891 noster
1207 4832 1272 4890 ad
1304 4845 1357 4893 te
1384 4837 1687 4906 perveniat;
1721 4847 1773 4892 et
1798 4851 1865 4893 ne

275 4928 501 4997 ave’rtas
529 4929 715 4984 faciem
748 4936 890 4982 tuam
913 4928 941 4981 ὲ
974 4943 1079 4983 me.
1112 4926 1353 4981 Ριαιηιιιε
1395 4944 1464 4983 ει.

355 5018 565 5073 Oratio.
598 5020 848 5083 Domine,
896 5018 1088 5072 exaudi
1131 5020 1429 5073 orationem
1486 5028 1752 5085 nostram;
1810 5029 1865 5075 et

274 5114 495 5169 clamor
516 5120 697 5165 noster
720 5110 787 5163 ad
818 5118 870 5163 te
899 5109 1107 5164 remdto
1135 5109 1514 5178 impedimento
1545 5110 1859 5179 perveniat:

274 5204 626 5277 quocumque
649 5213 827 5257 autem
864 5201 957 5255 die
988 5210 1039 5255 te
1086 5201 1410 5269 invocamus,
1461 5202 1719 5258 velociter
1767 5204 1861 5259 tibi

276 5307 474 5353 nostra
497 5293 1090 5366 patéscatoratioznec
1141 5292 1349 5349 avertas
1397 5294 1585 5352 i‘aciém
1637 5307 1778 5352 tuam
1832 5298 1863 5352 ὸ

271 5389 609 5464 gemitibus;
636 5402 735 5443 nec
775 5387 1217 5457 gubernationem
1247 5396 1389 5444 tuam
1418 5388 1448 5443 ἐι
1478 5390 1674 5445 nostris
1715 5392 1863 5445 coiti-

272 5485 419 5540 beas
465 5482 706 5537 muribus
756 5496 771 5533 :
819 5489 877 5535 ut
917 5479 1248 5551 gratulemur
1301 5480 1520 5549 adipisci
1570 5483 1857 5550 postulata;

272 5576 412 5654 dum
442 5574 511 5629 ad
542 5582 593 5631 te
622 5581 801 5629 nostra
822 5571 1159 5643 pervenerint
1180 5572 1460 5628 desideria.
1500 5574 1571 5641 ιῆ.
1599 5575 1787 5630 Αιιιειι.

303 5653 308 5655 ’
354 5663 466 5720 Per
493 5662 916 5720 misericordiam
956 5671 1124 5732 tuam,
1154 5673 1261 5718 etc.

367 5755 411 5823 ἡ
432 5793 448 5807 .
482 5754 811 5811 Hierusalem
846 5753 948 5810 erit
986 5754 1079 5809 tibi
1112 5752 1367 5808 Dominus
1407 5766 1498 5809 ,ιιι
1544 5755 1765 5824 :ctérna,
1808 5769 1864 5816 et

273 5849 433 5906 Deus
460 5847 632 5905 honor
662 5857 781 5902 tuus
811 5861 915 5903 non
946 5847 1084 5903 enim
1118 5846 1170 5902 in
1202 5845 1303 5904 hoc
1344 5858 1470 5902 casu
1521 5847 1611 5904 tibi
1662 5850 1857 5918 veniet,

2048 4664 2159 4719 Non
2206 4662 2513 4729 accubabit,
2546 4661 2713 4715 donec
2738 4659 2956 4716 devoret
2983 4660 3235 4731 praedam,
3264 4660 3295 4697 ’θ
3320 4669 3373 4717 ει
3401 4664 3542 4717 occi-

1973 4755 2154 4809 surum
2188 4753 2497 4822 sanguinem
2529 4751 2697 4807 bibat.

2045 4842 2248 4899 Oratio.
2280 4844 2358 4899 Τιι
2388 4858 2465 4908 es,
2494 4842 2744 4909 Domine,
2773 4843 2924 4898 stella
2964 4845 3204 4900 veritatis
3245 4846 3425 4902 Oriens
3472 4862 3540 4902 ex

1971 4935 2154 5002 Iacob,
2190 4935 2455 5004 homdque
2484 4935 2817 5004 consurgens
2844 4950 2907 4988 ex
2937 4933 3097 4990 lsraél
3138 4952 3151 4989 :
3194 4944 3249 5013 et
3294 4952 3431 4993 novo
3466 4939 3540 4992 si-

1971 5028 2098 5082 dere
2128 5024 2422 5082 osténderis
2454 5025 2614 5091 Deus,
2658 5036 2713 5081 et
2753 5025 3015 5096 praesepio
3056 5026 3258 5094 positus
3308 5028 3449 5084 Deus
3485 5036 3543 5083 et

1972 5118 2151 5184 homo,
2173 5133 2308 5170 unus
2329 5114 2564 5171 créderis
2587 5115 2828 5171 Christus
2853 5132 2868 5169 :
2900 5114 3124 5185 Propter
3145 5133 3387 5187 magnam
3411 5131 3541 5186 ergo

1934 5253 1939 5256 .
1971 5207 2388 5263 misericordiam
2411 5206 2812 5271 tuam,visionis
2833 5207 3137 5262 lumborum
3168 5208 3391 5277 prdroga
3411 5207 3537 5277 gra-

1972 5302 2095 5356 tiam
2129 5317 2144 5355 :
2183 5310 2237 5355 ut
2264 5299 2518 5369 appareat
2546 5298 2598 5352 in
2630 5314 2725 5354 nos
2751 5298 2882 5353 lucis
2910 5311 3011 5353 tuae
3034 5299 3288 5353 radiabiie
3306 5300 3533 5370 signum,

1970 5392 2109 5461 quod
2140 5390 2369 5461 expéliat
2398 5404 2585 5445 omnes
2610 5389 2855 5445 tenebras
2898 5390 3144 5444 vitidrum
3180 5408 3193 5441 ε
3225 5398 3278 5443 ει
3318 5393 3408 5461 qui
3460 5394 3538 5449 vi-

1968 5484 2138 5539 sidnis
2168 5492 2270 5537 tuac
2298 5482 2565 5538 desiderio
2584 5481 2916 5551 anhelamus,
2942 5481 3161 5536 visiOnis
3192 5489 3295 5536 tuae
3316 5486 3536 5552 pramio

1968 5575 2323 5630 consolemur.
2366 5573 2405 5643 ιῆ
2425 5612 2440 5629 .
2468 5574 2657 5628 Amen.

2040 5667 2142 5721 Per
2179 5665 2601 5721 misericdrdiam
2635 5674 2777 5719 tuam
2809 5664 2949 5719 Deus
2972 5669 3175 5717 noster.

2038 5758 2449 5813 Matutinarum.
2477 5757 2793 5825 Anttpltona.
2824 5755 2933 5810 Lux
2954 5754 3161 5811 aurorae
3188 5755 3395 5811 oriente
3423 5758 3535 5810 sole

1966 5850 2140 5906 manu.
2199 5847 2264 5901 P.
2323 5848 2535 5915 Absque
2587 5844 2819 5901 nubibus
2867 5844 3067 5902 rutilat.
3126 5850 3197 5918 ᾗ.
3257 5847 3391 5900 Dens
3438 5846 3535 5898 mi-
