4044 6382
485 376 587 435 165

1683 367 2113 428 BREVIARIUM
2152 368 2525 429 GOTIIICUM.

3646 381 3753 441 ﬂii

480 472 925 559 sereﬁturinobis,
951 501 1006 548 et
1033 489 1312 547 benedicat
1332 503 1429 546 nos
1455 507 1468 545 :
1502 488 1769 544 illuminet
1796 488 2056 544 Dominus
2084 484 2133 543 Δ
2161 484 2296 541 dixit
2320 496 2386 542 au
2408 503 2530 543 eum
2564 506 2579 542 :
2613 486 3090 562 Audi,lstaél,77
3120 490 3458 549 caerimonias
3478 503 3639 565 alque
3663 497 3753 568 ju-

481 588 683 644 vultum
705 600 863 641 suum
891 597 1052 654 super
1088 598 1209 638 nos.
1245 581 1310 636 P.
1338 581 1571 652 Absque,
1600 591 1704 637 etc.
1750 580 1821 650 Ῡ.
1857 579 2061 647 Gloria,

482 691 538 737 et
565 680 737 735 honor
767 678 933 745 Patri,
964 686 1068 732 etc.
1102 675 1173 731 Ρ.
1207 677 1425 746 Absque

550 769 757 825 Laudtn
794 769 855 824 ln
903 766 1265 837 putaminibus
1317 764 1433 836 ejus
1477 762 1690 821 laudnte
1741 762 2063 819 eum.Psal-

480 878 593 917 mus
621 876 707 916 CL.

707 975 881 1029 Lectio
907 973 1025 1028 libri
1047 971 1220 1026 Esaiae
1248 971 1524 1044 Propheta:
1552 970 1710 1043 (Cap.
1743 969 1828 1039 tt).

567 1088 606 1156 ti)
628 1127 641 1140 .
676 1087 784 1141 Deo
814 1085 1034 1154 gratias.

551 1172 679 1232 Haec
704 1177 833 1231 dicit
858 1175 1117 1231 Dominus
1146 1192 1159 1228 :
1189 1174 1469 1244 ingredere
1492 1174 1556 1228 ad
1593 1182 1820 1242 petram,
1839 1173 2058 1229 abscon-

481 1270 609 1327 dere
634 1269 777 1325 fossa
808 1270 967 1323 humo
995 1267 1023 1321 ᾗ
1054 1267 1192 1322 facie
1236 1268 1441 1322 timoris
1469 1266 1698 1331 Domini,
1732 1278 1784 1323 et
1814 1267 1844 1322 ὸ
1897 1268 2066 1339 gloria

481 1355 772 1431 majestatis
797 1361 935 1431 ejus.
984 1358 1136 1415 O'cnli
1176 1360 1429 1414 sublimes
1472 1358 1749 1415 hominum
1801 1362 2064 1417 bnmiliiati

480 1463 624 1521 sunt,
649 1464 703 1509 et
732 1453 1100 1508 incurva-bitur
1128 1450 1350 1506 altitudo
1392 1451 1665 1517 virorum;
1707 1460 1759 1506 et
1806 1452 2067 1507 exaltabi-

481 1549 567 1600 tur
589 1544 847 1600 Dominus
866 1546 1013 1600 solus
1042 1544 1095 1598 in
1125 1543 1214 1597 die
1238 1542 1347 1597 illa.
1373 1542 1510 1608 Quia
1533 1542 1648 1596 dies
1673 1542 1882 1597 Domini
1911 1560 2067 1599 exer-

480 1638 681 1692 cituum
698 1646 860 1707 super
887 1650 1095 1690 omnem
1114 1632 1425 1703 superbum,
1442 1643 1497 1689 et
1513 1632 1811 1700 excelsum,
1833 1644 1887 1690 et
1906 1650 2068 1705 super

477 1729 813 1802 airogantem
847 1746 861 1781 :
894 1737 949 1783 et
979 1725 1365 1781 humiliabitur.
1403 1724 1469 1779 Et
1489 1739 1651 1794 super
1676 1739 1863 1781 omnes
1878 1720 2065 1781 cedros

479 1824 666 1880 Libani
695 1819 949 1877 sublimes
978 1826 1032 1873 et
1053 1817 1282 1882 erectas,
1313 1825 1369 1871 et
1394 1831 1557 1885 super
1600 1826 1790 1871 omnes
1835 1831 2063 1886 quercus

478 1919 670 1972 Basan.
687 1915 753 1970 Et
779 1927 941 1983 super
961 1926 1147 1966 omnes
1174 1920 1385 1967 montes
1405 1910 1669 1975 excelsos,
1687 1919 1740 1964 et
1764 1924 1924 1981 super
1948 1924 2063 1965 om-

452 1984 575 2068 ‘nes
599 2010 764 2067 colles
785 2009 1044 2065 elevatus.
1064 2009 1125 2062 Et
1143 2022 1306 2077 super
1326 2006 1540 2061 omnem
1564 2006 1749 2060 turrim
1772 2004 2064 2072 excelsam,

479 2118 532 2164 et
557 2124 719 2179 super
752 2121 967 2162 omnem
1020 2120 1228 2160 murum
1266 2104 1551 2166 munitum,
1581 2109 1636 2156 et
1677 2116 1841 2171 super
1879 2116 2066 2156 omnes

477 2216 642 2257 naves
669 2196 914 2265 Tharsis,
944 2207 999 2254 et
1018 2212 1180 2267 super
1199 2211 1359 2251 omne
1386 2196 1611 2266 lignum,
1630 2195 1771 2265 quod
1804 2194 1920 2250 visu
1949 2194 2068 2264 pul-

477 2294 668 2348 cbrum
707 2301 809 2348 est.
840 2291 908 2345 Et
934 2288 1296 2345 incurvabitur
1341 2289 1515 2343 omnis
1558 2286 1856 2343 sublimitas
1896 2286 2068 2340 homi-

481 2399 633 2449 num,
667 2392 722 2438 et
751 2380 1115 2436 humiliabitur
1145 2379 1369 2436 altitudo
1389 2379 1664 2448 ,virdrum,
1689 2386 1744 2433 et
1769 2376 2069 2432 elevabitur

481 2475 744 2530 Dominus
772 2473 919 2529 solus
948 2473 1001 2527 in
1031 2472 1118 2529 die
1158 2472 1248 2526 illa
1278 2489 1293 2526 :
1325 2481 1378 2527 et
1417 2458 1559 2525 idola
1612 2468 1823 2540 pe'ititits
1879 2478 2068 2523 conte-

479 2565 701 2622 rentur:
738 2566 804 2621 Et
831 2564 1122 2620 introibunt
1174 2563 1229 2617 in
1275 2563 1558 2633 speluncas
1601 2561 1886 2631 petrArum,
1914 2569 1967 2615 et
2015 2559 2068 2614 in

482 2656 767 2727 voragines
820 2670 976 2711 terrm
1025 2654 1057 2708 ἐι
1117 2653 1255 2710 facie
1337 2652 1543 2708 timoris
1608 2652 1868 2719 Domini,
1936 2660 1990 2706 et
2036 2650 2066 2705 ὸ

482 2746 653 2819 gldria
705 2746 999 2817 maiestatis
1052 2745 1211 2816 ejus,
1265 2745 1387 2799 cum
1435 2743 1731 2799 surrexerit
1787 2744 2068 2811 percutere

493 2851 711 2897 terram.
765 2841 821 2895 In
878 2839 962 2893 illa
1015 2837 1102 2894 die
1155 2837 1401 2908 projiciet
1455 2836 1617 2891 homo
1665 2836 1806 2891 iddla
1862 2834 2068 2906 argenti

482 2937 588 3003 sui,
646 2943 703 2990 et
759 2934 1041 2990 simulacra
1094 2930 1211 2986 auri
1272 2932 1394 2997 sui,
1446 2946 1564 2999 qua:
1618 2929 1859 2986 fecerunt
1915 2930 2067 2996 sibi,

484 3037 543 3081 ut
594 3025 881 3081 adorarent
937 3024 1142 3094 talpas,
1196 3030 1254 3077 et
1300 3021 1728 3091 vespertilidnes.
1782 3022 1847 3077 Et
1894 3022 2070 3091 ingre-

482 3116 661 3172 dietur
682 3116 878 3170 ﬁxurus
906 3116 1198 3183 petrarum,
1228 3121 1284 3169 et
1313 3112 1568 3169 cavernas
1590 3115 1842 3168 saxdrum
1873 3112 1903 3167 a
1934 3112 2069 3169 litcie

483 3206 781 3262 formidinis
806 3206 1034 3271 Domini,
1080 3217 1132 3261 et
1161 3205 1330 3277 gloria
1388 3204 1689 3275 majestatis
1744 3206 1884 3275 ejus,
1940 3207 2060 3261 citm
2093 3208 2139 3272 C

484 3296 778 3353 surrexerit
807 3297 1087 3367 percutere
1114 3307 1327 3351 terram.
1357 3295 1629 3362 Quiéscite
1675 3311 1806 3366 ergo
1853 3296 1921 3351 ab
1971 3296 2068 3350 lto-

489 3390 654 3455 mine,
684 3389 837 3458 cujus
865 3389 1082 3458 spiritus
1113 3389 1167 3443 in
1191 3388 1411 3445 naribus
1434 3389 1552 3458 ejus
1574 3399 1687 3458 est,
1718 3388 1841 3460 quia
1887 3389 2069 3445 excel-

488 3496 582 3538 sus
611 3482 889 3550 reputatus
917 3487 1001 3534 est
1028 3481 1161 3549 ipse.
1207 3481 1243 3550 ri)
1265 3513 1280 3529 .
1308 3485 1498 3535 Anien.

564 3570 823 3642 Hymnus.
857 3571 1206 3639 Benignitatis
1232 3571 1372 3626 fons.
1423 3570 1685 3641 Capitula.
1728 3570 2070 3625 Dilectissimi

485 3662 701 3719 fratres.
729 3662 934 3716 Lauda.
967 3660 1211 3717 Alleluia.
1235 3661 1548 3718 Laetabitur.
1578 3660 1896 3715 Benedictio.
1915 3660 2070 3715 Chri-

491 3766 606 3812 stus
647 3757 903 3812 Dominus
958 3758 1189 3826 quicum
1218 3756 1396 3812 Patre.
1438 3757 1660 3828 Require
1684 3757 1778 3828 fol.
1805 3758 1871 3812 69
1896 3768 1949 3813 et
1977 3758 2067 3812 70.

488 3848 689 3902 Oratio.
726 3846 914 3918 Magne
934 3847 1174 3904 Démine.
1202 3848 1386 3914 Quare
1410 3848 1461 3901 in
1493 3850 1749 3919 principio
1800 3848 2066 3906 Mummii.

485 3938 583 4010 fol.
612 3938 704 3993 75.

1086 4032 1167 4084 Ad
1220 4030 1462 4087 Tértiam.

593 4119 863 4191 Sapiéntia
894 4120 1182 4176 Salomonis
1207 4121 1600 4177 Proverbiorum
1631 4122 1785 4196 (Cap.
1819 4124 1957 4197 ut).

571 4218 612 4281 ιι
632 4251 648 4268 .
678 4213 787 4269 Deo
818 4212 1032 4285 gratias.

558 4304 680 4371 Fili,
709 4306 798 4376 qui
826 4307 1246 4367 obturataurem
1279 4322 1433 4365 suam
1478 4310 1545 4367 ad
1594 4310 1884 4369 clamérem
1936 4314 2065 4383 pau-

484 4397 647 4467 peris,
680 4407 734 4452 et
774 4398 889 4468 ipse
918 4399 1201 4467 clamabit,
1228 4409 1282 4456 et
1323 4417 1430 4457 non
1484 4403 1825 4459 exaudiétur.
1874 4403 2065 4460 Munus

484 4487 854 4544 abscdnditutn
883 4490 1145 4561 extinguit
1182 4492 1311 4560 iras,
1344 4501 1401 4549 et
1429 4493 1627 4551 donum
1652 4497 1706 4551 in
1753 4498 1873 4552 sinu
1925 4499 2065 4553 indi-

483 4580 788 4650 gnationem
814 4581 1123 4641 maximam.
1157 4583 1419 4641 Gaudium
1445 4587 1592 4658 justo
1618 4600 1703 4646 est
1729 4590 1903 4647 facere
1917 4591 2062 4661 judi-

482 4671 647 4738 cium,
675 4682 730 4728 et
757 4688 921 4742 pavor
947 4675 1292 4744 operantibus
1322 4678 1675 4749 iniquitatem.
1707 4681 1800 4738 Vir
1819 4726 1834 4751 ,
1864 4683 1955 4754 qui
1975 4698 2064 4739 er-

482 4761 682 4818 raverit
703 4763 733 4818 it
767 4766 847 4819 via
877 4766 1151 4834 doctrinas,
1181 4769 1233 4822 in
1264 4778 1406 4825 coetu
1449 4771 1722 4841 gigantum
1761 4775 2064 4830 commora-

482 4851 644 4908 bitur.
677 4855 777 4921 Qui
813 4856 983 4928 diligit
1010 4858 1216 4928 épnlas,
1248 4862 1301 4916 in
1348 4865 1585 4933 egeStAte
1637 4864 1741 4920 erit
1798 4884 1812 4920 :
1862 4876 1914 4922 et
1972 4868 2063 4937 qui

482 4951 628 5029 amat
665 4946 868 5013 vinum,
895 4957 951 5003 et
994 4949 1230 5021 pinguia,
1276 4968 1383 5009 non
1435 4954 1710 5012 dilabitur.
1763 4957 1867 5013 Pro
1918 4958 2063 5029 justo

482 5026 639 5091 ﬂatur
662 5035 858 5107 impius
884 5057 897 5093 :
928 5056 1024 5110 pro
1050 5053 1197 5099 recto
1226 5046 1455 5117 iniquus.
1482 5047 1672 5106 Mélius
1699 5061 1780 5107 est
1819 5026 2063 5110 habitare

482 5124 540 5181 in
568 5135 709 5183 terra
738 5130 972 5197 deserta,
999 5149 1157 5203 quam
1177 5150 1297 5192 cum
1324 5139 1548 5196 muliere
1570 5142 1749 5197 rixosa
1771 5150 1827 5197 et
1849 5143 2062 5199 iracun-

483 5218 571 5293 da.
603 5221 911 5280 Thesaurus
939 5226 1325 5299 desiderabilis,
1359 5243 1414 5288 et
1457 5233 1635 5289 Oleum
1686 5235 1740 5289 in
1787 5236 2063 5291 habitacu-

484 5308 593 5365 lum
610 5311 780 5380 justi:
812 5322 867 5370 et
892 5315 1205 5386 imprudens
1232 5321 1392 5377 homo
1421 5323 1648 5393 dissipat
1670 5325 1818 5381 illud.
1842 5327 1944 5393 Qui
1974 5328 2063 5383 sé-

483 5402 661 5470 quitur
682 5403 959 5476 justitiam,
988 5412 1497 5484 etmisericordiam,
1523 5416 1758 5474 inveniet
1776 5416 2057 5489 justitiam,

481 5500 539 5545 et
563 5491 744 5562 vitam,
786 5506 839 5552 et
863 5498 1109 5568 gloriam.
1156 5504 1196 5567 ιῇ
1220 5543 1233 5558 .
1263 5506 1455 5561 Amen.

692 5606 865 5663 Léctie
898 5610 1017 5667 libri
1040 5612 1432 5672 Denterendmii
1458 5617 1620 5689 (Cap.
1654 5634 1706 5683 v,
1735 5635 1785 5675 vt
1803 5636 1846 5683 λ.

562 5717 601 5780 ἡ
620 5756 637 5773 .
664 5717 773 5775 Deo
803 5722 1023 5792 gratias.

542 5805 601 5865 ln
632 5809 739 5877 illis
763 5813 952 5871 diebus
984 5834 997 5870 :
1032 5816 1253 5876 Vocavit
1282 5819 1497 5893 .lléysos
1522 5836 1734 5884 omnem
1777 5825 1974 5895 lsraél,
2005 5831 2073 5911 et.

2166 576 2330 644 dicia,
2354 594 2475 648 qua
2504 594 2603 649 ego
2634 582 2823 649 loquor
2853 581 2902 634 in
2933 581 3153 637 auribus
3181 584 3374 639 vestris
3404 601 3419 637 ε
3452 584 3618 642 hodie
3642 586 3761 644 dis-

2167 670 2272 725 cite
2301 686 2386 737 ea,
2417 680 2474 727 et
2501 671 2665 741 opere
2692 673 2972 743 complete.
3003 674 3262 731 D‘émiuus
3289 676 3433 733 Deus
3452 689 3637 735 noster
3663 681 3759 750 p6-

2169 761 2302 833 pigit
2329 764 2605 819 nobiscum
2638 764 2809 821 [tedas
2838 766 2894 821 in
2940 765 3141 823 ﬂoreb.
3172 766 3289 825 Non
3333 782 3459 825 cum
3509 769 3758 839 patribus

2169 856 2368 911 nostris
2394 855 2547 910 inlvit
2570 867 2804 927 pactum,
2831 857 2925 913 sed
2957 858 3234 914 nobiscum
3277 861 3368 931 qui
3415 862 3471 917 in
3518 878 3760 932 praesen-

2171 946 2366 1003 tiarum
2388 962 2597 1015 sumus,
2627 947 2759 1003 facie
2780 948 2847 1003 ad
2877 948 3069 1005 faciem
3116 950 3328 1008 locutus
3370 960 3456 1008 est
3498 953 3655 1010 nobis
3702 956 3757 1011 in

2168 1048 2354 1095 monte
2381 1039 2450 1094 de
2478 1038 2655 1094 ntédio
2694 1040 2852 1108 ignis.
2895 1040 3010 1110 Ego
3038 1042 3333 1111 sequester,
3356 1052 3413 1100 et
3440 1043 3649 1101 medius
3680 1046 3760 1104 fui

2170 1129 2311 1186 inter
2340 1114 2531 1195 Deum,
2556 1137 2612 1184 et
2634 1144 2729 1185 vos
2760 1132 2811 1185 in
2842 1130 3082 1202 tempore
3123 1134 3235 1202 illo,
3280 1144 3340 1189 ut
3377 1136 3756 1194 annuntilrem

2170 1223 2324 1278 vobis
2347 1222 2505 1278 verba
2532 1222 2647 1291 ejus
2679 1240 2691 1276 :
2717 1222 2994 1279 Timuistis
3029 1227 3170 1280 enim
3203 1226 3405 1297 ignem,
3430 1238 3486 1283 et
3522 1245 3631 1286 non
3670 1246 3759 1286 as-

2169 1312 2425 1368 cendistis
2458 1312 2507 1369 in
2531 1322 2791 1379 montem,
2822 1322 2877 1369 et
2904 1314 2979 1370 ait
3009 1314 3264 1371 Duminus
3304 1316 3444 1373 Deus
3491 1326 3633 1389 tuus,
3665 1321 3759 1389 qui

2169 1402 2354 1459 eduxit
2384 1412 2437 1458 te
2464 1402 2530 1457 de
2554 1410 2697 1458 terra
2742 1403 2990 1476 Egypti,
3015 1407 3081 1460 de
3110 1406 3272 1462 domo
3310 1409 3608 1466 servitutis.
3636 1410 3758 1468 Non

2171 1493 2394 1549 habebis
2422 1494 2553 1553 deos
2583 1495 2790 1551 alienos
2818 1496 2871 1550 in
2898 1497 3189 1566 conspectu
3231 1514 3373 1555 meo.
3426 1500 3543 1556 Non
3590 1501 3761 1559 [acies

2171 1585 2266 1639 tibi
2296 1584 2566 1655 sculptile,
2617 1600 2715 1641 nec
2768 1586 3172 1642 similitudinem
3221 1588 3522 1655 numinum,
3568 1592 3656 1660 qui
3705 1592 3760 1647 iu

2170 1677 2311 1733 cmlo
2336 1687 2463 1732 sunt
2483 1678 2741 1749 desuper,
2768 1690 2821 1735 et
2850 1696 2970 1748 qua:
3000 1680 3053 1735 in
3087 1692 3226 1735 terra
3250 1680 3524 1751 deorsum,
3553 1694 3610 1739 et
3636 1699 3757 1754 qua:

2172 1768 2459 1823 versantur
2488 1768 2543 1824 in
2574 1770 2729 1840 aquis
2758 1772 2859 1825 sub
2895 1782 3059 1826 terra.
3090 1771 3206 1827 Non
3249 1772 3501 1829 adorabis
3546 1789 3632 1841 ea,
3664 1792 3760 1830 ne-

2092 1854 2141 1917 B
2168 1873 2272 1929 que
2298 1858 2466 1916 coles.
2500 1859 2615 1931 Ego
2641 1860 2783 1916 enim
2814 1870 2931 1916 Sum
2968 1861 3230 1917 Dominus
3255 1863 3394 1919 Deus
3424 1874 3586 1921 tuus:
3616 1864 3759 1920 Deus

2165 1951 2452 2007 emulitor
2485 1993 2501 2017 ,
2558 1952 2792 2008 reddens
2840 1952 3178 2022 itiiquitatem
3234 1964 3449 2024 patrum
3498 1970 3659 2027 super
3694 1955 3760 2010 tio

2168 2042 2268 2098 lios
2322 2044 2375 2098 in
2432 2044 2642 2100 tértiam
2699 2054 2757 2101 et
2808 2055 3055 2116 quartam
3094 2048 3505 2117 generatiéneut
3550 2050 3757 2121 bisqui

2166 2134 2396 2189 oderunt
2441 2150 2569 2202 me,
2626 2142 2682 2190 et
2744 2135 2949 2192 iaciens
2998 2136 3429 2195 misericdrdiam
3488 2141 3541 2195 in
3589 2142 3758 2196 multa

2168 2228 2329 2283 millia
2359 2228 2706 2296 diligentibus
2756 2244 2875 2296 me,
2908 2238 2965 2285 et
3016 2232 3444 2288 custodiéntibus
3491 2236 3760 2304 praecepta

2169 2336 2307 2378 mea.
2338 2321 2455 2377 Non
2476 2321 2761 2393 usurpébis
2786 2337 2983 2379 nomen
3014 2324 3227 2380 Dumini
3264 2325 3359 2381 Dei
3390 2326 3467 2382 tui
3516 2326 3713 2382 frustra
3742 2345 3759 2383 :

2169 2415 2291 2484 quia
2319 2430 2425 2470 non
2456 2414 2559 2469 erit
2586 2416 2876 2483 impunitus
2902 2415 2994 2483 qui
3024 2431 3188 2486 super
3218 2432 3353 2472 vana
3392 2433 3589 2475 nomen
3638 2419 3762 2489 ejus

2170 2506 2471 2562 admiserit.
2500 2508 2719 2562 Hondra
2768 2517 2974 2577 patrem
3023 2516 3171 2563 tuum
3230 2517 3285 2564 et
3338 2520 3588 2577 matrem,
3622 2511 3765 2567 sicut

2170 2600 2431 2668 prmcopit
2458 2599 2550 2654 tibi
2585 2598 2842 2655 Dominus
2869 2599 3011 2656 Deus
3042 2608 3187 2667 tuus,
3202 2609 3256 2655 ut
3277 2601 3434 2671 longo
3450 2602 3599 2657 vivas
3625 2601 3766 2660 tem-

2171 2702 2320 2757 pore,
2351 2697 2406 2743 et
2428 2688 2567 2743 bene
2590 2690 2662 2745 sit
2694 2690 2787 2746 tibi
2815 2689 2867 2744 in
2895 2700 3067 2756 terra,
3100 2706 3259 2761 quam
3310 2692 3571 2749 Dominus
3619 2693 3765 2750 Deus

2172 2783 2537 2839 tuus‘daturus
2564 2784 2788 2841 esttibi.
2816 2784 2932 2840 Non
2960 2785 3197 2841 occides.
3221 2785 3404 2855 Neque
3445 2786 3766 2843 mmcbabe-

2171 2876 2265 2932 ris.
2288 2875 2509 2932 Furtum
2524 2892 2629 2932 non
2657 2876 2840 2932 iacies.
2863 2876 2971 2933 Nec
2985 2878 3226 2947 loqueris
3245 2887 3429 2933 contra
3453 2877 3762 2947 prdximum

2173 2973 2320 3021 tuum
2348 2962 2540 3023 falsum
2572 2966 2957 3024 testimonium.
2984 2968 3097 3023 Non
3137 2968 3484 3038 concupisces
3533 2971 3761 3026 uxdretn

2171 3058 2405 3129 préximi
2428 3060 2503 3115 tui
2536 3086 2551 3113 ;
2580 3076 2687 3115 non
2711 3062 2951 3129 domum,
2980 3076 3084 3116 non
3115 3062 3386 3131 ancillam,
3408 3078 3514 3119 non
3539 3063 3759 3131 bovem,

2170 3166 2281 3208 non
2312 3152 2545 3219 asinum,
2587 3164 2644 3210 et
2667 3154 2940 3221 univérsa,
2964 3154 3083 3223 quin
3112 3156 3252 3210 illius
3278 3167 3403 3211 sunt
3435 3174 3448 3210 :
3480 3157 3608 3212 llaec
3636 3168 3763 3214 sunt

2173 3244 2443 3315 praecepta
2466 3258 2520 3303 et
2547 3247 2871 3303 caerimonias
2900 3258 3060 3319 atque
3081 3248 3302 3317 judicia,
3334 3264 3454 3319 qua:
3482 3250 3765 3306 mandavit

2172 3340 2434 3396 Deminus
2457 3340 2596 3395 Deus
2626 3349 2826 3405 vester,
2858 3351 2916 3397 ut
2943 3342 3193 3396 docerem
3223 3356 3319 3396 vos
3342 3383 3357 3408 ,
3381 3350 3435 3395 et
3462 3341 3666 3397 facietis
3695 3358 3767 3399 ea

2170 3434 2224 3488 in
2252 3442 2449 3488 terram
2478 3433 2545 3487 ad
2574 3447 2734 3502 quam
2769 3432 3198 3503 transgredimini
3226 3434 3600 3502 possidendam
3645 3452 3659 3488 :
3705 3445 3765 3491 ut

2173 3523 2364 3578 timeas
2397 3523 2675 3579 Duminum
2727 3524 2891 3581 Deum
2949 3535 3121 3591 tuum,
3152 3535 3208 3581 et
3254 3526 3527 3581 custt'idias
3576 3526 3763 3583 omnia

2172 3615 2425 3671 mandata
2456 3623 2511 3669 et
2539 3614 2801 3683 praacépta
2825 3615 2967 3684 ejus,
2991 3631 3111 3684 qua:
3139 3631 3238 3686 ego
3260 3616 3515 3687 praecipio
3555 3619 3675 3687 tibi,
3705 3630 3764 3673 et

2172 3706 2317 3775 ﬁliis,
2341 3721 2405 3763 ac
2436 3706 2718 3777 nepétibus
2740 3708 2867 3775 tuis,
2892 3710 3099 3765 cunctis
3138 3710 3326 3765 diébus
3374 3711 3498 3765 vitae
3543 3721 3669 3780 tum,
3703 3721 3763 3766 ut

2172 3800 2558 3872 prolongéntur
2603 3801 2721 3857 dies
2764 3802 2864 3856 tui.
2909 3801 3048 3857 Audi
3100 3800 3283 3865 lsraél,
3316 3810 3372 3858 et
3416 3801 3650 3858 observa
3703 3812 3764 3858 ut

2170 3891 2335 3948 facias
2364 3908 2449 3958 ea,
2482 3902 2537 3948 et
2561 3892 2698 3949 bene
2738 3894 2807 3948 sit
2834 3894 2950 3959 tibi,
2982 3904 3037 3949 et
3082 3893 3449 3963 multipliccris
3496 3894 3758 3963 amplius,

2168 3986 2308 4040 sicut
2350 3984 2616 4055 pollicitus
2660 3994 2744 4040 est
2790 3985 3046 4040 deinus
3092 3985 3235 4041 Deus
3280 3996 3489 4057 patrum
3540 3986 3756 4043 tutirtnn

2167 4077 2296 4133 dare
2348 4077 2445 4132 tibi
2496 4085 2697 4133 terram
2755 4078 2892 4133 lacte
2943 4088 3000 4133 et
3052 4079 3215 4135 melle
3270 4079 3598 4137 manantem.
3673 4080 3756 4151 si.

2167 4169 2358 4224 Amen.

2308 4260 2481 4315 Léctio
2506 4260 2624 4314 libri
2651 4259 2927 4315 Ezechielis
2958 4258 3228 4333 PrOpltéla:
3250 4262 3400 4334 (Cap.
3425 4251 3607 4334 xvitt).

2254 4352 2292 4421 ἡ
2314 4391 2328 4406 .
2360 4351 2472 4408 Deo
2501 4351 2723 4423 gratias.

2238 4445 2432 4502 Factus
2471 4456 2554 4502 est
2582 4459 2761 4502 sermo
2790 4446 3000 4501 Domini
3029 4446 3095 4502 ad
3125 4462 3211 4502 me
3241 4447 3427 4505 dicens
3455 4466 3471 4505 :
3502 4449 3639 4518 Quid
3668 4462 3763 4509 est

2087 4536 2305 4625 unod
2360 4538 2499 4593 inter
2548 4553 2644 4594 vos
2695 4539 3000 4610 parabolam
3048 4540 3250 4596 vertitis
3302 4542 3355 4597 in
3410 4544 3761 4612 provérbium

2166 4630 2341 4695 istud,
2394 4630 2678 4687 dicentes:
2728 4632 2912 4687 Patres
2960 4633 3307 4689 comederunt
3357 4627 3517 4690 uvam
3564 4636 3761 4694 accer-

2164 4722 2318 4791 bam,
2365 4733 2421 4779 et
2462 4723 2651 4780 dentes
2696 4724 2927 4781 ﬁliérum
2970 4726 3353 4795 obstupescent
3380 4728 3402 4781 ξι
3434 4712 3569 4783 Vivo
3612 4744 3762 4801 ego,

2163 4818 2295 4874 dicit
2320 4810 2614 4887 Dominus}
2659 4819 2704 4875 si
2735 4820 2894 4875 fuerit
2921 4820 3071 4875 vobis
3098 4820 3236 4877 ultra
3269 4822 3520 4890 parabola
3551 4823 3669 4882 [nec
3700 4829 3764 4885 in

2165 4910 2505 4981 provérbium
2560 4912 2616 4965 in
2672 4912 2858 4968 lsraél.
2917 4911 3056 4968 Ecce
3101 4928 3290 4968 omnes
3331 4912 3562 4981 animae,
3616 4934 3765 4975 mea:

2164 5011 2332 5057 Sum:
2378 5009 2438 5056 ut
2474 5000 2652 5056 anima
2691 5002 2895 5071 patris,
2938 5002 3007 5057 ita
3046 5011 3101 5057 et
3143 5002 3321 5057 anima
3353 5005 3448 5068 lilii
3476 5021 3594 5062 mea
3622 5015 3709 5062 est
3742 5027 3758 5062 :

2165 5093 2377 5163 anima,
2429 5109 2551 5165 qua:
2592 5094 2929 5164 pecmitverit,
2980 5094 3095 5163 ipsa
3142 5096 3422 5154 morietur.
3470 5099 3538 5154 Et
3581 5098 3665 5153 vir
3709 5100 3763 5156 si

2163 5188 2327 5244 fuerit
2368 5188 2573 5257 justus,
2616 5196 2671 5244 et
2716 5187 2906 5244 lécerit
2945 5189 3203 5259 judicium
3253 5200 3312 5246 et
3355 5194 3646 5263 justitiam,
3696 5196 3761 5252 in

2162 5280 2437 5337 mentibus
2467 5294 2571 5336 non
2600 5280 2929 5350 comederit,
2959 5291 3018 5338 et
3055 5282 3244 5340 oculos
3284 5301 3412 5341 suos
3454 5303 3562 5342 non
3604 5288 3763 5343 levit-

2165 5374 2302 5429 verit
2339 5372 2405 5427 ad
2437 5372 2580 5428 iddla
2609 5373 2800 5429 domus
2830 5370 2993 5430 lsraél
3023 5392 3036 5427 :
3070 5384 3126 5430 et
3153 5380 3377 5434 uxérem
3412 5380 3639 5450 proximi
3667 5383 3762 5439 sui

2162 5480 2268 5521 non
2316 5465 2622 5533 violaverit,
2670 5475 2725 5523 et
2769 5466 2837 5522 ad
2880 5467 3161 5529 mulierem
3210 5473 3592 5527 menstruatam
3639 5488 3760 5531 non

2160 5559 2456 5618 accesserit
2483 5580 2498 5618 :
2530 5560 2596 5616 Et
2626 5560 2899 5617 bdminem
2932 5576 3041 5617 non
3082 5566 3485 5621 contristaverit
3513 5585 3526 5619 :
3557 5568 3760 5637 pignus

2162 5652 2390 5709 debitori
2421 5653 2752 5719 reddiderit,
2784 5669 2881 5725 per
2909 5655 3018 5711 vim
3051 5656 3183 5713 nihil
3224 5659 3465 5728 rapuerit
3492 5676 3507 5712 :
3554 5674 3755 5730 panem

2158 5759 2316 5830 suum
2345 5745 2602 5804 esurienti
2630 5745 2879 5819 dederit,
2924 5761 2979 5806 et
3017 5749 3219 5805 nudum
3265 5752 3537 5821 operuerit
3574 5753 3769 5809 vesti-'

2161 5837 2343 5897 mento
2374 5856 2388 5895 :
2437 5838 2518 5896 Ad
2557 5834 2916 5915 usuramnon
2945 5843 3399 5914 commodaverit,
3431 5854 3486 5903 et
3513 5844 3755 5910 amplius
