4044 6382
284 397 391 459 165

1133 404 1198 459 ιΝ
1238 403 1558 462 SECUNDO
1597 404 1710 461 DIE
1750 404 2173 470 .IEJUNIORUM
2216 411 2374 470 ΚΑΙ..
2416 415 2709 475 JANUAR.

3448 426 3549 482 166

279 502 390 571 non
412 513 680 585 acceperit
709 533 723 571 :
753 517 821 572 ab
849 516 1125 589 iniquitltte
1149 525 1403 580 averterit
1431 524 1661 580 animam
1689 540 1861 581 suam.
1892 527 1942 588 Α
1974 526 2204 585 Verbum
2244 531 2359 601 ejus
2401 535 2659 602 processit
2703 537 2754 591 in
2800 538 2935 593 lines
2978 548 3163 607 terrm,
3192 540 3441 598 clamAte.
3475 541 3545 599 Ρ.

274 607 537 678 judicium
581 623 772 663 verum
816 609 1001 665 fecerit
1055 612 1193 667 inter
1235 616 1407 670 virum
1453 625 1507 671 et
1544 618 1761 671 virum:
1807 618 1859 672 in

276 697 565 767 praecéptis
594 700 732 755 meis
760 701 1153 769 ambulaverit,
1194 714 1248 759 et
1288 704 1485 775 judicia
1525 715 1639 762 mea
1683 718 1860 763 custo-

274 790 468 859 dierit,
503 802 560 848 nt
588 793 751 849 faciat
778 797 1057 852 veritlttem
1089 814 1102 851 :
1153 798 1239 853 hic
1276 799 1453 869 justus
1479 811 1595 869 est,
1638 802 1745 856 vita
1782 803 1861 857 vi-

274 892 370 938 vet
394 891 451 939 et
500 900 607 940 non
646 887 926 954 morietur,
964 888 1038 944 ait
1077 889 1336 947 Dominus
1365 893 1736 965 Omnipotens.
1780 896 1818 964 ﬁ
1841 938 1854 951 .

274 975 475 1031 Amen.

349 1067 629 1139 Sequéntia
660 1070 910 1140 Epistolis
940 1072 1097 1128 Plinii
1129 1075 1365 1145 Apdstoli
1392 1077 1461 1130 ad
1491 1070 1786 1133 Corinthios

778 1165 955 1228 prima:
986 1165 1157 1236 (Cdp.
1194 1182 1283 1222 vttt

344 1240 562 1307 Fratres
586 1293 600 1319 ,
632 1252 807 1325 cogito
838 1255 977 1321 quod
1007 1272 1109 1327 ego
1137 1258 1383 1326 spiritum
1416 1259 1508 1315 Dei
1550 1259 1745 1316 habeo.
1782 1260 1856 1318 De

270 1341 359 1399 his
384 1354 586 1411 autem,
615 1361 733 1416 qua:
766 1347 923 1403 ltlolis
954 1350 1343 1418 sacriﬁcantur,
1372 1352 1570 1409 scimus
1599 1355 1852 1424 quoniam

271 1449 464 1493 omnes
494 1438 810 1507 sapientiam
842 1442 1118 1499 habemus.
1142 1442 1376 1500 Sciéntia
1408 1446 1585 1511 inﬁat,
1616 1447 1853 1504 charitas

268 1528 403 1585 vero
448 1530 700 1586 aediﬁcat.
748 1532 807 1588 Si
854 1536 975 1604 quis
1020 1549 1082 1590 se
1122 1538 1392 1593 existimat
1433 1540 1573 1595 scire
1618 1540 1850 1612 aliquid,

268 1619 506 1675 nondum
550 1624 802 1693 eogndvit
841 1624 1288 1695 quemadmodum
1318 1630 1565 1699 oporteat
1593 1648 1715 1687 eum
1747 1635 1854 1689 sci-

270 1723 355 1791 re.
391 1709 447 1767 Si
480 1714 600 1781 quis
629 1714 802 1785 diligit
832 1716 994 1773 Deum
1014 1760 1029 1784 ,
1062 1718 1148 1775 bic
1177 1720 1419 1791 cognitus
1446 1732 1530 1780 est
1556 1724 1623 1779 ab
1651 1739 1739 1780 eo.
1775 1725 1851 1781 De

264 1790 409 1858 escis
432 1807 642 1872 autem‘,
668 1823 786 1877 quae
816 1808 973 1865 idolis
1002 1810 1368 1881 immolantur,
1396 1815 1594 1870 scimus
1617 1818 1737 1885 quia
1770 1820 1851 1871 ni-

264 1892 341 1948 ltil
371 1903 455 1951 est
483 1896 680 1953 illdlum
710 1898 764 1952 in
796 1901 1022 1970 mundo,
1055 1914 1109 1956 et
1149 1904 1289 1973 quod
1320 1879 1493 1961 nullus
1522 1879 1661 1962 Deus
1684 1951 1697 1971 ,
1747 1911 1848 1964 nisi
1882 1879 1926 1938 Β

263 1998 424 2038 unus.
456 1985 587 2040 Nam
611 1990 711 2042 etsi
740 1999 865 2043 sunt
892 1991 983 2058 qui
1013 1993 1266 2048 dicuntur
1295 1996 1397 2062 dii,
1440 1999 1552 2052 sive
1594 1998 1646 2051 in
1677 1997 1847 2066 coelo,

261 2073 382 2128 sive
423 2074 475 2129 in
516 2085 657 2129 terra
706 2077 1008 2146 (siquidem
1052 2090 1179 2136 sunt
1219 2082 1288 2136 dii
1322 2085 1507 2150 multi,
1552 2096 1606 2140 et
1647 2087 1853 2144 domini

263 2163 421 2218 multi
445 2169 464 2233 )
491 2182 505 2219 :
538 2166 703 2221 Nobis
731 2179 907 2223 autem
940 2184 1075 2225 unus
1102 2172 1270 2238 Deus,
1303 2175 1479 2241 Pater,
1508 2191 1571 2231 ex
1602 2193 1708 2247 quo
1736 2178 1854 2234 om-

264 2254 390 2321 nia,
426 2264 482 2311 et
510 2272 608 2312 nos
639 2259 905 2315 illuminat
936 2278 1072 2318 unus
1104 2265 1360 2322 Dominus
1388 2268 1542 2325 Jesus
1569 2271 1850 2344 Christus,

258 2361 366 2417 per
391 2364 548 2419 quem
580 2352 759 2407 omnia
781 2399 796 2422 ,
826 2367 875 2410 et
907 2371 1004 2411 nos
1033 2373 1127 2429 per
1153 2360 1346 2428 ipsum.
1379 2361 1483 2417 Sed
1516 2379 1620 2419 non
1655 2366 1706 2420 in
1736 2366 1851 2421 om-

259 2440 425 2496 nibus
464 2452 548 2496 est
586 2444 830 2501 scientia.
876 2450 1103 2515 Quidam
1143 2459 1320 2506 autem
1351 2467 1470 2509 cum
1500 2456 1724 2511 scientia
1756 2473 1850 2513 us-

256 2546 370 2602 que
423 2533 567 2590 nunc
625 2537 798 2603 idoli,
854 2540 1006 2608 quasi
1061 2541 1415 2615 idolotltytum
1472 2549 1846 2605 manducant:

258 2630 318 2681 et
370 2627 698 2684 conscientia
746 2631 982 2700 ipsorum
1031 2634 1150 2689 cum
1182 2635 1251 2690 sit
1298 2638 1541 2705 inﬁrma,
1574 2641 1847 2711 polluitur.

259 2716 400 2771 Esca
428 2727 606 2773 autem
635 2735 735 2775 nos
778 2736 887 2777 non
932 2724 1272 2783 commendat
1316 2729 1447 2785 Deo.
1493 2730 1677 2803 Neque
1706 2735 1849 2789 enim

258 2808 303 2864 si
336 2823 445 2866 non
477 2814 970 2875 manducavérimus
990 2861 1006 2887 ,
1055 2820 1401 2881 deﬁciémus:
1434 2841 1604 2897 neque
1629 2828 1673 2882 si
1704 2844 1852 2883 man-

259 2899 667 2973 ducavérimus,
699 2910 1105 2976 abundabimus.
1154 2915 1339 2970 Vidéte
1382 2924 1559 2972 autem
1605 2933 1673 2973 ne
1715 2917 1850 2975 forte

262 2992 384 3048 haec
435 2994 655 3052 licentia
705 3009 884 3056 vestra
933 3002 1309 3059 oﬁ'endiculum
1361 3005 1451 3062 ﬁat
1498 3009 1743 3066 inﬁrmis.
1794 3011 1850 3066 Si

266 3093 442 3139 autem
486 3079 605 3156 qu'is
648 3089 842 3145 viderit
888 3109 1040 3159 eum,
1092 3095 1182 3167 qui
1228 3096 1390 3152 habet
1434 3099 1747 3167 scientiam,
1796 3102 1850 3157 in

271 3173 437 3230 idolio
479 3181 928 3239 recumbéntem:
976 3201 1154 3243 nonne
1196 3189 1518 3245 conscientia
1561 3195 1677 3260 ejus
1723 3194 1844 3250 ct‘im
1876 3229 1921 3290 Ο

277 3267 339 3290 μζ.
369 3266 573 3290 3..l'!_.._-
634 3286 689 3290 .-Α
714 3272 788 3290 j-n
832 3276 874 3290 Α-
1026 3278 1038 3290 ι
1214 3280 1227 3290 ι
1309 3279 1319 3290 ι
1389 3281 1401 3290 .
1525 3284 1534 3290 .
1561 3283 1573 3290 .
1616 3283 1630 3290 -
1696 3284 1708 3290 -
1826 3287 1841 3290 _

276 3267 343 3319 sit
369 3266 578 3324 inﬁrma
607 3272 947 3339 ,‘azdiﬁcatur
974 3278 1039 3330 ad
1068 3279 1494 3335 manducandum
1524 3283 1846 3353 idolothyta?

276 3356 345 3411 Et
370 3362 562 3427 peribit
591 3364 837 3422 inﬁrmus
869 3373 920 3422 in
954 3380 1039 3422 tua
1072 3370 1295 3426 scientia
1327 3374 1513 3441 frater,
1556 3389 1652 3444 per
1691 3392 1845 3445 quem

273 3445 510 3505 Christus
539 3454 780 3511 mortuus
823 3462 949 3514 est?
987 3460 1077 3517 Sic
1114 3472 1291 3518 autem
1333 3466 1616 3534 peccantes
1658 3467 1709 3523 in
1742 3471 1850 3541 78

283 3544 506 3614 fratres,
549 3560 599 3607 et
641 3556 1005 3622 percutiénles
1045 3561 1425 3617 conscientiam
1466 3564 1651 3619 eorum
1695 3564 1845 3619 inﬁr-

281 3649 455 3705 mam,
485 3641 534 3695 in
565 3644 779 3700 Cnristo
809 3649 1061 3714 peccans.
1095 3650 1433 3721 Quapropter
1460 3654 1504 3708 si
1535 3668 1654 3709 esca
1687 3669 1845 3709 scan-

273 3727 467 3785 dalizat
496 3733 709 3790 fratrem
740 3753 918 3794 meum
951 3758 963 3793 :
998 3758 1104 3797 non
1149 3745 1485 3801 manducabu
1526 3744 1741 3802 carnem
1789 3747 1843 3801 in

270 3820 529 3879 aztérnum
556 3867 570 3891 ,
617 3842 686 3883 ne
720 3828 936 3886 fratrem
969 3833 1345 3890 scandalizem.
1378 3836 1492 3891 Non
1523 3853 1639 3893 sum
1672 3840 1846 3895 liber?

265 3910 380 3967 Non
410 3929 526 3970 sum
572 3920 896 3988 Apostolus?
923 3924 1114 3981 Nonne
1139 3927 1411 3984 Christum
1439 3929 1622 3986 .lesum
1656 3932 1841 3987 Domi-

265 4019 392 4060 num
426 4018 671 4065 nostrum
718 4014 871 4068 vidi?
901 4014 1089 4071 Nonne
1131 4034 1265 4087 opus
1295 4037 1472 4077 meum
1502 4038 1598 4077 vos
1628 4024 1759 4078 estis
1788 4024 1841 4079 in

263 4093 548 4153 Domino?
582 4103 648 4156 Et
676 4105 720 4159 si
751 4104 873 4161 aliis
903 4123 1006 4162 non
1038 4124 1155 4164 sum
1184 4112 1507 4181 Apostolus,
1538 4116 1634 4170 sed
1667 4124 1842 4173 tamen

262 4187 414 4243 vobis
461 4206 623 4245 sum:
674 4210 795 4251 nam
839 4197 1169 4267 signaculum
1216 4201 1558 4271 Apostolatus
1597 4208 1705 4262 mei
1748 4222 1844 4264 vos

261 4280 391 4333 esus
420 4279 472 4334 in
506 4281 752 4339 Domino.
800 4286 835 4353 Ii)
860 4325 876 4341 .
908 4289 1099 4343 Amen.

329 4373 625 4445 Antiphona
658 4378 711 4433 l.
742 4378 886 4434 ldola
914 4380 1160 4439 Génu'um
1190 4400 1301 4453 jam
1334 4401 1437 4439 non
1466 4396 1624 4441 erunt
1649 4404 1679 4443 a
1707 4388 1842 4447 facie

260 4464 470 4522 timOris
509 4468 721 4526 Domini
749 4515 764 4539 ,
799 4482 853 4528 et
881 4473 911 4527 Et
941 4476 1220 4545 majestéte
1252 4479 1467 4537 virtutis
1506 4481 1622 4551 ejus
1645 4522 1663 4549 ,
1702 4483 1840 4554 quo-

256 4553 406 4609 niam
435 4556 600 4612 venit.
636 4558 877 4616 Psalmus
905 4578 1061 4619 cxrit.

334 4647 540 4704 Oratio.
574 4649 830 4717 Domine,
862 4656 954 4725 qui
990 4670 1204 4712 sursum
1245 4674 1298 4713 .n
1338 4638 1650 4719 cmléstibus
1689 4662 1846 4720 babi-

259 4745 365 4791 tas.
394 4737 612 4808 Require
638 4741 732 4811 fol.
764 4742 853 4796 72.

328 4830 632 4899 Antiplwna
652 4833 707 4886 2.
734 4833 918 4889 Omnis
948 4843 1089 4891 terra
1115 4837 1297 4893 addret
1329 4848 1399 4905 te,
1428 4840 1591 4908 Deus,
1622 4850 1675 4897 et
1700 4845 1845 4913 psal-

258 4922 334 4977 lat
378 4923 473 4977 tibi
505 4941 519 4978 :
552 4933 607 4979 et
648 4926 913 4995 psalmum
956 4929 1102 4984 dicat
1140 4930 1349 4986 nomini
1388 4940 1501 4989 tuo.
1542 4934 1842 4993 Altissime.

256 5010 508 5068 Psalmis:
526 5029 659 5069 va.

333 5101 541 5159 Oratio.
572 5104 757 5161 Omnis
788 5114 928 5163 terra
970 5108 1159 5165 addret
1212 5119 1295 5179 te,
1337 5110 1606 5181 Domine;
1649 5126 1705 5171 et
1750 5117 1843 5173 tibi

257 5195 462 5264 psallat
506 5198 628 5254 vita:
681 5200 961 5271 participio
1005 5204 1371 5275 incorruptae:
1428 5217 1487 5262 nt
1538 5210 1677 5264 sicut
1721 5220 1846 5267 sunt

256 5286 448 5344 omnia
494 5297 587 5346 tuo
626 5292 850 5349 formata
895 5295 1137 5364 opiﬁcio,
1184 5297 1253 5351 ita
1293 5311 1483 5354 cuncta
1526 5310 1616 5357 tuo
1645 5301 1847 5372 pariter

256 5379 567 5438 subdantur
594 5382 845 5455 imperio.
891 5386 930 5457 ἢ
954 5426 968 5440 .
1001 5388 1192 5444 Amen.

330 5472 440 5529 Per
459 5518 475 5542 ,
507 5484 615 5531 etc.

333 5568 635 5635 ΑηιίρΙιοηα
664 5569 721 5624 3.
753 5567 865 5639 Ego
905 5572 1134 5640 cognovi
1178 5571 1320 5643 quod
1367 5590 1591 5645 magnus
1621 5586 1705 5633 est
1741 5579 1847 5635 Do-

258 5657 474 5727 minus,
508 5666 565 5714 et
603 5658 746 5715 Deus
789 5670 975 5718 noster
1013 5677 1123 5734 pm
1163 5662 1413 5720 omnibus
1442 5666 1564 5723 diis.
1597 5667 1846 5725 Psalmus

259 5763 507 5807 CXXXIV.

352 5840 393 5910 ἡ
412 5882 430 5897 .
460 5841 786 5915 Sapientiam
816 5860 964 5904 suam
994 5847 1138 5905 Deus
1178 5851 1433 5907 revelant
1479 5853 1677 5923 papqu
1703 5868 1803 5910 suo
1826 5895 1846 5923 ,

1862 4571 1915 4633 D

1967 618 2071 677 Per
2099 622 2345 679 civitates
2371 624 2509 682 Juda
2552 628 2679 683 ecce
2720 629 2969 686 Salvator
3009 632 3226 689 advenit
3263 635 3317 690 in
3357 644 3543 694 monte

1967 714 2117 769 Sion.
2167 718 2238 783 ᾖ.
2274 718 2522 776 Exultate
2552 722 2604 775 in
2633 722 2815 777 laetitia
2846 723 3044 788 Jacob,
3089 735 3144 781 et
3180 727 3308 784 inite
3345 740 3539 787 contra

1965 820 2123 875 caput
2148 809 2427 878 Gentium,
2461 816 2772 882 personate,
2812 816 2988 873 canite
3027 827 3081 873 et
3109 819 3292 874 dicite.
3329 819 3392 876 P.
3434 821 3537 879 Per

1965 898 2236 967 civitates,
2268 911 2371 959 etc.
2420 904 2457 973 ᾗ
2480 943 2496 959 .
2530 905 2711 961 Gloria
2736 946 2751 971 ,
2781 918 2886 962 etc.
2920 907 2987 963 Ρ.
3022 908 3124 963 Per
3153 909 3414 965 civitates.

2037 988 2245 1047 Preces.
2290 994 2597 1053 Clammnus
2638 999 2705 1053 ad
2750 1008 2835 1063 te,
2882 1000 3144 1067 Domine,
3189 1014 3243 1057 tu
3283 1004 3543 1060 miserere

1965 1081 2140 1138 nobis.
2174 1082 2239 1137 P.
2270 1085 2339 1140 Et
2382 1087 2523 1143 dona
2568 1089 2973 1160 indulgentiam.
3128 1085 3239 1147 Rex
3282 1095 3542 1154 altissime

1963 1181 2018 1225 et
2065 1172 2313 1241 perennis
2368 1177 2631 1247 Domine,
2684 1195 2929 1249 precem,
2975 1198 3132 1252 quant
3175 1182 3540 1251 elfuntlintus,

1964 1262 2172 1329 accipe.
2204 1265 2271 1321 P.
2309 1268 2374 1321 Et
2420 1270 2579 1325 dona.
2632 1272 2701 1339 ᾖν.
2746 1271 2946 1341 Εςνοε
2999 1273 3148 1327 visita
3200 1282 3254 1328 et
3301 1275 3541 1346 captivos

1950 1357 2186 1422 revoca,
2224 1360 2456 1428 pupillos
2487 1373 2540 1416 et
2580 1363 2766 1417 viduas
2808 1364 3021 1434 adjuva.
3057 1364 3125 1420 Ρ.
3161 1366 3225 1419 Et
3253 1367 3412 1423 dona.
3461 1368 3537 1438 ᾖ.

1960 1447 2069 1502 Nos
2102 1449 2443 1516 peccavimus
2470 1461 2525 1507 et
2554 1451 2584 1505 ὲ
2627 1462 2679 1508 te
2721 1454 3075 1520 recessimus,
3117 1465 3173 1510 tu
3212 1456 3542 1528 Redemptor

1961 1539 2207 1596 omnium
2258 1543 2404 1598 salva
2452 1560 2571 1600 nos.
2604 1546 2671 1600 P.
2708 1546 2775 1601 Et
2823 1548 2981 1602 dona.
3025 1548 3098 1617 ᾗ.
3152 1549 3539 1607 Ρωηὶιέηιίϋυε

1961 1634 2247 1699 miserere,
2296 1635 2561 1706 Domine,
2605 1649 2659 1693 et
2706 1638 2909 1708 peccati
2954 1640 3191 1696 maculas
3238 1640 3419 1698 ablue.
3464 1641 3534 1697 P.

1960 1723 2025 1779 Et
2053 1725 2215 1781 dona.

2031 1837 2233 1892 Ονάιὶο.
2265 1839 2569 1897 Laudamus
2604 1851 2675 1908 te,
2710 1842 2960 1907 Domine,
2993 1842 3114 1914 quia
3145 1843 3438 1913 benignus,
3469 1859 3532 1900 ac

1956 1928 2135 1983 suavis
2160 1944 2220 1983 es
2251 1948 2264 1983 :
2301 1942 2495 2000 praesta
2523 1933 2736 2004 itaque,
2770 1946 2825 1990 ut
2853 1936 2980 1990 dum
3018 1935 3072 1990 in
3107 1946 3192 1990 tua
3224 1935 3528 1993 laudatiOne

1956 2016 2285 2084 insistimus,
2318 2022 2401 2076 vel
2432 2022 2462 2075 ὲ
2496 2022 2677 2079 mundi
2710 2039 2809 2079 nos
2841 2026 3110 2083 illécebris
3140 2024 3370 2082 advoces
3393 2066 3411 2094 ,
3442 2025 3532 2083 vel

1956 2109 2320 2176 perfectorum
2351 2114 2595 2169 societati
2635 2116 2999 2187 adglomeres.

2027 2199 2189 2256 Pater
2208 2210 2413 2258 noster.

2574 2294 2654 2349 Ad
2680 2287 2913 2353 Sextum.

2131 2404 2306 2462 Léctia
2335 2408 2453 2462 libri
2482 2408 2651 2466 Esaia:
2680 2404 2958 2482 Prop/tela:
2989 2414 3151 2487 (Cap.
3188 2433 3285 2476 xu
3309 2441 3352 2491 ι.

2037 2518 2073 2587 ri)
2098 2560 2111 2572 .
2145 2519 2254 2574 Deo
2272 2520 2487 2591 gratias.

2020 2611 2159 2666 Ecce
2199 2613 2457 2669 Dominus
2504 2617 2756 2673 ascendet
2805 2633 2971 2691 super
2997 2622 3193 2680 nubent
3224 2626 3395 2684 levem
3421 2670 3438 2695 ,
3476 2640 3532 2687 et

1952 2700 2280 2771 ingredietur
2333 2703 2662 2777 Egyptum,
2714 2717 2772 2764 et
2826 2712 3187 2770 movebuntur
3240 2717 3531 2777 simulacra

1952 2792 2175 2863 Egypti
2208 2793 2238 2847 it
2268 2793 2409 2850 facie
2438 2796 2588 2866 ejus,
2620 2808 2674 2853 et
2698 2815 2793 2855 cor
2820 2800 3038 2873 Egypti
3071 2804 3306 2861 tabescet
3334 2808 3386 2862 in
3412 2810 3533 2867 mo-

1951 2883 2039 2937 din
2067 2886 2200 2954 ejus.
2234 2886 2302 2941 Et
2343 2892 2669 2947 concurrere
2700 2892 2891 2948 faciam
2935 2894 3221 2968 Egyptios
3263 2899 3528 2960 adversus

1952 2973 2274 3046 Egyptios:
2317 2987 2373 3034 et
2415 2984 2670 3052 pugnabit
2713 2984 2796 3038 vir
2837 2997 3023 3042 contra
3066 2986 3283 3046 fratrem
3325 3007 3479 3048 suum
3512 3035 3529 3060 ,

1952 3075 2006 3119 et
2034 3067 2115 3121 vir
2142 3077 2327 3124 contra
2356 3074 2587 3128 amicum
2619 3089 2774 3128 suum
2796 3116 2812 3141 ,
2855 3087 2911 3132 et
2944 3078 3133 3135 civitas
3161 3081 3421 3138 adversus
3450 3086 3531 3139 ei-

1952 3156 2201 3222 vitétem,
2234 3168 2289 3213 et
2320 3174 2541 3230 regnum
2572 3163 2831 3219 adversus
2861 3181 3105 3236 regnum.
3138 3171 3203 3224 Et
3232 3172 3534 3243 disrumpe-

1953 3255 2039 3302 tur
2065 3249 2285 3318 spiritus
2312 3252 2534 3324 Egypti
2564 3255 2616 3308 in
2649 3256 2947 3312 visceribus
2976 3258 3090 3328 ejus
3112 3302 3125 3325 ,
3157 3270 3212 3316 et
3251 3264 3533 3320 consilium

1950 3339 2068 3406 ejus
2115 3342 2503 3410 praecipitabo:
2547 3355 2600 3399 et
2641 3345 3046 3416 interrogabunt
3075 3350 3361 3407 simulacra
3391 3367 3487 3409 sua
3510 3395 3527 3421 ,

1949 3438 2004 3483 et
2033 3429 2246 3487 divinos
2272 3447 2433 3503 suos,
2462 3444 2518 3490 et
2558 3435 2823 3507 pythones
2861 3446 2919 3493 et
2958 3440 3175 3495 ariolos.
3219 3443 3285 3497 Et
3325 3445 3527 3500 tradam

1948 3518 2234 3591 Egyptum
2283 3522 2336 3578 in
2381 3540 2541 3581 manu
2581 3526 2921 3583 dominorum
2966 3530 3296 3601 crudelium,
3342 3545 3397 3591 et
3435 3550 3528 3591 rex

1948 3612 2101 3668 fortis
2147 3615 2512 3673 dominabitur
2557 3619 2674 3687 eis,
2727 3621 2804 3676 ait
2848 3620 3110 3678 Dominus
3156 3624 3528 3697 Omnipotens.

1964 3706 2001 3772 ἢ
2020 3742 2033 3758 .
2063 3707 2251 3762 Amen.

2018 3797 2335 3865 Antiphana.
2368 3802 2420 3855 l.
2451 3792 2702 3871 Laqueus
2731 3806 2994 3862 contritus
3020 3815 3133 3879 est,
3165 3818 3219 3865 et
3260 3826 3359 3868 nos
3389 3812 3529 3870 libe-

1948 3887 2053 3943 rati
2082 3903 2289 3945 sumus.
2324 3890 2565 3947 Psalmus
2596 3908 2794 3950 cum.

2021 4000 2224 4054 0rdtio.
2254 4001 2385 4056 Esto
2412 4002 2464 4057 in
2491 4005 2641 4060 nobis
2671 4005 2897 4063 Domine
2929 4009 3066 4065 Deus
3091 4009 3252 4068 lsraél
3284 4030 3298 4067 :
3331 4022 3386 4069 et
3413 4029 3528 4069 ma-

1946 4089 2121 4144 lorum
2162 4091 2595 4161 infestationem,
2638 4110 2705 4150 ne
2750 4096 3127 4168 deglutiamur,
3179 4102 3207 4156 ὲ
3249 4104 3400 4159 nobis
3444 4121 3529 4161 re-

1946 4179 2133 4250 pelle:
2184 4181 2536 4255 nocivamque
2590 4186 2958 4255 iracundiam,
3019 4206 3086 4247 ne
3137 4192 3525 4250 obsorbeémur

1944 4271 2286 4341 comprime:
2328 4275 2514 4344 sicque
2554 4276 2606 4330 in
2650 4279 2805 4334 nobis
2848 4289 3058 4336 torrens
3098 4291 3202 4337 tua:
3239 4284 3527 4353 voluptatis

1944 4363 2247 4431 redundet,
2287 4376 2345 4421 ut
2384 4367 2640 4422 vitiorum
2695 4360 2985 4427 torrentem
3029 4372 3203 4429 anima
3244 4386 3427 4432 nostra
3466 4392 3527 4436 se

1943 4457 2063 4511 sine
2090 4456 2400 4514 discrimine
2430 4460 2788 4528 pertransisse
2827 4464 3036 4519 exultet
3068 4482 3080 4518 :
3125 4481 3297 4551 neque
3338 4468 3523 4525 inimi-

1943 4546 2130 4607 cOrum
2178 4547 2427 4604 dentibus
2470 4549 2731 4605 laniémur
2760 4569 2775 4619 ;
2807 4554 2901 4609 sed
2939 4556 3153 4625 ereptos
3198 4546 3296 4614 nos
3339 4560 3405 4616 de
3432 4576 3525 4617 ve-

1950 4638 2186 4695 nantium
2231 4640 2435 4712 laqueis
2472 4642 2848 4713 gratulemur:
2897 4654 2953 4703 et
2993 4655 3046 4702 tu
3093 4649 3303 4720 adiutor
3341 4660 3526 4709 noster

1947 4728 2185 4784 lierédita
2212 4744 2310 4786 nos
2337 4731 2390 4786 in
2420 4734 2758 4801 possessione
2783 4735 2980 4792 aeterna
3010 4753 3024 4803 ;
3052 4740 3167 4808 qui,
3203 4741 3524 4809 c00perante

1948 4817 2125 4875 Verbo
2156 4831 2247 4876 tuo
2277 4822 2582 4893 Sanctoque
2619 4824 2819 4894 Spiritu
2842 4867 2857 4893 ,
2898 4825 3074 4883 fecisti
3111 4831 3307 4886 cmlum
3334 4840 3389 4888 et
3416 4840 3526 4887 ter-

1946 4926 2082 4966 ram.
2128 4912 2168 4977 ἡ
2190 4951 2204 4966 .
2237 4914 2429 4969 Amen.

2018 5004 2121 5060 Per
2150 5004 2594 5061 misericordiam.

2015 5116 2313 5188 Antiphona
2337 5116 2394 5170 9.
2425 5116 2692 5173 Convérte
2734 5118 2959 5174 Domine
2996 5120 3363 5191 captivitAtem
3419 5134 3514 5174 no-

1947 5217 2112 5264 stram
2134 5250 2150 5275 ,
2181 5210 2320 5265 sicut
2349 5220 2560 5265 torrens
2590 5210 2643 5265 in
2671 5219 2877 5267 austro.
2909 5210 3152 5267 Psalmus
3180 5213 3337 5266 cx'xv.

2022 5299 2224 5355 ονὰιὶο.
2297 5299 2628 5356 Convertere
2694 5301 2921 5356 Domine
2986 5302 3345 5371 captivitatem
3415 5300 3529 5353 nov

1947 5398 2114 5445 stram
2163 5390 2231 5445 ab
2278 5390 2628 5447 inlecebrosis
2679 5391 2880 5447 inimici
2925 5387 3326 5446 seductionibus
3372 5389 3519 5445 redi-

1948 5482 2187 5539 mendo:
2241 5490 2296 5539 et
2343 5483 2491 5553 reple
2540 5484 2908 5541 consolatione
2958 5480 3337 5552 indulgentiae,
3389 5498 3523 5554 quos

1947 5573 2215 5630 desolatus
2265 5574 2525 5643 prospicis
2557 5575 2629 5630 ob
2676 5576 3055 5631 admissionem
3107 5575 3404 5645 nequitiae:
3456 5578 3524 5633 da

1947 5669 2134 5735 nobis,
2170 5682 2507 5737 quaesumus,
2537 5668 2757 5723 contriti
2787 5666 2966 5723 cordis
2996 5666 3353 5724 humilitétem
3380 5683 3523 5739 qna-

1948 5776 2109 5826 rere;
2143 5769 2198 5817 et
2225 5758 2664 5832 inquinamenta,
2696 5776 2817 5828 qua:
2857 5775 2955 5815 nos
2984 5760 3255 5832 polluunt.
3308 5760 3524 5815 ﬂuentis

1950 5853 2343 5924 lachrymarum
2391 5851 2656 5907 abluere:
2707 5852 2788 5907 sic
2834 5853 2998 5912 etiam
3040 5853 3395 5913 confessionis
3434 5866 3525 5905 re-
