4044 6382
515 389 619 447 167

1712 381 2132 441 BREVIARIUM
2172 385 2544 443 GUTIIICUM.

3664 400 3769 457 £68

515 502 691 561 Inedia
721 499 957 557 seramus
991 496 1039 551 in
1072 495 1395 567 luclnymis,
1428 504 1485 551 ut
1518 495 1855 567 indulgentia:
1886 497 2086 553 fructus
2111 504 2159 563 Α
2192 498 2293 565 ter,
2326 514 2393 554 ne
2421 498 2752 554 obliviscaris
2776 498 3080 568 Dominum,
3111 502 3197 571 qui
3221 504 3407 560 eduxit
3437 516 3489 562 te
3529 508 3598 563 de
3624 521 3773 567 terra

515 595 778 652 metumus
809 593 859 646 in
893 590 1121 662 gaudiis.
1164 589 1199 657 ii)
1224 628 1237 643 .
1271 588 1460 643 Arnen.

584 686 879 845 iiziphona
909 772 964 827 5.
997 770 1141 825 Beati
1173 785 1361 826 omnes
1382 810 1395 831 ,
1426 767 1514 839 qui
1549 769 1735 822 timent
1768 768 2083 837 Dominum,

514 868 604 939 qui
636 865 912 920 ambulant
940 864 992 917 in
1025 864 1125 916 viis
1154 863 1289 932 ejus.
1319 862 1558 915 Psalmus
1587 878 1787 917 cum.

600 958 676 1025 ἢ.
707 952 959 1009 Miserere
1000 952 1184 1017 nobis,
1228 952 1473 1007 Dumine.
1524 953 1587 1005 P.
1630 952 1879 1007 Miserere
1911 952 2085 1006 nobis.

528 1049 603 1119 γ.
634 1045 713 1100 Ad
765 1055 816 1099 te
860 1044 1096 1098 levamus
1141 1042 1325 1097 oculos
1364 1053 1605 1109 nostros,
1653 1044 1740 1112 qui
1786 1042 1992 1097 habitas
2035 1042 2086 1097 in

513 1138 685 1194 caelis.
719 1135 784 1191 P.
818 1134 1071 1189 Miserere
1103 1134 1277 1188 nobis.
1348 1135 1380 1203 ᾗ
1408 1174 1421 1187 .
1455 1134 1671 1199 Gléria,
1703 1144 1757 1188 et
1789 1137 1958 1189 honor
1990 1134 2088 1189 Pa-

516 1232 583 1285 tri
609 1272 626 1296 ,
656 1238 763 1283 etc.
796 1226 864 1280 P.
896 1226 1150 1281 Miserere
1180 1226 1353 1279 nobis.

593 1322 701 1392 79
736 1320 940 1374 Preces.
983 1319 1283 1375 Clamémus
1332 1332 1517 1372 omnes
1547 1318 1651 1372 una
1696 1332 1845 1373 voce.
1882 1316 1948 1371 P.
1980 1317 2089 1371 Du-

517 1414 663 1471 mine
692 1413 964 1468 miserere.
1007 1413 1042 1482 Ῡ
1068 1454 1083 1465 .
1111 1411 1304 1465 Amura
1352 1410 1502 1465 nobis
1532 1421 1613 1465 est
1653 1410 1759 1465 vita
1791 1418 1989 1464 nostra.
2021 1408 2087 1463 P.

515 1504 742 1561 Dimine
766 1504 1039 1558 miserere.
1078 1504 1112 1569 7
1136 1539 1151 1555 .
1183 1500 1385 1555 Delicta
1434 1502 1575 1568 dele,
1610 1516 1793 1569 pacem
1835 1500 2091 1554 concede.

518 1594 584 1649 Ρ.
639 1594 863 1649 Dumine
906 1593 1175 1648 miserere.
1226 1592 1296 1645 θ.
1356 1592 1553 1645 Inclina
1601 1605 1783 1644 aurem
1833 1599 1974 1644 tuam
2025 1590 2091 1644 ad

517 1698 727 1754 precem
752 1695 1003 1739 nostram.
1036 1681 1103 1734 Ρ.
1130 1682 1354 1737 Domine
1384 1680 1657 1736 miserere.
1706 1680 1740 1749 ᾖ
1764 1719 1778 1733 .
1807 1680 1968 1735 Parce
1997 1681 2094 1737 de-

516 1774 677 1841 lictis,
704 1784 757 1829 et
778 1772 998 1828 subveni
1023 1773 1092 1827 de
1121 1772 1294 1827 cmlis.
1336 1772 1402 1824 P.
1435 1771 1661 1826 Domine
1686 1771 1965 1825 miserere.

2188 590 2430 661 Egypti,
2463 602 2517 645 et
2572 593 2639 647 de
2692 592 2853 647 domo
2917 596 3211 650 servitutis.
3265 597 3547 654 Dominum
3599 602 3770 657 Deum

2189 690 2339 734 tuum
2372 681 2603 742 timebis.
2626 696 2678 738 et
2704 682 2801 752 ipsi
2834 684 3055 750 sérvies,
3089 701 3152 741 ac
3173 702 3266 756 per
3291 703 3485 744 nomen
3515 672 3657 745 illlus
3682 692 3773 761 ju-

2188 772 2351 825 rubis.
2377 772 2491 825 Non
2514 773 2657 827 ibitis
2688 785 2805 842 post
2843 776 2973 830 deos
3016 776 3220 832 alienos
3266 781 3583 835 cunctérutn
3630 786 3770 852 gén-

2191 859 2343 926 tium,
2373 877 2493 931 qua:
2545 863 2597 917 in
2645 864 2867 919 circuitu
2924 876 3103 921 vestro
3144 878 3313 925 sunt:
3345 871 3595 939 quoniam
3627 874 3771 931 Deus

2188 953 2484 1020 aemulator,
2517 954 2772 1010 Dominus
2816 956 2953 1009 Deus
2980 956 3033 1010 in
3081 958 3261 1013 medio
3306 964 3379 1015 tul
3427 978 3443 1015 :
3488 964 3774 1032 nequando

2190 1042 2453 1097 irascatur
2482 1044 2627 1097 furor
2658 1045 2868 1100 Durnini
2903 1048 2993 1103 Dei
3041 1049 3112 1103 tui
3150 1060 3337 1105 contra
3369 1061 3444 1115 te,
3468 1064 3523 1107 et
3566 1055 3774 1110 auferat

2192 1140 2242 1185 te
2296 1133 2526 1203 desuper
2579 1134 2766 1189 facient
2816 1147 2992 1193 terrm.
3041 1140 3155 1193 Non
3199 1142 3427 1197 tentébis
3484 1143 3771 1201 Dominum

2189 1219 2357 1276 Deum
2382 1232 2550 1289 tuum,
2570 1224 2705 1278 sicut
2730 1227 2945 1281 tentasti
2976 1228 3161 1282 inloco
3189 1230 3518 1288 tentationis.
3539 1234 3768 1291 Custodi

2192 1312 2457 1382 prmcépta
2487 1313 2698 1368 Dumini
2732 1317 2819 1370 Dei
2852 1318 2947 1382 tui,
2978 1334 3040 1372 ac
3091 1320 3393 1375 testimdnh
3424 1334 3477 1376 et
3520 1324 3769 1379 caerimo-

2190 1402 2328 1466 nias,
2354 1418 2486 1471 quas
2520 1404 2773 1473 prrecépit
2804 1405 2895 1460 tibi
2932 1426 2943 1459 :
2967 1416 3019 1461 et
3042 1407 3126 1462 fac
3153 1410 3294 1479 quod
3323 1410 3581 1475 plucitum
3601 1422 3686 1465 est
3712 1424 3770 1467 ct.

2190 1490 2388 1546 bonurn
2426 1494 2481 1567 in
2533 1496 2821 1563 conSpéctu
2857 1497 3088 1566 Durnini,
3134 1511 3189 1555 ut
3238 1500 3375 1555 bene
3424 1502 3495 1556 sit
3553 1502 3770 1561 tibizet

2191 1580 2463 1651 ingressus
2511 1585 2785 1653 possideas
2838 1597 3053 1653 terram,
3115 1604 3273 1660 quam
3321 1590 3579 1648 Dominus
3627 1594 3769 1651 Deus

2194 1686 2312 1731 tuus
2335 1677 2556 1733 daturus
2588 1690 2669 1734 est
2700 1680 2813 1735 tibi.
2860 1680 2898 1747 ιῆ
2922 1721 2934 1734 .
2970 1682 3159 1737 Amen.

2372 1767 2545 1821 Léctio
2575 1769 2689 1823 libri
2721 1768 2895 1825 Esaia
2936 1770 3207 1842 Pmphétw
3237 1774 3391 1845 (Cap.
3420 1778 3586 1841 lux).

589 1866 785 1919 Oratio.
820 1865 982 1934 Deus,
1015 1864 1105 1933 qui
1144 1862 1393 1919 timentes
1449 1872 1521 1928 te,
1566 1860 1751 1917 beutos
1787 1860 2086 1932 prophetali
2121 1852 2165 1912 Β
2277 1860 2347 1926 ἡ.
2382 1860 2493 1915 Deo
2521 1861 2743 1931 gratias.

518 1973 645 2013 voce
670 1960 1010 2025 pronuntias;
1060 1958 1125 2011 da
1178 1958 1231 2011 in
1275 1956 1428 2011 nobis
1460 1957 1531 2011 tui
1583 1957 1788 2011 timeris
1838 1956 2089 2027 obsequia

517 2050 883 2119 beneplucita;
916 2058 973 2103 ut
1010 2064 1079 2105 ex
1114 2049 1215 2103 hoc
1269 2050 1321 2103 in
1370 2048 1471 2103 viis
1524 2048 1628 2103 tuis
1675 2048 1949 2104 ambulare
1992 2062 2090 2104 nos

516 2143 677 2197 iacias
710 2160 724 2195 :
757 2144 954 2212 sitque,
987 2152 1037 2195 te
1060 2141 1411 2211 gubernante,
1441 2142 1589 2197 labor
1619 2152 1801 2197 noster
1828 2142 1933 2196 tuis
1963 2140 2092 2196 ocu-

515 2234 580 2288 lis
602 2232 862 2303 placitus;
915 2232 1063 2301 cujus
1111 2234 1312 2288 fructus
1362 2232 1602 2301 tempore
1644 2232 2091 2288 remuneratidnis

518 2325 777 2379 efﬁciatur
803 2324 1149 2378 suavissimus
1182 2342 1196 2379 :
1225 2339 1288 2379 ac
1326 2323 1403 2379 sic
1426 2326 1576 2379 labor
1605 2324 1718 2393 ipse
1739 2324 1807 2380 de
1826 2326 2091 2381 cbaritéte

518 2415 815 2479 studeatur,
846 2424 902 2469 ut
929 2415 1069 2484 apud
1110 2425 1161 2471 te
1209 2417 1384 2485 lruges
1414 2414 1530 2486 ejus
1560 2416 1611 2471 in
1640 2415 1969 2473 beatitudine
2005 2431 2091 2473 re-

519 2504 865 2559 condeautur.

586 2595 744 2653 Pater
765 2608 969 2653 noster.
999 2598 1062 2653 Et
1084 2611 1151 2653 ne
1176 2610 1294 2662 nos,
1323 2607 1427 2653 etc.

1118 2689 1200 2741 Ad
1245 2688 1473 2743 Nouum.

788 2776 1179 2833 Proverbidrunt
1199 2779 1491 2836 Salomonis
1521 2780 1675 2853 (Cap.
1706 2781 1838 2854 ιιι).

603 2872 642 2939 ἢ
663 2909 677 2925 .
701 2871 810 2927 Deo
831 2872 1047 2942 gratias.

590 2964 709 3031 Fili,
734 2966 822 3035 qui
854 2965 1085 3020 custodit
1109 2979 1170 3019 os
1199 2979 1375 3030 suum,
1416 2974 1469 3019 et
1514 2965 1745 3034 linguam
1780 2982 1952 3035 suam,
2000 2982 2093 3023 cu-

517 3056 679 3111 studit
692 3055 759 3110 ab
778 3056 1034 3124 angustiis
1047 3056 1276 3110 animam
1295 3070 1467 3110 suam.
1486 3056 1757 3127 Superbus
1769 3069 1821 3114 et
1836 3060 2092 3129 arrogans

2262 1951 2387 2007 llzec
2416 1952 2546 2008 dicit
2574 1952 2831 2011 Duminus
2860 1972 2875 2010 :
2904 1956 3042 2012 Leva
3067 1958 3118 2011 in
3140 1960 3363 2014 circuitu
3409 1962 3594 2017 oculos
3626 1974 3765 2028 tuos.

2189 2054 2247 2101 et
2273 2046 2414 2115 vide,
2445 2062 2631 2103 omnes
2653 2046 2740 2102 isti
2784 2049 3091 2119 congregati
3136 2062 3280 2116 sunt,
3313 2053 3577 2109 venerunt
3629 2056 3764 2111 tibi:

2189 2141 2313 2193 vivo
2340 2154 2460 2209 ego,
2492 2138 2620 2194 dicit
2644 2139 2921 2207 Dominus,
2953 2142 3075 2211 quia
3102 2141 3353 2197 omnibus
3381 2145 3462 2198 liis
3505 2148 3655 2201 Velut
3682 2162 3771 2200 or-

2190 2228 2439 2283 namento
2495 2231 2762 2286 vestieris.
2804 2230 2930 2285 llaec
2978 2232 3107 2287 dicit
3160 2232 3416 2289 Dominus
3445 2250 3458 2288 :
3490 2235 3631 2290 Ecce
3670 2250 3769 2305 ego

2191 2322 2309 2378 levo
2338 2322 2404 2377 ad
2430 2331 2617 2392 gentes
2639 2338 2853 2378 manum
2885 2338 3079 2387 meam,
3103 2334 3156 2379 et
3177 2327 3243 2379 ad
3274 2326 3497 2394 populos
3517 2327 3768 2383 exalthbo

2191 2412 2401 2486 signum
2435 2432 2633 2471 meum.
2665 2416 2731 2471 Et
2786 2417 3013 2473 aﬁerent
3056 2418 3195 2473 ﬁlios
3247 2428 3364 2475 tuos
3414 2420 3470 2473 in
3525 2420 3685 2486 ulnis,
3717 2432 3773 2477 et

2190 2506 2325 2563 ﬁlias
2354 2518 2471 2563 tuas
2502 2523 2663 2578 super
2696 2507 2951 2565 humeros
2998 2511 3307 2579 portabunt.
3338 2510 3406 2566 Et
3433 2524 3592 2567 erunt
3618 2528 3778 2585 reges

2190 2598 2402 2653 nutritii
2435 2600 2535 2666 tui,
2567 2610 2621 2655 et
2642 2601 2838 2670 regina:
2862 2602 3097 2656 nutrices
3126 2611 3227 2656 tua:
3264 2619 3277 2655 :
3309 2602 3458 2657 vultu
3484 2603 3537 2657 in
3569 2612 3773 2658 terram

2191 2683 2415 2744 dimisso
2444 2688 2741 2744 adorabunt
2772 2701 2844 2759 te,
2896 2700 2951 2745 et
2996 2692 3270 2761 pulverem
3323 2694 3516 2761 pedum
3560 2704 3776 2750 tuorum

2192 2777 2413 2848 lingent.
2451 2780 2513 2834 Et
2536 2780 2675 2835 scies
2723 2782 2845 2851 quia
2877 2796 2976 2853 ego
3020 2782 3299 2850 Dominus,
3341 2798 3503 2853 super
3531 2799 3637 2853 quo
3667 2800 3777 2841 non

2192 2871 2585 2927 conlundéntur
2604 2873 2692 2942 qui
2717 2873 3003 2943 expectant
3024 2890 3168 2930 eum.
3194 2874 3458 2945 Numquid
3500 2878 3717 2933 tolletur
3745 2878 3777 2933 ὲ

2195 2956 2319 3015 lorti
2349 2960 2561 3030 praeda?
2590 2966 2695 3017 Aut
2716 2964 2854 3033 quod
2884 2975 3097 3034 captum
3139 2966 3299 3021 fuerit
3328 2966 3357 3019 ὲ
3387 2966 3629 3033 robusto,
3663 2970 3777 3024 Sal-

2192 3066 2316 3105 vum
2348 3068 2467 3107 esse
2490 3053 2716 3123 poterit?
2737 3055 2870 3123 Quia
2893 3055 3008 3110 haec
3022 3056 3151 3111 dicit
3175 3056 3461 3113 Dominus:
3486 3059 3773 3129 Equidem,

521 3146 740 3200 vocatur
764 3145 1030 3213 indoctus,
1054 3145 1143 3216 qui
1168 3146 1221 3199 in
1250 3146 1327 3199 ira
1350 3147 1600 3216 operatur
1620 3147 1942 3216 superbiam.
1979 3146 2084 3202 De-
2116 3141 2164 3205 Ο
2192 3153 2245 3198 et
2274 3144 2549 3213 captivitas
2579 3146 2609 3206 ὸ
2642 3146 2767 3201 forti
2799 3148 3015 3203 tolletur
3042 3166 3053 3201 :
3085 3159 3138 3205 et
3181 3149 3322 3218 quod
3349 3151 3585 3205 ablutum
3613 3151 3776 3208 fuerit

520 3236 656 3291 sidia
687 3237 885 3292 occidit
924 3238 1127 3306 pigrum
1159 3254 1172 3290 :
1198 3235 1481 3291 noluérunt
1506 3238 1647 3292 enim
1676 3239 1954 3308 quicquam
1978 3253 2090 3294 uia-

521 3341 619 3382 nus
640 3327 757 3396 ejus
786 3326 998 3395 oper'ari
1025 3345 1037 3381 :
1070 3337 1179 3381 tota
1208 3326 1294 3380 die
1320 3326 1651 3395 concupiscit
1694 3336 1747 3383 et
1766 3327 2038 3383 desiderat
2069 3347 2084 3384 :

518 3421 607 3490 qui
636 3430 813 3475 autem
846 3420 1019 3487 justus
1046 3428 1147 3485 est,
1190 3419 1402 3483 tribuet,
1451 3426 1508 3473 et
1542 3434 1648 3473 non
1686 3421 1939 3475 cessabit.
1970 3418 2090 3473 ne-

518 3517 637 3569 stia:
682 3513 968 3581 impiorum
1041 3510 1451 3575 abominabiles,
1502 3509 1625 3579 quia
1678 3510 1977 3566 oﬂ‘eruntur
2021 3525 2090 3567 ex

519 3606 745 3661 scelere.
772 3604 945 3659 'Iestis
969 3603 1195 3658 mendax
1225 3603 1415 3673 peribit
1443 3619 1456 3655 :
1481 3604 1563 3655 vir
1582 3602 1836 3658 obédiens
1858 3603 2092 3673 loquitur

521 3698 821 3753 victoriam.
881 3695 973 3751 Vir
1001 3695 1197 3768 impius
1245 3694 1545 3765 procaciter
1594 3695 1840 3750 obﬁrmat
1888 3696 2090 3751 vultum

521 3806 713 3845 suum:
745 3790 831 3859 qui
881 3798 1057 3844 autem
1096 3797 1273 3843 rectus
1326 3798 1428 3851 est,
1459 3786 1679 3857 corrigit
1738 3788 1875 3842 viam
1916 3802 2089 3844 suam.

524 3881 637 3935 Non
658 3888 740 3936 est
761 3878 1040 3948 sapiéntia,
1066 3892 1237 3946 neque
1259 3876 1553 3945 prudentia,
1579 3892 1682 3930 non
1707 3886 1790 3931 est
1808 3877 2090 3933 consilium

521 3982 707 4027 contra
753 3970 1056 4025 Duminum.
1108 3967 1286 4038 Equus
1341 3976 1555 4037 paratus
1602 3967 1669 4021 ad
1725 3966 1864 4022 diem
1916 3967 2086 4024 belli:

522 4065 779 4119 Dominus
803 4072 977 4116 autem
1007 4062 1234 4115 salutem
1272 4060 1476 4115 tribuit.
1531 4061 1567 4128 ti,
1592 4101 1605 4113 .
1640 4062 1828 4116 Amen.

788 4152 964 4205 Léctio
986 4151 1103 4206 libri
1126 4149 1514 4205 Deuterondmii
1544 4151 1691 4222 (Cap.
1726 4150 1823 4221 vr).

604 4246 641 4314 ιῆ
663 4284 676 4299 .
708 4245 816 4299 1)ιό
846 4241 1061 4313 gratias.

590 4334 771 4389 lnillis
817 4332 1002 4388 diebus
1033 4348 1049 4388 :
1082 4332 1314 4388 Locutus
1366 4339 1447 4387 est
1495 4330 1706 4403 Méyses
1760 4331 1825 4386 ad
1878 4347 2089 4389 omnem

519 4439 716 4487 emtum
745 4429 968 4483 ﬁliorum
992 4427 1174 4494 lsraél,
1205 4436 1259 4482 et
1287 4426 1420 4481 dixit
1447 4426 1513 4480 ad
1560 4440 1653 4481 eos
1688 4443 1701 4480 :
1734 4424 1870 4480 Audi
1902 4426 2086 4491 lsraél,

2193 3233 2225 3289 ὸ
2252 3236 2493 3303 robusto,
2526 3236 2832 3291 salvubitur.
2859 3237 2965 3292 Eos
2991 3254 3139 3306 vero,
3170 3240 3257 3309 qui
3299 3238 3671 3310 judicavérunt
3696 3250 3773 3307 te,

2192 3326 2585 3397 egojudicbbo,
2618 3337 2672 3383 et
2701 3329 2835 3383 ﬁlios
2877 3337 2994 3385 tuos
3016 3344 3113 3401 ego
3162 3330 3404 3385 salvabo.
3462 3333 3525 3386 Et
3574 3332 3777 3388 cibAbo

2193 3418 2375 3475 hostes
2403 3430 2522 3475 tuos
2543 3420 2849 3477 carnalibus
2865 3423 2977 3476 suis
3003 3440 3015 3476 :
3046 3430 3103 3478 et
3123 3422 3271 3493 quasi
3290 3435 3488 3494 musto,
3510 3424 3776 3495 sanguine

2193 3526 2293 3568 suo
2346 3513 2751 3570 inebriabuntur
2780 3532 2792 3567 :
2823 3525 2876 3570 et
2922 3516 3059 3570 sciet
3108 3516 3284 3571 omnis
3336 3530 3483 3582 caro,
3516 3519 3642 3587 quia
3671 3532 3775 3587 ego

2194 3602 2334 3657 Deus
2356 3603 2567 3659 salvans
2594 3613 2667 3674 te,
2697 3615 2751 3661 et
2794 3605 3121 3676 Redemptor
3159 3614 3281 3660 tuus
3307 3615 3524 3661 sanctus
3581 3606 3772 3661 lsraél.

2209 3686 2247 3763 ἤ
2270 3734 2283 3747 .
2309 3695 2500 3751 Amen.

2264 3808 2542 3881 Sequéntia
2583 3807 3025 3933 Epistolre‘gauli
3063 3808 3311 3933 ιῖρόειοιὶ,
3345 3812 3413 3862 ad
3446 3806 3701 3877 Ephesios

2906 3896 2995 3933 an.
3024 3894 3072 3933 tv
3104 3918 3118 3931 .

2906 3896 2995 3935 αι).
3024 3894 3118 3935 IV).

2350 3880 2353 3881 ⁷
2842 3880 2995 3951 (Cap.
3024 3882 3099 3949 tv)

2277 3969 2317 4034 ιῆ
2336 4006 2350 4022 .
2384 3968 2492 4022 Deo
2514 3967 2728 4037 gratias.

2264 4059 2498 4122 Fratres,
2529 4062 2629 4114 hoc
2667 4058 2807 4124 dico,
2832 4067 2885 4112 et
2911 4058 3168 4113 testiﬁcor
3220 4058 3273 4112 in
3304 4056 3549 4123 Domino,
3576 4066 3635 4111 ut
3661 4072 3775 4113 non

2188 4148 2301 4222 jam
2327 4150 2628 4216 ambulétis,
2658 4150 2798 4205 sicut
2834 4149 3033 4204 Gentes
3068 4150 3415 4204 ambulabant
3462 4149 3514 4204 in
3540 4151 3776 4206 vanitaze

2192 4240 2384 4295 sensus
2396 4241 2503 4307 sui,
2525 4238 2762 4299 ténebris
2784 4239 3125 4294 obscuratum
3146 4238 3773 4306 babéntesintelléctum,

2192 4332 2412 4388 alienati
2442 4332 2471 4387 ἐι
2502 4334 2605 4386 vita
2633 4332 2748 4401 Dei,
2787 4347 2881 4401 per
2910 4332 3261 4399 ignorantiam
3293 4346 3412 4401 qua:
3439 4339 3524 4385 est
3552 4333 3602 4386 in
3636 4332 3773 4400 illis,

2195 4434 2414 4493 propter
2457 4424 2750 4478 caecitatem
2798 4421 2975 4476 cordis
3028 4421 3285 4491 ipsorum,
3312 4422 3422 4491 80
3451 4420 3539 4490 qui
3571 4420 3777 4489 despe—

522 4519 777 4574 Dominus
801 4517 943 4573 Deus
965 4525 1165 4582 vester,
1200 4515 1337 4571 Deus
1378 4531 1514 4571 unus
1537 4525 1640 4570 est.
1685 4515 1878 4585 Diliges
1902 4515 2087 4569 Dornl-
2116 4497 2168 4558 Ῑ)
2192 4513 2393 4577 rantes,
2427 4512 2746 4580 semetipsos
2776 4511 3107 4566 tradiderunt
3144 4510 3506 4579 impudicitia),
3538 4511 3591 4563 in
3636 4526 3777 4577 Ope-

519 4628 646 4669 num
674 4612 835 4667 Deum
868 4620 1012 4664 tuum
1051 4625 1115 4665 ex
1138 4616 1249 4663 toto
1272 4608 1434 4662 corde
1481 4619 1590 4671 tuo,
1620 4617 1672 4662 et
1701 4622 1764 4663 ex
1801 4618 1907 4662 tota
1936 4608 2092 4661 torti-

523 4704 703 4758 tudine
726 4713 832 4757 tua.
874 4702 1147 4769 Eruutque
1178 4699 1333 4753 verba
1363 4698 1500 4765 haec,
1542 4714 1657 4766 quas
1692 4712 1790 4767 ego
1842 4698 2090 4766 prmi-ipio

519 4794 612 4850 tibi
643 4793 821 4859 budie,
864 4792 917 4845 in
947 4790 1106 4845 corde
1136 4799 1226 4843 tuo
1256 4807 1267 4841 :
1299 4796 1355 4843 et
1406 4788 1649 4842 nam‘ibis
1698 4802 1761 4840 ea
1804 4787 1923 4841 ﬁliis
1962 4789 2086 4858 tuis,

519 4895 575 4940 et
605 4883 942 4939 rnedituberis
983 4881 1177 4937 sedens
1208 4880 1259 4935 in
1307 4880 1466 4934 domo
1498 4890 1605 4948 tua,
1638 4889 1691 4935 et
1734 4880 2010 4935 ambulans
2035 4881 2089 4935 in

521 4980 731 5044 itinere,
760 4976 1030 5031 dormiens
1075 4984 1233 5044 atque
1273 4974 1620 5043 consurgens.
1668 4972 1736 5027 Et
1784 4973 1975 5043 ligiibis
2025 4987 2088 5027 ea

518 5070 668 5139 quasi
696 5069 905 5137 signum
935 5067 987 5120 in
1018 5080 1177 5118 manu
1203 5073 1311 5131 tua,
1346 5065 1607 5133 eruntque
1636 5072 1691 5119 et
1735 5064 2089 5118 movebuntur

520 5161 659 5213 inter
676 5155 861 5211 oculos
889 5166 1028 5221 tuos,
1070 5152 1381 5222 scribésque
1400 5169 1459 5209 ea
1492 5154 1546 5207 in
1600 5154 1783 5209 limine
1835 5163 1886 5209 et
1934 5153 2087 5209 ostiis

517 5253 705 5307 domus
737 5261 858 5305 tum.
894 5247 1136 5316 cumque
1174 5247 1528 5302 introduxerit
1556 5256 1607 5302 te
1649 5245 1900 5301 Dominus
1949 5246 2088 5302 Deus

518 5350 639 5394 tuus
662 5342 712 5394 in
739 5347 960 5403 terram,
991 5353 1084 5404 pro
1110 5352 1210 5405 qua
1257 5335 1454 5405 jurbvit
1483 5335 1720 5405 putribus
1768 5335 1889 5401 tuis,
1925 5335 2087 5392 Abra-

522 5430 665 5493 ham,
695 5428 861 5493 lsaac,
890 5435 945 5482 et
984 5425 1148 5480 Jacob
1174 5443 1186 5477 :
1217 5435 1271 5480 et
1315 5424 1521 5480 déderit
1569 5426 1664 5480 tibi
1711 5426 1952 5481 civitates
1983 5441 2087 5482 ma-

518 5536 649 5592 gnas
676 5530 732 5576 et
768 5518 1017 5589 optimas,
1044 5532 1175 5589 quas
1221 5532 1324 5573 non
1371 5518 1661 5584 aediﬁcasti,
1688 5518 1875 5574 domos
1903 5519 2086 5587 plenas

518 5614 822 5671 cunctarum
868 5627 1052 5681 opum,
1118 5626 1250 5681 quas
1304 5627 1407 5668 non
1460 5612 1759 5679 extruxisti,
1805 5613 2084 5681 cisternas,

516 5718 646 5773 quas
662 5717 766 5757 non
796 5701 997 5769 fodisti,
1027 5702 1201 5757 vinéta
1243 5711 1295 5757 et
1322 5703 1539 5769 oliveta,
1571 5717 1688 5772 qua:
1718 5717 1823 5756 non
1879 5702 2086 5771 planta-

515 5795 603 5862 sti,
633 5802 687 5850 et
714 5792 1026 5858 comederis,
1051 5803 1101 5848 et
1136 5793 1401 5851 saturlitus
1461 5790 1625 5848 fueris
1658 5808 1671 5845 :
1704 5807 1837 5849 cave
1859 5794 2085 5864 diligen-

2190 4605 2451 4658 rationem
2489 4602 2841 4657 immunditize
2870 4603 3065 4667 omnis,
3101 4602 3155 4656 in
3200 4600 3502 4655 avaritiam.
3544 4599 3647 4654 Vos
3675 4615 3781 4655 au-

2192 4705 2298 4750 tem
2322 4696 2392 4749 ita
2423 4711 2528 4749 non
2579 4693 2841 4749 didicistis
2880 4693 3174 4759 Christum,
3208 4693 3254 4747 si
3287 4702 3460 4746 tamen
3493 4692 3642 4747 illum
3673 4708 3777 4747 au-

2188 4784 2361 4849 distis,
2389 4793 2444 4837 et
2474 4786 2524 4837 in
2584 4784 2699 4853 ipso
2727 4782 2901 4839 educti
2935 4783 3084 4848 estis,
3138 4781 3275 4835 sicut
3323 4790 3405 4835 est
3461 4781 3659 4836 veritas
3715 4783 3775 4838 in

2189 4876 2317 4932 Jesu
2348 4894 2361 4930 :
2390 4877 2663 4946 deponere
2686 4893 2779 4930 vos
2821 4876 3113 4930 secundum
3160 4874 3434 4943 pristinam
3482 4890 3781 4929 conversa-

2191 4971 2390 5023 tionem
2419 4970 2651 5023 véterem
2710 4967 3005 5029 hominem;
3036 4964 3129 5036 qui
3161 4964 3522 5031 corrumpitur
3568 4966 3775 5017 secun-

2189 5062 2313 5117 dum
2341 5060 2603 5115 desideria
2650 5060 2867 5114 erroris.
2915 5055 3270 5112 Renovamini
3322 5055 3511 5124 Spiritu
3570 5058 3778 5110 mentis

2190 5164 2408 5220 vestrae,
2433 5164 2484 5206 et
2513 5151 2719 5205 induite
2762 5165 2957 5205 novum
3017 5148 3307 5211 huminem,
3340 5150 3429 5217 qui
3470 5148 3776 5202 secundum

2187 5243 2354 5298 Deum
2385 5245 2600 5298 creatus
2638 5252 2722 5298 est
2748 5244 2801 5298 in
2829 5243 3053 5313 justitia,
3087 5252 3143 5298 et
3192 5244 3474 5297 sanctitate
3503 5241 3773 5297 veritatis.

2201 5335 2239 5403 ἰὴ
2264 5374 2276 5387 .
2309 5336 2499 5389 Amen.

2257 5426 2554 5497 Antiphone
2583 5429 2633 5481 Ι.
2669 5428 2805 5482 Deus
2827 5436 3001 5480 autem
3030 5435 3212 5480 noster
3232 5426 3282 5479 in
3308 5424 3447 5479 cmlo
3468 5433 3522 5477 et
3550 5422 3775 5479 sursum

2186 5522 2238 5576 in
2266 5521 2425 5585 coelo,
2455 5534 2506 5575 et
2538 5520 2590 5575 in
2615 5532 2776 5587 terra,
2799 5520 2979 5575 omnia
3030 5520 3379 5590 quaecumque
3399 5517 3587 5580 voluit,
3620 5515 3772 5572 fecit.

2186 5610 2426 5665 Psalmus
2471 5626 2568 5665 cxx
2580 5626 2683 5666 xw.

2259 5702 2459 5756 Oratio.
2495 5702 2792 5757 Laudémus
2823 5711 2896 5769 te,
2924 5702 3167 5770 Domine,
3216 5700 3338 5771 quia
3390 5701 3652 5772 benignus
3705 5710 3769 5755 et

2184 5810 2406 5866 magnus
2456 5810 2515 5849 es
2550 5814 2561 5847 :
2591 5794 2745 5865 cujus
2807 5793 3226 5863 magnitudinem
3274 5801 3329 5847 et
3377 5792 3666 5846 bonitatem
3712 5800 3772 5845 et
