4044 6382
516 446 611 500 III

1716 386 1916 487 ΒιιιΝι
1937 428 2143 483 \Rll‘M
2186 428 2561 485 COTllltZUM.

3666 424 3772 484 IT!

514 556 691 609 remus
721 551 1015 606 facinorum
1067 558 1211 604 tcnct
1256 548 1539 611 ohndxios,
1590 543 1948 600 miseratidnis
1981 552 2083 595 tua:
2115 551 2157 601 Α
2192 543 2369 597 Pridra
2400 559 2462 597 ex
2496 554 2622 597 tunc
2651 540 2981 605 adnuntiavi,
3014 550 3067 595 et
3112 557 3177 596 es
3203 556 3296 597 ore
3325 556 3445 596 meo
3488 542 3597 613 82
3624 543 3774 597 exié—

522 643 800 699 clementia
834 643 1308 695 fariatahsolutos.
1360 640 1393 705 id
1420 681 1432 694 .
1476 640 1665 692 Amen.

582 734 684 789 Per
701 732 1120 787 misericeriam
1147 742 1313 795 tuam,
1345 730 1484 785 Deus
1511 738 1725 791 noster,
1754 738 1858 782 etc.

586 828 665 880 Ad
695 826 980 881 canticum.
1007 825 1323 892 Antiphonti.
1366 824 1633 893 Splendor
1659 821 1791 876 lucis
1824 817 2089 873 illuminat

514 930 728 987 eain,et
751 917 964 975 lucerna
996 918 1113 987 ejus
1141 931 1309 986 agnus
1331 925 1432 971 est.

892 1007 1153 1061 canticum
1181 1008 1355 1061 Tobiae
1396 1007 1545 1078 (Cap.
1572 1004 1715 1077 xm).

589 1100 730 1155 Luce
759 1099 899 1154 clara
930 1099 1152 1168 fulgébis
1186 1100 1237 1153 i‘n
1293 1099 1545 1152 Omnibus
1586 1096 1778 1152 ﬁnibus
1829 1105 1982 1149 terra:
2015 1109 2029 1145 :
2061 1094 2091 1128 *

520 1191 774 1247 Natidnes
803 1190 988 1245 multa:
1020 1191 1086 1245 de
1108 1190 1402 1259 longinquo
1424 1188 1632 1245 venient
1664 1188 1779 1254 tibi,
1832 1194 1888 1239 et
1943 1184 2090 1238 habi-

514 1284 719 1339 tatores
745 1284 774 1337 ὲ
797 1280 1105 1337 novissimis
1122 1281 1361 1353 partibus
1385 1291 1540 1336 terra:
1562 1279 1629 1334 ad
1660 1294 1853 1333 nomen
1880 1276 2087 1332 Demini

520 1377 613 1431 Dei
647 1392 661 1429 :
2008 1436 2015 1440 ,

576 1468 659 1524 Ut
689 1468 907 1522 munera
930 1481 1020 1521 sua
1053 1462 1103 1521 in
1134 1465 1376 1520 manibus
1398 1462 1673 1527 habentes,
1700 1460 1807 1530 rogi
1832 1458 2090 1513 cmlorum

520 1560 755 1615 oﬂ’crunt
783 1574 902 1613 cum
935 1559 1136 1613 laetitia.
1183 1558 1214 1591 “
1247 1558 1312 1610 Et
1342 1571 1533 1610 nomen
1576 1554 1789 1609 Dbmini
1842 1565 2091 1621 maguum

423 1650 437 1668 '
512 1651 617 1707 erit
644 1654 693 1706 in
725 1652 971 1706 Omnibus
995 1649 1202 1703 saeculis
1226 1649 1564 1703 saeculcirum.

590 1745 855 1800 Maledicti
884 1758 1073 1798 omnes
1100 1743 1190 1813 qui
1211 1742 1473 1812 spernunt
1520 1751 1594 1805 te,
1616 1741 1646 1776 l‘
1688 1749 1740 1795 et
1782 1752 1969 1792 omnes
2001 1734 2093 1805 qui

522 1835 894 1903 blasphémant
925 1843 1011 1889 te:

2190 641 2334 697 runt,
2362 642 2416 686 ct
2446 633 2621 686 audita
2653 632 2751 687 feci
2779 647 2839 686 ea
2875 648 2887 685 :
2915 631 3132 698 repente
3161 631 3415 699 operatus
3436 647 3575 697 sum,
3599 642 3652 685 et
3680 646 3775 685 ve-

2191 724 2401 779 nerunt.
2434 724 2555 778 Scio
2583 725 2724 779 enim
2749 724 2871 794 quia
2903 726 3067 777 durus
3109 739 3167 777 es
3199 732 3273 789 tu,
3308 732 3363 777 et
3415 738 3607 777 nervus
3662 721 3775 777 [ἐι--

2192 829 2313 867 rens
2339 816 2517 868 cervix
2549 823 2659 877 tua,
2688 822 2743 867 et
2772 814 2920 866 frons
2948 822 3034 865 tua
3066 828 3227 865 :rrea.
3278 810 3506 865 Prmdisi
3558 811 3653 865 libi
3702 825 3773 866 ex

2193 912 2315 956 tunc
2345 919 2358 955 :
2391 916 2443 958 et
2472 903 2756 971 antequam
2789 903 3034 958 venirent
3082 903 3312 957 iudicavi
3359 903 3477 966 tibi,
3533 916 3599 955 ne
3632 900 3773 955 forté

2190 993 2397 1048 diceres
2432 1011 2444 1046 :
2496 995 2639 1048 ldéla
2664 1010 2778 1050 mea
2810 994 3045 1049 fecerunt
3077 996 3209 1062 ha-c,
3236 1005 3289 1048 ct
3313 994 3578 1062 sculptilia
3628 1009 3771 1061 mea,

2191 1094 2242 1136 ct
2270 1085 2558 1139 conﬂatilia
2593 1086 2987 1139 mandaverunt
3020 1087 3142 1139 ista.
3190 1088 3319 1152 Quae
3369 1085 3617 1147 audistis,
3649 1086 3776 1140 vide

2191 1173 2366 1227 umnia
2399 1190 2413 1227 :
2449 1191 2495 1228 vi
2518 1191 2544 1229 s
2582 1184 2756 1229 autem
2788 1190 2890 1229 non
2922 1174 3302 1228 adnuntiastis.
3338 1175 3531 1228 Audita
3556 1175 3652 1228 ieci
3678 1174 3776 1229 tibi

2192 1278 2329 1316 nova
2356 1280 2417 1318 ex
2454 1273 2599 1328 turic,
2625 1275 2677 1317 et
2704 1265 3019 1318 conservdta
3042 1278 3159 1332 quae
3190 1264 3397 1317 nescis:
3432 1277 3570 1316 nunc
3596 1265 3776 1317 crehta

2192 1368 2338 1422 sunt,
2369 1368 2424 1411 et
2446 1372 2549 1409 non
2576 1372 2642 1410 ex
2676 1366 2839 1409 tunc:
2874 1366 2928 1411 et
2973 1366 3100 1410 ante
3149 1354 3315 1420 diem,
3350 1363 3405 1409 et
3456 1369 3561 1408 non
3594 1354 3681 1408 vid
3706 1354 3778 1408 sti

2191 1462 2274 1511 ea,
2302 1462 2368 1502 ne
2399 1448 2532 1501 forte
2562 1447 2709 1501 dicas
2740 1464 2753 1498 :
2789 1445 2929 1500 Ecce
2955 1444 3179 1515 cogndvi
3227 1459 3310 1499 ea.
3343 1444 3524 1514 Neque
3552 1446 3776 1506 audisti,

2194 1554 2367 1609 neque
2390 1539 2708 1608 cognovisti,
2737 1554 2907 1607 neque
2938 1553 3001 1591 ex
3026 1547 3149 1590 tunc
3172 1536 3288 1604 apét
3305 1545 3355 1589 ta
3377 1547 3457 1590 est
3478 1539 3623 1589 auris
3644 1547 3730 1589 tua
3756 1550 3776 1587 :

2193 1629 2305 1684 scio
2334 1631 2477 1684 enim
2523 1631 2646 1698 quia
2677 1627 3035 1697 praevaricans
3065 1627 3459 1696 prmvaricabis,
3502 1639 3551 1681 et
3608 1636 3780 1682 trans-

2193 1722 2491 1791 gressérem
2522 1736 2587 1775 ex
2618 1732 2806 1776 ventre
2836 1720 3019 1776 Vncavi
3052 1731 3121 1774 te.
3141 1720 3363 1789 Propter
3381 1737 3573 1775 nomen
3600 1736 3777 1775 meum

2198 1811 2351 1881 longe
2378 1812 2565 1866 iaciam
2600 1810 2833 1866 furerem
2862 1826 3037 1866 meum
3070 1828 3082 1864 ;
3115 1821 3163 1865 ct
3188 1812 3345 1866 laude
3393 1812 3513 1865 mea
3543 1812 3781 1867 infrena-

584 1924 854 1983 llaledicti
875 1942 1062 1982 omnes
1089 1927 1179 1997 qui
1210 1924 1438 1981 odérunt
1469 1933 1540 1989 te,
1567 1925 1596 1958 “
1622 1939 1811 1979 omnes
1831 1923 1916 1992 qni
1946 1921 2094 1976 dixé-
2124 1893 2173 1954 Β
2201 1906 2267 1959 b0
2296 1917 2368 1997 le.
2400 1920 2467 1958 ηε
2491 1903 2742 1997 ίηιᾷωίιεο
2777 1904 2915 1958 Ecce
2944 1904 3237 1997 (ξιοοτίυίηη
3271 1904 3471 1997 ῑννλεειξ
3493 1919 3598 1957 ηοη
3629 1905 3780 1973 (ιιιδεὶ

518 2029 644 2074 runt
674 2020 724 2072 in
754 2031 805 2073 te
829 2018 1047 2073 verbum
1080 2019 1273 2072 durum
1306 2034 1321 2072 :

592 2108 857 2163 Maledicti
887 2124 1074 2163 omnes
1120 2109 1211 2176 qui
1253 2108 1528 2178 depénunt
1573 2118 1643 2172 te,
1696 2115 1752 2162 et
1781 2120 1970 2161 umnrs
2007 2105 2094 2174 qni

517 2199 798 2254 destruunt
827 2214 1010 2253 muros
1056 2207 1201 2263 tuos,
1228 2200 1259 2235 ν
1309 2210 1364 2254 et
1415 2215 1605 2254 omnes
1647 2202 1735 2269 qui
1785 2198 2097 2252 subvértunt

522 2298 695 2343 turres
718 2298 861 2355 tuas,
906 2298 959 2343 et
986 2304 1174 2344 omnes
1223 2291 1311 2359 qui
1362 2290 1693 2344 succendunt
1746 2288 2101 2343 habitatitines

519 2392 637 2436 ιυειε
661 2399 674 2434 ἶ

598 2471 659 2524 Et
686 2470 948 2527 benedicti
971 2480 1129 2526 erunt
1152 2472 1205 2526 in
1236 2480 1287 2527 te
1314 2471 1348 2508 ’⁵
1378 2487 1562 2527 omines
1597 2471 1684 2541 qui
1714 2472 1980 2526 mditicant
2027 2479 2101 2535 te,

523 2563 575 2616 in
610 2562 896 2617 aztérnum.

593 2652 742 2708 Tunc
772 2652 945 2721 gaude
976 2661 1031 2708 et
1058 2653 1241 2709 lauare
1269 2670 1388 2709 cum
1435 2654 1555 2709 ﬁliis
1603 2654 1890 2724 justdrum,
1935 2654 1951 2674 ‘
1983 2654 2101 2719 quia

454 2780 461 2785 ε
519 2758 711 2798 omnes
742 2743 1081 2814 eolligéntur,
1114 2744 1504 2801 etbenedicent
1531 2745 1815 2800 Durninum
1868 2746 1921 2800 in
1946 2746 2103 2801 aeter-

526 2850 676 2889 num.

594 2926 799 2982 Felices
821 2926 911 2999 qui
939 2927 1167 3001 diligunt
1196 2937 1269 2998 tc,
1296 2928 1516 2985 ‘felices
1539 2929 1626 3001 qui
1646 2930 1882 3001 gaudent
1902 2930 1953 2985 in
1974 2946 2105 3002 pace

523 3024 632 3070 tua.

594 3108 662 3163 Et
692 3108 872 3165 felices
903 3126 1089 3167 omnes
1122 3110 1367 3168 homines
1415 3114 1505 3183 qui
1548 3114 2006 3169 centristaln'mtnr
2052 3114 2103 3170 in

521 3194 769 3252 omnibus
796 3199 1019 3268 ﬂagellis
1049 3202 1173 3265 tuis,
1200 3202 1233 3237 ⁸*
1256 3201 1507 3271 quoniam
1535 3204 1858 3272 gaudebunt,
1881 3215 1936 3260 et
1962 3205 2104 3260 vidé-

520 3292 651 3347 bunt
672 3308 833 3348 omne
860 3293 1111 3365 gaudium
1142 3304 1287 3349 tuum
1314 3295 1365 3350 in
1398 3295 1615 3352 saecula.

591 3382 780 3438 Anima
806 3400 921 3439 mea
956 3385 1233 3440 benedicet
1260 3385 1541 3441 Dominum
1566 3404 1747 3459 regem
1776 3404 2048 3459 magnum,
2070 3390 2102 3423 “

518 3475 640 3543 quia
669 3475 916 3529 liberavit
947 3475 1303 3543 Hierusalem,

592 3564 660 3619 Et
688 3566 1041 3621 aadiiicinbitur
1062 3566 1255 3622 iterum
1284 3566 1479 3623 domus
1510 3567 1647 3637 ejus,
1678 3569 1709 3605 δ*
1754 3569 1807 3625 in
1856 3570 2103 3626 omnibus

526 3659 736 3713 smculis
761 3658 1083 3713 smeuldrum
1128 3659 1469 3715 conﬁtebitur
1517 3659 1720 3715 nomini
1768 3662 1910 3733 regis
1941 3664 2105 3718 creto-

522 3762 664 3802 rum.

594 3839 740 3894 Ostia
774 3840 1106 3897 Hierusalem
1161 3842 1445 3913 smaragdo
1478 3852 1531 3898 et
1578 3845 1831 3914 sapphiro
1881 3846 2105 3902 fabrica-

523 3931 727 3985 buntur
756 3949 770 3986 :
799 3936 819 3955 ·
849 3943 902 3987 et
931 3931 1134 4002 lapides
1160 3933 1381 4002 pretiosi
1410 3950 1594 3989 omnes
1626 3936 1759 3989 muri
1793 3935 1890 4002 tni,

596 4023 796 4078 Turres
820 4024 1156 4079 Hierusalem
1203 4040 1334 4080 auro
1366 4026 1793 4095 aaditicabuutur,
1820 4032 1838 4050 '
1890 4037 1944 4084 et
1982 4045 2106 4101 pro-

520 4115 960 4185 pugnacularejus
984 4131 1114 4172 auro
1140 4118 1362 4173 mundo.

596 4205 792 4262 I’latéa:
823 4207 1155 4262 llierusalem
1188 4207 1456 4265 canticum
1506 4208 1712 4266 laetitia:
1760 4209 1965 4279 dicunt,
1992 4212 2012 4234 ‘
2054 4221 2108 4268 et

522 4300 696 4353 omnis
726 4302 871 4354 vicus
894 4299 1028 4369 ejus,
1058 4299 1306 4355 Alleluia.

596 4391 915 4445 Benedictus
949 4390 1226 4459 Duniinus,
1256 4391 1346 4461 qui
1375 4391 1574 4447 exitltat
1608 4400 1680 4462 te,
1702 4402 1754 4447 et
1799 4393 2106 4449 benedictus

523 4483 576 4537 in
608 4481 856 4535 Omnibus
878 4482 1088 4536 saeculis
1121 4483 1477 4537 saeculdrum:
1507 4482 1541 4520 ⁸⁸
1568 4483 1821 4553 qudniam
1852 4484 1905 4539 in
1936 4494 1987 4541 te
2015 4484 2108 4540 be-

523 4574 802 4629 nedicétur
828 4590 988 4630 ornne
1016 4584 1260 4629 sanctum
1292 4575 1345 4629 in
1368 4576 1652 4632 mtérnum.

595 4666 1024 4722 Matutimirium.
1080 4668 1399 4738 Antiphona.
1459 4670 1652 4726 Emitte
1701 4672 1874 4727 lucem
1921 4681 2101 4741 tuam,

522 4759 772 4823 ﬂamine.
804 4769 858 4814 et
886 4760 1162 4814 veritatem
1187 4770 1351 4814 tuam.
1394 4762 1423 4831 ii
1452 4798 1467 4814 .
1496 4761 1611 4831 Ipsa
1639 4780 1722 4818 me
1751 4765 2105 4832 deduxerunt,

522 4862 576 4904 et
609 4850 969 4919 perduxerunt
990 4849 1043 4905 in
1075 4862 1257 4906 monte
1286 4863 1474 4907 sancto
1501 4865 1609 4908 tuo.
1635 4854 1835 4923 Cldria,
1861 4865 1915 4911 et
1937 4857 2106 4911 honor

520 4941 697 5008 Patri,
724 4950 827 4996 etc.

595 5031 799 5086 Lauda.
840 5032 1028 5087 Omnis
1076 5031 1298 5103 spiritus
1354 5032 1536 5091 laudet
1562 5035 1876 5090 Dominum.
1941 5034 2102 5091 Psal-

520 5141 637 5179 mus
676 5140 897 5179 (ιιινιιι.

661 5215 838 5269 Lectio
862 5216 981 5270 libri
1008 5214 1184 5271 Esaiw
1227 5215 1505 5291 PTOpltéla?
1543 5220 1695 5292 (Cap.
1751 5221 1955 5291 xum).

605 5309 646 5363 si
671 5348 684 5362 .
727 5308 837 5363 Deo
864 5306 1088 5377 gratias.

594 5398 721 5455 Hac
750 5399 881 5454 dicit
910 5398 1172 5454 Dominus
1208 5418 1220 5454 :
1254 5401 1446 5457 Audite
1499 5418 1584 5458 me
1612 5403 1748 5469 haec,
1790 5403 1979 5460 domus
2008 5405 2103 5460 Ja-

525 5494 647 5560 cob,
672 5494 762 5565 qui
792 5494 1059 5550 vocamini
1093 5495 1310 5553 nomine
1340 5498 1522 5561 lsraél,
1572 5508 1623 5551 et
1653 5497 1719 5552 de
1771 5500 1920 5566 aquis
1971 5498 2105 5553 ludii

525 5585 736 5653 existis,
767 5587 1379 5658 quijurAIisinnomine
1431 5588 1643 5643 Domini
1695 5591 1874 5655 lsraél,
1917 5605 2108 5644 recor-

525 5678 729 5734 damini
759 5694 863 5734 non
889 5680 941 5734 in
970 5682 1215 5745 veritate,
1248 5695 1421 5750 neque
1452 5683 1501 5734 in
1523 5680 1751 5749 jnstitia.
1788 5682 1863 5737 De
1891 5681 2104 5737 civitate

525 5773 669 5827 enim
699 5783 882 5832 sancta
910 5773 1082 5830 vocati
1114 5785 1261 5839 sunt,
1289 5784 1343 5829 et
1371 5790 1535 5842 super
1564 5775 1730 5829 Deum
1785 5775 1942 5831 lsraél
1974 5793 2102 5831 con-

525 5864 743 5920 stabiliti
792 5875 963 5920 sunt:
1010 5863 1271 5919 Déminus
1328 5864 1660 5920 exercituum
1721 5881 1913 5921 nomen
1964 5867 2098 5936 cjns.

2200 1996 2501 2065 argentum,
2525 1994 2658 2065 elegi
2684 2006 2732 2048 te
2760 1997 2810 2049 in
2836 1995 3046 2049 camino
3072 1995 3418 2063 paupertatis.
3448 1994 3672 2063 Proiiter
3692 2008 3781 2050 me

2201 2085 2416 2153 inciam,
2448 2099 2506 2142 ut
2534 2102 2637 2142 non
2672 2088 3010 2157 blasphémer
3040 2103 3056 2142 :
3084 2097 3133 2140 et
3154 2087 3380 2155 gldriam
3419 2103 3594 2141 meum
3626 2086 3781 2142 alteri

2202 2195 2307 2236 non
2338 2182 2495 2236 dabo.
2544 2180 2580 2249 ἡ
2605 2220 2618 2236 .
2650 2181 2841 2235 Amen.

2275 2273 2537 2344 Hymnus.
2568 2274 2914 2343 Benignitatis
2966 2273 3107 2328 fons.
3160 2273 3508 2343 Supplicdtio.
3553 2272 3782 2328 Oremus

2203 2365 2613 2437 Redcmptdrem
2646 2369 2851 2421 mundi.
2877 2366 3137 2435 Capitula.
3171 2366 3511 2421 Dilectissimi
3564 2366 3781 2431 fratres,

2204 2458 2291 2525 qui
2326 2458 2526 2512 (intnia.
2556 2458 2755 2511 Lauda.
2790 2459 3037 2514 Alleluia.
3068 2460 3364 2514 laetabitur
3409 2457 3639 2513 deserta.
3684 2455 3783 2509 Be-

2206 2548 2441 2602 nedictio.
2471 2550 2716 2604 Christus
2744 2549 3021 2621 Dominus,
3055 2552 3141 2620 qui
3172 2566 3291 2604 cum
3326 2548 3509 2605 Patre.
3563 2547 3788 2619 chuire

2206 2640 2298 2709 fol.
2331 2639 2399 2694 69
2430 2648 2474 2694 el
2505 2640 2592 2694 70.

2799 2735 2877 2786 Ad
2932 2732 3174 2787 Tertiam.

2458 2821 2849 2877 Proverbiorum
2883 2823 3178 2880 Salomonis
3218 2823 3369 2897 (Cap.
3412 2824 3527 2897 sv).

2292 2914 2328 2977 ἡ
2350 2953 2364 2967 .
2390 2910 2497 2969 Deo
2518 2915 2738 2982 gratias.

2277 3006 2399 3070 Fili.
2434 3004 2595 3061 Labia
2617 3003 2934 3076 sapientium
2978 3006 3412 3062 disseminabnnt
3453 3005 3733 3061 scientiam
3767 3023 3784 3060 :

2209 3112 2302 3153 cor
2325 3100 2610 3154 stultdrum
2639 3100 2900 3155 dissimile
2926 3100 3047 3155 erit.
3070 3101 3312 3157 Victima:
3344 3101 3625 3171 impiarum
3657 3103 3790 3153 abo-

2214 3189 2496 3244 minabilcs
2526 3190 2791 3245 Damino:
2836 3203 2957 3246 vom
3002 3192 3267 3262 iustorum
3300 3191 3600 3261 placabilis.
3642 3192 3791 3245 Abo-

2128 3263 2179 3329 (ἶ
2212 3281 2431 3337 minatio
2461 3292 2544 3337 est
2576 3283 2802 3338 Domino
2828 3284 2911 3338 via
2954 3284 3101 3354 impii
3144 3304 3159 3341 :
3200 3286 3286 3354 qni
3342 3284 3581 3355 séquitur
3620 3284 3793 3352 justi-

2208 3378 2360 3445 tiam,
2386 3375 2631 3446 dil'gitur
2657 3377 2724 3430 ah
2754 3391 2839 3431 eo.
2874 3376 3125 3431 Doctrina
3171 3377 3307 3430 mala
3342 3374 3611 3431 deserénti
3641 3377 3791 3430 viam

2205 3464 2367 3518 vitaz:
2400 3466 2488 3533 qui
2515 3466 2911 3535 increpatiénes
2937 3467 3068 3533 odit,
3116 3468 3391 3522 morietur.
3438 3466 3702 3529 lniérnus,
3735 3477 3794 3521 ct

2206 3555 2433 3623 perditio
2459 3572 2639 3611 coram
2666 3558 2934 3613 Domino:
2976 3570 3173 3630 quanto
3224 3561 3392 3629 magis
3439 3561 3603 3615 corda
3649 3560 3793 3614 nuo-

2207 3662 2323 3702 rum
2353 3647 2625 3703 hominum
2647 3650 2671 3703 ?
2690 3648 2804 3705 Non
2833 3661 2975 3704 amat
3002 3652 3255 3720 pestilens
3284 3666 3425 3719 eum,
3459 3652 3549 3719 qui
3580 3666 3641 3706 se
3667 3651 3793 3705 cor-

2206 3738 2332 3806 ripit
2364 3754 2375 3790 :
2403 3755 2499 3794 nec
2518 3740 2583 3794 ad
2610 3740 2876 3808 sapientes
2903 3743 3161 3811 graditur.
3190 3744 3295 3798 Cor
3317 3744 3574 3812 sapientis
3625 3743 3790 3799 exhi-

2206 3830 2339 3885 larat
2370 3831 2556 3887 faciem
2595 3849 2613 3890 :
2670 3832 2724 3886 in
2776 3834 3008 3889 mmrdre
3056 3835 3217 3888 animi
3248 3833 3496 3904 dcjicitur
3541 3835 3789 3904 spiritus.

2206 3922 2313 3977 Cor
2360 3922 2619 3992 sapiéntis
2651 3926 2843 3993 qumrit
2900 3926 3199 3979 doctrinam
3243 3936 3340 3980 :et
3389 3941 3450 3980 os
3500 3926 3792 3981 stultdrum

2208 4012 2443 4081 pascitur
2465 4014 2750 4084 imperitia.
2779 4017 2977 4072 Omnes
3005 4017 3119 4072 dies
3167 4017 3443 4087 pauperis,
3497 4016 3624 4072 mali
3658 4036 3673 4070 :
3707 4032 3795 4072 se-

2206 4106 2332 4159 cura
2363 4119 2516 4160 mens
2541 4105 2690 4175 quasi
2713 4106 2841 4178 jngc
2868 4108 3202 4165 convivium.
3251 4108 3438 4165 Mélius
3466 4118 3550 4165 est
3600 4125 3793 4179 parum

2207 4211 2328 4250 cum
2353 4195 2541 4252 timore
2572 4198 2805 4267 Dumini,
2840 4200 2997 4270 quam
3044 4200 3277 4256 thesauri
3311 4204 3511 4273 magni,
3560 4212 3614 4256 et
3658 4204 3800 4256 insa-

2211 4287 2443 4344 tiabiles.
2478 4290 2669 4346 Mélius
2696 4302 2777 4347 est
2821 4294 3015 4348 Vocare
3044 4294 3108 4347 ad
3141 4293 3287 4348 Olera
3334 4308 3455 4347 cum
3503 4294 3789 4355 charitate.

2207 4380 2366 4449 quam
2390 4382 2455 4435 ad
2482 4382 2702 4437 vitulum
2722 4384 3017 4454 saginatum
3050 4400 3169 4439 cum
3196 4384 3340 4439 odio.
3385 4383 3475 4439 Vir
3500 4386 3796 4439 iracundus

2212 4472 2464 4541 provocat
2488 4478 2676 4530 rixas:
2724 4476 2815 4546 qni
2861 4476 3073 4546 patiens
3121 4487 3205 4533 est
3247 4478 3459 4548 mitigat
3506 4478 3792 4532 excitatas.

2213 4564 2623 4635 Iterimpiorum
2645 4570 2795 4637 quasi
2824 4583 2978 4639 senes
3024 4572 3343 4639 spinérum:
3392 4571 3475 4625 via
3524 4570 3794 4640 justdrum

2216 4658 2416 4729 absque
2444 4659 2780 4714 oﬂendiculo.
2830 4660 2866 4728 ri)
2889 4700 2903 4715 .
2927 4664 3117 4717 Amen.

2392 4751 2563 4807 Léctio
2585 4753 2699 4807 libri
2736 4754 3120 4809 Deuterono’mii
3158 4756 3312 4826 (Cap.
3344 4771 3437 4821 vn,
3470 4758 3614 4827 vm).

2301 4845 2337 4911 ii)
2362 4884 2375 4899 .
2422 4846 2528 4900 Deo
2555 4846 2777 4914 gratias.

2286 4941 2341 4995 in
2390 4942 2577 4998 diebus
2611 4943 2755 5003 illis:
2803 4941 3032 4998 Locntns
3063 4952 3147 4998 est
3188 4944 3397 5013 Moyses
3449 4941 3575 4999 ﬁliis
3631 4943 3798 4998 lsraél

2214 5032 2401 5086 dicens
2435 5032 2612 5086 :Andi
2642 5027 2827 5101 lsraél,
2854 5032 3107 5088 deinus
3156 5035 3293 5088 Deus
3344 5046 3461 5088 tuus
3516 5036 3566 5088 in
3618 5034 3800 5089 tnédio

2215 5124 2287 5178 tui
2312 5132 2425 5191 est,
2460 5129 2602 5181 Deus
2651 5141 2873 5196 magnus
2918 5136 2972 5181 et
3025 5127 3316 5181 terribilis:
3370 5127 3483 5196 ipse
3511 5130 3801 5182 consumet

2216 5215 2465 5271 natiénes
2492 5216 2587 5270 has
2616 5217 2669 5271 in
2700 5218 2990 5286 conspectu
3042 5229 3133 5273 tuo
3188 5218 3445 5287 paulatim
3498 5229 3658 5287 atque
3703 5232 3802 5288 per

2214 5318 2412 5380 partes.
2438 5309 2551 5363 Non
2582 5308 2783 5378 puteris
2815 5310 2994 5365 delére
3023 5326 3117 5367 eos
3140 5311 3340 5381 pariter
3365 5329 3378 5365 :
3413 5326 3478 5366 ne
3503 5310 3640 5365 forte
3663 5312 3803 5365 mul-

2214 5401 2519 5471 tiplicéntur
2544 5410 2729 5455 contra
2762 5409 2811 5456 te
2852 5402 3036 5457 béstize
3068 5410 3244 5459 teme.
3274 5402 3537 5473 Babitque
3562 5417 3658 5457 eos
3692 5402 3805 5456 oo-

2217 5495 2392 5547 minus
2423 5493 2560 5549 Dens
2591 5504 2710 5547 tuus
2732 5493 2784 5547 in
2810 5493 3101 5563 conspectu
3131 5504 3220 5550 tuo
3244 5511 3257 5547 :
3283 5495 3649 5549 et'interticiet
3678 5495 3804 5550 illos

2214 5586 2387 5641 donec
2419 5585 2627 5653 penitus
2674 5584 2879 5640 dclébis
2910 5600 3025 5640 eos.
3077 5587 3273 5643 Tradet
3311 5602 3465 5659 reges
3506 5588 3693 5643 eoi-um
3745 5591 3802 5644 in

2215 5694 2402 5732 manus
2426 5687 2561 5743 tuas,
2590 5688 2642 5731 et
2663 5662 2940 5745 dispérdas
2956 5678 3272 5734 memériam
3298 5682 3381 5735 eo:
3397 5697 3481 5735 um
3501 5680 3602 5735 sub
3621 5682 3764 5735 cwlo
3784 5698 3802 5735 :

2215 5768 2390 5823 nullus
2445 5767 2640 5838 poterit
2689 5766 2941 5823 resistere
2983 5768 3111 5833 tibi,
3162 5769 3330 5824 donec
3386 5771 3633 5825 cameras
3679 5784 3803 5825 eos.

2216 5861 2489 5933 Sculptilia
2520 5860 2704 5915 carum
2738 5860 2856 5930 igne
2903 5864 3229 5917 comhurcs:
3289 5878 3392 5916 non
3449 5862 3811 5933 concupisces
