4044 6382
509 445 614 505 175

1730 430 2151 490 BREVIARIUM
2194 424 2569 483 (IOTlIltIlFlll.

3686 415 3802 473 176

503 578 672 621 strum
710 563 894 620 Jesum
950 559 1263 624 Christum,
1308 571 1427 611 cum
1490 554 1633 608 omni
1696 548 2089 622 supplicatione
2120 562 2166 618 Α
2198 542 2472 599 Iummodt‘)
2530 537 2883 609 intelligentia
2924 544 3107 594 nostra
3170 534 3476 606 {insequens
3533 532 3795 598 ambiat,

504 658 774 728 rogemus;
820 664 877 709 ut
925 666 1024 707 nos
1070 650 1314 705 claritate
1353 648 1447 703 sua
1495 644 1761 716 propitius
1804 642 2092 697 inlustrare

505 748 773 820 dignetur.
816 747 852 815 ti
877 785 891 800 .
920 744 1143 809 Praesta,
1174 740 1379 798 aeterne
1402 738 1748 806 omnipotens
1778 734 1942 790 Deus.

576 840 840 909 Capitate.
869 836 1086 909 Aperiat
1106 877 1123 902 ,
1154 846 1481 905 qumsumus,
1512 828 1739 884 Domine
1760 842 1823 882 os
1849 833 2090 880 nostrum

504 934 808 1006 sapientia;
858 940 914 985 et
933 928 1096 986 corde
1128 924 1449 982 meditemur
1471 968 1484 990 ,
1504 924 1568 977 et
1598 919 1774 990 lingua
1811 918 2093 984 loquhmur

510 1029 845 1099 prudéntiam
878 1043 891 1079 :
925 1032 981 1079 et
1011 1038 1079 1078 ne
1112 1020 1368 1091 juméntis
1404 1013 1780 1084 insipientibus
1809 1008 2090 1079 compare-

508 1136 664 1186 mur,
710 1116 1006 1188 disciplinis
1034 1112 1230 1169 divinae
1268 1111 1397 1180 legis
1434 1106 1745 1163 erudiamur
1779 1120 1793 1153 :
1826 1111 1885 1157 ut
1923 1112 1974 1157 te
2005 1116 2093 1155 so-

1126 1248 2642 1276 _______.___—_———————-—

2201 651 2363 706 quem
2403 634 2607 689 :etérno
2650 633 2702 687 iu
2743 630 2938 703 gaudio
2975 644 3098 687 cum
3138 629 3352 687 Sanctis
3381 625 3638 684 Omnibus
3675 626 3799 683 lano

2199 731 2364 794 dans,
2399 730 2617 800 praemia
2648 728 2975 800 sempiterna
3006 726 3288 799 suscipiat.

2271 822 2430 878 Pater
2459 832 2664 887 noster,
2693 830 2799 888 etc,

2272 917 2353 971 Ad
2383 916 2615 980 Sextum,
2650 916 2825 969 omnia
2849 912 3098 968 dicentur
3125 922 3180 967 ut
3204 912 3259 966 in
3287 910 3479 977 Sexta,
3514 926 3632 982 qua:
3659 908 3797 963 dici-

2201 1017 2286 1061 tur
2312 1024 2403 1078 per
2432 1016 2593 1061 totum
2621 1020 2835 1059 annum.
2868 1006 2951 1059 Ad
2981 1004 3213 1070 Nomm,
3268 1004 3514 1057 dicuntur
3542 1011 3596 1056 ut
3624 1004 3679 1056 in
3707 1016 3799 1055 sc-

2202 1100 2370 1154 ctiudo
2397 1100 2477 1153 die
2502 1100 2759 1170 prwtérito
2776 1098 3120 1172 jrjunidrum.

1185 1388 1292 1461 85
1348 1382 1456 1461 IN
1518 1379 1843 1459 FESTO
1902 1376 2632 1455 APPARITIONIS
2691 1374 3102 1457 DOMINI.

1114 1568 1195 1623 At!
1217 1566 1490 1637 Vésperos.

583 1670 783 1726 Lauda.
824 1665 922 1735 Qui
966 1662 1088 1719 fecit
1137 1662 1306 1717 solem
1336 1660 1405 1714 Ρ.
1454 1660 1511 1714 lu
1542 1654 1887 1727 splendorem
1940 1650 2046 1707 die‘i
2081 1668 2095 1704 :

512 1766 711 1828 inuam,
744 1768 798 1816 et
826 1758 1006 1814 stellas
1038 1755 1091 1810 in
1133 1752 1398 1808 luminare
1426 1750 1623 1805 noctis.
1650 1748 1693 1817 ei
1722 1786 1736 1800 .
1771 1745 1871 1812 Qui
1919 1744 2099 1797 turbat

512 1872 677 1923 mare,
710 1864 763 1909 et
803 1851 1037 1907 résouat’
1059 1847 1254 1902 ﬂuctus
1288 1846 1427 1914 ejus,
1462 1841 1728 1898 Duminus
1755 1838 2098 1907 omnipotens
2126 1867 2177 1928 Β

510 1961 703 2002 nomen
730 1951 814 2000 est
841 1942 913 1997 ei.
944 1939 1019 1995 P.‘
1046 1939 1104 1993 In
1133 1937 1474 2007 splenddrem
1506 1934 1633 1989 die’i.

583 2038 785 2093 Oratio.
816 2032 1065 2098 Domine,
1095 2031 1236 2101 apud
1283 2043 1441 2097 quem
1487 2036 1574 2081 est
1620 2026 1741 2080 fons
1785 2024 1934 2088 vitm,
1963 2030 2017 2077 et
2047 2021 2101 2077 in

508 2130 662 2201 cujus
713 2126 917 2182 lumine
956 2122 1247 2192 aspicimus
1299 2120 1512 2183 lumen;
1543 2116 1719 2172 énutri
1753 2115 1805 2169 iu
1858 2129 1955 2169 nos
1995 2122 2101 2167 tunc

510 2222 753 2279 scientia:
797 2214 1141 2289 spiendérem
1188 2220 1291 2267 :ut
1333 2208 1635 2267 sitientibus
1680 2204 1835 2262 nobis
1884 2204 2100 2259 vnalem

517 2314 788 2386 impimias
821 2320 1001 2381 potum
1031 2326 1047 2377 ;
1073 2317 1129 2365 et
1161 2304 1507 2377 caligantium
1537 2302 1837 2357 animarum
1868 2298 2104 2370 superno

513 2411 716 2463 lumine
737 2403 986 2461 restituas
1015 2398 1362 2455 intellectum.
1404 2396 1445 2464 fi
1468 2431 1486 2450 .
1517 2395 1709 2450 Amen.

589 2501 693 2556 Per
716 2494 1149 2553 misericurdiam
1179 2500 1350 2547 tuam.

589 2590 754 2647 Souo.
785 2591 925 2644 Ante
952 2585 1126 2640 solem
1174 2582 1449 2653 permanet
1478 2593 1676 2635 nomen
1706 2576 1850 2647 ejus,
1892 2583 1956 2632 et
1984 2585 2109 2632 ante

518 2685 695 2738 lunam
722 2681 879 2736 sedes
904 2678 1023 2749 ejus
1051 2693 1065 2730 :
1097 2686 1153 2732 et
1175 2672 1559 2730 benedicentur
1603 2672 1656 2727 in
1704 2687 1770 2727 eo
1798 2683 1986 2725 omnes
2013 2670 2106 2724 tri-

521 2778 620 2831 bus
648 2783 827 2828 terrae.
856 2768 1157 2839 Alleluia.)
1186 2805 1201 2822 .
1237 2766 1453 2822 Oriétur
1482 2767 1535 2820 in
1579 2764 1772 2819 diebus
1797 2766 1914 2833 ejus
1951 2762 2109 2831 justi-

518 2869 612 2936 tia,
639 2878 693 2922 et
720 2862 1055 2920 abundantia
1104 2861 1251 2933 pacis
1286 2877 1299 2914 :
1333 2858 1507 2914 donec
1538 2857 1830 2913 extollatur
1866 2857 2009 2909 luna.
2043 2854 2109 2909 Et

520 2959 888 3015 dominabitur
914 2958 944 3012 ξι
982 2956 1117 3012 mari
1150 2968 1320 3025 usque
1352 2953 1416 3007 atl
1448 2967 1633 3018 mare;
1664 2960 1714 3006 et
1748 2951 1776 3005 ἐι
1801 2949 2109 3004 ﬂuminibus

526 3067 697 3123 usque
720 3051 781 3106 ad
815 3050 948 3106 ﬁnes
972 3060 1149 3104 terrae.
1175 3047 1368 3103 Coram
1392 3044 1482 3101 illo
1503 3042 1787 3112 Aithiopes
1811 3041 2106 3113 precidem.

519 3145 769 3201 Alleluia.
803 3144 1067 3199 Dominus
1100 3142 1169 3197 sit
1200 3154 1442 3210 semper.
1497 3138 1535 3207 ἡ
1558 3178 1571 3192 .
1605 3138 1843 3192 Etcum.

490 3233 501 3244 ’
592 3240 906 3311 Antiphone.
948 3236 1059 3291 Rex
1119 3248 1345 3304 magnus
1397 3230 1648 3303 apparuit
1704 3230 1757 3284 in
1802 3228 2001 3293 lsraél,
2058 3232 2188 3318 etc

520 3329 782 3386 venerunt
804 3344 959 3401 reges
988 3338 1166 3395 terrae,
1217 3323 1283 3379 Ρ.
1317 3323 1556 3380 Adorare
1602 3336 1723 3377 eum
1750 3337 1766 3376 :
1797 3328 1853 3375 et
1900 3317 2111 3373 obtule-

521 3435 648 3483 runt
702 3426 750 3480 ei
798 3425 1024 3479 munera
1088 3436 1299 3487 aurum,
1361 3417 1523 3483 thus,
1580 3425 1636 3472 et
1685 3416 1984 3489 myrrham.
2033 3412 2109 3481 ᾗ.

520 3517 783 3587 Ωιιὸιιῖιιπι
807 3529 933 3572 ecce
954 3528 1105 3586 reges
1122 3523 1283 3568 terra:
1312 3508 1623 3582 congregati
1651 3514 1798 3572 sunt,
1824 3516 1879 3560 et
1908 3517 2113 3559 conve-

527 3610 726 3667 nerunt
770 3611 823 3665 in
868 3624 1054 3665 unum.
1086 3605 1152 3662 Ρ.
1216 3607 1459 3661 Morare
1484 3619 1606 3659 eum
1636 3620 1649 3657 :
1682 3610 1739 3657 et
1780 3600 2111 3656 obtulerunt.

540 3705 575 3775 ὶ
602 3744 617 3759 .
660 3701 864 3768 Gloria,
907 3710 964 3757 et
993 3700 1164 3755 honor
1194 3697 1362 3765 Patri,
1412 3709 1517 3753 etc.
1572 3695 1640 3749 l’.
1674 3694 1913 3750 Adorare
1942 3706 2065 3748 eum
2096 3706 2111 3747 :

524 3805 580 3850 et
610 3795 937 3849 obtulerunt.

605 3889 807 3943 Onitio.
833 3884 1063 3942 Domine
1085 3884 1210 3940 Jesu
1236 3883 1472 3949 Christe,
1502 3882 1591 3953 qui
1614 3881 1887 3951 Magorum
1920 3881 2114 3935 mune-

531 3998 590 4038 ra
611 4020 628 4049 ,
652 3982 704 4036 in
737 3980 996 4051 mysterio
1025 3978 1225 4048 ohléta,
1261 3978 1425 4033 Deum
1459 3987 1543 4042 te,
1574 3975 1894 4045 regemque,
1942 3972 2117 4027 homi-

530 4074 764 4145 nemque
829 4072 1143 4127 declz'trant:
1178 4079 1237 4124 ut
1285 4067 1548 4137 primitias
1604 4068 1854 4122 Gentium
1922 4064 1975 4120 in
2027 4064 2116 4119 his

530 4166 881 4235 accepturos,
912 4162 1297 4233 plenitudinem
1346 4158 1593 4214 Gentium
1640 4159 1691 4211 in
1736 4156 1968 4213 Salutare
1998 4170 2118 4225 per-

533 4257 750 4323 ticienr;
782 4254 969 4311 adesto
1015 4253 1168 4308 nobis
1213 4268 1309 4323 per
1336 4266 1422 4319 ea,
1461 4265 1582 4320 quas
1611 4250 1661 4304 iu
1695 4256 1748 4303 te
1787 4248 1976 4313 divisa,
2021 4248 2116 4301 in-

533 4350 753 4406 conlusa
779 4349 1028 4405 constare
1047 4346 1314 4401 veraciter
1342 4342 1614 4399 cre'tlimus
1641 4356 1658 4398 ι
1687 4342 1813 4396 dum
1844 4355 1938 4410 pro
1964 4339 2118 4394 nobis

533 4454 589 4498 et
620 4454 676 4497 ut
704 4442 864 4496 homo
894 4441 1149 4496 innocens
1169 4438 1390 4508 pateris,
1422 4448 1477 4493 et
1507 4445 1566 4491 ut
1590 4451 1681 4491 rex
1709 4442 1899 4503 potens
1927 4433 2116 4497 vincis,

538 4542 590 4588 et
639 4543 697 4587 ut
746 4531 885 4587 Deus
934 4532 1275 4600 omnipotens
1326 4525 1747 4597 incorruptibilis
1795 4526 2117 4595 pérmanes;

534 4626 690 4697 cujus
718 4626 902 4696 utique
939 4636 993 4680 ct
1023 4623 1264 4680 Passieni
1312 4624 1550 4696 myrrha,
1587 4630 1642 4677 et
1673 4621 1857 4692 Regno
1901 4634 2115 4687 aurum,
2150 4638 2204 4697 ι)

538 4732 596 4776 et
626 4720 823 4775 .Deitt'tti
854 4719 1076 4774 debetur
1102 4718 1403 4777 meum».
1449 4718 1487 4787 si
1508 4756 1523 4772 .
1558 4717 1750 4773 Amen.

615 4815 718 4870 Per
746 4810 1195 4867 miscricordiam.

615 4907 930 4977 Antiphone.
961 4903 1415 4961 Germinavérnnt
1462 4903 1647 4973 ’ωηιρί
1678 4901 1846 4958 eremi
1904 4917 2121 4971 germen

540 5000 725 5057 ..λότίε
757 4998 952 5065 Israel;
981 4995 1048 5051 ι).
1079 4995 1211 5065 Quia
1244 4996 1391 5051 venit
1420 5012 1515 5050 rex
1550 4993 1806 5050 Dominus
1836 5008 1960 5048 cum
1987 4995 2126 5048 laeti-

543 5094 616 5146 tia
665 5091 718 5146 iu
780 5089 982 5144 lumine
1034 5088 1331 5156 majesthtis
1378 5103 1490 5144 sua:
1521 5104 1536 5140 :
1572 5090 1631 5142 nt
1690 5086 1918 5140 adorent
1981 5100 2125 5140 curii.

2722 1556 2984 1627 Hymnus.

2419 1648 2749 1704 inluminans
2780 1650 3117 1704 Altissimnm

2344 1740 2651 1795 Micautium
2683 1740 2953 1795 astrdrum
2980 1740 3221 1812 globum.

2349 1834 2477 1899 Pax,
2506 1835 2636 1897 vita,
2670 1833 2876 1900 lumen,
2908 1834 3133 1889 veritas.

2346 1924 2496 1992 Jesu,
2524 1924 2644 1980 fave
2674 1924 3020 1995 precantibus
3052 1942 3065 1979 :

2416 2016 2522 2071 Sed
2552 2017 2779 2087 mystico
2802 2016 3123 2087 baptismate

2349 2107 2573 2165 Fluéuta
2602 2108 2880 2175 Jordhuis,
2911 2109 3061 2165 retro

2348 2202 2619 2259 Conversa
2644 2204 2874 2274 quodam
2898 2203 3161 2275 tempore,

2349 2295 2607 2353 Prtcsénti
2627 2298 2860 2354 sacravit
2882 2298 2996 2353 die.

2421 2388 2527 2445 Seu
2560 2389 2713 2443 stella
2737 2399 2944 2458 partum
2986 2388 3218 2459 Virginis

2350 2483 2503 2541 Casio
2533 2487 2737 2541 micans
2765 2484 3078 2556 signaverit.

2355 2578 2421 2632 Et
2451 2578 2537 2632 hic
2565 2578 2820 2633 adoratus
2847 2577 2955 2641 die,

2352 2670 2600 2743 Praesepe
2628 2672 2809 2744 Magos
2838 2672 3077 2740 duxerit.

2428 2762 2525 2819 Vel
2551 2764 2753 2834 hydriis
2787 2764 2961 2833 plenis
2983 2780 3135 2835 aqum

2355 2853 2475 2911 Vini
2503 2855 2751 2925 saperem
2781 2854 3063 2921 infuderit,

2357 2944 2543 3001 Hausit
2571 2945 2814 3001 minister
2838 2944 3110 3009 conscius,

2358 3036 2509 3103 Quod
2541 3036 2656 3107 ipse
2682 3053 2789 3092 non
2824 3035 3164 3107 impleverat.

2428 3138 2608 3198 Aquas
2633 3127 2863 3184 colorari
2895 3129 3085 3185 videns

2364 3221 2619 3278 inebriari
2650 3224 2870 3278 ﬂumina

2364 3314 2561 3370 Mutina
2590 3314 2853 3370 elementa
2873 3322 3093 3385 stupent

2371 3408 2615 3465 l'ransire
2638 3424 2767 3465 usus
2791 3407 2993 3465 alteros
3017 3427 3031 3463 :

2429 3500 2519 3557 Sic
2550 3502 2782 3571 quinque
2805 3501 3041 3558 millibus
3069 3500 3196 3557 viris

2365 3594 2499 3650 Dum
2530 3595 2766 3666 quinque
2792 3609 2956 3664 panes
2982 3593 3252 3659 dividunt,

2363 3691 2647 3749 Edéntium
2675 3692 2776 3747 Sub
2805 3691 3052 3747 déntibus

2369 3786 2425 3842 In
2456 3802 2550 3843 ore
2580 3786 2859 3842 cresoébat
2884 3785 3034 3841 cibus

2437 3878 2889 3948 Multiplicabhtur
2911 3877 3080 3947 magis

2370 3971 2662 4042 Dispéndio
2690 3974 2840 4041 panis
2868 3986 2988 4039 suo,

2366 4065 2466 4132 Qui
2496 4065 2609 4118 haec
2635 4064 2823 4118 videns
2862 4063 3154 4117 mirahhtur

2368 4155 2530 4226 luges
2563 4152 2769 4209 meatus
2790 4152 3042 4207 fotitium.

2443 4249 2583 4302 Inter
2614 4261 2803 4301 manus
2832 4245 3187 4315 frangéntium

2374 4336 2530 4391 Panis
2559 4337 2759 4406 rightnr
2786 4334 3045 4405 proauus,

2372 4430 2599 4495 intacta,
2624 4444 2745 4497 quze
2772 4443 2879 4483 non
2913 4426 3181 4499 fregerant

2376 4520 2714 4592 Fragtnéntis
2734 4520 3036 4591 suhrc’punt
3058 4520 3180 4573 viri.

2452 4614 2720 4669 Memento
2746 4614 2933 4669 salutis
2961 4624 3169 4679 auctor,
3202 4621 3309 4665 etc.

2300 4707 2478 4763 Gloria
2511 4707 2604 4761 tibi
2630 4705 2877 4771 Domine,
2907 4716 3011 4761 etc.

2301 4800 2650 4873 Supplicétio.
2701 4798 2929 4855 Oremus
2980 4797 3270 4854 Anctdrcm
3325 4793 3459 4848 lucis
3533 4788 3821 4846 [luminum

2228 4908 2473 4956 nostrqu
2501 4897 2685 4954 Iesum
2713 4893 3013 4959 Christum,
3068 4905 3189 4946 cum
3233 4888 3379 4943 omni
3426 4883 3832 4954 supplicatione

2229 4994 2500 5064 rogemus:
2527 5000 2583 5045 ut
2605 5002 2705 5043 nos
2733 4987 2937 5041 lumine
2961 4984 3219 5038 claritatis
3240 4995 3352 5037 sua:
3378 4975 3643 5050 prapitius
3666 4970 3671 4975 “
3692 4973 3836 5031 illu-

2232 5087 2437 5141 minare
2463 5092 2517 5139 et
2545 5080 2821 5137 illustrhre
2847 5078 2959 5151 86
2981 5077 3233 5148 dignetur
3266 5114 3281 5130 .
3328 5073 3365 5141 ἢ
3388 5112 3403 5126 .
3436 5071 3643 5127 Pmsta
3674 5070 3838 5126 aeter-

557 5186 594 5254 Ῡ
618 5223 634 5239 .
683 5181 956 5239 Lmténtur
991 5181 1137 5247 caeli,
1185 5190 1240 5235 et
1269 5176 1475 5234 ustiltet
1520 5189 1682 5240 terra,
1720 5178 2130 5232 commoveatur
2232 5193 2301 5233 ne
2331 5176 2674 5246 omnipotens
2702 5173 2864 5228 Deus.

542 5292 715 5347 mare,
748 5288 800 5333 et
830 5276 1103 5347 plenitudo
1129 5271 1269 5344 ejus.
1294 5271 1362 5328 P.
1392 5271 1525 5340 Quia
1556 5269 1702 5326 venit
1732 5286 1846 5324 rex.
1893 5270 1925 5339 Ῡ
1953 5310 1965 5323 .
1995 5266 2130 5322 ϐιό-

547 5373 651 5437 ria,
694 5378 747 5425 et
786 5370 982 5441 honor,
1032 5379 1139 5424 etc.
1173 5367 1241 5422 Ρ.
1282 5365 1439 5433 Quia.
1473 5363 1731 5419 Dominus
1772 5363 1839 5417 sit
1896 5377 2129 5431 semper.

564 5461 602 5529 ἢ
628 5499 642 5514 .
674 5461 905 5516 Etcum.
1194 5448 1195 5451 η

538 5542 543 5566 7
622 5550 825 5607 Lauda.
858 5549 1099 5607 Adoreut
1126 5563 1248 5604 eum
1270 5562 1457 5603 omnes
1482 5547 1666 5617 Angeli
1697 5544 1836 5616 ejus,
1866 5546 2088 5601 Alleluia
2118 5565 2130 5599 :

553 5645 620 5701 Ρ.
679 5646 915 5713 Audivit,
964 5655 1019 5700 et
1066 5644 1243 5699 lanata
1274 5654 1356 5697 est
1399 5641 1552 5698 Sion.
1604 5641 2133 5707 Alleluia,allch'tia.

566 5740 600 5804 Ῡ
626 5781 640 5795 .
665 5739 928 5794 Dominus
957 5736 1222 5808 regnavit,
1246 5733 1452 5791 exultet
1474 5745 1615 5790 terra
1642 5748 1655 5788 :
1684 5732 2135 5789 laeténturinsula:

554 5834 752 5887 multae.
790 5829 856 5886 Ρ.
903 5830 1143 5892 Audivit,
1170 5837 1227 5884 et
1254 5827 1427 5883 laetata
1457 5838 1559 5884 est.
1602 5829 1673 5899 ᾗ.
1706 5827 1924 5896 Gldria,
1957 5838 2010 5884 et
2040 5828 2136 5884 ho-

557 5940 653 5981 nor
682 5922 844 5990 Patri,
874 5930 927 5979 et
954 5921 1105 5994 Filio,
1137 5930 1241 5979 etc.
1271 5919 1336 5975 Ρ.
1370 5923 1606 5993 Audivit,
1630 5932 1679 5981 et
1721 5922 1899 5981 lmtata
1922 5931 2026 5983 est.

2306 5267 2490 5339 hyrie,
2513 5268 2739 5322 eieisou.
2784 5265 2820 5332 ti
2846 5305 2859 5318 .
2883 5255 3569 5331 Christe,eléison.Kyrie,
3603 5254 3835 5310 eléisou.

2312 5358 2569 5428 Capitula.
2600 5357 2770 5426 Alpha
2811 5365 2865 5412 et
2912 5354 3113 5424 Oméga
3144 5352 3358 5409 initium
3410 5362 3464 5404 et
3508 5349 3656 5412 linis,
3688 5346 3839 5401 Deus

2228 5454 2292 5508 et
2321 5458 2505 5518 homo,
2557 5452 2799 5507 inﬁnitus
2826 5459 2883 5506 et
2912 5448 3201 5520 prtuliuitus
3234 5463 3249 5500 :
3281 5444 3339 5501 in
3380 5459 3486 5515 quo
3525 5451 3581 5497 et
3627 5438 3838 5511 princi-

2239 5545 2381 5616 pium
2413 5544 2611 5610 Déitas,
2644 5552 2698 5597 et
2729 5544 2974 5596 ultimum
3010 5541 3240 5594 sentitur
3277 5531 3593 5591 Humanitas
3627 5548 3639 5584 :
3675 5529 3840 5586 esce-

2239 5640 2372 5695 deus
2393 5639 2572 5692 omnia
2591 5653 2606 5703 ;
2625 5636 2901 5691 viviticans
2923 5641 3138 5696 cuncta,
3161 5639 3222 5687 et
3236 5629 3523 5685 continens
3540 5621 3800 5677 universa
3825 5639 3844 5688 ;

2240 5730 2501 5786 miserere
2532 5728 2706 5795 nobis,
2737 5727 2859 5795 quia
2888 5725 3136 5795 dignatus
3152 5737 3215 5781 es
3241 5720 3387 5778 nasci
3405 5732 3504 5778 oro
3528 5714 3687 5770 nobis
3709 5711 3847 5767 dum

2242 5825 2295 5880 in
2328 5836 2381 5880 te
2419 5823 2726 5895 pérmancs,
2752 5831 2806 5877 et
2833 5819 2988 5876 nobis
3032 5820 3262 5892 appares
3292 5831 3307 5872 τ
3339 5815 3467 5871 dum
3498 5813 3551 5868 in
3581 5822 3635 5867 te
3660 5808 3847 5864 subs-

2243 5922 2359 5989 stis,
2384 5928 2438 5977 et
2458 5918 2610 5977 nobis
2639 5914 2893 5974 subvenis
2918 5931 2930 5970 :
2952 5912 3079 5970 dum
3113 5914 3371 5986 nusquam
3395 5909 3425 5965 a
3456 5910 3613 5965 Patre
3642 5916 3845 5982 potu-tr.
