4044 6382
219 382 318 441 177

1284 388 1350 445 ΙΝ
1390 385 1609 445 ηετο
1645 382 2119 444 APPARITIONIS
2159 386 2414 445 DOMINI.

3391 390 3495 447 978

217 497 412 554 tihlitér
437 497 585 565 does,
618 506 674 555 et
698 503 765 555 ad
792 500 1078 555 salvsndos
1124 498 1352 555 miseros
1379 495 1791 555 clementialiter
1829 500 1882 559 Α
1907 497 2191 568 .lEthiopes
2223 518 2237 554 :
2272 508 2331 556 et
2355 497 2559 557 inimici
2603 498 2723 569 ejus
2763 507 2957 557 terram
3002 501 3225 573 ﬁngent.
3257 501 3321 557 ι’.
3351 504 3492 560 Ante

212 588 377 642 adeo:
412 587 539 644 dum
559 590 799 648 cmléstia
831 591 1029 660 repies,
1049 599 1107 647 et
1150 592 1364 647 terrena
1419 606 1525 646 non
1555 589 1797 657 deseris;

214 676 411 747 pérﬁce
441 679 497 735 in
546 680 725 750 nobis,
765 696 1095 753 quaesumus,
1140 682 1397 739 beneﬁcia
1443 681 1667 753 piissimi
1697 684 1801 737 lie.

210 770 537 840 demptdris,
603 772 733 828 dum
784 773 1073 831 conservas
1124 774 1347 846 ’glériam
1414 773 1801 830 inaestimabilis

210 863 519 921 Conditoris
566 882 580 920 :
637 874 694 920 ut
758 866 977 935 pietate,
1035 882 1137 937 qua
1189 866 1497 937 redemptor
1549 866 1799 934 adsistis,

209 954 447 1011 indultor
473 972 684 1027 quoque
711 956 993 1013 criminum
1021 957 1291 1015 sentilris.

276 1046 440 1103 Pater
466 1057 668 1104 noster.
692 1048 927 1105 Liberali
959 1050 991 1106 s
1019 1050 1183 1107 malo.
1214 1048 1311 1122 [οι.
1339 1050 1398 1104 2.

276 1136 572 1194 Hnmiliéte
600 1154 697 1194 vos
722 1139 1109 1197 bcnedictioni.

277 1227 543 1284 Déminus
571 1230 899 1300 sitsemper.
939 1232 979 1302 ἢ
1001 1273 1015 1287 .
1051 1232 1282 1288 Etcum.

274 1317 598 1375 Benedictio.
628 1320 916 1377 Benedlcat
963 1322 1116 1378 vobis
1156 1323 1331 1393 Alplia
1358 1319 1640 1395 et'Oméga
1702 1339 1796 1380 co-

201 1409 542 1476 gnominitns
556 1410 950 1481 Omnipoténtis
971 1412 1068 1468 Dei
1091 1412 1263 1469 Patris
1279 1413 1585 1485 Unigénitus
1607 1412 1790 1470 Filius.

220 1503 258 1570 Ii
279 1543 295 1557 .
322 1504 519 1560 Amen.
570 1503 674 1571 Qui
704 1514 789 1562 est
819 1505 1029 1561 initium
1059 1515 1114 1563 et
1144 1505 1265 1562 ﬁnis
1293 1525 1307 1561 :
1343 1509 1457 1577 ipse
1486 1523 1586 1563 nos
1609 1522 1794 1564 secum

200 1594 446 1651 victuros
491 1595 701 1651 attéllat
764 1596 1097 1667 temporibus
1152 1598 1403 1665 inﬁnitis;
1469 1598 1545 1665 Ii.
1595 1599 1790 1656 Amen.

197 1686 396 1757 Atque,
420 1684 677 1756 ereptosa
696 1688 869 1755 malis,
894 1689 963 1746 ita
981 1690 1210 1746 illﬁstret
1226 1692 1427 1747 lumine
1440 1691 1719 1758 claritétis,
1737 1702 1795 1748 ut

196 1789 295 1830 vos
314 1784 373 1831 et
394 1775 581 1846 gloria:
611 1778 868 1847 prrmiis,
894 1791 948 1836 et
975 1780 1134 1837 donis
1161 1781 1295 1839 ditet
1322 1783 1661 1839 aeternitatis.
1710 1783 1747 1851 ti
1770 1823 1788 1840 .

194 1866 391 1923 Amen.
424 1869 529 1926 Per
556 1871 982 1928 misericordiam
1011 1873 1201 1945 ipsius.

267 1958 475 2015 Lauda.
510 1960 657 2016 Misit
685 1977 772 2017 me
802 1963 997 2019 saniore
1051 1964 1447 2021 contribulatos
1475 1964 1661 2034 corde,
1697 1967 1793 2022 Ai-

188 2049 401 2119 lelt'iia;
449 2051 517 2107 P.
568 2053 870 2111 Praedicere
924 2056 1164 2126 captivis
1219 2058 1691 2129 redemptionem,
1744 2068 1801 2116 et

185 2144 362 2200 caecis
392 2144 619 2202 reddere
658 2146 864 2203 lumen.
911 2148 1163 2216 Alleluia,
1191 2151 1430 2207 alleluia.
1466 2153 1501 2222 Ῡ
1529 2193 1541 2207 .
1569 2153 1798 2209 Redem—

183 2232 436 2301 ptidnem
484 2232 631 2290 misit
677 2234 938 2293 Dominus
983 2238 1184 2310 populo
1238 2255 1337 2296 suo
1371 2259 1384 2296 :
1416 2243 1694 2298 mandivit
1740 2243 1795 2300 in

180 2320 460 2377 aeternum
494 2323 873 2382 testamentum
908 2343 1087 2382 suum.
1117 2327 1187 2383 Ρ.
1221 2330 1520 2386 Prmdiciire
1547 2332 1791 2402 captivis.

202 2413 236 2482 γ
260 2451 277 2467 .
308 2410 517 2479 Gléria,
541 2423 595 2470 et
615 2414 789 2472 honor
814 2418 971 2488 patri,
994 2427 1101 2475 etc.
1126 2419 1194 2475 P.
1221 2420 1522 2478 Praedicare
1542 2423 1789 2492 captivis.

262 2504 480 2562 Oratio.
509 2507 735 2565 Domine
763 2509 923 2579 Deus,
944 2511 1036 2582 qui
1055 2511 1346 2569 adventum
1374 2514 1645 2586 Unigéniti
1670 2516 1789 2574 Filii

190 2597 264 2653 tui
281 2596 590 2655 Johannem
612 2600 839 2670 puerum
862 2603 1197 2671 praecurrere
1219 2604 1432 2660 voluisti
1457 2622 1474 2673 ;
1508 2615 1566 2661 ut
1588 2608 1790 2664 missus

191 2689 294 2748 ate
323 2692 469 2747 viam
526 2690 745 2751 Christo
775 2695 1176 2753 incredulérum
1222 2698 1478 2757 cordibus
1522 2703 1788 2772 praepara-

196 2791 297 2846 ret.
325 2782 572 2840 sanando
592 2785 986 2844 contribulatos
1009 2789 1197 2858 corde,
1230 2800 1288 2846 et
1310 2792 1472 2847 cascis
1502 2794 1789 2849 restituen—

195 2874 264 2929 (ιο
287 2874 508 2930 luminis
536 2876 838 2934 claritiitem
873 2895 887 2933 :
918 2878 1178 2949 suﬂ‘ragio
1224 2880 1343 2951 ejus
1389 2893 1442 2938 et
1477 2884 1777 2944 caecitatem

197 2968 373 3023 enrdis
400 2968 669 3035 illuminat,
700 2979 758 3027 et
789 2970 1163 3029 tribulatioues
1193 2973 1437 3031 cerdinm
1470 2978 1782 3035 nostrtirunt

205 3059 255 3113 in
283 3060 550 3117 ttérnum
577 3062 832 3132 gaudium
862 3074 1041 3132 muta;
1068 3075 1126 3122 ιιι
1162 3068 1255 3139 qui
1281 3069 1613 3126 nativitétem
1655 3072 1784 3129 Uni-

209 3148 359 3215 géniti
390 3150 513 3206 Filii
545 3152 619 3207 tui
672 3152 869 3225 gaudio
917 3154 1214 3214 christiano
1242 3158 1563 3229 attollimur,
1596 3163 1649 3216 in
1680 3164 1778 3218 ad-

208 3240 354 3296 ventu
378 3242 572 3312 jndicii
605 3244 724 3314 ejus
748 3246 910 3307 nullis
933 3249 1211 3319 perimunt
1243 3248 1470 3308 vinculis
1498 3254 1784 3309 contriste-

205 3349 339 3388 mnr.
381 3335 417 3405 ιῆ
439 3372 455 3389 .
483 3337 680 3397 Amen.

276 3424 371 3480 Per
398 3427 828 3486 misericordiam
852 3437 1020 3486 tuam.

287 3513 429 3569 Dicat
477 3516 767 3591 Presbyter.
800 3521 1061 3578 Dominus
1108 3522 1181 3579 sit
1235 3539 1451 3596 semper
1481 3525 1775 3584 vobiscum.

222 3606 261 3675 ti
281 3646 296 3662 .
326 3608 389 3664 Et
419 3624 559 3667 cum.
579 3612 644 3673 in
673 3613 893 3672 nomine
916 3614 1154 3672 Domini.

763 3729 847 3784 Ad
868 3728 1207 3785 Matutinum.

266 3833 579 3903 Antiphone.
611 3837 825 3896 Domini
865 3850 951 3898 est
991 3842 1179 3900 salus:
1212 3852 1268 3900 et
1322 3858 1486 3917 super
1525 3846 1776 3918 pepuium

197 3930 339 3980 tuum
366 3926 671 3986 benedictio
697 3941 806 3987 tua.
831 3931 1077 3991 Psalmur
1098 3951 1179 3991 tn.

266 4019 465 4077 Θτὰιίο.
496 4024 577 4079 Tu
608 4040 690 4092 es,
721 4025 968 4096 Domine,
990 4028 1161 4086 salus.
1190 4030 1375 4096 Quare
1405 4032 1503 4103 {oh
1531 4032 1627 4089 46.

261 4113 561 4182 Antiphone
595 4116 645 4174 l.
672 4115 1007 4174 Hierusalem
1033 4119 1085 4174 in
1114 4129 1169 4176 te
1188 4121 1768 4192 apparébitDéminus;

197 4198 258 4254 P.
292 4202 355 4257 Et
380 4202 555 4260 honor
601 4205 722 4278 ejus
745 4222 911 4277 super
944 4216 998 4265 te
1028 4209 1315 4266 videbitur.
1341 4212 1410 4267 Et
1434 4212 1588 4268 ibunt
1614 4230 1769 4284 reges

191 4293 240 4353 in
270 4296 476 4354 h’nnine
496 4308 610 4369 tuo,
654 4309 709 4355 et
740 4298 941 4357 Gentes
989 4302 1041 4358 in
1072 4302 1362 4373 splendere
1406 4313 1498 4359 tuo
1527 4306 1774 4361 ambula-

190 4385 333 4442 bunt.
376 4390 449 4459 y.
485 4391 553 4445 Et
602 4391 940 4461 permanebit
965 4409 1087 4449 cum
1140 4394 1366 4463 sole,,jet
1411 4404 1538 4451 ante
1564 4396 1767 4466 lunam,

188 4482 236 4534 in
279 4484 637 4553 generatione
691 4493 747 4541 et
797 4486 851 4540 in
880 4487 1141 4542 sarculum
1174 4488 1377 4543 saeculi.
1406 4486 1474 4542 P.
1498 4489 1566 4543 Et
1596 4489 1771 4545 honor

1903 606 2026 646 eum
2056 590 2458 653 continuerunt.
2494 593 2529 663 ᾗ
2553 632 2568 647 .
2619 590 2828 663 Gloria,
2856 602 2914 651 et
2953 594 3127 652 honor
3172 595 3346 665 Patri,
3375 604 3485 657 etc.

1904 680 1973 736 Ρ.
2001 683 2140 738 Ante
2161 698 2311 739 eum.

1977 774 2178 829 ονάιὶθ.
2220 775 2384 843 Deus,
2418 774 2511 831 Dei
2562 775 2752 842 Filius,
2779 776 2933 848 cujus
2963 776 3104 834 inter
3148 778 3399 837 homines
3429 789 3487 839 et

1904 865 2073 921 forma
2101 876 2156 921 et
2195 866 2446 935 aspectus
2492 876 2573 924 est
2604 868 2895 939 gloriﬁsus,
2947 869 3332 939 gloriﬁcandos
3381 888 3483 928 nos

1904 958 1994 1013 tibi
2024 958 2267 1027 adsume,
2296 967 2352 1015 et
2380 959 2434 1015 in
2466 960 2633 1029 partis
2662 959 2898 1016 dexterae
2920 961 3262 1019 coronimdos
3289 965 3483 1020 conlo-

1899 1052 2114 1108 catione
2130 1052 2326 1120 statue,
2349 1053 2504 1125 utqui
2526 1070 2616 1109 ora
2642 1065 2823 1110 nostra
2838 1057 2890 1109 in
2913 1056 3018 1111 tuis
3037 1055 3281 1111 laudibus
3302 1056 3447 1126 apét.

1900 1159 2040 1211 ntus,
2068 1147 2246 1201 carnis
2269 1145 2521 1203 sénsibus
2553 1162 2656 1203 non
2684 1150 2970 1218 gravémur
2999 1166 3012 1203 :
3040 1159 3098 1205 et
3121 1151 3214 1222 qui
3235 1149 3482 1221 -gloriési

1898 1236 2149 1305 aspectus
2180 1238 2253 1293 tui
2282 1238 2519 1295 solamen
2551 1240 2935 1310 exquirimus,,
2958 1242 3182 1298 visionis
3214 1252 3319 1299 tua:
3347 1258 3472 1299 con.

1897 1328 2166 1386 solamine
2188 1330 2495 1387 omnimoda
2520 1319 2812 1402 patiamur.
2852 1334 2889 1403 ιῇ
2914 1374 2929 1391 .
2961 1334 3157 1391 Amen.

1968 1441 2073 1497 Per
2097 1443 2521 1499 misericordiam
2555 1454 2723 1501 tuam.

1967 1533 2263 1603 Antiphona
2293 1535 2346 1591 3.
2377 1536 2433 1591 In
2464 1537 2654 1593 diebus
2680 1538 2907 1596 Herodis
2930 1541 3071 1612 regis
3093 1554 3221 1597 ecce
3246 1541 3393 1612 Magi.
3411 1543 3481 1595 ab

1895 1624 2114 1681 Oriente
2171 1626 2435 1684 venérunt
2461 1628 2911 1701 Hierosolymam,
2943 1631 3010 1687 P.
3062 1632 3347 1689 Dicéntes:
3377 1632 3481 1691 Ubi

1894 1724 1999 1781 est,
2044 1717 2134 1787 qui
2168 1727 2328 1775 natus
2369 1730 2452 1775 est
2484 1720 2596 1777 Rex
2637 1720 2947 1777 Judmérum
2977 1726 3002 1777 ἲ
3050 1723 3281 1780 vidimus
3332 1728 3476 1781 enim

1896 1808 2107 1863 stellam
2140 1812 2256 1875 ejus
2306 1811 2360 1866 in
2390 1812 2630 1883 Oriente,
2661 1824 2717 1869 et
2762 1814 3006 1871 ve’nimus
3053 1816 3279 1872 adorere
3327 1832 3476 1874 curn.

1913 1898 1990 1967 ᾇ.
2040 1899 2303 1966 Quoniam
2355 1917 2483 1959 ecce
2535 1920 2694 1973 reges
2750 1915 2907 1961 terra:
2949 1906 3261 1978 congregati
3325 1920 3477 1975 sunt,

1896 2000 1952 2045 et
1976 1993 2345 2048 convenerunt
2389 1995 2443 2049 in
2483 2011 2671 2053 unum.
2701 1996 2765 2052 P.
2799 1997 3094 2055 Dicéntes:
3128 1998 3230 2055 Ubi
3258 2009 3359 2054 est.
3407 2001 3480 2069 ᾗ.

1896 2079 2102 2147 Gloria,
2131 2090 2187 2137 et
2216 2083 2388 2139 honor
2418 2083 2585 2153 Patri,
2614 2096 2721 2143 etc.
2747 2086 2816 2142 P.
2849 2088 3098 2145 Dicéntes
3122 2107 3136 2144 :
3171 2090 3271 2145 Ubi
3301 2102 3405 2146 est.

1972 2171 2175 2228 Ortitio.
2207 2173 2322 2229 Rex
2370 2174 2609 2231 omnium
2657 2180 2974 2235 smculorum
3003 2224 3018 2250 ,
3070 2180 3286 2237 Christe
3342 2182 3482 2237 Deus

1893 2260 2172 2329 altissime,
2227 2266 2319 2333 qui
2369 2266 2423 2321 in
2476 2267 2667 2324 diebus
2726 2269 2958 2327 liercidis
2990 2274 3131 2341 regis
3157 2272 3228 2328 de
3262 2272 3483 2344 Virgine

1893 2365 2073 2423 natus,
2126 2356 2317 2428 Magis,
2373 2359 2740 2428 quaerentibus
2790 2372 2865 2430 te,
2920 2378 3060 2418 novo
3108 2379 3169 2421 es
3198 2365 3250 2420 in
3299 2366 3482 2422 sidere

1890 2442 2232 2504 declaratus:
2283 2446 2542 2516 appareat
2584 2450 2638 2504 in
2666 2449 2822 2506 nobis
2851 2452 3067 2507 virtutis
3122 2463 3229 2508 tua:
3283 2456 3477 2524 prasi-

1888 2535 2037 2591 dinm
2085 2536 2151 2591 ad
2182 2536 2529 2607 depellendus
2580 2555 2769 2597 omnes
2817 2544 3083 2612 pernicies
3107 2545 3473 2615 tenebrt‘irum,

1888 2628 1995 2699 quo
2025 2630 2104 2685 sic
2129 2629 2420 2702 Majestétis
2474 2643 2575 2689 tua:
2602 2635 2712 2707 87
2744 2635 2895 2692 sidus
2927 2639 2980 2693 in
3032 2639 3189 2695 nobis
3219 2641 3474 2710 reSplén-

1888 2723 2032 2789 deat,
2052 2733 2109 2779 ut
2130 2724 2195 2779 ad
2229 2735 2279 2781 te
2299 2727 2653 2797 quaerendum
2683 2732 2810 2786 nulli
2829 2746 2888 2786 se
2905 2733 3062 2788 nobis
3088 2736 3331 2790 errorum
3355 2736 3471 2791 tibi-

1886 2826 1981 2868 ces
2004 2812 2379 2884 interponant,
2402 2816 2506 2887 quo
2522 2827 2575 2873 et
2598 2818 2665 2873 ad
2688 2831 2740 2876 te
2762 2821 3047 2879 videndum
3070 2826 3349 2881 curramus
3367 2827 3477 2881 alit-

1885 2904 2069 2972 eriter,
2102 2914 2157 2962 et
2187 2915 2240 2963 te
2267 2907 2381 2964 viso
2397 2909 2755 2978 jocunddmur
2776 2913 3064 2972 instanter.
3106 2917 3141 2987 Ii
3164 2957 3177 2971 .
3202 2919 3399 2976 Amen.

1955 2994 2061 3053 Per
2084 2997 2505 3056 misericordiam
2533 3010 2699 3059 tuam.

1970 3111 2009 3181 ri)
2029 3150 2044 3167 .
2077 3112 2411 3170 Hierusalem
2440 3130 2568 3173 ecce
2595 3120 2844 3189 apparuit
2873 3122 2926 3177 in
2959 3133 3008 3180 te
3038 3140 3131 3180 rex
3162 3141 3341 3197 regum
3359 3137 3475 3196 ,μοι

1811 3210 1858 3274 (ι
1886 3204 2366 3259 commovebuntur
2399 3206 2595 3263 insulae
2618 3209 2689 3265 de
2718 3211 2849 3265 locis
2882 3213 3019 3267 suis.
3037 3214 3245 3271 .Omnes
3276 3218 3471 3286 princi-

1886 3307 1980 3363 pes
2010 3290 2263 3349 Géntium
2295 3296 2718 3355 descéndcntde
2746 3302 2952 3356 thronis
2981 3306 3113 3370 suis,
3154 3316 3209 3360 et
3243 3306 3472 3363 niterent

1882 3387 2128 3445 diadema
2151 3390 2221 3446 de
2245 3389 2424 3461 capite
2450 3407 2568 3449 suo.
2602 3393 2673 3451 P.
2696 3395 2762 3450 Et
2786 3394 3016 3453 éﬂ‘erent
3036 3399 3084 3453 ei
3109 3399 3175 3454 de
3205 3400 3470 3472 lapidibus

1883 3473 2131 3553 pretiosis
2168 3500 2379 3553 aurum,
2419 3486 2561 3558 thus,
2593 3498 2649 3545 et
2684 3495 2980 3561 myrrham.
3029 3492 3103 3561 ir.
3138 3493 3275 3549 Ecce
3314 3510 3470 3566 rcges

1883 3584 2039 3631 terra:
2060 3577 2370 3648 congregati
2397 3588 2544 3646 sunt,
2564 3590 2617 3637 et
2638 3582 3007 3638 convenerunt
3029 3583 3081 3639 in
3107 3600 3289 3651 unum,
3311 3583 3378 3639 P.
3403 3587 3469 3641 Et

1880 3667 2125 3726 cillerent.
2176 3671 2210 3741 ᾗ
2236 3709 2250 3723 .
2284 3671 2456 3743 Reges
2482 3672 2728 3740 Tharsis,
2758 3686 2813 3731 et
2850 3676 3038 3731 insula:
3079 3680 3301 3734 munera
3333 3678 3466 3735 oile-

1880 3771 1998 3818 rent
2035 3780 2049 3817 :
2092 3778 2248 3834 reges
2286 3764 2521 3821 Arabum
2562 3776 2617 3823 et
2655 3769 2792 3824 Saba
2844 3769 2982 3824 dona
3029 3770 3138 3828 Deo
3176 3773 3465 3829 adducent.

1877 3853 1945 3910 P.
1978 3857 2199 3913 Aurum.
2246 3858 2281 3928 ᾗ
2305 3895 2321 3913 .
2352 3857 2555 3930 Gléria,
2586 3870 2641 3918 et
2680 3861 2853 3919 honor
2889 3863 3063 3934 Patri,
3100 3874 3204 3921 etc.
3242 3865 3309 3923 Ι).
3345 3867 3469 3923 Ilie-

1878 3948 2130 4005 rusalcm.

1948 4042 2151 4098 Oratio.
2194 4043 2355 4111 Dens,
2389 4043 2483 4101 Dei
2524 4045 2713 4113 Filius,
2746 4048 2919 4105 Patris
2956 4048 3241 4107 ineffibilis
3268 4055 3463 4123 virtus,

1874 4133 1962 4203 qui
2006 4149 2143 4189 novo
2180 4134 2357 4192 sidere
2394 4138 2448 4193 in
2488 4138 2749 4195 Gentibus
2790 4157 2885 4198 rex
2934 4158 3116 4214 regum
3159 4144 3464 4210 os:énderis

1874 4239 2129 4296 magnus,
2166 4235 2222 4282 et
2251 4229 2302 4284 in
2332 4228 2548 4285 civitéte
2588 4232 2677 4287 illa
2708 4232 2863 4287 beata
2893 4237 3119 4304 appares
3148 4238 3412 4306 gloriOsus
3442 4257 3461 4293 :

1873 4331 2030 4386 quem
2078 4318 2267 4373 insula:
2320 4329 2557 4376 tremunt
2602 4340 2614 4377 :
2666 4325 2752 4378 cui
2804 4325 3073 4393 principes
3117 4337 3171 4381 et
3217 4329 3464 4389 natioties

1873 4411 2122 4469 Gentium
2148 4415 2542 4487 obsequuntur,
2564 4418 2690 4474 ditm
2720 4420 2813 4474 tibi
2843 4404 3021 4479 mima
3051 4437 3211 4492 rt-gna
3230 4424 3461 4487 cedunt,

1877 4507 1969 4561 tibi
2016 4523 2200 4578 regum
2242 4510 2543 4568 diademata
2589 4513 3036 4587 substernuntur;
3088 4516 3308 4589 dignare
3350 4518 3460 4588 jam

189 4572 319 4641 ejus.
369 4575 405 4644 Ῡ
428 4617 445 4631 .
474 4575 683 4644 Gtoria,
709 4586 765 4633 et
790 4577 986 4649 honor,
1012 4587 1121 4635 etc.
1157 4577 1220 4633 P.
1251 4580 1318 4635 Et
1346 4581 1523 4636 honor
1551 4581 1695 4651 ejus.

1882 4597 2065 4667 gratia,
2092 4600 2288 4657 urstris
2316 4612 2367 4657 te
2389 4603 2675 4661 ostendere
2702 4606 2955 4665 sensibus
2978 4610 3143 4678 pium,
3168 4621 3220 4665 et
3252 4611 3302 4664 in
3334 4626 3463 4666 cnn—

251 4684 458 4742 Ονάιὶο.
490 4684 596 4742 Fac
617 4702 739 4754 nos,
771 4687 1018 4758 Domine,
1048 4688 1222 4744 beatae
1262 4689 1405 4746 iliius
1430 4690 1768 4746 Hierusalem

183 4774 387 4832 visitine
420 4776 615 4846 iactari,
646 4787 703 4834 et
747 4779 799 4834 in
827 4779 1034 4851 gremio
1076 4780 1194 4851 ejus
1236 4782 1493 4852 perpetua
1520 4782 1769 4852 jocundi-

181 4867 283 4923 tate
305 4868 505 4938 attolli,
527 4869 583 4925 in
624 4885 727 4942 qua
760 4881 815 4926 tu
842 4873 933 4928 lux
962 4872 1183 4940 aeterna,
1226 4874 1438 4931 radiare
1473 4878 1764 4944 prom'ttis,

179 4966 229 5011 et
253 4957 411 5029 cujus
439 4958 613 5015 honor
641 4975 764 5017 esse
799 4963 1106 5033 polliceris:
1141 4964 1358 5037 Largiri:
1410 4982 1539 5037 ergo
1589 4967 1766 5035 nobis,

178 5052 290 5119 ejus
316 5052 593 5110 desiderio
640 5056 947 5112 carnalibus
1002 5057 1125 5114 éxui
1168 5062 1322 5131 nugis
1350 5070 1406 5116 et
1436 5062 1619 5118 vestiri
1653 5063 1761 5118 vir-

180 5145 382 5201 tutibus
410 5147 645 5219 copiosis
676 5167 689 5203 :
722 5159 781 5206 ut
806 5166 952 5217 eam,
974 5152 1059 5207 cui
1086 5160 1141 5207 tu
1164 5153 1473 5224 apparéndo
1503 5154 1674 5210 factus
1708 5170 1771 5210 es

175 5242 486 5300 indeiiciens
513 5244 721 5311 iumen,
755 5261 852 5302 nos
876 5246 1263 5317 amplectimur
1314 5249 1530 5320 semper
1560 5247 1767 5309 meritis

172 5335 510 5402 genitricem.
558 5338 595 5406 ἡ
620 5374 635 5389 .
664 5341 857 5397 Amen.

241 5430 344 5486 Per
372 5431 803 5490 misericordiam
838 5444 1006 5490 tuam.

241 5545 545 5613 Antipltona
592 5546 649 5600 2.
718 5545 1001 5604 Gloritisus
1059 5557 1142 5603 Cal
1199 5549 1449 5618 aspectus
1493 5550 1651 5618 ejus,
1709 5562 1763 5606 et

172 5635 308 5692 inter
339 5637 482 5693 tilias
532 5638 812 5694 hominum
843 5641 1012 5694 forma
1044 5640 1182 5710 ejus.
1208 5640 1276 5698 Ρ.
1313 5644 1453 5698 Ante
1481 5658 1602 5698 eum
1632 5658 1763 5698 cono

174 5727 450 5784 tiunernnt
474 5744 629 5799 reges
653 5744 714 5786 os
743 5747 921 5786 suum.
955 5732 1161 5801 Quibus
1204 5749 1314 5788 non
1343 5746 1428 5789 est
1456 5737 1759 5793 nuntiz‘ttum

170 5817 234 5871 de
262 5835 352 5887 eo,
413 5819 937 5878 adtraiérunteum.
987 5824 1058 5892 ᾖ.
1094 5825 1280 5881 Coram
1332 5826 1421 5882 illo
1482 5826 1761 5899 precidem

1875 4692 2268 4749 versationibus
2309 4696 2649 4753 maniféstum
2682 4717 2695 4753 :
2729 4710 2785 4755 ut
2826 4702 3087 4769 primitias
3117 4703 3337 4773 spiritus
3371 4706 3466 4758 ha-

1873 4784 2079 4851 bentes,
2115 4803 2175 4843 ea
2218 4788 2310 4843 tibi
2350 4805 2565 4861 semper
2605 4808 2700 4862 per
2739 4796 2959 4851 munera
2992 4796 3323 4865 dedicémus,
3370 4816 3464 4868 per

1873 4894 1992 4948 qua:
2022 4880 2244 4936 introire
2282 4882 2492 4939 beatam
2536 4885 2683 4940 illam
2718 4886 3052 4944 Hierusalem
3097 4890 3302 4959 placitis
3340 4894 3464 4946 cer-
3490 4884 3506 4913 ‘

1872 4972 2028 5028 dibus
2068 4976 2393 5044 mercemur,
2436 4989 2495 5032 ut
2542 4979 2634 5034 tibi
2685 4980 3092 5038 mundissimum
3133 4999 3322 5039 aurum
3366 5000 3462 5038 no-

1869 5066 2101 5121 strdrum
2130 5066 2352 5138 operum
2384 5068 2711 5142 deterentes,
2742 5076 2886 5145 regni
2919 5075 2990 5130 tui
3017 5078 3319 5131 ruereamur
3340 5058 3486 5141 esse;

1869 5158 2175 5230 participes.
2220 5162 2257 5231 ιὲ
2279 5202 2291 5215 .
2324 5165 2514 5218 Anien.

1939 5250 2041 5307 Per
2070 5253 2492 5311 misericordiam
2524 5265 2688 5315 tuam.

1942 5367 2255 5438 Antiphona.
2288 5369 2463 5441 Reges
2492 5372 2734 5439 Tharsis,
2766 5386 2820 5430 et
2848 5376 3036 5429 insula:
3069 5376 3289 5429 munera
3320 5374 3447 5429 nire-

1868 5470 1995 5514 ruut
2024 5477 2037 5512 ;
2068 5475 2221 5529 reges
2250 5463 2484 5520 Arabum
2511 5473 2565 5520 et
2593 5465 2734 5521 Saba
2771 5467 2913 5521 dona
2952 5468 3242 5522 adducent.
3283 5467 3350 5522 P.
3389 5470 3454 5523 Et

1868 5550 2167 5608 adorabunt
2216 5558 2269 5608 in
2317 5557 2607 5626 con5péctu
2653 5558 2771 5629 ejus
2810 5575 2998 5613 nunties
3040 5574 3192 5629 rcges
3236 5569 3391 5616 terra:
3437 5580 3449 5614 :

1867 5658 2053 5698 omnes
2079 5642 2281 5701 Gentes
2310 5646 2552 5703 serviunt
2590 5649 2667 5704 illi
2698 5667 2711 5703 :
2747 5649 3007 5717 Quenium
3053 5651 3167 5719 ipse
3207 5654 3453 5711 lihcifuit

1867 5734 2092 5804 egénum
2137 5736 2167 5790 ἐι
2210 5737 2455 5807 petente;
2499 5749 2553 5793 et
2593 5739 2906 5808 pauperem,
2948 5742 3034 5798 cui
3073 5758 3179 5799 non
3209 5752 3325 5801 erat
3359 5748 3451 5797 ad.

1864 5829 2029 5899 jutor.
2093 5829 2161 5897 jx.
2214 5831 2287 5885 [ξι
2332 5830 2505 5887 nstris
2549 5843 2597 5888 et
2644 5830 2918 5908 iniquiltile
2964 5836 3209 5896 libethtit
3248 5836 3467 5892 {minus
