4006 6380
293 343 395 405 181

1347 340 1414 397 ΙΝ
1454 338 1673 397 FESTO
1712 335 2193 396 APPARITIONIS
2233 338 2487 396 DOMINI.

3460 337 3563 395 ιειι

362 450 671 512 Deducénte
708 468 806 511 nos
839 452 1011 525 gratia
1045 452 1279 510 dexteras
1316 461 1446 520 tuas,
1485 452 1707 507 deine
1745 451 1871 507 Jesu
1901 453 1946 513 Α
1974 453 2094 518 cob,
2146 452 2414 525 homdque
2458 455 2792 525 consurgens
2821 468 2886 510 ex
2917 455 3076 511 lsraél
3112 473 3124 509 :
3159 462 3215 511 et
3241 453 3294 509 in
3324 467 3462 510 novo
3483 453 3561 509 si-

290 547 541 613 Cb‘riste;
582 545 672 616 qui
713 561 831 601 cum
873 545 1051 613 Patre,
1094 556 1146 601 et
1176 545 1378 614 Spiritu
1418 545 1615 600 Sancto
1641 543 1796 611 vivis,
1825 549 1879 599 et

290 638 474 693 omnia
506 638 647 709 regis
675 639 728 692 in
766 639 962 692 sarcula
991 637 1329 693 saeculdrum.

368 730 630 785 Dominus
658 728 727 785 sit
752 746 983 799 semper.
1028 730 1065 799 ri}
1091 771 1104 786 .
1137 730 1199 784 Et
1226 744 1367 785 cum.

376 823 412 890 ιῆ
437 862 451 877 .
498 821 639 877 Luce
665 822 812 877 clara
852 821 1078 892 fulgébis
1114 822 1165 876 iu
1193 821 1441 875 omnibus
1474 819 1667 875 ﬁnibus
1695 827 1874 875 terraz.

288 914 547 969 Natit’mes
577 915 759 967 multa:
788 914 855 969 de
884 914 1171 984 longinquo
1200 912 1414 968 venient
1443 914 1556 976 tibi,
1590 920 1646 967 et
1674 912 1868 966 habita-

290 1004 438 1059 tores
467 1004 497 1058 a
528 1004 831 1059 novissimis
862 1002 1099 1074 partibus
1130 1015 1283 1059 terra:
1314 1002 1366 1057 in
1399 1003 1642 1057 titanibus
1678 1000 1878 1057 babén-

288 1107 372 1153 tes
403 1099 647 1152 munera.
677 1096 743 1151 P.
776 1096 906 1168 Regi
936 1096 1194 1152 coriorum
1225 1096 1460 1149 oderunt
1485 1112 1605 1148 cum
1649 1091 1826 1148 laetitia
1861 1108 1876 1147 :

286 1202 342 1245 et
387 1206 581 1245 nomen
634 1188 842 1244 Domini
892 1205 1140 1257 magnum
1186 1188 1289 1243 erit
1329 1190 1383 1242 in
1431 1187 1611 1241 Omnia
1659 1185 1873 1240 smcula.

302 1283 336 1352 ᾖ
364 1322 377 1335 .
409 1282 607 1337 Omnes
632 1280 699 1337 de
729 1280 867 1338 Saba
897 1280 1144 1347 venient,
1181 1296 1369 1334 aurum
1398 1288 1453 1334 et
1484 1279 1605 1333 thus
1633 1274 1878 1333 deferen-

287 1384 393 1442 tes,
425 1385 479 1432 et
505 1376 718 1432 laudem
748 1375 976 1431 Domino
1005 1373 1400 1429 annuntiantes.
1439 1372 1506 1428 P.
1540 1371 1669 1443 Regi
1709 1368 1877 1425 caelo-

286 1484 429 1525 rum.
477 1469 552 1540 9.
589 1468 793 1532 Gloria.
826 1478 881 1524 et
908 1468 1098 1537 bonor,
1124 1478 1227 1522 etc.
1261 1464 1327 1522 P.
1361 1466 1489 1537 Regi
1522 1465 1802 1519 cmltirum.

360 1562 559 1616 Oratio.
614 1560 885 1629 Abundet,
938 1574 1244 1631 qnzesumus
1291 1557 1537 1623 Domine,
1587 1557 1640 1611 in
1688 1554 1878 1609 diebus

288 1654 486 1710 nostris
511 1654 599 1709 lux
630 1653 889 1709 claritatis
921 1662 1025 1707 tua:
1066 1652 1120 1706 in
1152 1651 1345 1706 linibus
1386 1658 1545 1704 terra:
1574 1666 1587 1701 :
1620 1657 1713 1712 ut,
1743 1659 1879 1717 quos

286 1744 651 1814 Apparitionis
702 1753 806 1798 tua:
861 1744 979 1798 luce
1032 1741 1291 1813 irritdias,
1351 1739 1677 1795 abundantia
1730 1738 1874 1808 pacis

1981 544 2108 601 dere
2133 547 2431 602 osuinderis
2461 548 2618 615 Deus,
2648 556 2701 602 et
2732 548 2783 602 in
2816 547 3077 616 prazsépio
3103 549 3307 618 pdsitus
3338 547 3480 602 Deus
3505 551 3564 602 et

1978 639 2166 706 homo,
2187 656 2324 696 unus
2352 640 2589 697 créderis
2619 641 2894 707 Christus;
2928 650 3144 710 propter
3174 655 3420 711 magnam
3453 638 3557 695 mi-

1980 729 2325 784 sericordiam
2352 740 2494 785 tuam
2520 730 2744 785 visidnis
2763 739 2861 784 tua:
2880 729 3032 785 nobis
3047 728 3272 799 proroga
3290 730 3515 798 gratiam
3541 744 3556 783 :

1981 826 2236 894 appareat
2282 828 2332 880 in
2382 826 2537 880 nobis
2564 826 2701 881 lucis
2732 836 2833 880 tua:
2866 824 3127 879 radiabile
3152 825 3388 895 signum,
3417 822 3562 891 quod

1980 916 2211 983 exiiéllat
2248 933 2438 973 omnes
2486 917 2734 973 tenebras
2775 918 3021 971 vitidrum
3057 934 3069 969 :
3105 927 3181 982 ut,
3215 916 3304 985 qui
3337 914 3563 971 visidnis

1978 1016 2087 1063 tute
2126 1007 2394 1063 desiderio
2434 1009 2769 1074 anhelamus,
2799 1006 3020 1063 risidnis
3052 1016 3154 1062 tua:
3179 1006 3401 1077 praemio
3432 1019 3564 1061 con-

1979 1100 2235 1154 solemur.
2287 1100 2581 1166 Q.Atnen.
2656 1138 2663 1144 υ

2051 1189 2153 1243 Per
2176 1189 2597 1243 misericdrdiam
2616 1199 2780 1244 tuam.

2065 1280 2103 1350 Ii
2125 1320 2140 1335 .
2186 1280 2371 1353 Fulget
2412 1280 2648 1347 Caelum,
2699 1289 2753 1337 et
2803 1279 2966 1336 Terra
2988 1280 3234 1352 splendet
3264 1279 3295 1334 Ξι
3317 1279 3561 1337 claritate

1979 1371 2097 1438 Dei,
2144 1375 2264 1442 quia
2310 1373 2569 1441 procéssit
2596 1374 2663 1429 de
2695 1373 2998 1429 habitacula
3022 1383 3209 1429 sancto
3237 1388 3334 1427 suo
3364 1374 3562 1427 sanare

1978 1464 2367 1519 contribulatos
2414 1464 2597 1532 corde,
2646 1474 2700 1520 et
2749 1466 2906 1522 caecis
2955 1465 3180 1522 reddere
3231 1466 3433 1520 lumen.
3488 1462 3557 1518 P.

1978 1554 2220 1611 Gaudete
2254 1556 2434 1626 bodié,
2464 1557 2731 1611 universae
2758 1556 2989 1625 Gentes,
3020 1559 3143 1627 quia
3175 1557 3228 1611 in
3257 1554 3436 1613 médio
3466 1570 3562 1609 ve-

1978 1650 2075 1701 stri
2102 1647 2347 1704 Salvator
2376 1647 2622 1717 apparuit
2652 1646 2800 1717 :jam
2829 1648 2993 1702 nolite
3022 1646 3235 1715 pavere.
3276 1647 3310 1716 ᾗ
3334 1686 3349 1700 .
3384 1644 3564 1700 Illuxit

1981 1741 2121 1795 enim
2165 1741 2334 1811 gratia
2373 1741 2465 1796 Dei
2497 1740 2799 1797 Salvatéris
2831 1740 2999 1795 nostri
3022 1740 3073 1793 in
3101 1740 3353 1793 omnibus
3379 1738 3558 1793 homi-

286 1813 666 1908 usqnequaque
710 1837 961 1893 sustéllas
1003 1855 1016 1890 :
1060 1848 1148 1900 ut,
1199 1836 1323 1890 diim
1370 1833 1637 1905 deputatis
1681 1831 1869 1887 ofliciis
1902 1815 1946 1873 Β
1979 1835 2152 1889 nibus.
2203 1832 2269 1894 P.
2300 1832 2540 1889 Gaudete
2570 1831 2777 1903 ltédiea
2801 1833 2835 1903 ᾗ
2862 1868 2878 1887 .
2906 1813 3115 1900 Cléria,
3144 1840 3199 1887 et
3226 1832 3418 1899 honor,
3448 1839 3559 1886 etc.

282 1933 538 2002 obsequii,
575 1932 924 2001 dependimus
976 1941 1193 1993 votmn,
1242 1929 1487 1983 aatbcrezn
1530 1927 1664 1982 lucis
1713 1924 1871 1979 lumi-

279 2024 475 2078 ndsum
509 2024 783 2091 capidmus
808 2021 1076 2076 elTéclum.
1114 2021 1149 2089 ιῆ
1173 2059 1186 2074 .
1221 2023 1409 2073 Amen.

358 2115 463 2168 I’er
494 2114 940 2169 misericdrdiam.

360 2206 679 2277 Antiphona.
721 2206 938 2275 Signum
982 2220 1228 2277 magnum
1271 2204 1443 2259 visum
1486 2214 1568 2259 est
1609 2205 1660 2259 in
1691 2205 1873 2261 cmlo:

282 2298 484 2353 Mulier
509 2298 698 2352 amicta
728 2307 842 2352 erat
867 2298 1001 2365 Sole,
1034 2307 1088 2351 et
1128 2297 1251 2350 luna
1281 2299 1380 2351 sub
1405 2297 1627 2366 pédibus
1657 2296 1795 2367 ejus,
1823 2304 1877 2351 et

280 2403 450 2459 super
504 2400 666 2458 caput
712 2389 828 2458 ejus
876 2390 1073 2444 cortina
1127 2387 1399 2443 stelldrnm
1450 2388 1754 2443 duddecim.
1812 2388 1878 2442 Et

279 2481 602 2547 festinabat,
655 2491 710 2535 ut
763 2481 1011 2551 pareret;
1061 2490 1115 2536 et
1164 2480 1367 2551 péperit
1418 2481 1603 2535 lilium.
1660 2479 1724 2533 Ρ.
1775 2480 1874 2548 Qui

283 2576 535 2628 recturus
555 2582 636 2627 est
657 2587 843 2627 omnes
864 2582 1055 2643 gentes
1083 2574 1135 2625 in
1162 2574 1304 2641 virga
1338 2572 1530 2627 l'érrea.
1576 2572 1607 2640 ᾗ
1631 2611 1646 2627 .
1682 2571 1732 2625 Ιιι
1761 2573 1876 2627 sole

285 2665 469 2737 posuit
492 2665 890 2721 tabernaculum
917 2681 1072 2720 suum
1098 2683 1111 2719 :
1134 2672 1190 2720 ct
1219 2666 1332 2733 ipse
1357 2664 1622 2736 tamquam
1646 2680 1876 2734 Sponsus

284 2754 588 2827 procedens
633 2756 701 2810 de
751 2755 989 2809 thalamo
1036 2770 1155 2811 suo.
1213 2753 1277 2810 Ρ.
1331 2755 1430 2821 Qui
1479 2758 1722 2812 recturus
1768 2765 1871 2810 est.

304 2848 337 2917 ᾖ
362 2885 378 2900 .
408 2847 611 2913 Gloria,
644 2857 699 2900 et
725 2846 917 2912 honor,
947 2856 1051 2901 etc.
1088 2845 1154 2900 Ρ.
1184 2845 1284 2913 Qui
1314 2849 1555 2901 recturus
1585 2857 1685 2901 est.

362 2941 562 2995 Oratio.
588 2942 726 2996 Deus
748 2940 1107 2997 sanctiﬁchtor
1128 2940 1231 2996 diéi
1256 2937 1545 3006 bodiérnaz,
1563 2940 1650 3010 qui
1678 2948 1875 2995 sanctzn

290 3036 450 3105 hujus
479 3035 787 3091 festivitatis
816 3049 1010 3090 nomen
1038 3034 1105 3089 de
1135 3033 1468 3089 mirabilibus
1507 3032 1777 3099 indidisti;
1809 3034 1875 3088 da

287 3126 544 3183 Ecclesiae
573 3135 697 3194 ture,
728 3137 784 3181 ut
809 3128 947 3181 sicut
972 3126 1287 3195 Epiphania,
1316 3124 1365 3179 id
1392 3133 1475 3180 est
1500 3123 1757 3180 hodierna
1783 3139 1871 3180 so-

288 3218 560 3282 lémnitas,
594 3230 649 3272 et
674 3219 785 3288 89
810 3217 1101 3273 declaratio
1130 3226 1180 3270 et
1210 3216 1470 3284 apparitio
1496 3215 1867 3281 nuncupatur:

284 3313 359 3367 ita
389 3314 439 3367 in
475 3312 669 3381 pépulo
701 3322 790 3366 tuo
816 3310 1034 3366 claritas
1061 3308 1351 3377 Majestz‘itis
1375 3314 1481 3360 tua:
1512 3305 1787 3376 fulgéscat,
1820 3314 1874 3359 et

285 3407 585 3460 sanctimis
613 3407 787 3459 lumen
821 3402 1107 3474 appareat,
1140 3412 1194 3455 ut
1228 3400 1374 3470 plebs
1405 3401 1539 3464 haec,
1573 3399 1625 3453 in
1656 3409 1745 3452 tuo
1772 3397 1875 3451 ιιό-

296 3500 443 3551 mine
461 3498 792 3561 consecrent,
819 3497 920 3551 hoc
942 3496 1127 3550 habent
1148 3492 1348 3566 jugitér
1370 3494 1420 3548 in
1444 3492 1872 3557 conversatione,

293 3587 438 3657 quod
468 3589 576 3642 lucc
604 3588 862 3642 festivitas
886 3586 1185 3656 appellatur
1207 3601 1273 3641 ex
1300 3586 1538 3641 nomine.
1581 3584 1615 3651 ιῆ
1637 3623 1652 3638 .
1682 3587 1875 3639 Amen.

359 3678 465 3734 Per
489 3678 907 3735 misericordiam
938 3689 1100 3733 luam.

358 3772 673 3839 Antiphone.
706 3772 844 3826 Ecce
869 3769 1001 3825 odor
1026 3768 1115 3823 lilii
1147 3767 1249 3822 mei
1272 3768 1409 3822 sicut
1424 3767 1558 3823 odor
1576 3767 1689 3839 agri
1704 3766 1873 3839 pleni,

282 3861 370 3919 cui
401 3860 672 3917 benedixit
699 3860 979 3916 deinus.
1012 3860 1109 3915 Det
1132 3860 1223 3913 tibi
1249 3858 1387 3915 Deus
1412 3860 1479 3915 de
1504 3874 1625 3913 rore
1654 3858 1798 3923 cmli,
1820 3868 1875 3914 et

286 3954 356 4009 de
405 3952 731 4022 pinguedine
782 3963 961 4007 terrm.
994 3951 1058 4005 Ρ.
1092 3950 1161 4007 Ut
1185 3950 1423 4005 sérviant
1449 3951 1542 4007 tibi
1566 3948 1788 4016 Gentes,
1821 3960 1875 4007 et

286 4045 517 4100 adorent
548 4056 599 4101 te
625 4047 818 4101 tribus.
866 4047 895 4115 ᾗ
926 4085 940 4099 .
967 4045 1093 4100 Pete
1121 4045 1149 4098 ει
1182 4059 1287 4109 me,
1320 4055 1369 4099 et
1393 4044 1531 4099 dabo
1556 4046 1647 4099 tibi
1676 4044 1874 4102 Gentes

286 4136 644 4192 hereditatem
697 4148 861 4201 tuam,
889 4147 943 4191 et
972 4136 1367 4207 possessiénent
1402 4134 1658 4191 terminos
1689 4147 1873 4192 terrm.

286 4228 358 4284 P.
391 4230 459 4286 Ut
486 4230 717 4287 serviant
745 4230 839 4284 tibi
871 4229 1090 4297 Gentes,
1117 4238 1171 4285 et
1190 4228 1435 4284 addrent.
1480 4229 1511 4300 ᾗ
1540 4268 1555 4283 .
1585 4227 1791 4300 Gloria,
1821 4240 1875 4285 et

286 4321 479 4385 honor,
510 4330 618 4376 etc.
651 4320 719 4376 P.
755 4321 822 4377 Ut
849 4321 1107 4375 sérviant.

361 4414 563 4467 υνάιὶο.
582 4413 826 4468 Gloriose
842 4413 979 4468 Deus
994 4413 1210 4467 Pateret
1228 4410 1476 4477 Domine,
1493 4412 1576 4481 qui
1595 4411 1877 4482 Unigénito

1976 1922 2044 1979 P.
2067 1924 2303 1979 Gaudete
2326 1923 2504 1981 ltddié.

2052 2039 2251 2095 Oratio.
2302 2039 2510 2111 Fulget,
2561 2040 2812 2107 Domine,
2855 2040 3061 2097 leum
3106 2038 3327 2095 rutilum
3357 2038 3562 2095 sereni-

1980 2131 2087 2185 tate
2135 2131 2422 2200 astrdrum,
2473 2132 2749 2202 Terraque
2778 2133 2890 2201 ipsa
2930 2131 3213 2202 refulgénti
3244 2131 3448 2185 lumine
3476 2144 3563 2184 se-

1979 2221 2221 2288 reuatur,
2269 2219 2388 2290 quia
2435 2223 2694 2291 apparere
2716 2222 2965 2290 dignatus
2994 2237 3053 2277 es
3083 2219 3280 2275 mundo
3310 2220 3378 2276 de
3409 2219 3561 2274 babi-

1981 2312 2154 2367 ta'iculo
2183 2322 2368 2368 sancte
2394 2322 2504 2380 tuo;
2525 2329 2653 2369 sana
2678 2329 2806 2384 ergo
2826 2314 3009 2368 cordis
3028 2313 3197 2368 nostri
3220 2312 3561 2380 maestitiam,

1978 2405 2101 2472 quia
2149 2405 2213 2457 ad
2247 2404 2349 2459 hoc
2400 2404 2616 2470 venisti,
2650 2414 2707 2459 ut
2736 2403 2968 2459 rédimas
2993 2403 3283 2459 univérsa:
3317 2403 3559 2473 illudque

1978 2496 2174 2550 nostris
2207 2496 2378 2550 oculis
2414 2497 2591 2550 lumen
2624 2495 2879 2564 attribue,
2911 2510 3016 2565 quo
3038 2505 3092 2550 te
3123 2493 3388 2564 pttriliciiti
3416 2509 3562 2549 sem-

1978 2602 2070 2657 per
2093 2588 2393 2642 meredmur
2413 2587 2691 2657 aspicere:
2720 2598 2775 2644 ut
2796 2588 2884 2659 qui
2906 2589 3270 2658 Apparitionis
3297 2598 3401 2643 tuae
3425 2587 3561 2659 gitti?

1976 2679 2061 2733 dia
2094 2679 2393 2734 laetabunda
2417 2679 2723 2737 nuntiamus
2752 2680 2803 2736 in
2828 2677 3112 2749 Gentibus,
3142 2680 3353 2740 inﬁnita
3381 2692 3558 2741 tecum

1977 2772 2156 2827 laetitia
2182 2772 2535 2842 gaudeamus.
2580 2772 2619 2841 ιῆ
2640 2809 2658 2826 .
2686 2772 2882 2830 Amen.

2046 2864 2145 2919 Per
2176 2863 2598 2918 miseriodrdiam
2630 2872 2795 2919 tuam.

2045 2952 2361 3022 Antiphona.
2421 2951 2534 3025 Ego
2553 2970 2672 3009 sum
2696 2954 2888 3025 Alpha,
2921 2964 2975 3012 et
2998 2954 3221 3025 Oméga,
3248 2954 3476 3024 primus,
3499 2962 3557 3009 et

1978 3046 2296 3101 novissimus
2324 3063 2338 3100 :
2370 3046 2690 3115 principium
2733 3056 2788 3102 et
2814 3048 2953 3103 linis.
2988 3047 3055 3101 P.
3090 3049 3202 3117 Ego
3231 3063 3349 3103 sum
3381 3047 3559 3113 radix,

1978 3148 2031 3194 et
2052 3156 2217 3209 genus
2244 3142 2431 3210 David,
2469 3145 2622 3199 stella
2650 3143 2952 3212 splendida,
2981 3155 3034 3200 et
3056 3146 3343 3213 matutina.
3377 3144 3567 3211 Spon-

1980 3243 2091 3291 sus,
2122 3239 2175 3283 et
2201 3243 2396 3298 sponsa
2429 3230 2650 3285 dicunt:
2685 3231 2840 3286 Veni.
2876 3233 2939 3288 Et
2970 3232 3060 3302 qui
3090 3233 3226 3299 sitit,
3259 3231 3473 3287 veniat:
3503 3240 3561 3286 et

1976 3320 2205 3388 accipiat
2246 3336 2437 3390 aquam
2479 3323 2623 3388 vitm,
2665 3324 2855 3392 gratis.
2912 3325 2945 3393 ᾗ
2971 3363 2985 3377 .
3034 3325 3174 3379 Deus
3201 3325 3424 3379 dedrum
3452 3322 3562 3377 Do-

1979 3408 2157 3477 minus
2207 3411 2416 3465 locutus
2466 3422 2573 3478 est,
2611 3421 2666 3467 et
2695 3412 2901 3468 voravit
2934 3423 3155 3468 terram.
3181 3412 3248 3468 P.
3280 3415 3391 3484 Ego
3417 3427 3558 3470 sum.

1992 3501 2027 3571 ᾗ
2052 3543 2065 3555 .
2103 3502 2304 3569 Gldria,
2333 3516 2439 3559 etc.
2472 3501 2541 3560 P.
2574 3505 2683 3574 Ego
2710 3520 2827 3558 sum
2855 3505 3053 3573 Alpba,
3085 3516 3138 3559 et
3159 3505 3380 3575 Oméga.

2052 3594 2256 3651 Ονάιὶο.
2305 3596 2498 3667 Alplia,
2532 3606 2585 3651 et
2613 3597 2835 3667 Oméga,
2863 3599 3198 3668 principium.
3225 3609 3281 3654 et
3309 3600 3451 3663 llnis,
3475 3614 3565 3653 ra-

1977 3686 2089 3749 dix,
2133 3696 2187 3741 et
2232 3702 2419 3756 genus,
2471 3687 2627 3755 lilius,
2673 3687 3038 3757 Dominusque
3081 3690 3267 3758 David,
3311 3690 3561 3744 Christus

1981 3780 2118 3834 Deus
2149 3787 2203 3834 et
2230 3779 2416 3848 homo,
2451 3796 2544 3849 per
2566 3796 2722 3850 quem
2752 3783 2937 3852 utique
2965 3791 3044 3838 est
3071 3782 3181 3847 ille,
3210 3798 3278 3838 ex
3308 3798 3413 3853 quo
3442 3797 3564 3839 esse

1976 3871 2222 3940 dignatus
2249 3886 2338 3937 es;
2366 3881 2484 3939 esto
2515 3872 2668 3926 nobis
2692 3872 2972 3942 pr0pitius,
3010 3873 3137 3927 dum
3170 3888 3268 3929 nos
3297 3883 3351 3930 et
3375 3883 3432 3929 ut
3458 3876 3564 3928 Da-

1978 3963 2064 4019 vid
2090 3964 2345 4020 Déminus
2372 3964 2532 4035 regis,
2557 3974 2611 4021 et
2633 3974 2691 4020 ut
2713 3966 2932 4022 humilis
2960 3966 3272 4043 misericors
3302 3968 3559 4023 rédimis:

1978 4064 2035 4109 ut
2062 4066 2272 4124 sceptro
2306 4068 2396 4111 tuo
2424 4057 2716 4127 subjiciens
2738 4059 3081 4115 devotidnem
3120 4070 3383 4130 nostram,
3410 4062 3563 4118 solus

1978 4162 2078 4203 nos
2120 4148 2393 4218 possideas
2415 4150 2464 4205 in
2488 4150 2772 4218 :etérnum,
2802 4151 2891 4223 qui
2920 4153 3068 4208 solus
3097 4152 3269 4207 victor
3300 4152 3473 4207 factus
3501 4168 3565 4207 es

1977 4238 2326 4293 inlerntirum.
2370 4241 2405 4306 ti
2430 4279 2445 4295 .
2475 4244 2667 4295 Amen.
2964 4228 2965 4231 η
3406 4226 3413 4233 ’

2051 4330 2117 4385 Ει
2141 4330 2422 4399 pérmanes
2453 4332 2595 4388 Deus
2621 4333 2933 4389 benedictus
2953 4333 3009 4390 in
3041 4333 3219 4389 Omnia
3249 4334 3442 4389 saecula
3464 4348 3565 4389 sa:-

1976 4422 2237 4476 euldrutn.
2287 4424 2321 4491 Ii}
2345 4463 2360 4478 .
2393 4427 2584 4479 Amen.

284 4516 339 4559 et
355 4505 626 4560 comtérno
650 4504 759 4560 filio
775 4516 861 4561 tuo
874 4506 1074 4561 servire
1088 4504 1585 4562 Gentesetadorare
1601 4507 1870 4561 tribusde-

2054 4513 2311 4571 Détuinus
2334 4516 2430 4577 sit.
2469 4517 2507 4585 ἡ
2528 4559 2540 4573 .
2574 4518 2637 4573 Ει
2665 4533 2805 4575 cum.

283 4593 441 4649 disti:
468 4594 759 4664 poscimus,
787 4604 871 4649 tua
890 4595 988 4665 ipsi
1017 4596 1287 4665 posséssio
1304 4598 1490 4659 simus;
1512 4606 1562 4650 ut
1582 4597 1648 4649 ab
1660 4596 1879 4666 ejuslilii

286 4687 364 4740 tui
394 4702 498 4741 non
527 4686 801 4743 deviémus
827 4687 1128 4756 prmcéptis,
1165 4699 1219 4741 ut
1251 4689 1299 4742 ei
1315 4704 1410 4741 nos
1435 4688 1657 4743 indivise
1679 4686 1878 4743 conné-

285 4790 664 4850 ctes,quemex
683 4789 734 4835 te
750 4780 982 4850 genitum
996 4778 1227 4849 gloriésé
1248 4779 1578 4849 pronuntias.
1614 4780 1649 4845 ri}
1688 4782 1879 4835 Amen.

361 4870 495 4936 Quia
538 4882 716 4925 tecum
765 4886 975 4925 summe
1026 4872 1183 4926 Pater
1230 4880 1423 4925 etcum
1452 4870 1655 4940 Spiritu
1685 4870 1883 4927 Sancto

289 4979 430 5018 unus
458 4972 541 5019 est
575 4964 714 5020 Dens
745 4964 795 5017 in
829 4966 1023 5019 sarcula
1056 4964 1399 5019 smcult’u‘um.

366 5056 623 5111 Dominus
650 5057 739 5111 sit.
790 5058 827 5123 ti
853 5097 865 5112 .
894 5057 955 5111 Et
984 5071 1126 5110 cum.

366 5147 679 5218 Antiphone.
736 5148 880 5202 Dixit
907 5147 1119 5202 auditor
1166 5145 1473 5201 sermdnum
1518 5142 1752 5211 Dtimini,
1786 5143 1877 5213 qui

285 5238 553 5293 visionem
580 5238 974 5308 Omnipoténtis
1007 5238 1228 5292 intuitus
1257 5247 1359 5292 eSt.
1396 5234 1461 5288 Ρ.
1498 5235 1700 5290 Videbo
1729 5252 1876 5305 eum,

288 5328 390 5382 sed
422 5344 526 5382 non
558 5326 719 5385 modo
751 5345 765 5381 :
796 5328 1045 5383 intuebor
1066 5328 1234 5390 illum,
1259 5326 1351 5381 sed
1385 5340 1487 5380 non
1513 5327 1696 5396 prope.
1722 5328 1878 5383 Oric-

291 5430 381 5472 tnr
402 5420 554 5474 stella
586 5435 649 5475 ex
681 5419 848 5474 .lacob
877 5430 928 5474 et
952 5420 1239 5490 consurget
1270 5422 1433 5473 homo
1462 5419 1529 5473 de
1556 5419 1739 5473 lsraél.
1801 5421 1833 5489 Ῡ
1862 5457 1876 5472 .

290 5509 516 5581 Magnus
558 5509 812 5564 Dominus
860 5520 1061 5576 noster,
1115 5519 1169 5564 et
1219 5524 1407 5575 magna
1432 5509 1603 5565 virtus
1632 5510 1748 5578 ejus
1780 5527 1792 5562 :
1828 5519 1883 5565 et

288 5601 570 5670 sapientia:
593 5603 710 5672 ejus
739 5620 842 5657 non
868 5614 949 5658 est
979 5605 1254 5657 numerus.
1288 5599 1354 5657 Ρ.
1392 5600 1596 5657 Vidé‘ao
1624 5618 1766 5657 cum.
1803 5604 1837 5670 ᾖ
1864 5642 1877 5660 .

287 5694 498 5759 (ἲιότὶιι,
529 5704 585 5749 et
616 5696 809 5760 lionor,
843 5706 948 5749 etc.
985 5693 1051 5748 Ρ.
1088 5693 1314 5749 Videbo.

369 5788 571 5843 (Initio.
603 5788 682 5845 Tu
704 5804 785 5857 es,
816 5787 1060 5860 Domine,
1083 5788 1235 5844 stella
1250 5787 1487 5844 veritatis
1505 5788 1681 5848 Oriens
1703 5807 1765 5847 ex
1795 5792 1881 5847 .la-

2582 4609 2650 4664 ln
2673 4611 2955 4667 Ldudibus.

2051 4700 2131 4754 Ad
2179 4700 2469 4756 Cdnticum.
2517 4703 2830 4773 Antiphone.
2888 4704 3209 4763 Benedictus
3253 4721 3313 4764 es
3342 4707 3567 4765 Domine

1983 4794 2121 4849 Deus
2173 4794 2357 4862 lsraél,
2403 4797 2526 4867 quia
2547 4797 2776 4854 visitasti
2808 4814 2926 4869 nos,
2957 4812 3011 4855 et
3043 4800 3212 4857 fecisti
3239 4802 3563 4876 redemptio-

1982 4900 2104 4942 nem
2129 4887 2299 4957 plebis
2326 4896 2449 4943 tute.

2357 5004 2627 5060 Cdnticum
2656 5005 2928 5063 lac/toria
2958 5008 3114 5079 (Cap.
3138 5008 3207 5079 t)._

2054 5100 2119 5155 Et
2139 5099 2312 5157 erexit
2362 5115 2533 5187 cornu
2578 5102 2768 5160 salutis
2818 5104 2994 5173 nobis,
3045 5106 3077 5141 “
3114 5105 3170 5160 in
3213 5105 3374 5162 domo
3396 5104 3579 5159 Βινίώ

1984 5193 2135 5263 puéri
2161 5194 2271 5248 sui.

2053 5309 2200 5365 Sicut
2232 5310 2441 5365 locutus
2469 5319 2555 5366 est
2583 5327 2677 5380 per
2698 5326 2760 5367 os
2798 5313 3129 5379 sanctorum,
3154 5312 3178 5334 ⁶
3201 5312 3290 5382 qui
3311 5312 3342 5366 a
3364 5312 3577 5370 sarculo

1984 5410 2128 5468 sunt,
2164 5402 2537 5471 prophetarum
2568 5401 2685 5472 ejus
2712 5420 2727 5457 :

2055 5514 2291 5570 Salutem
2318 5529 2382 5568 ex
2414 5512 2643 5570 inimicis
2672 5516 2893 5583 nostris,
2924 5518 2944 5539 ‘
2965 5525 3018 5573 et
3043 5516 3107 5572 de
3134 5530 3293 5574 manu
3323 5517 3567 5576 omnium

1985 5606 2109 5661 odio
2131 5607 2218 5675 qui
2247 5606 2473 5661 oderunt
2502 5622 2597 5661 nos
2630 5625 2641 5660 :

2060 5700 2136 5755 Ad
2180 5699 2477 5755 faciendam
2531 5698 2949 5755 misericordiam
3004 5717 3123 5758 cum
3178 5705 3417 5774 patribus
3472 5723 3573 5763 no.

1986 5794 2148 5849 stris:
2182 5792 2201 5815 θ
2230 5801 2280 5850 et
2310 5791 2594 5848 memorari
2628 5790 2930 5847 testamenti
2963 5796 3041 5851 sui
3072 5800 3263 5853 san-:ti.
