4006 6380
454 342 554 399 18ἷ

1655 326 2084 389 Βιιενιληιυδι
2124 325 2500 387 COTlllCUM.

3629 335 3741 395 £88

521 453 833 510 Benedictio.
861 452 1152 507 Flammam
1175 447 1556 507 benedictionis
1581 447 1843 502 cmldrutu
1873 458 2033 514 super
2062 447 2108 501 Δ
2138 442 2319 511 (quem
2351 443 2381 496 ξι
2411 453 2463 498 te
2508 442 2904 514 magniﬁcl‘tlum
2946 445 3313 517 agnoscimus)
3344 456 3584 503 nostrum
3611 464 3743 505 esse

449 564 546 605 vos
580 546 834 602 Dumiuus
874 547 1136 617 benignus
1163 543 1425 608 infundat,
1454 550 1509 597 et
1551 539 1791 595 Trinitas
1833 537 2043 604 insepa-

452 641 638 700 ra'tbiiis
676 641 705 696 ὁ
736 642 887 697 vobis
933 658 1206 711 nunquam
1248 639 1485 696 recedat.
1531 638 1567 707 ti)
1594 678 1607 691 .
1660 636 1851 691 Amen.
1902 631 2045 688 Bella

450 733 887 790 adversariOrum
926 733 1228 793 vestrorum
1281 731 1489 787 adterat
1516 770 1530 795 ,
1572 739 1628 784 et
1668 727 1809 781 acies
1859 725 2046 778 eurum

453 822 600 894 ignis
628 821 866 877 celestis
910 826 1211 879 consumat.
1275 821 1350 889 ιῆ.
1392 820 1585 875 Amen.
1638 816 1948 872 Domiuetur
1995 815 2047 868 in

462 913 619 967 vobis
644 913 878 967 charitas
904 912 1192 980 individua,
1218 921 1271 967 et
1297 910 1579 967 conservet
1605 922 1696 962 vos
1722 904 2048 975 sempiterna

462 1002 740 1071 mnjéstas.
783 1004 819 1071 ιῆ
841 1042 857 1058 .
888 1006 1079 1061 Amen.

532 1095 637 1151 Per
666 1094 1089 1149 misericurdiam
1122 1094 1314 1164 ipsius.

531 1186 736 1242 Lauda.
798 1188 1121 1255 nouitatem,
1164 1197 1217 1243 et
1274 1185 1634 1253 disciplinam,
1666 1192 1719 1237 et
1774 1178 2052 1236 scientiam

461 1281 599 1337 duce
626 1297 730 1345 me,
758 1281 898 1345 Deus
930 1300 941 1334 :
974 1280 1224 1336 Alleluia.
1258 1279 1324 1332 P.
1355 1278 1486 1345 Quia
1518 1273 1781 1331 mandutis
1812 1273 1914 1326 luis
1938 1270 2056 1325 ενό-

459 1372 594 1431 didi.
624 1374 875 1439 Alleluia,
932 1373 1167 1438 alleluia,
1221 1370 1451 1425 alleluia.
1518 1368 1593 1438 ᾖ.
1645 1362 1887 1437 Cogitavi
1942 1362 2056 1415 vias

463 1480 613 1519 meas
645 1482 656 1517 :
691 1472 746 1518 et
772 1462 1009 1520 convérti
1044 1462 1204 1532 pedes
1234 1475 1381 1516 meos
1418 1462 1470 1514 in
1502 1456 1809 1513 testimunia
1842 1465 1953 1514 tua.
1986 1451 2054 1511 Ρ,

461 1556 596 1622 Quia
629 1554 914 1610 mandutis.
976 1555 1010 1625 ᾖ
1035 1595 1048 1608 .
1083 1552 1286 1619 Gluria,
1334 1559 1389 1608 et
1435 1551 1628 1618 honor,
1675 1559 1781 1605 etc.
1821 1544 1887 1601 Ρ.
1919 1544 2055 1612 Quia

465 1646 759 1704 mandutis.

544 1740 748 1794 Ordtio.
782 1737 1005 1791 numine
1041 1736 1167 1793 .lesu
1200 1736 1431 1803 Christe,
1462 1735 1549 1803 qui
1574 1732 1855 1790 credentes
1894 1727 1947 1783 in
1981 1734 2051 1782 te.

466 1829 687 1900 Require
716 1832 765 1883 in
796 1828 1065 1883 Malutt’nis
1094 1828 1243 1882 istius
1272 1829 1548 1884 Dominioi.
1579 1828 1674 1897 fol.
1706 1826 1759 1880 5.

534 1921 602 1973 In
629 1921 883 1990 principio
917 1920 1164 1973 Μαιωίηὶ
1198 1920 1419 1972 dicimus
1466 1936 1556 1988 per
1584 1919 1691 1971 dies
1740 1919 2059 1985 Dominicos,

464 2012 657 2072 scilicet
689 2026 709 2066 :
740 2011 1003 2081 Hymnus.
1037 2010 1262 2066 [Etérne
1288 2026 1467 2066 rerum
1492 2010 1773 2066 conditor.

539 2104 742 2159 Oratio.
776 2103 1055 2159 Etérnnm
1088 2113 1142 2159 te
1176 2105 1473 2163 auctérem.
1507 2104 1689 2170 Quwre
1712 2104 1809 2175 fol.
1839 2106 1894 2159 5.

539 2194 861 2263 Antiphone.
885 2193 1112 2247 Dumine
1143 2194 1266 2263 quid
1307 2194 1641 2265 multiplicuti
1673 2206 1799 2250 sunt
1827 2198 1916 2265 qui
1963 2197 2062 2251 tri-

469 2282 655 2338 bulant
703 2285 826 2338 me?
856 2283 937 2338 Tu
961 2295 1157 2352 autem,
1192 2283 1433 2350 Dumine,
1458 2289 1739 2356 susceptor
1783 2304 1935 2343 meus
1981 2302 2061 2342 es.

474 2374 719 2431 Psalmns
751 2392 827 2431 Itt.

546 2468 863 2537 Antiplwna.
897 2468 1036 2523 Lava
1066 2483 1153 2524 me
1192 2468 1259 2524 ab
1298 2469 1554 2538 iniustitia
1583 2485 1700 2525 mea
1737 2487 1751 2525 :
1784 2480 1837 2526 et
1881 2471 1911 2525 it
1943 2486 2070 2541 pec.

474 2558 601 2617 cuto
633 2574 753 2613 meo
781 2560 977 2614 munda
1007 2575 1112 2626 me,
1140 2560 1385 2617 Domine.
1420 2560 1663 2616 Psaimus
1696 2578 1745 2624 ι..

548 2650 844 2718 Auliphona
892 2652 945 2706 5.
992 2651 1046 2705 1η
1098 2662 1149 2706 te
1200 2652 1419 2708 conlidit
1466 2654 1644 2708 anima
1695 2668 1855 2721 mea,
1902 2653 2070 2711 libera

436 2792 445 2807 ι
474 2756 583 2805 me,
611 2740 861 2796 Domine.
899 2740 1141 2796 Psalmus
1171 2758 1281 2798 Ut.

547 2835 864 2906 Antiphona.
914 2835 1138 2891 Dumine
1168 2836 1293 2905 quid
1323 2836 1656 2904 multiplicati
1686 2845 1813 2892 sunt
1854 2837 1943 2908 qui
1976 2838 2076 2893 tria

475 2928 659 2984 bulam
701 2929 823 2983 mei
857 2926 937 2982 Tu
981 2937 1179 2993 autem,
1207 2927 1452 2994 Dumine,
1484 2929 1763 2999 suscéptor
1807 2945 1957 2985 meus
1986 2932 2065 2992 es;

492 3022 525 3089 it
552 3060 565 3073 .
599 3019 801 3089 Cluria,
825 3029 880 3075 et
903 3023 1073 3075 honor
1100 3021 1267 3087 Patri,
1291 3034 1344 3077 et
1366 3022 1522 3085 Filio.
1543 3032 1599 3078 et
1618 3023 1833 3094 Spiritui
1851 3024 2068 3082 Sancto.

548 3111 866 3180 Antiphone.
902 3110 1040 3166 Lava
1079 3127 1163 3166 me
1191 3113 1257 3167 ab
1284 3113 1540 3183 injustitia
1574 3130 1688 3169 mea
1721 3126 1812 3169 :et
1859 3115 1887 3169 it
1936 3132 2062 3186 pec-

473 3203 598 3259 cato
622 3218 743 3259 meo
766 3205 957 3259 munda
987 3222 1091 3272 me,
1128 3205 1370 3263 Domine.
1416 3208 1449 3277 ir
1477 3249 1491 3262 .
1521 3208 1669 3265 Sicut
1694 3219 1809 3265 erat
1838 3210 1889 3263 in
1922 3211 2064 3280 prin-

475 3294 641 3365 cipio,
672 3308 726 3351 et
754 3313 919 3363 nunc,
946 3306 1000 3352 et
1021 3312 1255 3367 semper.

547 3386 867 3453 Antiphona.
901 3388 955 3442 In
1005 3398 1056 3444 te
1086 3388 1306 3444 conlidit
1337 3387 1515 3444 anima
1549 3406 1667 3446 mea
1700 3410 1711 3445 :
1745 3392 1917 3455 libera
1957 3408 2067 3460 me,

476 3477 727 3544 Dumine.
755 3479 822 3533 P.
859 3479 925 3533 Et
953 3479 1005 3534 in
1047 3484 1244 3536 sarcula
1276 3486 1623 3540 sa‘culorum.
1661 3487 1854 3541 Amen.

555 3568 763 3625 Onitio.
839 3569 1064 3627 Domine
1118 3571 1245 3628 Jesu
1298 3573 1509 3631 Christe
1545 3619 1560 3645 ,
1614 3576 1706 3646 qui
1764 3577 2069 3634 credentes.

482 3662 664 3729 Quiete
691 3664 785 3732 fol.
817 3662 874 3717 5.

551 3756 848 3822 ΛηιίρΙιοηα
882 3756 931 3808 l.
966 3754 1178 3811 Servlte
1218 3755 1446 3811 ι)ύωίηο
1477 3759 1528 3813 in
1571 3759 1762 3821 timore
1796 3778 1809 3815 :
1838 3768 1892 3816 et
1920 3762 2074 3817 exul-

482 3846 592 3899 tate
626 3845 677 3898 ei
716 3860 837 3899 cum
872 3847 1131 3901 tremere.
1174 3848 1573 3916 Apprehéndite
1611 3850 1969 3921 disciplinam.
2003 3852 2073 3916 β.

490 3924 788 4005 Νειιυέιηόὸ
817 3935 1078 3991 irascittur
1101 3937 1381 4003 Duminus,
1406 3948 1461 3994 et
1491 3941 1723 4009 pereatis
1746 3944 1773 3995 it
1800 3945 1879 3995 via
1906 3942 2073 4012 justa.

499 4027 783 4099 ᾕρηωό
836 4029 1169 4085 fremuerunt
1221 4030 1442 4097 Gentes,
1493 4042 1548 4087 et
1598 4033 1777 4103 pupuli
1834 4036 2077 4091 meditati

485 4130 611 4174 sunt
659 4120 876 4175 inania?
924 4119 992 4174 Ρ.
1050 4120 1367 4192 Nequandu.
1425 4123 1496 4192 ᾖ.
1530 4123 1736 4191 Gluria,
1785 4134 1837 4180 et
1883 4128 2073 4193 honor,

486 4220 593 4266 etc.
629 4209 695 4265 Ρ.
727 4210 1040 4280 Nequundo.

558 4302 761 4358 Orcitio.
791 4303 1097 4360 Serviéntes
1139 4304 1253 4369 lilii,
1289 4302 1534 4372 Dumine,
1569 4307 1619 4361 in
1654 4306 1884 4373 timore,
1920 4308 2078 4364 disci.

485 4395 631 4466 plina
654 4406 739 4451 tua
763 4412 860 4452 nos
885 4398 1182 4453 erudiendo
1206 4399 1471 4467 possideat
1501 4417 1515 4466 ;
1545 4410 1598 4454 et
1630 4401 1935 4457 exultantes
1957 4419 2080 4458 cum

487 4498 722 4544 tremore
764 4490 1068 4558 iucunditas
1099 4492 1336 4548 modesta
1366 4493 1624 4547 sustullat
1652 4510 1667 4552 ;
1701 4510 1798 4549 nec
1831 4512 1928 4550 nos
1961 4497 2077 4549 etil-

490 4581 697 4634 ciamur
724 4580 754 4633 a
784 4583 865 4634 via
892 4583 1032 4650 justa
1062 4584 1364 4639 recedéndo
1388 4584 1577 4654 pérditi
1604 4602 1618 4651 ;
1652 4588 1743 4642 sed
1784 4588 1836 4643 itt
1872 4598 1923 4643 te
1954 4604 2081 4645 con-

488 4671 701 4732 tidéudo
726 4674 1031 4728 mereéntur
1058 4690 1178 4732 esse
1215 4676 1380 4731 beitti.
1424 4678 1459 4746 ti)
1486 4717 1500 4731 .
1530 4679 1722 4735 Amen.

564 4764 667 4818 Per
692 4765 1136 4821 misericordiam.

562 4854 858 4921 Antiphone
884 4856 941 4909 2.
996 4856 1050 4910 In
1096 4857 1441 4915 tribulatione
1487 4870 1688 4930 nostra,
1735 4865 1900 4932 Deus,
1947 4866 2083 4921 dila-

493 4945 618 4999 tasti
670 4960 787 4999 nos.
823 4945 891 5001 P.
936 4946 1190 5004 Miserere
1238 4953 1421 5018 nobis,
1442 4964 1496 5006 et
1542 4955 1734 5010 ext'tudi
1785 4959 2080 5015 orationem

490 5046 751 5092 nostram.
813 5039 847 5106 Ῡ
873 5077 889 5093 .
920 5039 1055 5093 Cum
1111 5042 1413 5099 invocitrem
1442 5087 1456 5110 ,
1489 5048 1749 5103 exaudisti
1802 5066 1887 5106 me
1940 5052 2083 5107 Deus

487 5126 714 5207 iustitiae
773 5143 945 5185 meae:
980 5131 1030 5184 iu
1082 5133 1425 5189 tribulatione
1472 5153 1586 5191 mea
1638 5140 1872 5194 dilatasti
1928 5143 2079 5197 tnilti.

491 5219 750 5275 Miserere
780 5222 905 5289 mei,
936 5230 992 5277 et
1027 5223 1220 5279 exaudi
1250 5228 1549 5282 orationem
1581 5246 1773 5285 meam.
1808 5231 1875 5286 Ρ.
1927 5234 2084 5290 Mise-

493 5309 615 5366 rere
645 5311 818 5378 nobis,
845 5323 901 5369 et
936 5313 1151 5372 exaudi.
1196 5318 1230 5388 ᾗ
1255 5357 1271 5373 .
1318 5318 1525 5385 Gléria,
1570 5329 1622 5375 et
1654 5321 1845 5391 honor,
1871 5335 1978 5381 etc.
2015 5325 2081 5383 P.

493 5399 749 5459 Miserere
774 5407 948 5461 nobis.

569 5494 769 5553 omne.
804 5498 1054 5565 Domine,
1085 5502 1175 5571 qui
1204 5518 1417 5573 semper
1448 5506 1823 5562 invocantibus
1853 5510 2001 5577 ades,
2033 5521 2086 5567 et

495 5583 550 5644 in
597 5586 940 5645 tribulatidne
989 5593 1296 5648 constitutis
1344 5610 1501 5664 opem
1553 5598 1690 5654 ferre
1723 5601 1831 5672 93
1875 5603 2086 5658 miseri-

497 5674 698 5737 curdize
727 5680 1013 5737 delectaris
1044 5702 1056 5736 :
1088 5682 1249 5751 dona,
1294 5697 1354 5740 ut
1395 5688 1636 5745 odiéntes
1663 5695 1843 5749 seaculi
1886 5695 2087 5748 vanita-

503 5777 611 5831 tem
699 5770 1092 5847 rcfntantésqtte
1139 5778 1513 5851 mendacium,
1561 5783 1833 5843 Cltri-tum
1895 5795 2085 5859 tuum,

2092 3165 2138 3232 C

2147 549 2415 588 summum
2476 536 2842 605 aeternumque
2894 537 3173 607 pratutium
3220 538 3570 608 gaudei‘tmus.

2149 630 2342 683 Amen.

2224 721 2325 775 Per
2358 720 2808 775 misericurdiam.

2223 816 2518 884 Antiphone
2566 816 2619 868 5.
2668 812 3001 875 Convertere
3044 816 3291 880 Dumine.
3338 817 3486 889 éripe
3533 818 3752 875 animas

2153 916 2362 960 nn~tras
2390 924 2402 957 :
2431 906 2611 960 salvos
2638 922 2732 960 nos
2757 908 2839 960 lac
2868 918 3089 978 propter
3114 908 3540 965 misericurdiam
3570 920 3748 965 tuam.

2153 995 2222 1051 Ρ.
2260 997 2390 1065 Quia
2425 1012 2530 1051 non
2573 1008 2655 1051 est
2711 996 2763 1051 itt
2794 1009 2968 1054 morte
3014 1001 3105 1070 qui
3152 1016 3360 1056 memor
3406 1004 3479 1057 sit
3520 1004 3618 1058 tui.
3660 1005 3698 1071 i
3725 1042 3744 1058 .

2156 1088 2400 1152 Dumine,
2435 1104 2499 1143 ne
2530 1088 2581 1142 iu
2614 1090 2689 1142 ira
2735 1098 2823 1143 tua
2857 1089 3051 1160 arguas
3097 1108 3204 1157 me,
3243 1108 3418 1162 neque
3464 1096 3516 1148 in
3561 1094 3750 1151 l'urOre

2156 1189 2247 1233 tuo
2271 1178 2529 1248 corripias
2554 1194 2659 1233 me.
2689 1177 2756 1234 Ρ.
2786 1181 2918 1247 Quia
2949 1196 3053 1236 non
3083 1192 3187 1238 est.
3234 1184 3268 1253 ᾗ
3293 1223 3308 1239 .
3333 1184 3538 1252 Gluria,
3568 1196 3623 1241 et
3644 1188 3752 1242 h0-

2157 1286 2279 1337 nor,
2312 1281 2415 1327 elc.
2446 1269 2513 1326 Ρ.
2538 1271 2671 1336 Quia
2697 1288 2802 1326 non
2829 1283 2932 1328 est.
3141 1324 3173 1360 ο

2232 1365 2436 1419 Oratio.
2474 1364 2699 1420 Dumine
2727 1381 2903 1435 neque
2934 1365 2987 1421 in
3022 1367 3097 1421 ira
3134 1376 3220 1421 tua
3251 1385 3350 1425 nos
3380 1368 3605 1439 urguas;
3649 1386 3754 1427 ne-

2157 1473 2261 1526 que
2288 1456 2340 1511 in
2380 1465 2472 1510 tuo
2520 1471 2619 1511 nos
2651 1456 2832 1511 lurdre
2871 1457 3132 1526 corripias
3158 1461 3289 1514 :sed
3343 1460 3411 1514 ah
3457 1461 3753 1530 asperitate

2159 1548 2399 1603 verberis
2428 1564 2568 1619 unge
2599 1564 2701 1603 nos
2726 1548 3011 1603 clementia
3042 1548 3276 1605 lenitatis
3306 1567 3321 1607 :
3346 1560 3403 1607 ut
3431 1567 3535 1607 non
3569 1554 3754 1621 perdi-

2160 1642 2357 1695 tiunem
2398 1655 2590 1709 poena;
2642 1640 2735 1695 sed
2784 1641 3142 1697 eruditidnem
3187 1643 3343 1699 nobis
3389 1656 3476 1700 tua
3505 1643 3755 1701 cupierat

2160 1734 2467 1802 disciplina.
2512 1733 2547 1801 ἡ
2572 1770 2587 1786 .
2619 1732 2813 1788 Amen.

3656 543 3742 611 .3.

2083 1809 2131 1869 Β
2234 1826 2337 1882 Per
2367 1826 2814 1881 misericurdiam.

2250 1919 2284 1985 ιῆ
2309 1956 2325 1973 .
2354 1918 2780 1977 Abundavérunt
2812 1917 3121 1987 iniquitutes
3151 1929 3347 1974 nostra:
3376 1935 3537 1992 super
3563 1922 3754 1977 nume-

2163 2024 2280 2064 rum
2324 2008 2503 2064 are'nzn
2549 2010 2733 2063 maris.
2764 2007 2831 2062 P.
2876 2008 2941 2063 Et
2990 2025 3130 2064 nunc
3156 2009 3300 2079 justé
3341 2012 3757 2080 comprimimur

2164 2104 2229 2157 ad
2263 2119 2361 2157 nos
2396 2101 2706 2169 erigendum
2739 2112 2898 2170 caput
2937 2113 3179 2157 nostrum
3207 2121 3221 2157 :
3246 2104 3608 2174 peccuvimue,
3638 2105 3756 2159 Do-

2168 2196 2328 2259 mine,
2366 2194 2724 2264 peccuvimus.
2772 2195 2806 2264 ᾗ
2833 2234 2848 2248 .
2874 2194 3222 2249 Peeruvirnus
3243 2211 3362 2249 cum
3389 2194 3630 2263 patrihus
3656 2213 3756 2249 un-

2166 2286 2341 2341 stris:
2378 2284 2574 2355 injuste
2622 2280 2850 2356 egimus,
2904 2285 3215 2354 iniquitates
3258 2284 3506 2340 fecimus.
3564 2286 3631 2341 P.
3689 2290 3757 2341 lit

2168 2392 2311 2435 nunc
2334 2375 2497 2447 justé.
2547 2377 2577 2446 ᾖ
2605 2415 2619 2430 .
2652 2375 2857 2439 Gléria,
2892 2384 2947 2429 et
2976 2373 3168 2442 honor,
3192 2382 3296 2429 etc.
3327 2372 3395 2427 P.
3427 2375 3491 2429 Et
3521 2391 3683 2431 nunc.

2767 2490 2834 2547 In
2878 2490 3162 2546 Laudibus.

2241 2565 2321 2619 Ad
2343 2563 2635 2627 Cdnticum.
2666 2563 2983 2633 Antiphone.
3023 2561 3152 2617 Date
3202 2561 3623 2632 magnitudinem
3654 2562 3761 2617 uo.

2171 2656 2340 2712 mino.

2243 2748 2529 2803 Gunticum.
2554 2746 2788 2803 Attende
2817 2746 3048 2803 Caelum.
3088 2745 3273 2813 Quaero
3296 2746 3392 2814 fol.
3424 2745 3482 2801 ι.

2247 2842 2449 2896 (Initio.
2497 2840 2813 2908 Descéndat,
2846 2838 3098 2906 Démioe,
3155 2848 3211 2893 ut
3253 2840 3433 2908 pluvia
3481 2839 3760 2910 eluquium

2175 2939 2360 2997 tuum;
2393 2939 2449 2984 et
2477 2930 2615 2985 sicut
2660 2944 2773 2998 ros,
2808 2929 2970 2986 verba
3013 2938 3099 2984 tua
3147 2944 3309 2997 super
3335 2944 3434 2984 nos
3481 2930 3763 2985 effundim-

2177 3031 2299 3075 tur:
2334 3031 2414 3089 ut,
2443 3020 2672 3077 ubertim
2706 3023 2795 3075 tua
2838 3022 3184 3077 miseratidne
3214 3022 3391 3095 riguti,
3427 3022 3520 3076 tibi
3556 3025 3761 3093 magni-

2176 3115 2417 3169 tudinem
2466 3114 2675 3179 demus,
2723 3113 2878 3182 cujus
2935 3113 3100 3181 Opera
3130 3115 3267 3168 bona
3317 3128 3438 3170 esse
3479 3113 3766 3185 coguésci-

2170 3223 2289 3271 mus
2319 3226 2332 3261 :
2364 3222 2556 3266 omnes
2599 3206 2695 3262 vim
2732 3216 2861 3273 ture,
2888 3206 3129 3276 judicia;
3173 3218 3229 3264 et
3277 3208 3532 3278 iniquitas
3580 3208 3763 3277 procul

2170 3307 2253 3353 est
2276 3297 2308 3351 ὲ
2336 3296 2663 3352 reatitudine
2693 3305 2782 3351 tua
2810 3314 2824 3351 :
2852 3295 3080 3368 proinde
3125 3312 3244 3364 nos,
3273 3299 3362 3367 qui
3401 3298 3670 3367 proclives
3696 3299 3764 3353 ad

2173 3390 2371 3444 tualum
2405 3404 2611 3454 sumus,
2660 3387 2692 3443 is
2742 3398 2827 3443 tua
2859 3388 3271 3460 gubernatiéne,
3313 3389 3477 3445 etiam
3531 3406 3656 3445 cum
3690 3392 3767 3445 tul

2173 3481 2562 3549 ultliviscimur,
2615 3495 2721 3534 non
2749 3479 3168 3536 deiraudémur:
3203 3488 3260 3535 ut
3298 3491 3353 3537 et
3401 3482 3447 3536 si
3492 3481 3768 3537 serviliter

2177 3571 2411 3634 latinore
2455 3572 2812 3638 sciscitamur,
2851 3571 3071 3627 lenitate
3120 3571 3344 3644 paterna
3388 3571 3419 3627 it
3462 3582 3515 3628 te
3563 3571 3765 3643 corrigi

2174 3665 2488 3721 sentiamus.
2532 3664 2567 3731 [ἢ
2590 3704 2603 3717 .
2639 3668 2837 3719 Amen.

2248 3755 2353 3808 Per
2391 3753 2843 3808 misericurdiam.

2248 3845 2330 3898 Ad
2355 3843 2679 3900 Benedictus.
2711 3845 3023 3917 Antiphona.
3052 3845 3394 3909 Benedictus,
3418 3861 3478 3903 es
3515 3847 3680 3913 Deus,
3711 3854 3771 3903 et

2178 3935 2515 3991 benedictum
2546 3952 2737 3991 nomen
2761 3936 2948 4007 gloriae
2980 3946 3104 3992 tum.
3140 3938 3449 3994 Benedicite
3482 3940 3767 3995 Dominum

2179 4043 2366 4082 omnes
2403 4026 2559 4082 electi
2600 4029 2750 4094 eius:
2778 4027 2847 4082 sit
2877 4043 3072 4083 nomen
3112 4037 3355 4084 sanctum
3394 4031 3560 4101 ipsius
3600 4030 3773 4086 bene-

2179 4119 2380 4175 dictum
2421 4120 2474 4174 in
2498 4120 2675 4174 dumia
2702 4120 2897 4174 saecula
2924 4122 3264 4176 saeculorum.

2251 4210 2537 4265 Cdnticum.
2572 4209 2893 4265 Benedictus
2920 4226 2980 4265 es
3011 4210 3261 4267 Demitte.
3304 4211 3488 4278 Quare
3509 4212 3606 4282 fol.
3636 4211 3694 4267 6.

2258 4302 2458 4356 Urdtio.
2495 4301 2720 4356 Dumiue
2751 4302 2897 4357 Deus
2930 4312 3141 4371 patrum
3193 4305 3537 4370 nostrdrum;
3582 4304 3772 4359 lauda-

2184 4394 2304 4451 bilis
2332 4394 2474 4448 enim
2521 4401 2576 4448 et
2604 4395 3036 4464 superexaltatus
3060 4394 3118 4448 in
3158 4397 3355 4451 saecula
3384 4406 3439 4451 tu
3482 4412 3574 4452 es:
3602 4397 3777 4453 Recte

2187 4502 2315 4556 ergo
2346 4496 2448 4542 tua:
2475 4486 2663 4555 gluria:
2703 4502 2899 4543 nomen
2933 4487 3280 4547 benedicétur
3309 4487 3360 4541 in
3387 4488 3648 4543 retérnum
3672 4508 3687 4556 ;
3716 4498 3777 4545 et

2187 4582 2267 4635 Vel
2303 4580 2357 4637 in
2407 4580 2614 4650 utaguis
2655 4580 2735 4635 vel
2776 4577 2829 4633 iu
2880 4578 3105 4633 mudicis
3132 4588 3189 4633 tu
3235 4582 3469 4647 creator,
3504 4591 3556 4634 tu
3588 4579 3776 4649 opifex

2105 4746 2109 4750 _
2182 4668 2613 4739 sapientissimus
2651 4669 2975 4725 declamaris
3000 4669 3158 4732 :lidco
3201 4685 3548 4741 quzesumus;
3586 4681 3643 4725 ut
3680 4675 3775 4741 qui

2187 4769 2237 4819 te
2262 4759 2468 4813 orando
2500 4775 2595 4828 pro
2626 4759 2985 4821 universitatis
3013 4759 3325 4815 conditidne
3355 4760 3638 4815 Dominum
3668 4762 3769 4817 be-

2185 4854 2509 4919 nedicimus,
2553 4855 2850 4911 benedicta:
2880 4854 3179 4911 sattctiutis
3220 4856 3582 4912 illustratiéne
3625 4858 3777 4912 lmté-

2185 4966 2324 5012 mur.
2372 4950 2408 5011 ἢ
2431 4987 2445 5003 .
2478 4954 2671 5004 Amen.

2260 5042 2358 5095 l’er
2388 5040 2831 5096 misericérdiam.

2258 5132 2416 5189 Sono.
2447 5132 2619 5189 Verba
2662 5148 2779 5188 mea
2811 5133 3036 5189 auribus
3065 5134 3280 5204 pércipe
3322 5133 3575 5190 Domine.
3618 5134 3771 5190 Alle-

2187 5225 2314 5279 luia.
2360 5226 2434 5295 ᾖ.
2484 5224 2721 5297 lutéllige
2768 5227 3061 5283 clamorem
3112 5244 3290 5284 meum
3335 5243 3429 5283 rex
3484 5244 3657 5295 meus,
3710 5238 3770 5284 et

2186 5319 2328 5376 Deus
2356 5334 2526 5374 meus.
2554 5319 2816 5387 Quoniam
2842 5321 2907 5374 ad
2943 5331 2994 5377 te
3019 5323 3210 5376 oritbo.
3242 5322 3496 5377 Alleluia.
3764 5318 3769 5321 ’

2259 5414 2463 5468 Lauda.
2496 5412 2734 5467 Laudato
2766 5412 3049 5468 Dominum
3079 5414 3147 5468 de
3183 5412 3349 5470 leis
3371 5431 3386 5469 :
3410 5413 3661 5480 Alleluia,
3694 5417 3778 5468 al-

2188 5515 2369 5571 leluia.
2400 5513 2643 5568 Laudate
2682 5528 2803 5567 eum
2860 5514 2911 5567 in
2960 5511 3211 5579 excelsis,
3251 5511 3496 5579 alleluia,
3529 5511 3781 5583 alleluia,

2190 5610 2425 5664 a‘leluia.
2458 5608 2700 5663 Psalmus
2728 5624 2945 5665 cnvttt.

2260 5699 2431 5753 Léctio
2463 5700 2581 5753 libri
2612 5698 2999 5757 Prorerbidrum
3033 5701 3331 5759 Saloménis
3359 5702 3513 5775 (Cap.
3544 5702 3703 5773 xxv).

2277 5793 2350 5863 ἡ.
2380 5792 2489 5849 Deo
2516 5791 2735 5862 grutias.
