4006 6380
928 487 1136 529 ιέιιιΑ
1185 488 1509 531 εεευηιιι.

996 589 1076 641 Ad
1103 587 1442 645 Matutinum.

501 697 817 769 Antiphone.
848 699 1103 756 Miserere
1132 701 1236 757 mei
1269 703 1405 758 Deus
1440 705 1735 762 secundum
1765 723 2013 785 magnam

428 792 853 848 misericordiam
909 801 1077 850 tuam.
1141 791 1379 850 Psalinus
1421 813 1471 850 ι.
1533 795 1819 853 Reimétur
1867 802 2015 853 Anti-

430 884 622 950 phone.
654 885 926 942 Miserere.

503 977 705 1032 Oratio.
741 977 996 1034 Miserere
1021 979 1174 1035 nobis
1204 977 1428 1036 [96mins
1452 983 1742 1038 secundum
1767 1000 2012 1055 magnam

428 1070 856 1126 misericordiam
901 1081 1044 1126 tuam
1070 1064 1082 1126 ἐ
1111 1083 1168 1129 et
1208 1073 1350 1130 und‘é
1395 1091 1495 1130 nos
1536 1076 1923 1144 erubescimus,
1958 1089 2013 1134 tu

429 1159 826 1228 indulgeaswt
872 1177 957 1228 ea,
1003 1179 1123 1230 quze
1152 1165 1329 1234 egisse
1377 1180 1478 1220 nos
1525 1165 1766 1235 paenitet,
1817 1182 1870 1223 tu
1911 1170 2014 1226 cle-

429 1248 638 1305 tnéntér
677 1251 946 1320 ignoscas.
986 1254 1058 1322 ιθ.
1093 1255 1288 1312 Amen.

503 1339 608 1395 Per
636 1341 1057 1398 misericordiam
1093 1353 1256 1401 tuam.

498 1430 798 1498 Antiphone
827 1433 883 1486 l.
914 1434 1108 1490 Beatus
1142 1435 1243 1502 vir,
1277 1438 1367 1506 qui
1402 1455 1506 1494 non
1539 1437 1673 1495 abiit
1705 1440 1755 1496 in
1785 1443 2012 1498 consilio

430 1522 742 1592 impidrum,
793 1533 850 1578 et
903 1527 954 1578 in
1015 1529 1095 1579 via
1139 1521 1486 1596 peccatorum
1538 1547 1642 1586 non
1693 1535 1863 1589 stetit.
1903 1534 2011 1605 95

432 1611 679 1667 Psalmus
706 1629 741 1668 I.
795 1614 1002 1682 Gldria,
1049 1625 1105 1671 et
1148 1615 1327 1673 honor
1379 1619 1544 1686 Patri,
1577 1633 1684 1677 etc.
1727 1622 2014 1679 Reiterétur

429 1704 744 1773 Antiphone.
785 1705 978 1762 Delius
1011 1708 1111 1772 vir,
1135 1710 1248 1778 qui.

500 1792 700 1849 (milia.
732 1795 977 1852 Concede
1008 1799 1184 1865 nobis,
1219 1799 1476 1867 Démine,
1505 1802 1577 1858 ob
1616 1805 1855 1861 amotam
1883 1806 2010 1862 bea-

426 1885 670 1940 titt'tdinis
719 1889 940 1942 consilia
993 1890 1269 1950 declinare
1323 1895 1644 1964 iniquitatis;
1701 1898 2009 1954 cathedram

427 1976 604 2044 itaque
629 1977 950 2045 pestilentiae
981 1983 1162 2049 procul
1188 1983 1216 2036 ἐι
1238 1984 1394 2040 nobis
1424 1985 1645 2057 sepone,
1668 2000 1722 2043 ut
1747 1990 2011 2060 pestifera:

422 2069 682 2126 doctrina:
728 2073 880 2130 tabes
911 2090 1016 2130 non
1066 2078 1339 2135 adhaereat
1387 2083 1736 2140 convivéntite
1777 2099 2007 2153 nostrae;

423 2162 517 2216 sed
551 2164 876 2220 voluntétem
911 2179 1148 2223 nostram
1179 2170 1208 2225 ὁ
1237 2174 1452 2228 malitiae
1478 2178 1723 2234 sessidne
1753 2189 1807 2234 tu
1836 2178 2011 2233 rémo-

424 2267 487 2308 ve
521 2272 532 2305 :
565 2264 617 2309 et
659 2257 1008 2314 meditatidne
1047 2257 1176 2334 legis
1223 2274 1326 2321 tua:
1375 2265 1485 2336 jugi
1538 2285 1636 2327 uos
1685 2271 1775 2327 tibi
1824 2273 2011 2328 amdre

421 2341 711 2416 conjunge.
758 2349 794 2414 ἡ
817 2388 832 2403 .
864 2351 1054 2408 Amen.

494 2434 598 2489 Per
636 2437 1061 2495 misericdrdiam
1094 2450 1260 2498 tuam.

495 2527 791 2595 Antiphona
817 2529 872 2586 Ξ.
925 2529 1074 2587 Nunc
1126 2549 1281 2604 reges
1337 2537 1618 2610 intelligite
1663 2559 1676 2594 :
1724 2544 2007 2600 erudimini

420 2627 611 2671 omnes
649 2618 737 2686 qui
765 2618 1016 2686 iudicatis
1062 2633 1282 2680 terram.
1329 2626 1537 2684 Servlte
1576 2631 1805 2686 deino
1853 2635 1905 2689 in
1947 2637 2010 2691 ti-

425 2706 594 2764 more.
647 2707 884 2765 Psalmus
932 2727 990 2768 ll.
1036 2699 1326 2771 Reiterétur
1371 2721 1685 2792 Antiphone.
1727 2722 1879 2780 Nunc
1919 2742 2007 2783 re-

427 2813 542 2865 ges.

499 2881 706 2948 0rdtio.
735 2894 1046 2954 Serviéntes
1093 2901 1184 2955 tibi
1212 2901 1435 2960 Domine
1461 2905 1513 2960 in
1559 2906 1750 2965 timdre
1789 2909 1860 2964 ob
1898 2926 2012 2965 me-

431 2994 540 3039 tum
560 2985 766 3055 judicii,
792 2991 1093 3049 exultantes
1111 3011 1231 3050 cum
1257 2999 1490 3055 tremore
1510 3000 1580 3055 ob
1605 3002 1851 3058 ﬁduciam
1871 3004 2006 3074 spei,

417 3069 562 3133 'doce
591 3095 687 3134 nos
713 3083 1118 3153 apprehendere
1146 3089 1502 3162 disciplinam,
1539 3096 1666 3164 qua,
1705 3069 2010 3166 judicantes

427 3175 624 3222 terram
637 3169 880 3242 corporis
900 3178 1288 3243 nostri,véteris
1302 3182 1532 3240 hominis
1549 3187 1761 3257 ﬁgulum
1782 3190 2005 3246 conlrin-
2031 3210 2081 3275 ο

421 3271 647 3328 gamus;
701 3272 754 3319 et
793 3271 1074 3324 exteridns
1102 3281 1257 3328 terrzc
1305 3279 1651 3346 purgamenta
1693 3282 2000 3339 calcemus:

421 3363 484 3403 ac
511 3354 802 3412 secundum
834 3355 1079 3417 Cteléstis
1108 3363 1393 3435 imaginem
1427 3368 1670 3428 llominis
1711 3375 2004 3442 reformati,

419 3442 476 3494 in
503 3445 846 3502 hereditatem
883 3459 1026 3506 luam
1074 3457 1331 3512 servitute
1355 3459 1566 3528 humili,
1595 3474 1649 3518 et
1689 3465 1742 3518 in
1793 3482 2006 3535 posses-
2102 3493 2109 3501 -

419 3530 628 3590 siduem
659 3546 802 3593 tuam
847 3540 990 3595 cultu
1017 3541 1216 3612 perpeti
1251 3549 1658 3611 transferantur.
1705 3530 2006 3622 li.—Alllen.

495 3625 599 3681 Per
626 3629 1058 3700 misericordiam,
1081 3645 1245 3692 tuam.

414 3789 419 3793 η
491 3718 790 3788 Αιιιίρήοιια
850 3720 904 3776 5.
946 3723 1256 3794 sacriﬁcate
1291 3731 1613 3790 sacriﬁcium
1661 3736 1906 3808 justitize,
1951 3751 2009 3798 et

419 3810 635 3875 sperne
665 3812 716 3866 in
742 3811 994 3870 Domino.
1024 3815 1260 3874 Psalmus
1284 3836 1357 3877 tv.

494 3900 694 3958 (Initio.
731 3904 978 3976 Domine,
1011 3909 1100 3979 qui
1130 3927 1344 3984 semper
1369 3916 1743 3976 invocantibus
1783 3923 1927 3993 ades,
1953 3937 2008 3981 et

421 3989 473 4047 iu
506 3991 847 4052 tribulatione
887 4002 1194 4059 constitutis
1223 4019 1377 4076 Opem
1433 4008 1575 4066 ferre
1620 4014 2004 4075 misericordiae

415 4073 701 4138 delectdris
735 4103 746 4138 :
780 4085 939 4154 dona,
970 4100 1026 4145 ut
1071 4094 1312 4152 odiénles
1355 4102 1535 4157 saeculi
1565 4105 1879 4177 vanitatem,
1913 4126 2002 4166 re-

419 4171 758 4243 futantésque
804 4180 1166 4253 mendacium,
1200 4186 1469 4246 Christum
1505 4203 1649 4248 tuum
1675 4171 1919 4267 (quentia
1951 4212 2002 4257 te

417 4265 808 4333 magniﬁcatum
853 4273 1238 4348 agnoscimus),
1281 4292 1522 4340 nostrum
1569 4265 1690 4342 esse
1719 4265 2001 4352 summum

417 4359 784 4430 aeternumque
809 4367 1085 4432 prtemium
1110 4371 1460 4440 gaudeamus.
1506 4377 1544 4447 ti}
1566 4417 1581 4432 .
1603 4383 1795 4440 Amen.

488 4448 590 4504 Per
620 4451 1044 4514 misericordiam
1077 4469 1238 4516 tuam.

499 4540 571 4607 ἡκ
602 4544 682 4598 Ad
714 4556 788 4611 te,
824 4547 1069 4617 Domine,
1115 4553 1284 4611 levavi
1329 4557 1561 4615 animam
1602 4579 1795 4621 meant.
1834 4566 1897 4624 Ρ.
1938 4567 1992 4623 in
2033 4575 2081 4633 Ι)

415 4641 464 4684 te
494 4634 705 4688 conlido
729 4636 870 4694 Deus
908 4657 1080 4707 mens,
1108 4660 1212 4700 non
1235 4650 1571 4708 erubescam.
1619 4657 1650 4723 Ῡ
1679 4697 1692 4710 .
1723 4658 1850 4715 Vide
1890 4661 1993 4717 hu-

411 4723 692 4780 militétein
717 4743 915 4797 meam,
943 4745 996 4787 et
1021 4735 1256 4794 labdrem
1304 4757 1483 4799 meum
1509 4763 1524 4800 :
1549 4757 1601 4802 et
1631 4749 1842 4808 dimitte
1867 4755 1994 4810 mihi

408 4817 589 4872 omnia
621 4824 836 4888 peccata
867 4842 1010 4882 mea.
1045 4828 1113 4883 P.
1156 4833 1210 4886 In
1245 4845 1295 4888 te
1332 4841 1561 4896 conﬁdo.
1604 4843 1637 4911 ᾗ
1664 4883 1677 4898 .
1704 4844 1908 4916 Gldria,
1940 4857 1998 4904 et

409 4908 600 4970 honor.
627 4913 910 4977 lteiterétur
942 4920 1016 5004 πῆ..
1041 4924 1121 4978 Ad
1149 4935 1200 4981 te
1221 4926 1469 4990 Diimine.

1019 5031 1084 5089 In
1123 5035 1406 5098 Ldudibus.

499 5114 580 5171 Ad
627 5117 916 5178 Cdnticum.
965 5123 1278 5197 Antiphona.
1337 5132 1656 5190 Beuedlcam
1701 5139 1843 5193 cnim
1895 5158 1992 5194 vo-

407 5202 486 5257 bis
507 5246 521 5269 ,
553 5215 606 5262 et
633 5209 998 5281 multiplicabo
1029 5231 1122 5273 vos
1149 5221 1289 5276 sicut
1316 5225 1498 5279 stellas
1538 5228 1680 5293 caeli,
1709 5231 1836 5288 dicit
1889 5234 1993 5290 Dii.

407 5299 604 5354 minus.

624 5410 890 5470 Cdnticum
917 5417 1131 5473 Genesis
1163 5421 1325 5492 (Cap.
1359 5440 1451 5489 xu,
1484 5443 1601 5493 xm,
1638 5430 1788 5499 mi).

476 5499 746 5571 Egtédere
773 5508 842 5562 de
884 5518 1023 5565 terra
1056 5523 1162 5574 tua.
1190 5524 1239 5567 et
1269 5516 1338 5568 de
1361 5520 1677 5586 cugnatidne
1701 5532 1811 5591 tua,
1835 5538 1886 5579 et
1921 5529 1988 5583 de

398 5600 561 5656 dumo
585 5606 748 5673 patris
771 5609 866 5675 tui,
890 5609 909 5629 ‘
930 5619 985 5664 et
1008 5613 1126 5665 veni
1147 5611 1197 5666 in
1217 5624 1413 5670 terram
1438 5632 1597 5687 quam
1621 5623 1988 5681 monsuavero

396 5694 517 5748 Μή.

471 5784 792 5860 Faciamque
832 5801 883 5849 te
919 5792 969 5849 in
997 5803 1205 5864 gentem
1261 5814 1537 5872 inagnam,
1581 5814 1631 5862 et
1672 5805 1986 5866 benedicam

1637 365 2065 426 BREVIARIUM
2108 367 2484 427 GOTIIICUM.

2041 485 2089 541 Α
2124 481 2255 548 tibi,
2289 483 2308 504 ⁶
2334 492 2390 538 et
2441 483 2796 554 magniﬁcabo
2825 502 3018 544 nomen
3063 497 3229 558 tuum,
3273 495 3484 565 erisque
3536 499 3704 560 bene.

3595 384 3704 442 {93

2117 573 2312 630 dictus.

2207 667 2528 726 Benedlcam
2600 673 3041 732 benedicéntibus
3101 679 3232 744 tibi,
3283 691 3337 736 et
3385 685 3709 742 maledican-c

2117 757 2557 814 maledicéntibus
2585 761 2699 831 tibi,
2741 765 2772 798 ⁵
2794 773 2955 835 atque
2983 767 3036 822 in
3078 777 3132 824 te
3169 769 3558 830 benedicentur
3589 783 3694 832 uni-

2118 847 2287 904 versa:
2308 852 2655 921 cognatidnes
2686 862 2864 911 teme.

2186 939 2327 996 Leva
2353 942 2536 997 Oculos
2576 955 2694 1000 tuos
2717 987 2734 1012 ,
2776 957 2830 1002 et
2880 950 3000 1004 vide
3029 951 3059 1006 Ξι
3090 953 3227 1021 loco,
3260 957 3290 992 "
3329 956 3379 1012 in
3422 975 3528 1029 quo
3555 978 3698 1017 nunc

2113 1044 2173 1085 es
2196 1073 2212 1100 ,
2245 1033 2310 1086 ad
2340 1035 2640 1105 aquildnem
2671 1047 2723 1092 et
2755 1040 3057 1107 meridiem,
3087 1045 3153 1100 ad
3182 1046 3443 1103 oriéntem
3476 1060 3532 1105 et
3553 1052 3698 1106 occi-

2109 1121 2349 1179 déttlem.

2186 1212 2410 1269 Omnem
2440 1225 2663 1282 terram,
2691 1234 2848 1289 quam
2883 1222 3172 1295 cunspicis,
3199 1227 3222 1248 θ
3249 1227 3342 1283 tibi
3369 1229 3507 1286 dabo
3533 1240 3588 1288 et
3611 1233 3695 1290 sd—

2114 1305 2242 1359 mini
2269 1315 2359 1360 tuo
2385 1307 2438 1360 iu
2468 1310 2881 1378 sempiternum.

2184 1398 2502 1454 Benedtcam
2533 1403 2677 1456 enim
2705 1404 2878 1471 vobis,
2903 1406 2922 1428 ‘
2949 1415 3002 1462 et
3028 1409 3397 1479 multiplicilbo
3425 1427 3518 1467 vos
3559 1413 3696 1470 sicut

2112 1488 2292 1546 stellas
2319 1491 2464 1558 caeli,
2494 1501 2549 1548 et
2589 1494 2734 1550 velut
2761 1496 3000 1563 arenam,
3027 1515 3146 1568 qua:
3172 1511 3256 1556 est
3276 1501 3329 1558 iu
3369 1504 3549 1560 littore
3579 1522 3692 1560 ma~

2112 1580 2227 1636 ris:

2185 1670 2482 1728 Possidébit
2536 1689 2722 1729 semen
2772 1686 2918 1732 tuum
2959 1687 3140 1748 portas
3189 1680 3526 1739 inimicdrum
3575 1689 3694 1742 tuo»

2112 1777 2226 1815 rum
2248 1804 2263 1827 ,
2308 1763 2327 1783 '
2352 1772 2408 1819 et
2433 1764 2814 1824 benedicentur
2845 1770 2897 1824 in
2929 1768 3136 1827 semine
3166 1779 3257 1827 tuo
3287 1788 3476 1830 omnes
3509 1789 3695 1846 gentes

2043 1850 2090 1911 Β
2110 1861 2290 1906 terrae.

2185 1943 2295 2014 Ego
2319 1945 2601 2014 deinus,
2629 1947 2717 2018 qui
2760 1948 2921 2004 eduxi
2969 1959 3021 2006 te
3063 1952 3131 2008 de
3181 1952 3257 2010 Ur
3295 1955 3692 2026 Cbaldmdrum,

2113 2049 2212 2102 ego
2245 2033 2385 2090 Deus
2414 2036 2758 2107 omnipotens
2784 2056 2799 2093 :
2828 2041 2857 2074 “
2879 2040 3094 2097 ambula
3121 2057 3300 2099 coram
3331 2061 3450 2113 me,
3497 2058 3551 2104 et
3577 2062 3696 2105 esto

2115 2128 2399 2198 perfectus.

2182 2221 2496 2291 Pouamque
2525 2223 2695 2280 fmdus
2718 2241 2895 2281 meum
2924 2226 3067 2282 inter
3092 2243 3182 2285 me
3202 2240 3253 2285 et
3287 2240 3359 2299 te,
3395 2236 3412 2258 '
3439 2243 3493 2290 et
3518 2236 3695 2290 multi-

2111 2311 2322 2381 plicébo
2353 2324 2404 2369 te
2433 2315 2782 2373 vehementer
2821 2319 3001 2374 nimis.
3031 2320 3144 2391 Ego
3189 2337 3307 2378 sum
3332 2363 3349 2391 ,
3401 2337 3455 2381 et
3485 2338 3693 2397 pactum

2112 2419 2289 2460 meum
2329 2415 2525 2472 tecum,

2183 2497 2410 2566 Erisque
2432 2509 2581 2568 pater
2609 2500 2894 2556 multis-um
2924 2505 3185 2574 gentium.
3211 2511 3229 2531 "
3255 2509 3319 2565 Et
3344 2525 3543 2581 ponam
3568 2523 3618 2568 te
3640 2513 3692 2568 in

2109 2587 2378 2657 gentibus,
2408 2590 2664 2660 regesque
2703 2609 2766 2646 et
2814 2603 2864 2646 te
2901 2595 3264 2663 egrediéutur.

2183 2680 2254 2734 Et.
2273 2681 2507 2736 statuam
2533 2691 2740 2749 pactum
2772 2699 2950 2740 meum
2993 2686 3133 2742 inter
3175 2704 3264 2745 me
3289 2701 3346 2746 et
3368 2701 3442 2757 te,
3475 2704 3529 2748 et
3554 2693 3693 2749 inter

2108 2786 2291 2828 semen
2315 2783 2462 2828 tuum
2506 2784 2626 2843 post
2677 2784 2728 2831 te
2759 2777 2812 2830 iu
2843 2781 3284 2846 generationibus
3322 2787 3456 2852 suis,
3491 2786 3692 2844 laedere

2109 2862 2436 2933 sempiterno
2463 2882 2476 2918 :
2511 2867 2528 2885 '
2556 2877 2614 2920 ut
2642 2865 2744 2921 sint
2771 2867 3029 2925 Ddininus
3058 2871 3201 2928 Deus
3233 2883 3377 2942 tuus,
3419 2887 3475 2932 et
3501 2878 3691 2935 sémiui

2114 2964 2206 3010 tuo
2229 2963 2347 3024 post
2382 2963 2456 3011 te.

2179 3049 2432 3123 Daquue
2462 3055 2554 3111 tibi
2598 3064 2655 3114 et
2695 3055 2888 3113 sémini
2919 3070 3008 3116 tuo
3056 3072 3253 3118 terram
3303 3066 3692 3137 peregrinatio-

2112 3141 2193 3196 nis
2229 3153 2352 3213 tuze,
2383 3151 2400 3170 ⁶
2442 3150 2494 3203 iu
2539 3151 2933 3217 possessidnetu
2964 3163 3254 3224 teternam,
3303 3157 3504 3230 erdque
3551 3160 3692 3217 Deus

2110 3235 2319 3294 corum.

2199 3330 2620 3389 Hatutiudrium.
2697 3338 3014 3409 Antiphona.
3071 3339 3186 3396 Rex
3241 3358 3396 3400 meus
3447 3355 3502 3400 et
3554 3346 3698 3401 Deus

2112 3434 2262 3476 meus
2294 3423 2398 3480 :ad
2432 3434 2484 3479 te
2507 3427 2696 3494 orabo,
2729 3429 2971 3486 Di'uuine.
3015 3433 3045 3501 ᾗ
3072 3471 3087 3486 .
3127 3433 3299 3489 Verba
3330 3451 3447 3491 mea
3473 3437 3697 3492 auribus

2114 3511 2324 3582 percipe
2348 3514 2592 3582 Di'unine,
2626 3518 2862 3588 intéllige
2904 3523 3196 3582 clamdrem
3245 3543 3444 3583 meum.
3478 3528 3546 3583 Ρ.
3580 3531 3694 3585 Rex

2113 3618 2283 3671 meus,
2309 3614 2363 3659 et
2394 3605 2534 3663 Deus
2577 3624 2750 3667 meus.
2807 3612 2843 3683 ᾗ
2866 3651 2881 3667 .
2915 3613 3098 3671 Gléria
3123 3658 3137 3684 ,
3165 3629 3219 3675 et
3259 3623 3452 3690 honor,
3483 3632 3589 3678 etc.
3623 3623 3692 3678 Ρ.

2112 3694 2222 3752 Rex
2250 3712 2421 3754 meus.

2183 3786 2383 3844 Lauda.
2441 3792 2672 3850 Laudate
2703 3797 2986 3855 deinum
3035 3802 3086 3856 in
3118 3804 3316 3860 sanctis
3357 3805 3518 3876 ejus:
3556 3808 3678 3863 Alle

2111 3877 2500 3946 luia,alleluia.
2554 3887 2788 3945 Laudate
2830 3906 2953 3946 eum
2994 3894 3049 3948 in
3098 3894 3434 3952 ﬁrmamento
3482 3899 3698 3952 virtutis

2107 3974 2243 4040 ejus.
2276 3973 2523 4042 Alleluia,
2553 3980 2793 4036 alleluia.
2824 3980 3067 4038 Psalmus
3093 4001 3178 4042 CL.
3211 3985 3275 4040 P.
3322 3987 3558 4043 Laudate
3587 3989 3698 4044 DJ-

2109 4065 2308 4119 tninum
2334 4067 2384 4121 iu
2414 4071 2611 4125 sanctis
2635 4071 2771 4140 ejus.
2816 4075 3068 4142 Alleluia,
3100 4079 3334 4133 alleluia.
3384 4081 3417 4148 ᾗ
3443 4119 3454 4132 .
3482 4081 3694 4146 Gldiia,

2106 4163 2161 4209 et
2182 4155 2354 4212 honor
2389 4157 2554 4223 Patri,
2580 4169 2633 4214 et
2666 4161 2825 4231 Filio,
2864 4175 2919 4219 et
2961 4166 3179 4234 Spiritui
3209 4171 3425 4225 Sancto.
3451 4169 3517 4223 P.
3555 4171 3696 4224 Lau-

2107 4246 2229 4302 dste
2257 4265 2380 4303 eum
2413 4249 2464 4302 in
2497 4252 2838 4309 ﬁrmamento
2863 4255 3075 4313 virtutis
3105 4263 3241 4327 ejus.
3284 4261 3317 4329 ᾗ
3343 4301 3358 4315 .
3393 4263 3543 4316 Sicut
3572 4275 3692 4316 erat

2109 4339 2159 4392 in
2190 4341 2473 4410 principio,
2518 4353 2572 4398 et
2611 4361 2753 4400 nunc
2784 4357 2836 4401 ιι
2862 4364 3095 4419 semper,
3128 4361 3181 4407 et
3214 4353 3264 4407 in
3294 4354 3490 4408 stecula
3520 4369 3694 4410 saecu-

2106 4432 2300 4488 ldrum.
2331 4437 2521 4490 Amen.
2550 4437 2611 4490 Ρ.
2640 4439 2887 4506 Alleluia,
2923 4444 3157 4498 alleluia.

2176 4522 2350 4578 Lectio
2377 4527 2492 4579 libri
2527 4526 2922 4585 Proverbiorum
2963 4533 3266 4592 Salomonis
3293 4538 3464 4610 (Cap.
3496 4545 3613 4611 ιιι).

2193 4616 2229 4682 ti)
2252 4656 2264 4669 .
2299 4617 2406 4670 Deo
2430 4619 2651 4689 gratias.

2179 4706 2300 4773 Fili,
2330 4707 2475 4763 llabe
2500 4711 2746 4768 ﬁduciam
2782 4714 2832 4769 in
2866 4716 3092 4773 Dumino
3119 4732 3186 4773 ex
3227 4728 3338 4774 toto
3366 4723 3531 4779 corde
3575 4733 3689 4790 tuo,

2104 4809 2155 4855 et
2179 4815 2247 4854 ne
2287 4801 2536 4859 innitaris
2569 4806 2865 4874 prudentia:
2905 4820 3028 4863 tum.
3077 4809 3134 4864 in
3169 4810 3420 4868 omnibus
3450 4816 3550 4868 viis
3581 4819 3688 4871 tuis

2101 4891 2276 4963 cogita
2308 4895 2476 4960 illum,
2513 4906 2566 4950 et
2596 4898 2708 4966 ipse
2738 4899 2934 4971 diriget
2961 4917 3179 4968 gressus
3209 4913 3349 4958 tuos.
3384 4905 3460 4959 Ne
3490 4907 3568 4960 sis
3597 4908 3689 4960 sii-

2105 4984 2252 5051 piens
2288 4987 2425 5054 apud
2478 4987 2589 5057 96
2635 4991 2974 5060 temetipsum
3015 5010 3026 5046 :
3085 4995 3212 5050 time
3257 4995 3579 5066 Deminum,
3633 5008 3692 5055 et

2101 5074 2287 5130 recede
2315 5075 2523 5131 amulo.
2583 5079 2618 5146 ἡ
2643 5119 2654 5132 .
2684 5081 2877 5136 Amen.

2754 5174 3008 5246 Hymnus.

2312 5260 2587 5333 Fulgentis
2618 5275 2808 5319 auctor
2848 5267 3098 5335 artheris,

2239 5353 2336 5419 Qui
2367 5354 2505 5410 lunae
2534 5356 2717 5414 lumen
2751 5358 2998 5416 noctibus
3018 5401 3032 5424 ,

2235 5443 2412 5498 Solem
2447 5445 2654 5501 dierum
2687 5449 2940 5504 cursibus

2237 5537 2397 5592 Certo
2428 5537 2664 5595 fundasti
2698 5543 2937 5597 tramite.

2311 5630 2423 5684 Nox
2464 5642 2575 5687 atra
2600 5633 2708 5703 jam
2738 5635 3040 5703 repellitur,

2239 5725 2414 5778 Mundi
2451 5728 2591 5780 nitor
2620 5729 2946 5793 renascitur,

2237 5818 2522 5886 Novuwlue
2549 5821 2656 5891 jam
2690 5824 2882 5882 tuentis
2914 5827 3058 5895 vigui
