4006 6380
317 447 434 514 195·

465 567 653 624 Dulces
679 565 731 621 in
761 563 926 620 altum
950 563 1141 636 égerit.

534 658 746 714 Laudes
775 658 969 713 sentire
997 657 1105 728 jam

465 749 585 804 Dies
624 748 825 803 relatus
850 748 1126 802 ammonet
1142 787 1158 813 ,

465 843 734 912 V'ultuque
771 841 894 896 mali
923 840 1174 896 hliindior

462 934 654 990 Nostra
685 934 900 989 serenet
921 932 1167 1004 péctora.

543 1026 778 1081 Vitémus
806 1040 966 1081 omne
993 1025 1288 1091 lubricum,

466 1120 704 1175 Decliuet
734 1133 894 1188 prava
923 1117 1174 1188 spiritus,

467 1208 584 1265 Vita
610 1212 744 1266 facta
778 1225 881 1264 non
912 1209 1188 1278 inquinet,

461 1300 720 1370 Linguam
749 1300 906 1370 culpa
938 1315 1043 1355 nou
1078 1299 1342 1368 implicet.

500 1419 506 1425 -
533 1393 638 1448 Sed
666 1392 747 1448 sol
776 1391 920 1448 diem
948 1391 1073 1446 dum
1105 1391 1319 1446 coulieit
1339 1427 1355 1458 ,

461 1482 618 1538 Fides
653 1481 918 1553 profunda
949 1481 1152 1538 ferveat
1172 1523 1188 1549 ,

460 1573 596 1642 Spes
628 1575 695 1628 ad
728 1574 990 1644 promissa
1019 1574 1272 1644 prbvocet
1292 1615 1309 1638 ,

459 1666 672 1722 Christo
700 1669 989 1737 conjuugat
1016 1667 1278 1723 charitas.

528 1758 643 1815 Deo
669 1759 811 1813 Patri
845 1761 914 1813 sit
943 1759 1134 1829 gleria.

392 1869 737 1940 Suppliciitio.
773 1868 999 1923 Oremus
1047 1865 1463 1938 Redemptbrem
1509 1868 1692 1922 mundi
1722 1868 1908 1924 Domis

1293 451 1498 508 ustus
1544 452 1585 507 ll
1627 452 1797 509 POST
1835 448 2159 506 eorum
2205 435 2619 504 El‘lPllANlE.

1929 573 1972 626 Α
2078 562 2280 616 Oratio.
2312 561 2494 616 Deduc
2519 559 2902 626 uos,Domiue,
2934 559 2987 615 in
3021 559 3205 630 bonis;
3237 576 3303 618 ac
3343 561 3512 633 dirige
3536 566 3589 618 in

3484 438 3511 503 4
3523 449 3590 506 95

2003 652 2294 721 conspectu
2319 661 2410 704 tuo
2435 651 2574 704 viam
2602 657 2840 704 nostram
2861 667 2873 702 :
2892 659 2947 703 ut
2975 651 3108 705 tldes
3139 663 3325 706 nostra
3345 687 3360 718 ,
3389 654 3591 726 saluta-

2005 744 2078 798 ris
2119 745 2192 798 tui
2241 737 2655 807 voeatiéue,’te,
2696 742 2786 811 qui
2837 755 2895 796 es
2940 741 3054 796 ilex
3105 754 3308 813 noster,
3341 753 3396 800 et
3450 746 3591 802 Deus

2005 845 2210 902 noster,
2245 844 2299 890 et
2329 835 2557 904 vestigio
2586 833 2876 890 comitetur
2902 835 3145 904 inmisit»,
3173 849 3226 892 et
3247 851 3408 894 cursu
3432 839 3593 894 decu-

2006 939 2094 997 pet
2141 928 2410 998 expedito.
2477 928 2550 996 ἡ.
2574 927 2767 982 Amen.

2077 1019 2180 1073 Per
2210 1017 2660 1072 misericurdiam.

2076 1111 2369 1180 Antiphonti
2405 1110 2459 1165 2.
2493 1110 2570 1167 Ne
2619 1112 2672 1166 itt
2714 1111 2792 1166 ira
2824 1119 2912 1166 tua
2962 1109 3158 1182 arguas
3189 1126 3296 1179 me,
3345 1112 3593 1168 Domine.

2008 1199 2254 1253 Psalmus
2294 1215 2368 1254 Vl.

2081 1293 2285 1346 Oratio.
2320 1293 2568 1360 Démine,
2587 1308 2653 1348 ne
2672 1295 2725 1348 in
2748 1295 2826 1350 ira
2852 1302 2940 1349 tua
2957 1310 3054 1350 nos
3083 1294 3308 1364 urguas;
3345 1302 3516 1366 neque
3540 1296 3594 1350 in

2007 1392 2099 1438 tuo
2122 1399 2220 1439 nos
2249 1384 2435 1439 furore
2486 1385 2906 1454 corripiaszsed
2955 1387 3301 1456 asperitatem
3349 1385 3595 1441 verberis

2006 1490 2145 1545 unge
2173 1475 2459 1530 clementia
2482 1475 2717 1530 Ienithtis
2749 1491 2765 1528 :
2798 1485 2852 1529 ut
2883 1492 2986 1529 non
3014 1477 3369 1545 perditiuuem
3405 1463 3595 1544 pinna;

2005 1567 2101 1620 sed
2141 1566 2502 1622 eruditiénem
2561 1566 2717 1622 nobis
2760 1576 2846 1621 tua
2887 1567 3130 1624 cenl'erat
3164 1568 3468 1638 disciplina.
3518 1568 3555 1633 ἡ
3580 1605 3595 1620 .

1997 1659 2201 1712 Amen.

2077 1749 2180 1805 Per
2210 1750 2638 1806 misericordiam
2671 1759 2838 1805 tuam.

2077 1843 2374 1912 Antiphone
2406 1843 2687 1899 5.1ustum
2710 1842 3036 1914 adiutorium
3069 1857 3245 1898 meum
3274 1843 3304 1897 ὲ
3329 1843 3597 1912 Dumino,

317 1974 444 2012 num
474 1968 715 2013 nostrum
745 1958 924 2014 Jesum
951 1961 1254 2024 Christum,
1285 1974 1408 2014 cum
1438 1961 1584 2013 omni
1629 1960 1898 2028 supplica-

2023 1935 2098 2004 ιυὶ
2146 1936 2324 1990 salvos
2363 1936 2488 1991 facit
2531 1945 2705 1991 rectos
2741 1935 2926 1990 corde.
2983 1933 3187 1988 Psalm.
3237 1949 3332 1988 νη.
3378 1935 3613 1989 licitere»

319 2053 468 2108 tibne
498 2052 784 2122 rogemus;
809 2060 867 2106 ut
895 2067 992 2121 per
1022 2052 1247 2121 gratiam
1278 2053 1467 2122 ipslus,
1508 2061 1564 2107 et
1592 2067 1687 2122 per
1736 2055 1904 2108 inter-

319 2144 623 2198 cessibnem
672 2142 885 2197 Sancta:
939 2142 1121 2196 Mariae
1171 2141 1406 2211 Virginis
1444 2183 1460 2207 ,
1528 2151 1584 2197 et
1634 2142 1908 2212 genitricis

323 2249 439 2287 suae
460 2274 476 2297 .
509 2243 567 2289 et
594 2234 835 2288 Omnium
861 2233 1183 2289 Sanctarum
1227 2247 1450 2288 suorum
1494 2234 1650 2289 nobis
1680 2236 1906 2289 salutem

322 2323 542 2388 animm,
577 2331 632 2377 et
660 2323 925 2392 curporis,
951 2335 1003 2378 et
1036 2322 1407 2378 remissiénem
1441 2323 1784 2392 peccaturum
1805 2366 1822 2390 ,
1854 2333 1909 2376 et

319 2430 507 2485 pacem
532 2416 793 2484 prepitius
818 2416 1052 2470 tribuere
1076 2415 1345 2484 dignetur.
1375 2415 1411 2484 ti
1433 2453 1448 2468 .
1469 2414 1690 2486 Praesta,
1706 2417 1908 2472 :etérne

314 2505 664 2573 omnipotens
685 2507 850 2562 Deus.

388 2597 574 2670 Kyrie,
607 2599 833 2654 eléison.
871 2599 908 2666 ἡ
929 2598 1192 2666 .Christe,
1223 2598 1448 2655 eléison.
1472 2598 1652 2670 Kyrie,
1677 2599 1904 2656 eléison.

392 2691 656 2759 Capitula.
703 2689 818 2746 Rex
852 2701 1060 2756 noster,
1111 2701 1167 2747 et
1198 2691 1340 2747 Deus
1395 2700 1578 2748 noster
1622 2692 1834 2762 depélle
1873 2693 1903 2747 ἐι

316 2781 574 2836 cordibus
616 2783 814 2836 nostris
843 2781 1070 2848 erruris,
1101 2793 1158 2838 et
1206 2783 1520 2854 ignorantiae
1549 2793 1799 2850 noctem;
1846 2794 1905 2840 ut

318 2871 635 2928 renovando
686 2887 788 2927 nos
838 2872 892 2929 in
932 2888 1132 2928 novum
1171 2873 1480 2942 hominem,
1507 2889 1664 2930 mane
1692 2885 1903 2932 nostras

317 2965 614 3021 exuudiens
645 2980 832 3035 voces,
871 2965 955 3021 {ac
984 2982 1082 3022 nos
1113 2968 1166 3023 in
1199 2967 1355 3024 bonis
1396 2967 1651 3038 operibus
1682 2969 1777 3025 tibi
1808 2971 1904 3023 ad-

315 3063 463 3117 stare
484 3061 752 3127 diluculo;
781 3071 838 3117 et
855 3061 920 3116 ad
935 3062 1406 3132 contemplandum
1436 3072 1511 3129 te,
1537 3063 1696 3119 uobis
1718 3064 1898 3133 Appa-

318 3153 536 3207 ritiunis
567 3161 668 3207 tua:
699 3153 870 3209 tribue
891 3153 1309 3210 sacramentum.

387 3243 550 3300 Pater
577 3255 781 3300 noster.
807 3247 853 3300 A
883 3247 1024 3300 malo
1059 3261 1160 3302 nos
1207 3247 1397 3303 libera.
1441 3246 1662 3317 Ilcquire
1695 3247 1789 3317 fol.
1813 3244 1904 3302 10.

389 3337 600 3392 Lauda
631 3340 677 3393 A
717 3339 954 3408 peccatis
984 3341 1184 3394 nostris
1223 3340 1419 3394 munda
1460 3353 1596 3407 nos,
1657 3339 1904 3394 Domine.

323 3429 589 3499 Alleluia,
641 3429 882 3494 alleluia,
912 3430 1152 3485 alleluia.
1221 3431 1292 3500 ᾗ.
1329 3431 1394 3483 Et
1423 3429 1490 3483 ab
1519 3428 1713 3484 alienis
1749 3443 1910 3498 parce

328 3534 491 3574 servo
518 3530 626 3576 tuo.
656 3521 726 3576 P.
750 3521 1004 3586 Alleluia,
1034 3520 1270 3586 alleluia,
1303 3519 1537 3574 alleluia.
1585 3519 1620 3589 Ῡ
1646 3557 1661 3573 .
1702 3517 1908 3586 Gluria,

329 3621 386 3668 et
414 3612 598 3680 honor,
623 3624 728 3670 etc.
754 3613 824 3672 P.
847 3614 1101 3680 Alleluia,
1127 3613 1360 3678 alleluia,
1387 3613 1624 3668 alleluia.

394 3707 690 3773 Autipliona
719 3705 776 3760 ἱ.
808 3705 1028 3761 ϐιιειὸαι
1058 3719 1156 3760 nos
1181 3703 1409 3759 Dumine
1458 3705 1526 3758 ab
1567 3703 1712 3760 omni
1744 3703 1906 3758 malo.

321 3794 388 3851 Ρ.
433 3799 690 3863 Alleluia,
740 3797 976 3863 alleluia,
1007 3796 1243 3852 alleluia.
1291 3797 1365 3865 Ῡ.
1395 3795 1508 3850 Sub
1551 3797 1740 3850 umbra
1787 3795 1911 3849 alb-

318 3906 440 3945 rum
470 3892 680 3945 tuarum
709 3901 932 3961 protege
960 3903 1078 3944 nos.
1123 3887 1191 3942 Ρ.
1223 3888 1476 3954 Alleluia,
1507 3887 1748 3951 alleluia,
1776 3888 1908 3942 alle-

318 3983 449 4038 luia.
503 3984 532 4052 ᾖ
559 4022 576 4037 .
609 3982 814 4050 Gloria,
842 3991 898 4036 et
947 3982 1139 4037 honor.
1174 3979 1241 4036 Ρ.
1273 3979 1533 4046 Alleluia,
1563 3978 1800 4046 alleluia,
1831 3979 1909 4033 al-

318 4075 506 4131 leluia.

393 4169 714 4223 Benedictio.
746 4167 1034 4224 Benedlcat
1061 4165 1402 4238 omnipotens
1425 4165 1704 4222 Dominus.
1727 4165 1909 4232 Quam

321 4262 416 4328 fol.
445 4260 537 4316 95.

395 4351 460 4404 [ι
507 4351 580 4405 sic
640 4351 889 4417 fiultintzr
929 4348 1177 4403 Memini
1217 4349 1272 4402 in
1321 4347 1793 4404 Bcncdictidnibtts.
1839 4347 1907 4402 Et

320 4448 491 4499 statim
522 4447 602 4512 {ac
629 4447 1147 4499 Commemoratio’ues
1199 4441 1493 4496 Vocatidm‘s
1527 4440 1773 4495 Ecclésia:
1795 4481 1813 4509 ,
1859 4450 1908 4495 et

321 4540 453 4590 tilias
495 4552 621 4606 quas
668 4538 891 4590 toluéris
940 4537 991 4588 in
1035 4535 1220 4605 quibus
1277 4535 1592 4588 devotionem
1641 4535 1906 4589 habueris.

329 4627 516 4685 Poma
543 4629 697 4685 l'ater
729 4639 898 4684 noster
930 4629 1022 4683 sub
1048 4629 1290 4694 silentio;
1327 4645 1428 4698 quo
1450 4629 1621 4696 linito,
1651 4629 1744 4698 ﬁat
1763 4645 1901 4682 com-
1938 4661 1988 4721 ο

324 4721 642 4777 πιεηιονάιιυ.

397 4813 603 4869 Lauda.
654 4812 735 4869 Ad
767 4810 1191 4868 annuntiaudum
1248 4810 1431 4866 mane.
1489 4811 1692 4867 Ortitio.
1733 4811 1908 4876 Mane,

329 4905 783 4969 Diimine,oratio.
820 4905 1002 4972 Quam
1032 4903 1131 4973 fol.
1161 4905 1213 4957 7.
1248 4903 1433 4957 Lauda
1461 4905 1525 4957 de
1555 4905 1714 4975 fonte.
1755 4904 1909 4972 Apud

328 5008 381 5051 te
410 5008 515 5061 est,
546 4997 793 5061 Domine,
824 4996 942 5051 fons
969 4997 1114 5049 vita'.
1142 4994 1390 5050 Alleluia.
1439 4995 1471 5065 Ῡ
1499 5035 1514 5050 .
1547 4997 1611 5051 Et
1635 4997 1685 5049 in
1711 4995 1912 5050 lumine

329 5097 422 5140 tuo
479 5084 777 5142 videbimus
827 5088 1028 5141 iumen.
1062 5083 1131 5139 Ρ.
1174 5085 1422 5141 Alleluia.
1471 5086 1544 5155 ᾗ.
1597 5085 1810 5152 Gloria,
1856 5096 1911 5141 et

329 5181 523 5246 honor,
549 5188 657 5234 etc.
703 5176 773 5232 Ρ.
803 5177 1054 5234 Alleluia.

937 5268 1017 5321 Ad
1051 5269 1293 5325 Tértiam.

399 5361 574 5418 Léctio
603 5361 718 5416 libri
764 5361 1158 5416 Proverbiérum
1206 5361 1498 5418 Salomém's
1564 5363 1828 5436 (Cap.7).

415 5456 453 5519 ἡ
475 5496 488 5508 .
523 5455 633 5510 Deo
660 5455 880 5526 gratias.

399 5545 774 5613 Fili,Custodi
815 5546 1095 5601 sermones
1146 5562 1318 5612 meos,
1367 5557 1422 5601 et
1475 5545 1739 5616 prmcépta
1795 5561 1911 5602 mea

325 5640 562 5697 reconde
603 5640 717 5694 tibi.
774 5640 937 5697 Serva
985 5639 1231 5695 mandata
1299 5654 1455 5704 mea,
1503 5649 1559 5694 et
1609 5639 1776 5694 vives.
1836 5641 1910 5708 ι’ς.

327 5739 520 5790 Amen.

401 5830 698 5898 Antiplioua
736 5831 786 5884 l.
831 5829 1069 5898 lntéllige
1109 5826 1401 5884 clamorem
1435 5841 1633 5898 meum,
1670 5829 1909 5885 (lumine.

331 5921 554 5979 lutéudc
587 5924 702 5979 voci
729 5923 988 5980 orationis
1013 5936 1166 5979 mea.
1202 5918 1398 5974 I’salm.
1430 5935 1481 5976 γ.

2010 2034 2094 2078 tur
2123 2026 2440 2095 Antiphona.
2467 2026 2697 2082 Justum.
2726 2026 2991 2084 Duminus
3033 2026 3104 2081 sit
3141 2039 3376 2095 semper.
3432 2026 3468 2095 ἡ
3490 2062 3506 2080 .
3538 2025 3615 2082 Et-

2012 2132 2156 2172 cum.

2097 2209 2136 2276 ἡ
2158 2248 2172 2262 .
2199 2209 2398 2265 Avérte
2425 2208 2619 2266 faciem
2651 2219 2796 2265 tuam
2836 2209 2868 2263 ὲ
2899 2209 3133 2280 peccatis
3161 2207 3318 2275 meis,
3350 2208 3602 2266 Dumine.

2011 2294 2078 2350 P.
2119 2299 2185 2351 Et
2234 2312 2422 2353 omnes
2473 2298 2779 2368 iniquitates
2826 2312 2976 2353 meas
3023 2297 3166 2351 dele.
3227 2297 3301 2363 ti).
3345 2297 3617 2354 Miserere

2010 2390 2115 2446 mei
2149 2390 2314 2456 Deus,
2343 2391 2640 2446 secundum
2681 2405 2927 2460 magnam
2959 2388 3388 2445 misericérdiam
3417 2403 3562 2446 tuam
3588 2408 3604 2447 :

2009 2491 2066 2537 et
2108 2481 2404 2536 secundum
2458 2482 2858 2537 multitudinem
2913 2481 3321 2536 miseratidnum
3367 2484 3604 2538 tuarum.

2019 2571 2090 2627 Ρ.
2126 2571 2191 2628 Et
2234 2587 2424 2628 omnes
2472 2572 2783 2642 iniquitates
2822 2586 2990 2628 meas.
3039 2572 3114 2640 ᾗ.
3139 2571 3321 2627 Gloria
3347 2614 3364 2642 ,
3412 2581 3468 2629 et
3507 2572 3606 2629 ho-

2009 2679 2130 2732 nor,
2161 2674 2268 2720 etc.
2305 2663 2602 2720 Reiteretur
2642 2665 2679 2732 ἡ
2700 2701 2716 2717 .

2013 2774 2036 2819 ε.
2079 2757 2290 2813 Lauda.
2321 2758 2570 2824 Alleluia,
2591 2757 2826 2822 alleluia,
2853 2757 3089 2814 alleluia.
3118 2758 3438 2815 Gaudébunt
3459 2758 3601 2816 lubia

2009 2865 2129 2907 mea
2176 2850 2303 2905 dum
2352 2851 2646 2906 cantavero
2691 2851 2807 2918 tibi,
2842 2849 3005 2917 Deus,
3054 2851 3264 2906 laudem
3306 2862 3473 2907 tuam.
3531 2851 3604 2906 P.

2009 2944 2266 3012 Alleluia,
2293 2945 2532 3000 alleluia.
2574 2944 2608 3013 Ῡ
2631 2980 2648 2997 .
2681 2943 2748 2998 Et
2787 2959 2888 3012 ego
2917 2945 3216 2999 coulitébur
3241 2946 3338 3000 tibi
3380 2946 3432 3000 in
3463 2946 3607 3000 vasis

2011 3037 2377 3106 Psaltnurum,
2408 3038 2572 3104 Deus,
2603 3038 2711 3108 97
2741 3039 2962 3107 psallam
2990 3038 3108 3092 tibi.
3141 3037 3209 3092 P.
3233 3038 3480 3093 Alleluia.
3527 3039 3599 3107 ᾗ.

2011 3130 2192 3187 Gluria
2213 3175 2226 3199 ,
2259 3141 2315 3186 et
2336 3131 2508 3186 honor
2528 3171 2544 3198 ,
2569 3140 2672 3185 etc.
2702 3129 2770 3185 Ρ.
2800 3130 3028 3186 Alleluia
3050 3171 3066 3196 ,
3092 3131 3335 3198 alleluia,
3359 3130 3602 3186 alleluia.

2087 3222 2277 3277 Preces
2305 3237 2328 3277 :
2351 3224 2502 3277 Alius
2538 3238 2644 3278 non
2675 3231 2778 3287 est,
2810 3224 2899 3291 qui
2931 3223 3172 3293 rogetur,
3203 3223 3292 3290 pie‘
3321 3223 3547 3278 Domine
3575 3241 3589 3276 :

1932 3287 1981 3355 ε
2029 3316 2063 3382 ᾖ
2087 3353 2104 3370 .
2136 3315 2320 3369 Alleva
2345 3314 2557 3385 jugum,
2585 3314 2719 3369 colla
2749 3287 3084 3383 prementum
3117 3287 3332 3367 inclina.
3377 3312 3444 3365 P.
3473 3313 3592 3383 Pie,

2013 3406 2154 3462 bella
2190 3405 2447 3476 réprime,
2500 3419 2686 3476 pacem
2718 3405 2976 3460 concede.
3034 3407 3065 3476 ᾖ
3095 3443 3110 3460 .
3141 3403 3401 3475 Captivos
3429 3405 3603 3474 eripe,

2012 3499 2288 3556 demersos
2337 3498 2507 3571 erige.
2554 3497 2624 3553 P.
2674 3498 2795 3567 Pie,
2845 3499 3005 3555 bella.
3055 3499 3127 3570 ᾗ.
3163 3498 3312 3554 Dona
3365 3498 3608 3564 veniam,

2014 3602 2208 3665 praesta
2271 3592 2546 3664 gratiam,
2607 3593 2696 3663 pie
2752 3592 2999 3646 Dumine.
3063 3590 3351 3646 Reiterétur
3404 3593 3604 3661 primus

2027 3686 2062 3757 ᾗ
2087 3723 2103 3738 .
2133 3683 2320 3739 Preces
2345 3684 2539 3738 scilicet
2574 3700 2594 3739 :
2625 3685 2776 3739 Alius
2801 3700 2906 3740 non
2935 3693 3035 3740 est.

2011 3801 2037 3843 ι
2083 3776 2350 3848 Capitula.
2409 3775 2678 3845 Gloridse,
2736 3787 2950 3850 potens,
2989 3793 3053 3833 ac.
3089 3776 3396 3834 misericors
3436 3777 3604 3843 Deus,

2012 3868 2144 3927 érue
2175 3886 2273 3924 nos
2300 3869 2368 3923 ab
2401 3869 2610 3925 insidiis
2635 3869 2836 3925 inimici
2867 3886 2881 3936 ;
2910 3879 3058 3926 etne
3087 3870 3264 3924 uuima
3297 3882 3476 3926 nostra
3508 3885 3608 3925 ru-

2011 3962 2207 4032 giéntis
2238 3961 2414 4018 lebuis
2456 3971 2610 4032 raptu
2635 3963 2829 4032 rapido
2858 3963 3122 4033 rapiatur,
3165 3961 3431 4032 protéctio
3465 3960 3604 4017 d6:-

2014 4063 2143 4110 terze
2169 4064 2272 4110 tua:
2301 4055 2352 4109 in
2385 4055 2552 4110 n05tri
2583 4056 2883 4111 custodiam
2912 4055 3201 4125 deputetur
3229 4074 3243 4110 ε
3276 4055 3476 4111 nedum
3497 4072 3605 4113 non

2016 4158 2102 4203 est
2131 4147 2222 4216 qui
2249 4147 2508 4214 redimat,
2539 4149 2648 4204 illa:
2674 4164 2850 4203 smvus
2879 4150 3089 4204 occidat
3120 4166 3134 4202 :
3165 4158 3277 4213 aut,
3305 4152 3349 4204 si
3379 4167 3484 4206 uon
3515 4151 3606 4220 qui

2012 4240 2217 4295 salvum
2266 4239 2448 4306 faciat,
2498 4241 2588 4296 ille
2617 4241 2921 4297 subvértat.
2951 4241 3061 4297 Sed
3108 4252 3162 4296 tu
3205 4241 3315 4296 Leo
3345 4242 3413 4297 de
3463 4245 3604 4298 tribu

2012 4331 2149 4388 ειυάὰ
2181 4334 2234 4388 in
2263 4334 2340 4388 ira
2366 4343 2452 4387 tua
2481 4335 2716 4403 exurge;
2741 4342 2797 4387 et
2823 4334 3112 4387 severitate
3133 4332 3320 4402 judicii
3355 4333 3606 4389 insidiusi

2015 4424 2187 4479 hostis
2215 4424 2460 4480 catervas
2487 4422 2736 4479 iute'rime
2764 4440 2778 4478 :
2808 4439 3014 4493 aesque
3046 4424 3098 4477 in
3131 4423 3420 4495 praecepto,
3462 4425 3605 4496 quod

2014 4517 2306 4583 mandasti,
2347 4517 2570 4572 credere
2594 4527 2647 4571 et
2680 4517 2994 4587 permanere
3025 4518 3283 4574 concede.

2089 4613 2248 4666 Pater
2275 4620 2479 4666 noster.
2512 4614 2555 4665 A
2587 4611 2728 4665 malo
2757 4626 2856 4666 nos
2889 4611 3077 4667 libera.
3111 4613 3206 4682 fol.
3244 4613 3334 4668 16.

2087 4721 2167 4775 Ad
2195 4720 2430 4784 Sextum,
2475 4722 2648 4774 omnia
2675 4721 2912 4775 dicuntur
2957 4731 3010 4774 ut
3043 4722 3095 4774 in
3123 4721 3303 4791 Sexta,
3332 4739 3446 4794 qua:
3471 4724 3606 4779 dici-

2015 4820 2098 4867 tur
2127 4831 2217 4884 per
2248 4823 2404 4867 totum
2436 4830 2651 4867 annum.
2678 4813 2758 4866 Ad
2791 4812 3022 4878 Nouum,
3047 4824 3100 4866 tu
3119 4815 3299 4884 supra.

2609 4907 2690 4959 Ad
2739 4905 3012 4977 Vésperos.

2087 4997 2292 5053 Lauda.
2324 4999 2404 5054 'l'u
2435 4998 2745 5054 illuminans
2775 4999 3050 5054 lucernam
3102 5013 3302 5066 meam,
3351 4999 3600 5054 Domine.

2016 5090 2274 5146 Deminus
2294 5092 2363 5146 sit
2388 5106 2622 5161 semper.
2671 5091 2708 5160 ἢ
2729 5131 2743 5145 .
2776 5091 2842 5144 Et
2872 5105 3014 5146 cum.

2086 5175 2403 5250 Antipliona.
2461 5183 2632 5250 Quam
2693 5180 3010 5236 admirabile
3049 5190 3133 5237 est
3175 5197 3372 5239 nomen
3429 5189 3602 5247 tuum,

2017 5274 2264 5345 Demine,
2288 5275 2342 5330 in
2373 5273 2621 5329 universa
2650 5283 2812 5328 terra.
2839 5263 3079 5328 Psalmus
3111 5289 3226 5328 uit.

2090 5361 2289 5422 Lauda.
2323 5367 2380 5421 In
2411 5367 2527 5435 lege
2557 5365 2792 5431 Domini,
2837 5367 3090 5432 Alleluia,
3121 5363 3467 5420 meditubitur
3493 5364 3602 5433 die,

2014 5472 2077 5511 ac
2102 5468 2277 5513 nocte.
2311 5457 2562 5512 Alleluia.
2587 5455 2654 5510 Ρ.
2687 5458 2754 5510 Et
2775 5455 3004 5511 fructum
3035 5471 3190 5510 suum
3216 5453 3364 5508 dabit
3393 5457 3446 5508 in
3471 5455 3605 5512 tem-

2017 5570 2147 5626 pore
2167 5569 2288 5610 suo.
2322 5552 2570 5618 Alleluia.
2616 5552 2853 5609 alleluia.
2904 5552 2938 5620 iv
2966 5590 2981 5606 .
3015 5550 3085 5606 Et
3109 5549 3212 5603 erit
3239 5547 3493 5618 tanquam
3537 5552 3606 5607 li-

2016 5663 2201 5718 gnum,
2223 5646 2364 5714 quod
2389 5646 2682 5716 plaumtum
2713 5654 2796 5698 e-t
2823 5655 2984 5696 secus
3021 5642 3284 5696 decursus
3322 5642 3606 5711 aquilrum,

2016 5739 2162 5811 quod
2216 5741 2443 5794 fructum
2498 5753 2654 5793 suum
2706 5737 2852 5790 dabit
2898 5731 2950 5786 in
2983 5734 3226 5803 tempore
3270 5750 3388 5789 suo.
3441 5735 3511 5799 ἡ.
3544 5736 3608 5788 Et

2019 5833 2248 5886 fructum
2282 5846 2435 5888 suum
2461 5830 2626 5886 dabit.
2678 5820 2706 5897 ἱ
2734 5869 2744 5881 .
2773 5824 2983 5894 (iiut-ia,
3012 5837 3064 5883 et
3093 5826 3284 5893 honor,
3315 5838 3416 5881 rte.
3443 5823 3506 5877 Ρ.
3543 5825 3608 5880 Et

2021 5924 2272 5979 fructum.
