4006 6380
402 440 512 498 I95

1060 551 1110 605 11
1115 567 1317 623 ymnus.

612 627 826 702 Christe
851 643 1087 700 salvator
1127 645 1384 705 omnium,

547 739 825 796 leorum
851 736 1096 792 sublimis
1127 736 1290 798 Deus,

547 830 718 884 Tuam
752 827 1001 897 rogAmus
1027 825 1279 895 gloriam,

558 921 692 975 Dum
725 934 890 989 prona
911 917 1138 971 volvitur
1159 915 1294 970 dies.

629 1011 746 1066 Jam
769 1010 870 1073 sol,
897 1007 1117 1078 urgente
1143 1006 1388 1074 vespere,

551 1101 761 1158 Occasu
784 1113 883 1154 suo
913 1097 1177 1167 graditur,

557 1190 814 1246 Mundum
845 1188 1177 1244 conelodeus
1207 1184 1468 1250 téuebris,

555 1286 722 1341 Suunt
752 1281 1050 1338 observans
1079 1279 1344 1333 ordinem.

639 1377 730 1433 Sic
758 1390 879 1441 nos,
899 1372 1114 1430 excélse
1144 1370 1396 1435 Domine,

556 1467 854 1524 Precantes
887 1475 1004 1520 tuos
1028 1463 1256 1518 lamulos

562 1560 772 1617 Labdre
799 1558 972 1613 fessos
997 1554 1102 1610 diéi

560 1652 754 1721 Quieta
778 1665 882 1704 nox
915 1645 1193 1715 suscipiet.

637 1743 710 1798 Ut
733 1756 838 1794 non
865 1737 1085 1794 fuscatis
1112 1733 1398 1802 mentibus,

568 1833 695 1889 Dies
715 1829 969 1886 abscedat
996 1828 1252 1890 luminis;

564 1923 675 1981 Sed
709 1933 799 1976 tua
831 1919 1060 1992 protecti
1092 1917 1265 1987 gratia

561 2015 857 2072 Cernamus
882 2013 1057 2068 lucem
1086 2010 1422 2080 prospetam.

640 2107 750 2160 Deo
771 2104 916 2158 Patri
941 2103 1011 2156 sit
1039 2101 1236 2172 gloria.

498 2217 851 2287 Supplicdts‘o.
901 2215 1130 2270 Oremus
1154 2210 1570 2281 RedemptOrem
1598 2204 1806 2262 mundi.
1829 2203 2010 2269 Quare

429 2311 526 2380 fol.
574 2309 664 2364 96.
699 2308 885 2378 Hyrie,
914 2306 1142 2363 eléison.
1186 2307 1222 2373 ιῆ
1245 2343 1259 2358 .
1287 2305 1523 2370 Christe,
1565 2300 1792 2356 eléison.
1827 2293 2010 2366 Kyrie,

430 2402 659 2458 eloison.

481 2490 1076 2562 CapitulaJlluminatio
1088 2488 1338 2557 salusque
1350 2497 1551 2552 nostra,
1568 2482 1811 2546 Domine,
1827 2481 2018 2536 amove

435 2583 467 2636 ἐι
505 2583 659 2638 nobis
689 2581 958 2645 maeroris,
991 2589 1047 2634 et
1078 2578 1392 2649 ignorantia:
1416 2585 1656 2639 noctem;
1686 2574 1860 2628 tribue
1881 2569 2017 2626 vcti-

441 2675 589 2737 tatis,
626 2683 681 2727 et
711 2671 949 2727 scientiae
979 2673 1180 2736 lumen,
1227 2678 1284 2722 ut
1319 2669 1371 2724 in
1414 2678 1466 2723 te
1509 2676 1692 2722 nostra
1742 2679 1866 2734 spes
1910 2665 2016 2718 lita

437 2767 787 2837 permaneat;
819 2776 876 2821 et
918 2766 1094 2821 omnis
1125 2764 1420 2822 convéntus
1465 2762 1891 2832 malignantium,
1929 2758 2020 2829 qui

437 2875 541 2916 nos
597 2861 909 2930 oppugnlire
956 2858 1166 2923 nititur,
1215 2855 1595 2913 contabéscat:
1648 2857 1733 2910 Sit
1781 2856 1832 2909 in
1874 2863 2020 2922 petra

431 2952 693 3008 exaltatio
741 2963 963 3015 nostra;
1018 2963 1078 3006 ut
1101 2949 1445 3004 conroborati
1498 2964 1591 3019 per
1633 2947 1925 3009 Christum,
1968 2945 2021 3000 in

437 3045 559 3115 ipso
588 3043 887 3099 el'licilmur
925 3042 1190 3097 cbaritAte
1234 3041 1517 3107 sublimes,
1569 3042 1622 3095 in
1661 3052 1766 3108 quo
1791 3037 2024 3092 :edilica-

435 3145 562 3190 mur
592 3135 695 3189 lide
719 3131 1023 3190 credentes.

510 3226 673 3282 Pater
695 3235 897 3280 noster.
933 3223 979 3279 Α
1007 3223 1149 3279 malo
1173 3238 1273 3280 nos
1315 3223 1499 3278 libera.
1525 3223 1620 3292 fol.
1648 3223 1736 3280 10.

506 3318 822 3374 Benedictio.
859 3318 1113 3389 Dignare,
1147 3317 1392 3384 Domine,
1426 3318 1563 3371 hanc
1588 3317 1843 3371 familiam
1871 3320 2016 3369 tuam

437 3413 655 3487 placido
693 3415 843 3468 vultu
883 3411 1171 3480 respicere,
1202 3425 1359 3479 quam
1406 3409 1586 3464 cernis
1633 3406 1892 3463 solemnia
1935 3416 2026 3459 tua

439 3521 562 3562 cum
609 3505 808 3576 gaudio
853 3503 1147 3559 celebrare.
1197 3501 1274 3568 ti).
1326 3505 1519 3554 Amen.
1564 3499 1815 3554 Sanctam
1865 3499 1917 3552 in
1967 3509 2028 3550 se

445 3601 682 3657 habeant
709 3599 1075 3663 devotiOnem,
1108 3596 1436 3665 dignumque
1463 3596 1684 3650 teneant
1725 3595 1776 3648 iu
1811 3603 1894 3648 tua
1925 3592 2028 3648 lide

440 3693 734 3751 ferverem.
777 3693 851 3760 ti.
887 3691 1078 3746 Amen.
1132 3690 1215 3744 Ab
1246 3689 1392 3742 omni
1437 3689 1760 3742 adversitate
1807 3686 2028 3740 déxtera

441 3787 536 3842 tua
572 3800 668 3842 eos
696 3784 949 3848 defende,
974 3791 1030 3837 et
1072 3783 1124 3836 iu
1168 3791 1256 3836 tua
1289 3780 1522 3838 Ecclesia
1543 3778 1743 3851 jogiter
1773 3780 2032 3834 immacu-

443 3877 585 3933 latos
607 3875 959 3947 perseverare
985 3872 1248 3928 concede.
1291 3873 1326 3939 ιῆ
1350 3912 1366 3926 .
1391 3874 1582 3926 Amen.

515 3967 621 4022 Per
650 3965 1079 4020 misericordiam
1112 3964 1300 4031 ipsius.

519 4056 727 4111 Lauda.
754 4056 931 4125 Super
951 4055 1081 4110 Sion
1111 4054 1328 4108 alleluia
1371 4062 1609 4110 montem
1636 4062 1876 4107 sanctum
1918 4052 2032 4120 ejus

447 4149 684 4210 Allelaia
711 4147 780 4202 P.
810 4148 1115 4202 Prmdicans
1159 4145 1484 4216 praeceptum
1521 4145 1753 4198 Domini.
1786 4144 2030 4208 Alleluia,

449 4239 684 4304 alleloia,
734 4236 966 4293 alleluia.
1036 4237 1109 4304 ᾖ.
1163 4237 1274 4305 Ego
1327 4245 1506 4290 autem
1557 4235 1878 4288 constitutus
1916 4245 2032 4288 sum

455 4346 550 4390 rex
580 4332 652 4388 ab
670 4347 738 4388 eo
765 4345 928 4400 super
946 4330 1074 4387 Sion
1106 4341 1344 4385 montem
1373 4337 1616 4383 sanctum
1645 4328 1780 4396 ejus.
1806 4326 1873 4382 P.
1895 4327 2035 4382 Pran-

453 4424 639 4480 dieans
665 4423 994 4494 praeceptum
1021 4421 1255 4476 Domini.
1300 4421 1374 4490 ᾗ.
1397 4419 1603 4486 Gloria,
1629 4428 1683 4475 et
1704 4420 1894 4487 honor,
1925 4427 2033 4474 etc.

456 4515 526 4571 P.
559 4515 862 4570 Praedicans
889 4511 1234 4581 pratcéptum.

457 4697 618 4766 infra.

979 4815 1238 4863 TERTIA
1295 4821 1514 4864 FERIA.

1023 4922 1101 4974 Ad
1133 4920 1187 4973 Μ
1193 4920 1466 4974 αιιιιίηιιηι.
1494 4976 1504 4984 ,

530 5035 848 5106 Antiphone.
924 5035 1230 5090 Secundum
1299 5051 1542 5105 magnam
1613 5035 2034 5091 misericordiam

461 5129 607 5186 luam
641 5128 762 5184 dele
789 5125 1016 5181 DOmine
1047 5126 1356 5197 iniquitates
1385 5143 1550 5180 meas.
1596 5123 1834 5178 Psalmus
1858 5142 1908 5179 ι..

535 5221 739 5274 Oratio.
820 5216 1129 5274 Secondum
1186 5217 1580 5272 multitudinem
1637 5217 2035 5271 ntiseratiliuum

460 5310 671 5366 tuarum
725 5310 848 5365 dele
900 5308 1125 5363 Domine
1187 5307 1496 5377 iniquitates
1544 5316 1881 5361 nostraszut
1917 5309 2038 5375 quia

461 5405 578 5458 ista;
608 5419 704 5458 nos
730 5403 1042 5474 aggravant,
1073 5401 1175 5455 illa:
1214 5413 1311 5454 nos
1340 5400 1548 5469 érigant
1579 5416 1593 5453 :
1622 5399 1729 5454 Cor
1749 5401 2040 5455 contritum

462 5505 516 5548 et
546 5495 880 5550 humiliatuin
910 5509 977 5550 ne
1029 5507 1249 5564 spernas
1279 5492 1333 5547 in
1373 5493 1528 5548 nobis
1560 5511 1574 5548 :
1607 5493 1699 5546 sed
1739 5509 1830 5563 per
1859 5494 2043 5547 inclia-

466 5585 624 5642 bilcm
673 5587 961 5656 potentiam
991 5586 1270 5641 Trinitatis
1319 5585 1584 5640 inhabitet
1615 5584 1666 5639 in
1697 5587 1850 5640 nobis
1877 5587 2046 5656 Spiri-

465 5681 550 5733 tus
585 5682 842 5746 Sanctus;
877 5683 1097 5736 innovet
1125 5680 1345 5750 spiritus
1376 5688 1594 5742 rectus;
1627 5681 1909 5733 conlirmet
1938 5681 2049 5748 spi-

466 5773 602 5827 ritus
641 5775 982 5842 principalis;
1035 5782 1196 5841 atque
1227 5773 1382 5826 unius
1421 5771 1708 5826 testimonii
1742 5771 1811 5824 sit
1836 5771 2042 5825 virtus:

468 5873 526 5922 ut
553 5866 901 5922 conﬁrmatos
931 5880 1026 5922 nos
1057 5881 1150 5936 per
1174 5867 1406 5934 Patrem,-
1438 5875 1492 5922 et
1523 5863 1806 5921 iunovatos
1837 5877 1930 5935 per
1961 5864 2047 5920 Fi-

1615 406 2052 480 nnsvmntuu
2092 412 2465 472 GOTHICUM.

2009 545 2061 603 Α
2087 539 2235 604 lium,
2278 535 2574 593 custoditos
2621 547 2720 590 nos
2747 546 2870 589 esse
2918 528 3246 602 gaudeamus
3274 538 3369 596 per
3411 521 3669 594 Spiritum

3561 403 3662 457 196

2091 632 2370 688 Sanctum.
2417 631 2454 692 ti
2477 668 2491 682 .
2521 629 2714 683 Amen.

2165 723 2267 778 Per
2303 719 2724 776 misericordiam
2757 727 2922 772 tuam.
3585 781 3590 785 _
3637 778 3652 787 Ὦ

2165 814 2460 883 Antiphona
2510 813 2562 868 1.
2612 811 2858 866 ιτειέιὶιοτ
2884 817 2939 863 et
2980 805 3233 861 exultabo
3260 803 3312 858 in
3343 811 3395 856 te
3424 818 3439 855 :
3468 806 3528 857 et
3564 799 3679 871 98

2095 908 2320 979 psallam
2351 905 2553 960 nomini
2586 915 2674 959 tuo
2701 904 2994 959 Altissime.
3021 899 3264 954 Psalmtu
3293 913 3368 952 Ix.

2171 1020 2372 1074 Orolio.
2426 1017 2482 1073 In
2515 1027 2625 1072 l0to
2653 1016 2815 1070 corde
2844 1023 3031 1069 nostro
3071 1011 3447 1067 conﬁtebimur
3474 1006 3681 1063 nomini

2098 1118 2192 1164 tuo
2248 1109 2501 1172 Domine,
2558 1107 2701 1175 quod
2760 1106 3035 1160 inimicum
3088 1112 3330 1157 nostrum
3381 1098 3683 1155 retrorsittn

2100 1201 2278 1256 redire
2322 1199 2522 1260 feciSIi;
2564 1199 2690 1252 dom
2734 1213 2856 1251 eum
2895 1193 3263 1266 potentialiter
3293 1191 3451 1262 ignea
3490 1189 3683 1245 catena

2101 1289 2349 1353 vinxisti;
2381 1298 2437 1344 et
2463 1303 2558 1342 nos
2581 1289 2646 1342 de
2670 1287 2837 1356 portis
2859 1286 3069 1349 mortis,
3094 1283 3360 1351 passiOuis
3387 1291 3492 1335 tua:
3513 1280 3688 1333 victo-

2102 1382 2180 1437 ria
2212 1380 2468 1436 liberasti.
2503 1379 2633 1433 Esto
2664 1393 2825 1444 nunc,
2858 1390 3166 1447 quaesumus
3192 1414 3207 1439 ,
3252 1383 3435 1428 custos
3462 1373 3682 1427 redem-

2104 1474 2339 1542 ptorum,
2389 1471 2478 1540 qui
2537 1469 2766 1537 prétium
2819 1471 2988 1523 lactus
3036 1482 3094 1522 es
3148 1465 3488 1533 peccatdrum
3523 1479 3535 1513 :
3568 1471 3690 1515 esto

2104 1563 2364 1632 refugium
2398 1561 2714 1630 pauperum,
2740 1558 2981 1614 del'e'nsio
3005 1558 3308 1622 viduarum,
3342 1563 3396 1609 et
3426 1553 3690 1622 protéctio

2106 1656 2428 1724 pupillorum
2460 1671 2472 1706 :
2501 1663 2558 1706 ut
2600 1652 2726 1706 dum
2759 1652 3091 1721 singulorum
3132 1645 3538 1704 necessitatibus
3577 1645 3659 1696 sin

2105 1747 2275 1814 gulari
2308 1746 2495 1799 favore
2524 1742 2865 1810 subvéneris,
2893 1741 3148 1812 singulari
3177 1739 3282 1795 [ide
3313 1737 3344 1792 'a
3369 1737 3574 1794 cunctis
3605 1735 3658 1788 in
3677 1769 3689 1778 ι

2106 1836 2440 1893 cessabiliter
2466 1835 2810 1890 collauderis.
2853 1835 2889 1901 ti
2913 1872 2927 1887 .
2955 1834 3147 1891 Amen.

2033 1906 2084 1971 Β
2178 1926 2281 1983 Per
2303 1925 2728 1982 misericordiam
2754 1935 2920 1978 tuam.

2701 2037 2768 2091 1η
2809 2036 3089 2090 Laudibus.

2185 2131 2483 2201 Antlphona
2521 2130 2578 2187 2.
2609 2130 2727 2185 Tibi
2758 2130 3044 2184 derelictus
3084 2131 3168 2183 est
3211 2139 3415 2198 panper
3449 2141 3461 2177 :
3491 2123 3699 2195 pupillo

2111 2229 2170 2276 tu
2200 2222 2307 2275 eris
2331 2221 2563 2289 adjotor.
2599 2218 2843 2273 Psalmus
2874 2234 2946 2273 ix.
2980 2216 3200 2271 Divisio.

2188 2311 2390 2365 Orotio.
2413 2309 2609 2365 Avérte
2633 2310 2856 2365 Domine
2874 2310 3117 2366 inimicos
3131 2318 3344 2364 nostros
3365 2307 3697 2370 retrorsum;

2118 2412 2195 2469 ut,
2228 2403 2357 2457 dt‘tm
2388 2401 2607 2472 aspicis,
2663 2403 3033 2468 inlirméntur;
3077 2413 3234 2472 atque
3263 2402 3375 2471 ipse
3401 2401 3615 2469 adjutor
3644 2401 3700 2454 in

2125 2493 2616 2564 opportunitatibus
2640 2495 2691 2548 in
2722 2495 3095 2560 tribulatione,
3118 2493 3580 2562 Opportunitatum
3606 2506 3704 2544 no-

2121 2585 2204 2641 bis
2234 2586 2464 2654 gratiam
2511 2592 2734 2654 praesta;
2775 2595 2832 2640 et
2868 2583 3268 2638 tribulationum
3319 2583 3526 2652 pondus
3569 2582 3704 2636 atto.

2127 2691 2271 2731 nua:
2303 2686 2362 2730 ut
2393 2690 2493 2732 nec
2532 2676 2859 2744 prosperitas
2906 2691 3005 2730 nos
3053 2675 3273 2730 revocet
3316 2675 3383 2728 ad
3434 2673 3705 2743 negligen-

2126 2769 2276 2832 tiam,
2324 2781 2423 2821 nec
2447 2767 2692 2836 angaSIia
2725 2766 2999 2835 pértrabat
3036 2767 3101 2820 ad
3129 2768 3336 2822 ruinam
3367 2784 3379 2819 :
3415 2766 3513 2820 sed
3545 2766 3704 2819 mise-

2127 2858 2267 2912 ratio
2291 2866 2380 2912 tua
2407 2872 2503 2912 nos
2526 2857 2782 2928 perducat
2808 2858 2874 2912 ad
2898 2858 3129 2913 veniam.
3176 2859 3212 2928 ιῆ
3236 2899 3248 2912 .
3275 2861 3468 2913 Amen.

2197 2950 2300 3005 Per
2327 2950 2751 3006 misericordiam
2791 2961 2957 3006 tuam.

2197 3045 2493 3112 Antiphona
2532 3043 2585 3098 5.
2621 3044 2952 3100 Dasitlérium
3003 3044 3298 3115 pauperum
3343 3043 3561 3100 exaudit
3601 3043 3710 3098 Do-

2131 3136 2330 3191 minus.
2365 3137 2606 3192 Psalmus
2634 3144 2710 3193 ix.
2742 3137 2964 3193 Diuisio.

2204 3231 2412 3285 Urotio.
2443 3231 2774 3287 Desiderium
2805 3234 3018 3288 tuorum
3053 3231 3278 3288 Domine
3308 3231 3602 3302 pauperum
3632 3233 3709 3288 sic

2133 3321 2354 3378 intende
2381 3323 2661 3394 propitius,
2696 3337 2753 3378 ut
2782 3333 2840 3379 et
2865 3325 3128 3380 donorum
3164 3325 3463 3381 caelestium
3496 3325 3707 3392 copiam

2133 3414 2290 3470 nobis
2319 3415 2557 3480 tribuas;
2597 3422 2654 3470 et
2677 3416 2921 3471 amOrcm
2966 3417 3402 3485 pratercontium
3457 3429 3642 3471 rerum
3680 3415 3714 3471 a

2134 3507 2288 3562 nobis
2317 3507 2528 3563 ave’rtas
2559 3524 2573 3561 :
2603 3508 2747 3562 auris
2775 3509 2990 3578 quoque
3017 3519 3104 3563 tua
3133 3517 3367 3563 nostram
3399 3511 3469 3564 ita
3502 3511 3704 3563 oratio-

2137 3613 2260 3652 nem
2310 3597 2592 3667 intelligat,
2635 3608 2692 3652 ut
2722 3600 2847 3653 dum
2880 3599 3080 3668 pupillo
3110 3599 3400 3669 humilique
3447 3598 3710 3667 judicium

2133 3688 2347 3754 feceris,
2382 3691 2602 3759 paterna
2633 3691 2786 3746 nobis
2811 3691 3139 3762 indulgentia
3170 3691 3490 3753 blandiaris;
3533 3700 3588 3745 et
3617 3698 3712 3758 pro

2129 3779 2505 3836 ltumilialione
2553 3781 2892 3850 praesentium
2927 3783 3119 3853 gaudia
3167 3783 3439 3838 retribuas
3479 3782 3716 3837 aeterno-

2137 3886 2278 3927 rum.
2325 3873 2398 3940 ti.
2433 3877 2629 3931 Amen.

2207 3967 2311 4022 Per
2341 3967 2772 4024 miscricordiam
2795 3977 2958 4024 tuam.

2215 4081 2250 4148 ιῆ
2274 4118 2290 4136 .
2335 4075 2633 4132 Auxilialor
2677 4085 2826 4125 meus
2851 4083 2910 4122 es
2957 4075 3034 4129 tu,
3068 4059 3314 4121 Domine,
3349 4071 3416 4111 ne
3463 4051 3706 4105 derelin-

2127 4143 2259 4244 quas
2305 4185 2412 4226 me.
2467 4165 2532 4220 Ρ.
2567 4163 2630 4218 Ει
2679 4177 2748 4216 ne
2799 4155 3066 4227 despicias
3116 4161 3224 4217 me,
3279 4148 3418 4202 Deus
3463 4143 3708 4196 Salvator
3771 4223 3774 4226 .

2128 4237 2298 4321 meus.
2356 4261 2386 4331 ᾖ
2416 4301 2428 4314 .
2457 4263 2650 4328 Legem
2686 4252 2816 4307 mihi
2846 4248 3109 4305 constitue
3143 4243 3364 4298 Domine
3393 4241 3444 4292 in
3474 4237 3560 4289 via
3593 4244 3707 4295 tua,

2132 4367 2187 4412 et
2207 4325 2375 4426 dirige
2403 4366 2486 4406 me
2516 4325 2568 4403 in
2596 4346 2783 4402 sémita
2835 4351 3000 4396 recta.
3033 4337 3096 4391 P.
3132 4336 3195 4389 Et
3225 4349 3290 4388 ne
3319 4325 3607 4398 deSpicias.
3627 4325 3660 4389 ᾗ
3689 4348 3708 4377 .

2135 4447 2337 4506 Gloria.
2365 4452 2419 4498 et
2445 4444 2636 4505 bonoi‘,
2667 4446 2773 4491 etc.
2810 4431 3090 4488 lleiterélur
3125 4427 3160 4494 ιῆ
3183 4465 3199 4483 .

2151 4569 2156 4574 -
2207 4539 2285 4592 Ad
2322 4536 2608 4592 comicum.
2661 4527 2980 4596 Antiphone.
3034 4522 3178 4575 Deus
3223 4513 3567 4581 omnipotens
3616 4515 3714 4560 no-‘

527 4605 732 4659 θ”άίίθο
780 4604 980 4660 Amne
1009 4603 1234 4658 Domi“
1264 4601 1514 4658 inimicos
1546 4610 1780 4658 "05"05'
1817 4599 2036 4672 nequi“
2065 4627 2115 4699 ι)
2139 4645 2257 4684 men
2283 4637 2364 4683 est
2391 4627 2464 4690 ei,
2513 4620 2792 4678 benedlcat
2846 4615 3021 4679 nobis,
3053 4621 3109 4666 et
3149 4607 3395 4664 créscere
3425 4615 3524 4656 nos
3552 4598 3717 4652 iaciat

2138 4723 2190 4776 in
2224 4730 2424 4772 turmas
2451 4714 2794 4784 populorum.

2348 4831 2614 4888 comicum
2654 4824 2869 4880 Genesis
2902 4817 3054 4888 (Cap.
3087 4827 3251 4875 xxv",
3283 4808 3502 4870 xxvm).

2213 4926 2354 4980 Ecce
2404 4921 2536 4976 odor
2582 4918 2672 4971 lilii
2705 4912 2806 4968 mei
2854 4911 2992 4964 sicut
3038 4907 3172 4960 odor
3220 4902 3332 4969 agri
3372 4892 3538 4966 pleni,
3573 4887 3716 4942 "eui

2141 5017 2416 5076 benedixit
2452 5012 2726 5068 Dominus.

2219 5107 2315 5164 Det
2344 5107 2437 5162 tibi
2480 5102 2734 5158 Dominus
2761 5095 2825 5150 de
2863 5107 2984 5148 rore
3030 5087 3172 5150 cmli,
3213 5093 3265 5138 et
3295 5080 3362 5135 de
3401 5073 3724 5164 pinguedine

2144 5215 2322 5266 terrm,
2349 5195 2728 5253 abundantiam
2758 5184 3025 5245 lrutnénti,
3057 5178 3189 5244 viui,
3219 5184 3274 5263 et
3301 5171 3427 5236 olei,
3453 5170 3482 5202 "‘
3520 5175 3573 5221 et
3592 5161 3727 5217 adoo‘

2143 5309 2261 5353 rent
2291 5305 2344 5347 le
2375 5292 2542 5345 tribus
2573 5307 2583 5340 :

2219 5390 2342 5444 Esto
2374 5383 2632 5439 Dominus
2677 5378 2900 5432 irati-um
2932 5369 3171 5430 tuorum,
3215 5363 3246 5395 ⁸
3274 5370 3327 5416 ct
3376 5351 3726 5412 incurventur

2145 5491 2266 5538 ante
2295 5491 2343 5533 te
2372 5477 2461 5530 lilii
2491 5471 2671 5528 matris
2695 5478 2798 5522 tum
2834 5482 2845 5516 :
3339 5540 3383 5542 U
3453 5538 3478 5542 μ
3678 5531 3691 5542 ⁸

2219 5575 2355 5626 Deus
2395 5577 2567 5620 autem
2609 5559 2952 5627 omnipotens
2985 5545 3266 5603 benedieat
3295 5540 3408 5602 tibi,
3450 5538 3483 5572 "
3509 5545 3564 5590 et
3603 5538 3728 5587 cre-

2149 5679 2299 5721 scere
2327 5672 2378 5714 te
2414 5658 2595 5725 faciat,
2625 5665 2785 5722 atque
2814 5641 3130 5714 multiplicet
3175 5655 3187 5691 :
3222 5644 3280 5690 ut
3316 5635 3390 5690 sis
3420 5629 3471 5685 in
3515 5636 3728 5684 turmas

2169 5757 2487 5809 munlérttm.

2169 5777 2216 5809 ιο
2239 5777 2487 5809 )ΙΙΙΟΙ“11111ο

2150 5777 2164 5828 Ι
2223 5777 2285 5905 ‘El
2319 5849 2408 5904 det
2439 5845 2528 5902 tibi
2561 5835 2956 5898 benedictioncs
2989 5829 3278 5892 Abraham,
3325 5833 3375 5878 et
3408 5817 3599 5876 se'ntini
3636 5819 3734 5872 tuo
