  <div class='ocr_page' id='page_1' title='image "/cluster/home/n/w/nwhite01/storage/ocr_20150623/86/hvd.32044015469463/104.png"; bbox 0 0 4006 6380; ppageno 0'>
   <div class='ocr_carea' id='block_1_1' title="bbox 224 429 320 499">
    <p class='ocr_par' dir='ltr' id='par_1_1' title="bbox 224 429 320 499">
     <span class='ocr_line' id='line_1_1' title="bbox 224 429 320 499; baseline -0.042 0"><span class='ocrx_word' id='word_1_1' title='bbox 224 429 320 499; x_wconf 70' lang='lat' dir='ltr'><strong>lii&quot;!</strong></span> 
     </span>
    </p>
   </div>
   <div class='ocr_carea' id='block_1_2' title="bbox 1155 421 2476 490">
    <p class='ocr_par' dir='ltr' id='par_1_2' title="bbox 1155 421 2476 490">
     <span class='ocr_line' id='line_1_2' title="bbox 1155 421 2476 490; baseline -0.005 0"><span class='ocrx_word' id='word_1_2' title='bbox 1155 428 1357 490; x_wconf 71' lang='lat' dir='ltr'><strong>FERIA</strong></span> <span class='ocrx_word' id='word_1_3' title='bbox 1402 433 1466 490; x_wconf 91' lang='lat' dir='ltr'><strong>lll</strong></span> <span class='ocrx_word' id='word_1_4' title='bbox 1507 432 1671 489; x_wconf 81' lang='lat' dir='ltr'><strong>POST</strong></span> <span class='ocrx_word' id='word_1_5' title='bbox 1708 421 2031 486; x_wconf 69' lang='grc' dir='ltr'>υοῑΑνιιι</span> <span class='ocrx_word' id='word_1_6' title='bbox 2072 421 2476 486; x_wconf 71' lang='grc' dir='ltr'><strong>ΕΡΙΡΠᾹΝΙᾹΞ.</strong></span> 
     </span>
    </p>
   </div>
   <div class='ocr_carea' id='block_1_3' title="bbox 3375 419 3480 488">
    <p class='ocr_par' dir='ltr' id='par_1_3' title="bbox 3375 419 3480 488">
     <span class='ocr_line' id='line_1_3' title="bbox 3375 419 3480 488; baseline -0.019 -1"><span class='ocrx_word' id='word_1_7' title='bbox 3375 419 3480 488; x_wconf 66' lang='lat'><strong>198</strong></span> 
     </span>
    </p>
   </div>
   <div class='ocr_carea' id='block_1_4' title="bbox 222 543 3481 628">
    <p class='ocr_par' dir='ltr' id='par_1_4' title="bbox 222 543 3481 628">
     <span class='ocr_line' id='line_1_4' title="bbox 222 543 3481 628; baseline -0.003 -17"><span class='ocrx_word' id='word_1_8' title='bbox 222 565 340 628; x_wconf 81' lang='lat' dir='ltr'><strong>post</strong></span> <span class='ocrx_word' id='word_1_9' title='bbox 394 563 446 608; x_wconf 85' lang='lat' dir='ltr'><strong>te</strong></span> <span class='ocrx_word' id='word_1_10' title='bbox 488 572 502 608; x_wconf 85' lang='lat'><strong><em>:</em></strong></span> <span class='ocrx_word' id='word_1_11' title='bbox 553 554 582 586; x_wconf 77' lang='lat'><strong>&quot;</strong></span> <span class='ocrx_word' id='word_1_12' title='bbox 629 559 685 606; x_wconf 89' lang='lat' dir='ltr'><strong>ut</strong></span> <span class='ocrx_word' id='word_1_13' title='bbox 743 550 1019 620; x_wconf 84' lang='lat' dir='ltr'><strong>possideas</strong></span> <span class='ocrx_word' id='word_1_14' title='bbox 1087 559 1282 606; x_wconf 82' lang='lat' dir='ltr'><strong>terram</strong></span> <span class='ocrx_word' id='word_1_15' title='bbox 1351 549 1799 620; x_wconf 79' lang='lat' dir='ltr'><strong>peregrinatit‘mis</strong></span> <span class='ocrx_word' id='word_1_16' title='bbox 1830 551 1876 608; x_wconf 81' lang='grc' dir='ltr'><strong>Δ</strong></span> <span class='ocrx_word' id='word_1_17' title='bbox 1904 549 1999 610; x_wconf 77' lang='lat' dir='ltr'><strong>ria.</strong></span> <span class='ocrx_word' id='word_1_18' title='bbox 2026 559 2080 604; x_wconf 87' lang='lat' dir='ltr'><strong>et</strong></span> <span class='ocrx_word' id='word_1_19' title='bbox 2122 549 2323 626; x_wconf 83' lang='lat' dir='ltr'><strong>honor,</strong></span> <span class='ocrx_word' id='word_1_20' title='bbox 2351 559 2455 603; x_wconf 90' lang='lat' dir='ltr'><strong>etc.</strong></span> <span class='ocrx_word' id='word_1_21' title='bbox 2491 546 2557 602; x_wconf 83' lang='lat' dir='ltr'><strong>P.</strong></span> <span class='ocrx_word' id='word_1_22' title='bbox 2597 547 2661 602; x_wconf 85' lang='lat' dir='ltr'><strong>Et</strong></span> <span class='ocrx_word' id='word_1_23' title='bbox 2689 559 2809 602; x_wconf 86' lang='lat' dir='ltr'><strong>ossa</strong></span> <span class='ocrx_word' id='word_1_24' title='bbox 2865 548 3072 602; x_wconf 79' lang='lat' dir='ltr'><strong>e6rum.</strong></span> <span class='ocrx_word' id='word_1_25' title='bbox 3105 543 3364 604; x_wconf 82' lang='lat' dir='ltr'><strong>Dominus</strong></span> <span class='ocrx_word' id='word_1_26' title='bbox 3411 554 3481 604; x_wconf 86' lang='lat' dir='ltr'><strong>sit</strong></span> 
     </span>
    </p>
   </div>
   <div class='ocr_carea' id='block_1_5' title="bbox 221 657 342 701">
    <p class='ocr_par' dir='ltr' id='par_1_5' title="bbox 221 657 342 701">
     <span class='ocr_line' id='line_1_5' title="bbox 221 657 342 701; baseline -0.017 0"><span class='ocrx_word' id='word_1_27' title='bbox 221 657 342 701; x_wconf 70' lang='lat' dir='ltr'><strong>tum.</strong></span> 
     </span>
    </p>
   </div>
   <div class='ocr_carea' id='block_1_6' title="bbox 288 732 1788 806">
    <p class='ocr_par' dir='ltr' id='par_1_6' title="bbox 288 732 1788 806">
     <span class='ocr_line' id='line_1_6' title="bbox 288 732 1788 806; baseline -0.003 -16"><span class='ocrx_word' id='word_1_28' title='bbox 288 737 599 806; x_wconf 75' lang='lat' dir='ltr'><strong>Antiphona.</strong></span> <span class='ocrx_word' id='word_1_29' title='bbox 644 735 780 788; x_wconf 86' lang='lat' dir='ltr'><strong>Deus</strong></span> <span class='ocrx_word' id='word_1_30' title='bbox 818 733 1152 801; x_wconf 86' lang='lat' dir='ltr'><strong>omnipotens</strong></span> <span class='ocrx_word' id='word_1_31' title='bbox 1183 748 1376 787; x_wconf 84' lang='lat' dir='ltr'><strong>nomen</strong></span> <span class='ocrx_word' id='word_1_32' title='bbox 1405 741 1488 787; x_wconf 90' lang='lat' dir='ltr'><strong>est</strong></span> <span class='ocrx_word' id='word_1_33' title='bbox 1515 733 1588 795; x_wconf 88' lang='lat' dir='ltr'><strong>ei,</strong></span> <span class='ocrx_word' id='word_1_34' title='bbox 1620 732 1788 786; x_wconf 82' lang='lat' dir='ltr'><strong>bene-</strong></span> 
     </span>
    </p>
   </div>
   <div class='ocr_carea' id='block_1_7' title="bbox 218 823 1791 892">
    <p class='ocr_par' dir='ltr' id='par_1_7' title="bbox 218 823 1791 892">
     <span class='ocr_line' id='line_1_7' title="bbox 218 823 1791 892; baseline -0.004 -11"><span class='ocrx_word' id='word_1_35' title='bbox 218 828 359 882; x_wconf 86' lang='lat' dir='ltr'><strong>dicat</strong></span> <span class='ocrx_word' id='word_1_36' title='bbox 387 827 560 892; x_wconf 87' lang='lat' dir='ltr'><strong>nobis,</strong></span> <span class='ocrx_word' id='word_1_37' title='bbox 611 833 666 880; x_wconf 89' lang='lat' dir='ltr'><strong>et</strong></span> <span class='ocrx_word' id='word_1_38' title='bbox 697 824 941 880; x_wconf 75' lang='lat' dir='ltr'><strong>crescere</strong></span> <span class='ocrx_word' id='word_1_39' title='bbox 981 839 1077 878; x_wconf 90' lang='lat' dir='ltr'><strong>nos</strong></span> <span class='ocrx_word' id='word_1_40' title='bbox 1101 823 1258 878; x_wconf 70' lang='lat' dir='ltr'><strong>{iiciat</strong></span> <span class='ocrx_word' id='word_1_41' title='bbox 1296 823 1348 876; x_wconf 87' lang='lat' dir='ltr'><strong>in</strong></span> <span class='ocrx_word' id='word_1_42' title='bbox 1393 833 1592 877; x_wconf 77' lang='lat' dir='ltr'><strong>turmas</strong></span> <span class='ocrx_word' id='word_1_43' title='bbox 1625 838 1791 891; x_wconf 74' lang='lat' dir='ltr'><strong>pepu-</strong></span> 
     </span>
    </p>
   </div>
   <div class='ocr_carea' id='block_1_8' title="bbox 219 921 412 974">
    <p class='ocr_par' dir='ltr' id='par_1_8' title="bbox 219 921 412 974">
     <span class='ocr_line' id='line_1_8' title="bbox 219 921 412 974; baseline 0 0"><span class='ocrx_word' id='word_1_44' title='bbox 219 921 412 974; x_wconf 87' lang='lat' dir='ltr'><strong>lorum.</strong></span> 
     </span>
    </p>
   </div>
   <div class='ocr_carea' id='block_1_9' title="bbox 289 1003 1794 1076">
    <p class='ocr_par' dir='ltr' id='par_1_9' title="bbox 289 1003 1794 1076">
     <span class='ocr_line' id='line_1_9' title="bbox 289 1003 1794 1076; baseline -0.007 -11"><span class='ocrx_word' id='word_1_45' title='bbox 289 1011 708 1065; x_wconf 78' lang='lat' dir='ltr'><strong>Matutimirium.</strong></span> <span class='ocrx_word' id='word_1_46' title='bbox 740 1009 776 1076; x_wconf 61' lang='grc' dir='ltr'>ιξ</span> <span class='ocrx_word' id='word_1_47' title='bbox 801 1050 814 1064; x_wconf 94' lang='grc'><strong>.</strong></span> <span class='ocrx_word' id='word_1_48' title='bbox 840 1007 992 1062; x_wconf 81' lang='lat' dir='ltr'><strong>Mane</strong></span> <span class='ocrx_word' id='word_1_49' title='bbox 1009 1007 1263 1062; x_wconf 73' lang='lat' dir='ltr'><strong>eximdies</strong></span> <span class='ocrx_word' id='word_1_50' title='bbox 1278 1017 1464 1060; x_wconf 78' lang='lat' dir='ltr'><strong>vorem</strong></span> <span class='ocrx_word' id='word_1_51' title='bbox 1481 1020 1676 1066; x_wconf 85' lang='lat' dir='ltr'><strong>meam,</strong></span> <span class='ocrx_word' id='word_1_52' title='bbox 1699 1003 1794 1056; x_wconf 59' lang='lat' dir='ltr'><strong>D7).</strong></span> 
     </span>
    </p>
   </div>
   <div class='ocr_carea' id='block_1_10' title="bbox 216 1095 1790 1164">
    <p class='ocr_par' dir='ltr' id='par_1_10' title="bbox 216 1095 1790 1164">
     <span class='ocr_line' id='line_1_10' title="bbox 216 1095 1790 1164; baseline -0.004 -10"><span class='ocrx_word' id='word_1_53' title='bbox 216 1104 383 1155; x_wconf 87' lang='lat' dir='ltr'><strong>mine.</strong></span> <span class='ocrx_word' id='word_1_54' title='bbox 416 1100 651 1154; x_wconf 78' lang='lat' dir='ltr'><strong>P.Mané</strong></span> <span class='ocrx_word' id='word_1_55' title='bbox 672 1100 892 1154; x_wconf 67' lang='lat' dir='ltr'><strong>adstobo</strong></span> <span class='ocrx_word' id='word_1_56' title='bbox 923 1099 1036 1164; x_wconf 88' lang='lat' dir='ltr'><strong>tibi,</strong></span> <span class='ocrx_word' id='word_1_57' title='bbox 1069 1109 1122 1151; x_wconf 88' lang='lat' dir='ltr'><strong>et</strong></span> <span class='ocrx_word' id='word_1_58' title='bbox 1151 1098 1388 1150; x_wconf 66' lang='lat' dir='ltr'><strong>adoroho</strong></span> <span class='ocrx_word' id='word_1_59' title='bbox 1420 1107 1490 1149; x_wconf 88' lang='lat' dir='ltr'><strong>te.</strong></span> <span class='ocrx_word' id='word_1_60' title='bbox 1534 1097 1566 1164; x_wconf 59' lang='grc' dir='ltr'><em>ᾗ</em></span> <span class='ocrx_word' id='word_1_61' title='bbox 1593 1095 1790 1148; x_wconf 82' lang='lat' dir='ltr'><strong>.Verha</strong></span> 
     </span>
    </p>
   </div>
   <div class='ocr_carea' id='block_1_11' title="bbox 217 1188 1790 1259">
    <p class='ocr_par' dir='ltr' id='par_1_11' title="bbox 217 1188 1790 1259">
     <span class='ocr_line' id='line_1_11' title="bbox 217 1188 1790 1259; baseline -0.003 -17"><span class='ocrx_word' id='word_1_62' title='bbox 217 1207 334 1244; x_wconf 85' lang='lat' dir='ltr'><strong>inea</strong></span> <span class='ocrx_word' id='word_1_63' title='bbox 387 1192 605 1244; x_wconf 68' lang='lat' dir='ltr'><strong>{mribus</strong></span> <span class='ocrx_word' id='word_1_64' title='bbox 640 1189 870 1259; x_wconf 70' lang='lat' dir='ltr'><strong>percipe,</strong></span> <span class='ocrx_word' id='word_1_65' title='bbox 918 1189 1184 1243; x_wconf 87' lang='lat' dir='ltr'><strong>Domine:</strong></span> <span class='ocrx_word' id='word_1_66' title='bbox 1214 1188 1447 1255; x_wconf 77' lang='lat' dir='ltr'><strong>inléllige</strong></span> <span class='ocrx_word' id='word_1_67' title='bbox 1499 1189 1790 1240; x_wconf 77' lang='lat' dir='ltr'><strong>clamorem</strong></span> 
     </span>
    </p>
   </div>
   <div class='ocr_carea' id='block_1_12' title="bbox 219 1279 1788 1349">
    <p class='ocr_par' dir='ltr' id='par_1_12' title="bbox 219 1279 1788 1349">
     <span class='ocr_line' id='line_1_12' title="bbox 219 1279 1788 1349; baseline -0.004 -11"><span class='ocrx_word' id='word_1_68' title='bbox 219 1300 421 1338; x_wconf 90' lang='lat' dir='ltr'><strong>meum.</strong></span> <span class='ocrx_word' id='word_1_69' title='bbox 447 1281 515 1338; x_wconf 87' lang='grc' dir='ltr'><strong>Ρ.</strong></span> <span class='ocrx_word' id='word_1_70' title='bbox 547 1282 697 1336; x_wconf 79' lang='lat' dir='ltr'><strong>Mane</strong></span> <span class='ocrx_word' id='word_1_71' title='bbox 747 1282 985 1336; x_wconf 65' lang='lat' dir='ltr'><strong>adstdho.</strong></span> <span class='ocrx_word' id='word_1_72' title='bbox 1026 1281 1058 1349; x_wconf 58' lang='grc' dir='ltr'>ᾖ</span> <span class='ocrx_word' id='word_1_73' title='bbox 1087 1319 1100 1333; x_wconf 94' lang='grc'><strong>.</strong></span> <span class='ocrx_word' id='word_1_74' title='bbox 1133 1280 1335 1346; x_wconf 84' lang='lat' dir='ltr'><strong>Gloria,</strong></span> <span class='ocrx_word' id='word_1_75' title='bbox 1379 1291 1432 1333; x_wconf 89' lang='lat' dir='ltr'><strong>et</strong></span> <span class='ocrx_word' id='word_1_76' title='bbox 1463 1279 1654 1343; x_wconf 82' lang='lat' dir='ltr'><strong>honor,</strong></span> <span class='ocrx_word' id='word_1_77' title='bbox 1685 1291 1788 1332; x_wconf 84' lang='lat' dir='ltr'><strong>etc.</strong></span> 
     </span>
    </p>
   </div>
   <div class='ocr_carea' id='block_1_13' title="bbox 216 1371 1106 1443">
    <p class='ocr_par' dir='ltr' id='par_1_13' title="bbox 216 1371 1106 1443">
     <span class='ocr_line' id='line_1_13' title="bbox 216 1371 1106 1443; baseline -0.006 -13"><span class='ocrx_word' id='word_1_78' title='bbox 216 1375 506 1430; x_wconf 80' lang='lat' dir='ltr'><strong>Iieiterélur</strong></span> <span class='ocrx_word' id='word_1_79' title='bbox 542 1375 579 1443; x_wconf 62' lang='grc' dir='ltr'><strong>ἢ</strong></span> <span class='ocrx_word' id='word_1_80' title='bbox 601 1414 615 1428; x_wconf 90' lang='grc'><strong>.</strong></span> <span class='ocrx_word' id='word_1_81' title='bbox 649 1374 802 1428; x_wconf 77' lang='lat' dir='ltr'><strong>Mane</strong></span> <span class='ocrx_word' id='word_1_82' title='bbox 832 1371 1106 1427; x_wconf 68' lang='lat' dir='ltr'><strong>exoudies.</strong></span> 
     </span>
    </p>
   </div>
   <div class='ocr_carea' id='block_1_14' title="bbox 289 1461 1790 1533">
    <p class='ocr_par' dir='ltr' id='par_1_14' title="bbox 289 1461 1790 1533">
     <span class='ocr_line' id='line_1_14' title="bbox 289 1461 1790 1533; baseline -0.007 -12"><span class='ocrx_word' id='word_1_83' title='bbox 289 1467 495 1521; x_wconf 85' lang='lat' dir='ltr'><strong>Lauda.</strong></span> <span class='ocrx_word' id='word_1_84' title='bbox 527 1466 582 1520; x_wconf 92' lang='lat' dir='ltr'><strong>In</strong></span> <span class='ocrx_word' id='word_1_85' title='bbox 614 1468 812 1520; x_wconf 83' lang='lat' dir='ltr'><strong>sanctis</strong></span> <span class='ocrx_word' id='word_1_86' title='bbox 839 1464 954 1533; x_wconf 87' lang='lat' dir='ltr'><strong>ejus</strong></span> <span class='ocrx_word' id='word_1_87' title='bbox 978 1463 1188 1518; x_wconf 59' lang='lat' dir='ltr'><strong>laudate</strong></span> <span class='ocrx_word' id='word_1_88' title='bbox 1217 1461 1522 1515; x_wconf 75' lang='lat' dir='ltr'><strong>DOminum.</strong></span> <span class='ocrx_word' id='word_1_89' title='bbox 1543 1461 1790 1525; x_wconf 67' lang='lat' dir='ltr'><strong>Alleluia,</strong></span> 
     </span>
    </p>
   </div>
   <div class='ocr_carea' id='block_1_15' title="bbox 217 1552 1797 1622">
    <p class='ocr_par' dir='ltr' id='par_1_15' title="bbox 217 1552 1797 1622">
     <span class='ocr_line' id='line_1_15' title="bbox 217 1552 1797 1622; baseline -0.006 -9"><span class='ocrx_word' id='word_1_90' title='bbox 217 1559 429 1613; x_wconf 80' lang='lat' dir='ltr'><strong>alleluia</strong></span> <span class='ocrx_word' id='word_1_91' title='bbox 461 1574 478 1614; x_wconf 84' lang='lat'><strong>:</strong></span> <span class='ocrx_word' id='word_1_92' title='bbox 515 1557 569 1611; x_wconf 92' lang='lat' dir='ltr'><strong>in</strong></span> <span class='ocrx_word' id='word_1_93' title='bbox 595 1555 928 1612; x_wconf 75' lang='lat' dir='ltr'><strong>ﬁrmamento</strong></span> <span class='ocrx_word' id='word_1_94' title='bbox 960 1556 1169 1608; x_wconf 80' lang='lat' dir='ltr'><strong>virtutis</strong></span> <span class='ocrx_word' id='word_1_95' title='bbox 1211 1553 1326 1622; x_wconf 89' lang='lat' dir='ltr'><strong>ejus</strong></span> <span class='ocrx_word' id='word_1_96' title='bbox 1370 1554 1584 1605; x_wconf 66' lang='lat' dir='ltr'><strong>laudote</strong></span> <span class='ocrx_word' id='word_1_97' title='bbox 1615 1552 1797 1605; x_wconf 88' lang='lat' dir='ltr'><strong>Domi-</strong></span> 
     </span>
    </p>
   </div>
   <div class='ocr_carea' id='block_1_16' title="bbox 217 1645 1160 1715">
    <p class='ocr_par' dir='ltr' id='par_1_16' title="bbox 217 1645 1160 1715">
     <span class='ocr_line' id='line_1_16' title="bbox 217 1645 1160 1715; baseline -0.006 -9"><span class='ocrx_word' id='word_1_98' title='bbox 217 1668 370 1706; x_wconf 92' lang='lat' dir='ltr'><strong>num.</strong></span> <span class='ocrx_word' id='word_1_99' title='bbox 402 1651 650 1715; x_wconf 76' lang='lat' dir='ltr'><strong>Alleluia,</strong></span> <span class='ocrx_word' id='word_1_100' title='bbox 682 1650 914 1704; x_wconf 80' lang='lat' dir='ltr'><strong>alleluia.</strong></span> <span class='ocrx_word' id='word_1_101' title='bbox 949 1645 1040 1702; x_wconf 81' lang='lat' dir='ltr'><strong>Ps.</strong></span> <span class='ocrx_word' id='word_1_102' title='bbox 1074 1663 1160 1702; x_wconf 82' lang='grc' dir='ltr'><strong>οι..</strong></span> 
     </span>
    </p>
   </div>
   <div class='ocr_carea' id='block_1_17' title="bbox 290 1741 1796 1814">
    <p class='ocr_par' dir='ltr' id='par_1_17' title="bbox 290 1741 1796 1814">
     <span class='ocr_line' id='line_1_17' title="bbox 290 1741 1796 1814; baseline -0.002 -17"><span class='ocrx_word' id='word_1_103' title='bbox 290 1743 594 1814; x_wconf 71' lang='lat' dir='ltr'><strong>Prophetia.</strong></span> <span class='ocrx_word' id='word_1_104' title='bbox 643 1743 764 1811; x_wconf 83' lang='lat' dir='ltr'><strong>Fili,</strong></span> <span class='ocrx_word' id='word_1_105' title='bbox 799 1743 944 1799; x_wconf 79' lang='lat' dir='ltr'><strong>Habe</strong></span> <span class='ocrx_word' id='word_1_106' title='bbox 973 1743 1220 1797; x_wconf 63' lang='lat' dir='ltr'><strong>ﬁduciam</strong></span> <span class='ocrx_word' id='word_1_107' title='bbox 1262 1742 1313 1797; x_wconf 88' lang='lat' dir='ltr'><strong>in</strong></span> <span class='ocrx_word' id='word_1_108' title='bbox 1347 1741 1592 1798; x_wconf 81' lang='lat' dir='ltr'><strong>Domino.</strong></span> <span class='ocrx_word' id='word_1_109' title='bbox 1616 1741 1796 1808; x_wconf 81' lang='lat' dir='ltr'><strong>Qua&#39;re</strong></span> 
     </span>
    </p>
   </div>
   <div class='ocr_carea' id='block_1_18' title="bbox 216 1837 433 1907">
    <p class='ocr_par' dir='ltr' id='par_1_18' title="bbox 216 1837 433 1907">
     <span class='ocr_line' id='line_1_18' title="bbox 216 1837 433 1907; baseline 0 -17"><span class='ocrx_word' id='word_1_110' title='bbox 216 1838 318 1907; x_wconf 76' lang='grc' dir='ltr'><strong>[οἱ.</strong></span> <span class='ocrx_word' id='word_1_111' title='bbox 347 1837 433 1893; x_wconf 80' lang='grc'><strong>95.</strong></span> 
     </span>
    </p>
   </div>
   <div class='ocr_carea' id='block_1_19' title="bbox 878 1905 1137 1977">
    <p class='ocr_par' dir='ltr' id='par_1_19' title="bbox 878 1905 1137 1977">
     <span class='ocr_line' id='line_1_19' title="bbox 878 1905 1137 1977; baseline 0.004 -17"><span class='ocrx_word' id='word_1_112' title='bbox 878 1905 1137 1977; x_wconf 74' lang='lat' dir='ltr'><strong>Hymnus.</strong></span> 
     </span>
    </p>
   </div>
   <div class='ocr_carea' id='block_1_20' title="bbox 435 2020 1038 2078">
    <p class='ocr_par' dir='ltr' id='par_1_20' title="bbox 435 2020 1038 2078">
     <span class='ocr_line' id='line_1_20' title="bbox 435 2020 1038 2078; baseline -0.007 0"><span class='ocrx_word' id='word_1_113' title='bbox 435 2023 576 2078; x_wconf 87' lang='lat' dir='ltr'><strong>Deus</strong></span> <span class='ocrx_word' id='word_1_114' title='bbox 605 2020 790 2076; x_wconf 70' lang='lat' dir='ltr'><strong>tetérni</strong></span> <span class='ocrx_word' id='word_1_115' title='bbox 822 2021 1038 2075; x_wconf 78' lang='lat' dir='ltr'><strong>luminis</strong></span> 
     </span>
    </p>
   </div>
   <div class='ocr_carea' id='block_1_21' title="bbox 367 2110 1018 2176">
    <p class='ocr_par' dir='ltr' id='par_1_21' title="bbox 367 2110 1018 2176">
     <span class='ocr_line' id='line_1_21' title="bbox 367 2110 1018 2176; baseline -0.003 -10"><span class='ocrx_word' id='word_1_116' title='bbox 367 2111 580 2166; x_wconf 82' lang='lat' dir='ltr'><strong>Candor</strong></span> <span class='ocrx_word' id='word_1_117' title='bbox 610 2110 981 2164; x_wconf 58' lang='lat' dir='ltr'><strong>inenarrabilis</strong></span> <span class='ocrx_word' id='word_1_118' title='bbox 1001 2150 1018 2176; x_wconf 95' lang='lat'><strong>,</strong></span> 
     </span>
    </p>
   </div>
   <div class='ocr_carea' id='block_1_22' title="bbox 371 2202 985 2272">
    <p class='ocr_par' dir='ltr' id='par_1_22' title="bbox 371 2202 985 2272">
     <span class='ocr_line' id='line_1_22' title="bbox 371 2202 985 2272; baseline 0.002 -18"><span class='ocrx_word' id='word_1_119' title='bbox 371 2203 548 2257; x_wconf 69' lang='lat' dir='ltr'><strong>Vento</strong></span> <span class='ocrx_word' id='word_1_120' title='bbox 561 2217 648 2257; x_wconf 82' lang='lat' dir='ltr'><strong>rus</strong></span> <span class='ocrx_word' id='word_1_121' title='bbox 677 2203 779 2258; x_wconf 84' lang='lat' dir='ltr'><strong>diéi</strong></span> <span class='ocrx_word' id='word_1_122' title='bbox 801 2202 985 2272; x_wconf 81' lang='lat' dir='ltr'><strong>judex,</strong></span> 
     </span>
    </p>
   </div>
   <div class='ocr_carea' id='block_1_23' title="bbox 367 2293 1118 2361">
    <p class='ocr_par' dir='ltr' id='par_1_23' title="bbox 367 2293 1118 2361">
     <span class='ocr_line' id='line_1_23' title="bbox 367 2293 1118 2361; baseline -0.003 -13"><span class='ocrx_word' id='word_1_123' title='bbox 367 2295 468 2361; x_wconf 87' lang='lat' dir='ltr'><strong>Qui</strong></span> <span class='ocrx_word' id='word_1_124' title='bbox 495 2296 689 2349; x_wconf 87' lang='lat' dir='ltr'><strong>mentis</strong></span> <span class='ocrx_word' id='word_1_125' title='bbox 715 2296 920 2348; x_wconf 78' lang='lat' dir='ltr'><strong>occulta</strong></span> <span class='ocrx_word' id='word_1_126' title='bbox 950 2293 1118 2347; x_wconf 77' lang='lat' dir='ltr'><strong>vides.</strong></span> 
     </span>
    </p>
   </div>
   <div class='ocr_carea' id='block_1_24' title="bbox 435 2388 1265 2457">
    <p class='ocr_par' dir='ltr' id='par_1_24' title="bbox 435 2388 1265 2457">
     <span class='ocr_line' id='line_1_24' title="bbox 435 2388 1265 2457; baseline -0.002 -15"><span class='ocrx_word' id='word_1_127' title='bbox 435 2389 514 2442; x_wconf 86' lang='lat' dir='ltr'><strong>Tu</strong></span> <span class='ocrx_word' id='word_1_128' title='bbox 546 2403 764 2457; x_wconf 80' lang='lat' dir='ltr'><strong>regnum</strong></span> <span class='ocrx_word' id='word_1_129' title='bbox 795 2388 1052 2442; x_wconf 72' lang='lat' dir='ltr'><strong>cmiOrum</strong></span> <span class='ocrx_word' id='word_1_130' title='bbox 1096 2394 1265 2451; x_wconf 68' lang='lat' dir='ltr'><strong>tenes,</strong></span> 
     </span>
    </p>
   </div>
   <div class='ocr_carea' id='block_1_25' title="bbox 361 2479 1068 2540">
    <p class='ocr_par' dir='ltr' id='par_1_25' title="bbox 361 2479 1068 2540">
     <span class='ocr_line' id='line_1_25' title="bbox 361 2479 1068 2540; baseline -0.003 -8"><span class='ocrx_word' id='word_1_131' title='bbox 361 2479 428 2532; x_wconf 88' lang='lat' dir='ltr'><strong>Et</strong></span> <span class='ocrx_word' id='word_1_132' title='bbox 460 2487 601 2532; x_wconf 89' lang='lat' dir='ltr'><strong>totus</strong></span> <span class='ocrx_word' id='word_1_133' title='bbox 634 2481 684 2532; x_wconf 92' lang='lat' dir='ltr'><strong>in</strong></span> <span class='ocrx_word' id='word_1_134' title='bbox 709 2479 872 2532; x_wconf 84' lang='lat' dir='ltr'><strong>verbo</strong></span> <span class='ocrx_word' id='word_1_135' title='bbox 903 2488 954 2530; x_wconf 87' lang='lat' dir='ltr'><strong>tu</strong></span> <span class='ocrx_word' id='word_1_136' title='bbox 986 2493 1068 2540; x_wconf 88' lang='lat' dir='ltr'><strong>es,</strong></span> 
     </span>
    </p>
   </div>
   <div class='ocr_carea' id='block_1_26' title="bbox 363 2569 1072 2638">
    <p class='ocr_par' dir='ltr' id='par_1_26' title="bbox 363 2569 1072 2638">
     <span class='ocr_line' id='line_1_26' title="bbox 363 2569 1072 2638; baseline -0.003 -14"><span class='ocrx_word' id='word_1_137' title='bbox 363 2571 464 2624; x_wconf 83' lang='lat' dir='ltr'><strong>Per</strong></span> <span class='ocrx_word' id='word_1_138' title='bbox 494 2570 686 2624; x_wconf 87' lang='lat' dir='ltr'><strong>Filium</strong></span> <span class='ocrx_word' id='word_1_139' title='bbox 714 2579 905 2624; x_wconf 86' lang='lat' dir='ltr'><strong>cuncta</strong></span> <span class='ocrx_word' id='word_1_140' title='bbox 930 2569 1072 2638; x_wconf 81' lang='lat' dir='ltr'><strong>regis</strong></span> 
     </span>
    </p>
   </div>
   <div class='ocr_carea' id='block_1_27' title="bbox 362 2660 1051 2729">
    <p class='ocr_par' dir='ltr' id='par_1_27' title="bbox 362 2660 1051 2729">
     <span class='ocr_line' id='line_1_27' title="bbox 362 2660 1051 2729; baseline -0.009 -12"><span class='ocrx_word' id='word_1_141' title='bbox 362 2661 560 2717; x_wconf 85' lang='lat' dir='ltr'><strong>Sancto</strong></span> <span class='ocrx_word' id='word_1_142' title='bbox 581 2660 803 2729; x_wconf 75' lang='lat' dir='ltr'><strong>Spiritui</strong></span> <span class='ocrx_word' id='word_1_143' title='bbox 829 2661 949 2714; x_wconf 79' lang='lat' dir='ltr'><strong>fons</strong></span> <span class='ocrx_word' id='word_1_144' title='bbox 971 2675 1051 2713; x_wconf 87' lang='lat' dir='ltr'><strong>es.</strong></span> 
     </span>
    </p>
   </div>
   <div class='ocr_carea' id='block_1_28' title="bbox 431 2752 1218 2816">
    <p class='ocr_par' dir='ltr' id='par_1_28' title="bbox 431 2752 1218 2816">
     <span class='ocr_line' id='line_1_28' title="bbox 431 2752 1218 2816; baseline -0.004 -7"><span class='ocrx_word' id='word_1_145' title='bbox 431 2754 653 2809; x_wconf 86' lang='lat' dir='ltr'><strong>Trinum</strong></span> <span class='ocrx_word' id='word_1_146' title='bbox 683 2769 879 2809; x_wconf 90' lang='lat' dir='ltr'><strong>nomen</strong></span> <span class='ocrx_word' id='word_1_147' title='bbox 909 2754 1013 2807; x_wconf 75' lang='lat' dir='ltr'><strong>altu</strong></span> <span class='ocrx_word' id='word_1_148' title='bbox 1047 2752 1218 2816; x_wconf 81' lang='lat' dir='ltr'><strong>vides,</strong></span> 
     </span>
    </p>
   </div>
   <div class='ocr_carea' id='block_1_29' title="bbox 365 2844 1079 2915">
    <p class='ocr_par' dir='ltr' id='par_1_29' title="bbox 365 2844 1079 2915">
     <span class='ocr_line' id='line_1_29' title="bbox 365 2844 1079 2915; baseline 0 -16"><span class='ocrx_word' id='word_1_149' title='bbox 365 2844 543 2900; x_wconf 89' lang='lat' dir='ltr'><strong>Unum</strong></span> <span class='ocrx_word' id='word_1_150' title='bbox 576 2860 668 2912; x_wconf 86' lang='lat' dir='ltr'><strong>per</strong></span> <span class='ocrx_word' id='word_1_151' title='bbox 697 2844 874 2899; x_wconf 85' lang='lat' dir='ltr'><strong>omnia</strong></span> <span class='ocrx_word' id='word_1_152' title='bbox 905 2855 1079 2915; x_wconf 68' lang='lat' dir='ltr'><strong>poles,</strong></span> 
     </span>
    </p>
   </div>
   <div class='ocr_carea' id='block_1_30' title="bbox 366 2936 1242 3006">
    <p class='ocr_par' dir='ltr' id='par_1_30' title="bbox 366 2936 1242 3006">
     <span class='ocr_line' id='line_1_30' title="bbox 366 2936 1242 3006; baseline -0.002 -15"><span class='ocrx_word' id='word_1_153' title='bbox 366 2937 666 3006; x_wconf 81' lang='lat' dir='ltr'><strong>Miromque</strong></span> <span class='ocrx_word' id='word_1_154' title='bbox 696 2952 789 3003; x_wconf 87' lang='lat' dir='ltr'><strong>per</strong></span> <span class='ocrx_word' id='word_1_155' title='bbox 819 2937 1025 3006; x_wconf 79' lang='lat' dir='ltr'><strong>signum</strong></span> <span class='ocrx_word' id='word_1_156' title='bbox 1058 2936 1242 2990; x_wconf 77' lang='lat' dir='ltr'><strong>Crucis</strong></span> 
     </span>
    </p>
   </div>
   <div class='ocr_carea' id='block_1_31' title="bbox 369 3026 1128 3082">
    <p class='ocr_par' dir='ltr' id='par_1_31' title="bbox 369 3026 1128 3082">
     <span class='ocr_line' id='line_1_31' title="bbox 369 3026 1128 3082; baseline -0.003 -1"><span class='ocrx_word' id='word_1_157' title='bbox 369 3027 415 3082; x_wconf 81' lang='grc' dir='ltr'>Τ</span> <span class='ocrx_word' id='word_1_158' title='bbox 422 3043 452 3080; x_wconf 86' lang='grc' dir='ltr'><strong>ιι</strong></span> <span class='ocrx_word' id='word_1_159' title='bbox 484 3038 658 3081; x_wconf 91' lang='lat' dir='ltr'><strong>rector</strong></span> <span class='ocrx_word' id='word_1_160' title='bbox 684 3026 954 3081; x_wconf 70' lang='lat' dir='ltr'><strong>immensze</strong></span> <span class='ocrx_word' id='word_1_161' title='bbox 978 3026 1128 3079; x_wconf 89' lang='lat' dir='ltr'><strong>lucis.</strong></span> 
     </span>
    </p>
   </div>
   <div class='ocr_carea' id='block_1_32' title="bbox 439 3117 1198 3179">
    <p class='ocr_par' dir='ltr' id='par_1_32' title="bbox 439 3117 1198 3179">
     <span class='ocr_line' id='line_1_32' title="bbox 439 3117 1198 3179; baseline 0 -8"><span class='ocrx_word' id='word_1_162' title='bbox 439 3117 518 3172; x_wconf 86' lang='lat' dir='ltr'><strong>Tu</strong></span> <span class='ocrx_word' id='word_1_163' title='bbox 551 3117 732 3171; x_wconf 92' lang='lat' dir='ltr'><strong>mundi</strong></span> <span class='ocrx_word' id='word_1_164' title='bbox 763 3118 1082 3172; x_wconf 79' lang='lat' dir='ltr'><strong>constitutor</strong></span> <span class='ocrx_word' id='word_1_165' title='bbox 1117 3131 1198 3179; x_wconf 86' lang='lat' dir='ltr'><strong>es,</strong></span> 
     </span>
    </p>
   </div>
   <div class='ocr_carea' id='block_1_33' title="bbox 366 3208 1216 3278">
    <p class='ocr_par' dir='ltr' id='par_1_33' title="bbox 366 3208 1216 3278">
     <span class='ocr_line' id='line_1_33' title="bbox 366 3208 1216 3278; baseline -0.001 -14"><span class='ocrx_word' id='word_1_166' title='bbox 366 3209 451 3264; x_wconf 79' lang='lat' dir='ltr'><strong>Tu</strong></span> <span class='ocrx_word' id='word_1_167' title='bbox 480 3209 808 3278; x_wconf 84' lang='lat' dir='ltr'><strong>sempitéruo</strong></span> <span class='ocrx_word' id='word_1_168' title='bbox 840 3210 1032 3262; x_wconf 92' lang='lat' dir='ltr'><strong>throno</strong></span> <span class='ocrx_word' id='word_1_169' title='bbox 1060 3208 1216 3263; x_wconf 75' lang='lat' dir='ltr'><strong>sedes</strong></span> 
     </span>
    </p>
   </div>
   <div class='ocr_carea' id='block_1_34' title="bbox 363 3301 1049 3365">
    <p class='ocr_par' dir='ltr' id='par_1_34' title="bbox 363 3301 1049 3365">
     <span class='ocr_line' id='line_1_34' title="bbox 363 3301 1049 3365; baseline -0.003 -9"><span class='ocrx_word' id='word_1_170' title='bbox 363 3301 560 3365; x_wconf 80' lang='lat' dir='ltr'><strong>Judex,</strong></span> <span class='ocrx_word' id='word_1_171' title='bbox 593 3316 656 3355; x_wconf 82' lang='lat' dir='ltr'><strong>ex</strong></span> <span class='ocrx_word' id='word_1_172' title='bbox 686 3301 794 3354; x_wconf 87' lang='lat' dir='ltr'><strong>alto</strong></span> <span class='ocrx_word' id='word_1_173' title='bbox 824 3301 1049 3354; x_wconf 84' lang='lat' dir='ltr'><strong>lliimilis</strong></span> 
     </span>
    </p>
   </div>
   <div class='ocr_carea' id='block_1_35' title="bbox 372 3391 1031 3461">
    <p class='ocr_par' dir='ltr' id='par_1_35' title="bbox 372 3391 1031 3461">
     <span class='ocr_line' id='line_1_35' title="bbox 372 3391 1031 3461; baseline -0.003 -15"><span class='ocrx_word' id='word_1_174' title='bbox 372 3391 575 3448; x_wconf 76' lang='lat' dir='ltr'><strong>VeniSIi</strong></span> <span class='ocrx_word' id='word_1_175' title='bbox 603 3395 704 3461; x_wconf 79' lang='lat' dir='ltr'><strong>pati</strong></span> <span class='ocrx_word' id='word_1_176' title='bbox 738 3408 831 3461; x_wconf 87' lang='lat' dir='ltr'><strong>pro</strong></span> <span class='ocrx_word' id='word_1_177' title='bbox 858 3391 1031 3445; x_wconf 88' lang='lat' dir='ltr'><strong>nobis.</strong></span> 
     </span>
    </p>
   </div>
   <div class='ocr_carea' id='block_1_36' title="bbox 441 3484 1170 3550">
    <p class='ocr_par' dir='ltr' id='par_1_36' title="bbox 441 3484 1170 3550">
     <span class='ocr_line' id='line_1_36' title="bbox 441 3484 1170 3550; baseline -0.004 -13"><span class='ocrx_word' id='word_1_178' title='bbox 441 3485 518 3538; x_wconf 81' lang='lat' dir='ltr'><strong>Tu</strong></span> <span class='ocrx_word' id='word_1_179' title='bbox 546 3485 790 3541; x_wconf 72' lang='lat' dir='ltr'><strong>Siibaoth</strong></span> <span class='ocrx_word' id='word_1_180' title='bbox 815 3484 1170 3550; x_wconf 87' lang='lat' dir='ltr'><strong>omnipotens,</strong></span> 
     </span>
    </p>
   </div>
   <div class='ocr_carea' id='block_1_37' title="bbox 379 3575 1255 3637">
    <p class='ocr_par' dir='ltr' id='par_1_37' title="bbox 379 3575 1255 3637">
     <span class='ocr_line' id='line_1_37' title="bbox 379 3575 1255 3637; baseline -0.002 -7"><span class='ocrx_word' id='word_1_181' title='bbox 379 3577 456 3630; x_wconf 81' lang='lat' dir='ltr'><strong>Tu</strong></span> <span class='ocrx_word' id='word_1_182' title='bbox 486 3577 731 3632; x_wconf 68' lang='lat' dir='ltr'><strong>llosiinna</strong></span> <span class='ocrx_word' id='word_1_183' title='bbox 761 3575 954 3631; x_wconf 90' lang='lat' dir='ltr'><strong>summi</strong></span> <span class='ocrx_word' id='word_1_184' title='bbox 983 3575 1255 3637; x_wconf 82' lang='lat' dir='ltr'><strong>culminis,</strong></span> 
     </span>
    </p>
   </div>
   <div class='ocr_carea' id='block_1_38' title="bbox 376 3669 1045 3734">
    <p class='ocr_par' dir='ltr' id='par_1_38' title="bbox 376 3669 1045 3734">
     <span class='ocr_line' id='line_1_38' title="bbox 376 3669 1045 3734; baseline -0.006 -11"><span class='ocrx_word' id='word_1_185' title='bbox 376 3669 492 3723; x_wconf 76' lang='lat' dir='ltr'><strong>Tibi</strong></span> <span class='ocrx_word' id='word_1_186' title='bbox 522 3670 634 3725; x_wconf 86' lang='lat' dir='ltr'><strong>laus</strong></span> <span class='ocrx_word' id='word_1_187' title='bbox 657 3679 738 3724; x_wconf 89' lang='lat' dir='ltr'><strong>est</strong></span> <span class='ocrx_word' id='word_1_188' title='bbox 768 3669 1045 3734; x_wconf 54' lang='lat' dir='ltr'><strong>mirabilis,</strong></span> 
     </span>
    </p>
   </div>
   <div class='ocr_carea' id='block_1_39' title="bbox 371 3760 1066 3832">
    <p class='ocr_par' dir='ltr' id='par_1_39' title="bbox 371 3760 1066 3832">
     <span class='ocr_line' id='line_1_39' title="bbox 371 3760 1066 3832; baseline -0.003 -16"><span class='ocrx_word' id='word_1_189' title='bbox 371 3762 450 3816; x_wconf 89' lang='lat' dir='ltr'><strong>Tu</strong></span> <span class='ocrx_word' id='word_1_190' title='bbox 481 3779 538 3818; x_wconf 88' lang='lat' dir='ltr'><strong>es</strong></span> <span class='ocrx_word' id='word_1_191' title='bbox 566 3764 733 3832; x_wconf 83' lang='lat' dir='ltr'><strong>prima</strong></span> <span class='ocrx_word' id='word_1_192' title='bbox 767 3760 1066 3815; x_wconf 74' lang='lat' dir='ltr'><strong>Aniistasis.</strong></span> 
     </span>
    </p>
   </div>
   <div class='ocr_carea' id='block_1_40' title="bbox 441 3854 1028 3914">
    <p class='ocr_par' dir='ltr' id='par_1_40' title="bbox 441 3854 1028 3914">
     <span class='ocr_line' id='line_1_40' title="bbox 441 3854 1028 3914; baseline -0.005 -6"><span class='ocrx_word' id='word_1_193' title='bbox 441 3855 519 3908; x_wconf 75' lang='lat' dir='ltr'><strong>’l‘u</strong></span> <span class='ocrx_word' id='word_1_194' title='bbox 562 3855 681 3909; x_wconf 89' lang='lat' dir='ltr'><strong>lidei</strong></span> <span class='ocrx_word' id='word_1_195' title='bbox 711 3854 921 3907; x_wconf 83' lang='lat' dir='ltr'><strong>auditor</strong></span> <span class='ocrx_word' id='word_1_196' title='bbox 949 3867 1028 3914; x_wconf 88' lang='lat' dir='ltr'><strong>es,</strong></span> 
     </span>
    </p>
   </div>
   <div class='ocr_carea' id='block_1_41' title="bbox 369 3945 1056 4013">
    <p class='ocr_par' dir='ltr' id='par_1_41' title="bbox 369 3945 1056 4013">
     <span class='ocr_line' id='line_1_41' title="bbox 369 3945 1056 4013; baseline -0.012 -8"><span class='ocrx_word' id='word_1_197' title='bbox 369 3950 438 4005; x_wconf 81' lang='lat' dir='ltr'><strong>Et</strong></span> <span class='ocrx_word' id='word_1_198' title='bbox 465 3949 696 4002; x_wconf 79' lang='lat' dir='ltr'><strong>humiles</strong></span> <span class='ocrx_word' id='word_1_199' title='bbox 724 3955 778 3999; x_wconf 89' lang='lat' dir='ltr'><strong>tu</strong></span> <span class='ocrx_word' id='word_1_200' title='bbox 810 3945 1056 4013; x_wconf 87' lang='lat' dir='ltr'><strong>réspicis,</strong></span> 
     </span>
    </p>
   </div>
   <div class='ocr_carea' id='block_1_42' title="bbox 369 4038 1162 4102">
    <p class='ocr_par' dir='ltr' id='par_1_42' title="bbox 369 4038 1162 4102">
     <span class='ocr_line' id='line_1_42' title="bbox 369 4038 1162 4102; baseline -0.015 -7"><span class='ocrx_word' id='word_1_201' title='bbox 369 4043 490 4096; x_wconf 84' lang='lat' dir='ltr'><strong>Tibi</strong></span> <span class='ocrx_word' id='word_1_202' title='bbox 513 4041 678 4094; x_wconf 87' lang='lat' dir='ltr'><strong>altum</strong></span> <span class='ocrx_word' id='word_1_203' title='bbox 712 4038 859 4092; x_wconf 87' lang='lat' dir='ltr'><strong>vides</strong></span> <span class='ocrx_word' id='word_1_204' title='bbox 891 4038 1162 4102; x_wconf 78' lang='lat' dir='ltr'><strong>thronum,</strong></span> 
     </span>
    </p>
   </div>
   <div class='ocr_carea' id='block_1_43' title="bbox 366 4130 1056 4187">
    <p class='ocr_par' dir='ltr' id='par_1_43' title="bbox 366 4130 1056 4187">
     <span class='ocr_line' id='line_1_43' title="bbox 366 4130 1056 4187; baseline -0.012 0"><span class='ocrx_word' id='word_1_205' title='bbox 366 4131 487 4187; x_wconf 81' lang='lat' dir='ltr'><strong>Tibi</strong></span> <span class='ocrx_word' id='word_1_206' title='bbox 509 4131 722 4184; x_wconf 87' lang='lat' dir='ltr'><strong>divinus</strong></span> <span class='ocrx_word' id='word_1_207' title='bbox 751 4136 837 4183; x_wconf 85' lang='lat' dir='ltr'><strong>est</strong></span> <span class='ocrx_word' id='word_1_208' title='bbox 865 4130 1056 4180; x_wconf 87' lang='lat' dir='ltr'><strong>honor.</strong></span> 
     </span>
    </p>
   </div>
   <div class='ocr_carea' id='block_1_44' title="bbox 436 4217 1134 4289">
    <p class='ocr_par' dir='ltr' id='par_1_44' title="bbox 436 4217 1134 4289">
     <span class='ocr_line' id='line_1_44' title="bbox 436 4217 1134 4289; baseline -0.011 -13"><span class='ocrx_word' id='word_1_209' title='bbox 436 4222 779 4289; x_wconf 82' lang='lat' dir='ltr'><strong>Christoque,</strong></span> <span class='ocrx_word' id='word_1_210' title='bbox 803 4219 1002 4273; x_wconf 78' lang='lat' dir='ltr'><strong>:etérno</strong></span> <span class='ocrx_word' id='word_1_211' title='bbox 1027 4217 1134 4270; x_wconf 86' lang='lat' dir='ltr'><strong>Deo</strong></span> 
     </span>
    </p>
   </div>
   <div class='ocr_carea' id='block_1_45' title="bbox 371 4310 1175 4379">
    <p class='ocr_par' dir='ltr' id='par_1_45' title="bbox 371 4310 1175 4379">
     <span class='ocr_line' id='line_1_45' title="bbox 371 4310 1175 4379; baseline -0.011 -10"><span class='ocrx_word' id='word_1_212' title='bbox 371 4313 540 4378; x_wconf 89' lang='lat' dir='ltr'><strong>Patri,</strong></span> <span class='ocrx_word' id='word_1_213' title='bbox 572 4329 692 4367; x_wconf 91' lang='lat' dir='ltr'><strong>cum</strong></span> <span class='ocrx_word' id='word_1_214' title='bbox 723 4311 919 4366; x_wconf 87' lang='lat' dir='ltr'><strong>Sancto</strong></span> <span class='ocrx_word' id='word_1_215' title='bbox 949 4310 1175 4379; x_wconf 87' lang='lat' dir='ltr'><strong>Spiritu,</strong></span> 
     </span>
    </p>
   </div>
   <div class='ocr_carea' id='block_1_46' title="bbox 371 4402 1044 4459">
    <p class='ocr_par' dir='ltr' id='par_1_46' title="bbox 371 4402 1044 4459">
     <span class='ocr_line' id='line_1_46' title="bbox 371 4402 1044 4459; baseline -0.006 -1"><span class='ocrx_word' id='word_1_216' title='bbox 371 4404 425 4458; x_wconf 94' lang='lat' dir='ltr'><strong>ln</strong></span> <span class='ocrx_word' id='word_1_217' title='bbox 453 4413 504 4459; x_wconf 91' lang='lat' dir='ltr'><strong>te</strong></span> <span class='ocrx_word' id='word_1_218' title='bbox 527 4402 797 4457; x_wconf 58' lang='lat' dir='ltr'><strong>solvimus</strong></span> <span class='ocrx_word' id='word_1_219' title='bbox 825 4403 1044 4455; x_wconf 81' lang='lat' dir='ltr'><strong>munera</strong></span> 
     </span>
    </p>
   </div>
   <div class='ocr_carea' id='block_1_47' title="bbox 371 4493 983 4549">
    <p class='ocr_par' dir='ltr' id='par_1_47' title="bbox 371 4493 983 4549">
     <span class='ocr_line' id='line_1_47' title="bbox 371 4493 983 4549; baseline -0.01 0"><span class='ocrx_word' id='word_1_220' title='bbox 371 4499 410 4549; x_wconf 74' lang='grc' dir='ltr'><strong>Δ</strong></span> <span class='ocrx_word' id='word_1_221' title='bbox 443 4493 654 4549; x_wconf 69' lang='lat' dir='ltr'><strong>smeulis</strong></span> <span class='ocrx_word' id='word_1_222' title='bbox 686 4495 738 4548; x_wconf 93' lang='lat' dir='ltr'><strong>in</strong></span> <span class='ocrx_word' id='word_1_223' title='bbox 770 4494 983 4548; x_wconf 68' lang='lat' dir='ltr'><strong>saecula.</strong></span> 
     </span>
    </p>
   </div>
   <div class='ocr_carea' id='block_1_48' title="bbox 443 4591 634 4644">
    <p class='ocr_par' dir='ltr' id='par_1_48' title="bbox 443 4591 634 4644">
     <span class='ocr_line' id='line_1_48' title="bbox 443 4591 634 4644; baseline -0.016 0"><span class='ocrx_word' id='word_1_224' title='bbox 443 4591 634 4644; x_wconf 87' lang='lat' dir='ltr'><strong>Amen.</strong></span> 
     </span>
    </p>
   </div>
   <div class='ocr_carea' id='block_1_49' title="bbox 293 4674 1805 4754">
    <p class='ocr_par' dir='ltr' id='par_1_49' title="bbox 293 4674 1805 4754">
     <span class='ocr_line' id='line_1_49' title="bbox 293 4674 1805 4754; baseline -0.005 -17"><span class='ocrx_word' id='word_1_225' title='bbox 293 4682 408 4754; x_wconf 81' lang='lat'><strong>99</strong></span> <span class='ocrx_word' id='word_1_226' title='bbox 463 4680 808 4751; x_wconf 61' lang='lat' dir='ltr'><strong>Supplicitio.</strong></span> <span class='ocrx_word' id='word_1_227' title='bbox 861 4678 1091 4734; x_wconf 77' lang='lat' dir='ltr'><strong>Oremus</strong></span> <span class='ocrx_word' id='word_1_228' title='bbox 1147 4677 1538 4746; x_wconf 78' lang='lat' dir='ltr'><strong>redemptorem</strong></span> <span class='ocrx_word' id='word_1_229' title='bbox 1598 4674 1805 4730; x_wconf 87' lang='lat' dir='ltr'><strong>nmndi.</strong></span> 
     </span>
    </p>
   </div>
   <div class='ocr_carea' id='block_1_50' title="bbox 225 4771 714 4840">
    <p class='ocr_par' dir='ltr' id='par_1_50' title="bbox 225 4771 714 4840">
     <span class='ocr_line' id='line_1_50' title="bbox 225 4771 714 4840; baseline -0.006 -14"><span class='ocrx_word' id='word_1_230' title='bbox 225 4771 469 4840; x_wconf 79' lang='lat' dir='ltr'><strong>Require,</strong></span> <span class='ocrx_word' id='word_1_231' title='bbox 503 4771 594 4826; x_wconf 76' lang='lat' dir='ltr'><strong>l&#39;ol.</strong></span> <span class='ocrx_word' id='word_1_232' title='bbox 625 4771 714 4825; x_wconf 85' lang='lat'><strong>96.</strong></span> 
     </span>
    </p>
   </div>
   <div class='ocr_carea' id='block_1_51' title="bbox 299 4857 1809 4932">
    <p class='ocr_par' dir='ltr' id='par_1_51' title="bbox 299 4857 1809 4932">
     <span class='ocr_line' id='line_1_51' title="bbox 299 4857 1809 4932; baseline -0.003 -15"><span class='ocrx_word' id='word_1_233' title='bbox 299 4864 565 4932; x_wconf 81' lang='lat' dir='ltr'><strong>Capitula.</strong></span> <span class='ocrx_word' id='word_1_234' title='bbox 595 4860 826 4916; x_wconf 84' lang='lat' dir='ltr'><strong>Auribus</strong></span> <span class='ocrx_word' id='word_1_235' title='bbox 857 4860 983 4925; x_wconf 88' lang='lat' dir='ltr'><strong>tuis,</strong></span> <span class='ocrx_word' id='word_1_236' title='bbox 1015 4858 1352 4928; x_wconf 90' lang='lat' dir='ltr'><strong>omnipotens</strong></span> <span class='ocrx_word' id='word_1_237' title='bbox 1385 4857 1524 4911; x_wconf 90' lang='lat' dir='ltr'><strong>Deus</strong></span> <span class='ocrx_word' id='word_1_238' title='bbox 1550 4899 1565 4923; x_wconf 92' lang='lat'><strong>,</strong></span> <span class='ocrx_word' id='word_1_239' title='bbox 1597 4857 1809 4927; x_wconf 75' lang='lat' dir='ltr'><strong>percipe</strong></span> 
     </span>
    </p>
   </div>
   <div class='ocr_carea' id='block_1_52' title="bbox 223 4951 1808 5020">
    <p class='ocr_par' dir='ltr' id='par_1_52' title="bbox 223 4951 1808 5020">
     <span class='ocr_line' id='line_1_52' title="bbox 223 4951 1808 5020; baseline -0.003 -10"><span class='ocrx_word' id='word_1_240' title='bbox 223 4959 392 5013; x_wconf 82' lang='lat' dir='ltr'><strong>verba</strong></span> <span class='ocrx_word' id='word_1_241' title='bbox 438 4956 550 5011; x_wconf 87' lang='lat' dir='ltr'><strong>oris</strong></span> <span class='ocrx_word' id='word_1_242' title='bbox 573 4955 738 5010; x_wconf 85' lang='lat' dir='ltr'><strong>nostri</strong></span> <span class='ocrx_word' id='word_1_243' title='bbox 769 4971 783 5020; x_wconf 91' lang='lat'><strong>;</strong></span> <span class='ocrx_word' id='word_1_244' title='bbox 815 4962 870 5009; x_wconf 89' lang='lat' dir='ltr'><strong>et</strong></span> <span class='ocrx_word' id='word_1_245' title='bbox 899 4955 1105 5007; x_wconf 83' lang='lat' dir='ltr'><strong>tuorum</strong></span> <span class='ocrx_word' id='word_1_246' title='bbox 1134 4951 1368 5006; x_wconf 74' lang='lat' dir='ltr'><strong>diluculo</strong></span> <span class='ocrx_word' id='word_1_247' title='bbox 1403 4953 1691 5006; x_wconf 77' lang='lat' dir='ltr'><strong>clamorem</strong></span> <span class='ocrx_word' id='word_1_248' title='bbox 1724 4952 1808 5019; x_wconf 82' lang='lat' dir='ltr'><strong>pie</strong></span> 
     </span>
    </p>
   </div>
   <div class='ocr_carea' id='block_1_53' title="bbox 223 5044 1806 5117">
    <p class='ocr_par' dir='ltr' id='par_1_53' title="bbox 223 5044 1806 5117">
     <span class='ocr_line' id='line_1_53' title="bbox 223 5044 1806 5117; baseline -0.006 -13"><span class='ocrx_word' id='word_1_249' title='bbox 223 5050 497 5104; x_wconf 56' lang='lat' dir='ltr'><strong>seruator</strong></span> <span class='ocrx_word' id='word_1_250' title='bbox 519 5047 756 5117; x_wconf 76' lang='lat' dir='ltr'><strong>intéllige</strong></span> <span class='ocrx_word' id='word_1_251' title='bbox 786 5063 799 5100; x_wconf 89' lang='lat'><strong>:</strong></span> <span class='ocrx_word' id='word_1_252' title='bbox 830 5062 890 5100; x_wconf 86' lang='lat' dir='ltr'><strong>ac</strong></span> <span class='ocrx_word' id='word_1_253' title='bbox 920 5058 1022 5100; x_wconf 77' lang='lat' dir='ltr'><strong>tute</strong></span> <span class='ocrx_word' id='word_1_254' title='bbox 1066 5045 1352 5098; x_wconf 71' lang='lat' dir='ltr'><strong>voluntatis</strong></span> <span class='ocrx_word' id='word_1_255' title='bbox 1405 5057 1558 5098; x_wconf 88' lang='lat' dir='ltr'><strong>scuto</strong></span> <span class='ocrx_word' id='word_1_256' title='bbox 1588 5044 1658 5096; x_wconf 79' lang='lat' dir='ltr'><strong>ita</strong></span> <span class='ocrx_word' id='word_1_257' title='bbox 1710 5057 1806 5096; x_wconf 87' lang='lat' dir='ltr'><strong>nos</strong></span> 
     </span>
    </p>
   </div>
   <div class='ocr_carea' id='block_1_54' title="bbox 225 5139 1807 5210">
    <p class='ocr_par' dir='ltr' id='par_1_54' title="bbox 225 5139 1807 5210">
     <span class='ocr_line' id='line_1_54' title="bbox 225 5139 1807 5210; baseline -0.003 -16"><span class='ocrx_word' id='word_1_258' title='bbox 225 5140 541 5210; x_wconf 46' lang='lat' dir='ltr'><strong>praemuniri</strong></span> <span class='ocrx_word' id='word_1_259' title='bbox 568 5141 823 5203; x_wconf 79' lang='lat' dir='ltr'><strong>concede,</strong></span> <span class='ocrx_word' id='word_1_260' title='bbox 855 5151 911 5193; x_wconf 93' lang='lat' dir='ltr'><strong>ut</strong></span> <span class='ocrx_word' id='word_1_261' title='bbox 953 5140 1142 5192; x_wconf 79' lang='lat' dir='ltr'><strong>vitidsa</strong></span> <span class='ocrx_word' id='word_1_262' title='bbox 1172 5139 1437 5207; x_wconf 77' lang='lat' dir='ltr'><strong>Suggestio</strong></span> <span class='ocrx_word' id='word_1_263' title='bbox 1481 5139 1673 5191; x_wconf 87' lang='lat' dir='ltr'><strong>mentis</strong></span> <span class='ocrx_word' id='word_1_264' title='bbox 1712 5152 1807 5189; x_wconf 83' lang='lat' dir='ltr'><strong>no-</strong></span> 
     </span>
    </p>
   </div>
   <div class='ocr_carea' id='block_1_55' title="bbox 222 5231 1807 5303">
    <p class='ocr_par' dir='ltr' id='par_1_55' title="bbox 222 5231 1807 5303">
     <span class='ocr_line' id='line_1_55' title="bbox 222 5231 1807 5303; baseline -0.001 -15"><span class='ocrx_word' id='word_1_265' title='bbox 222 5244 356 5289; x_wconf 74' lang='lat' dir='ltr'><strong>stra:</strong></span> <span class='ocrx_word' id='word_1_266' title='bbox 379 5249 482 5288; x_wconf 89' lang='lat' dir='ltr'><strong>non</strong></span> <span class='ocrx_word' id='word_1_267' title='bbox 508 5234 683 5289; x_wconf 69' lang='lat' dir='ltr'><strong>videat</strong></span> <span class='ocrx_word' id='word_1_268' title='bbox 712 5233 995 5302; x_wconf 76' lang='lat' dir='ltr'><strong>iniépere:</strong></span> <span class='ocrx_word' id='word_1_269' title='bbox 1023 5235 1321 5303; x_wconf 75' lang='lat' dir='ltr'><strong>sitquoque</strong></span> <span class='ocrx_word' id='word_1_270' title='bbox 1344 5233 1525 5286; x_wconf 71' lang='lat' dir='ltr'><strong>orandi</strong></span> <span class='ocrx_word' id='word_1_271' title='bbox 1551 5233 1617 5286; x_wconf 86' lang='lat' dir='ltr'><strong>ad</strong></span> <span class='ocrx_word' id='word_1_272' title='bbox 1643 5242 1694 5287; x_wconf 90' lang='lat' dir='ltr'><strong>te</strong></span> <span class='ocrx_word' id='word_1_273' title='bbox 1719 5231 1807 5301; x_wconf 87' lang='lat' dir='ltr'><strong>ju-</strong></span> 
     </span>
    </p>
   </div>
   <div class='ocr_carea' id='block_1_56' title="bbox 224 5323 1807 5394">
    <p class='ocr_par' dir='ltr' id='par_1_56' title="bbox 224 5323 1807 5394">
     <span class='ocr_line' id='line_1_56' title="bbox 224 5323 1807 5394; baseline 0 -18"><span class='ocrx_word' id='word_1_274' title='bbox 224 5325 308 5394; x_wconf 66' lang='lat' dir='ltr'><strong>gis</strong></span> <span class='ocrx_word' id='word_1_275' title='bbox 336 5339 399 5379; x_wconf 81' lang='lat' dir='ltr'><strong>ac</strong></span> <span class='ocrx_word' id='word_1_276' title='bbox 431 5324 531 5378; x_wconf 81' lang='lat' dir='ltr'><strong>ﬁda</strong></span> <span class='ocrx_word' id='word_1_277' title='bbox 557 5324 788 5391; x_wconf 86' lang='lat' dir='ltr'><strong>devotio,</strong></span> <span class='ocrx_word' id='word_1_278' title='bbox 823 5334 878 5378; x_wconf 91' lang='lat' dir='ltr'><strong>ut</strong></span> <span class='ocrx_word' id='word_1_279' title='bbox 907 5325 1289 5391; x_wconf 76' lang='lat' dir='ltr'><strong>contempliuio</strong></span> <span class='ocrx_word' id='word_1_280' title='bbox 1316 5334 1402 5375; x_wconf 74' lang='lat' dir='ltr'><strong>tua</strong></span> <span class='ocrx_word' id='word_1_281' title='bbox 1428 5323 1580 5376; x_wconf 86' lang='lat' dir='ltr'><strong>nobis</strong></span> <span class='ocrx_word' id='word_1_282' title='bbox 1603 5323 1807 5377; x_wconf 68' lang='lat' dir='ltr'><strong>tribuo-</strong></span> 
     </span>
    </p>
   </div>
   <div class='ocr_carea' id='block_1_57' title="bbox 225 5414 1368 5472">
    <p class='ocr_par' dir='ltr' id='par_1_57' title="bbox 225 5414 1368 5472">
     <span class='ocr_line' id='line_1_57' title="bbox 225 5414 1368 5472; baseline -0.005 0"><span class='ocrx_word' id='word_1_283' title='bbox 225 5427 313 5472; x_wconf 86' lang='lat' dir='ltr'><strong>tur</strong></span> <span class='ocrx_word' id='word_1_284' title='bbox 334 5416 388 5470; x_wconf 88' lang='lat' dir='ltr'><strong>in</strong></span> <span class='ocrx_word' id='word_1_285' title='bbox 417 5416 694 5472; x_wconf 87' lang='lat' dir='ltr'><strong>matutino.</strong></span> <span class='ocrx_word' id='word_1_286' title='bbox 1360 5414 1368 5422; x_wconf 85' lang='grc'><em>”</em></span> 
     </span>
    </p>
   </div>
   <div class='ocr_carea' id='block_1_58' title="bbox 298 5503 1760 5572">
    <p class='ocr_par' dir='ltr' id='par_1_58' title="bbox 298 5503 1760 5572">
     <span class='ocr_line' id='line_1_58' title="bbox 298 5503 1760 5572; baseline -0.003 -10"><span class='ocrx_word' id='word_1_287' title='bbox 298 5508 461 5562; x_wconf 84' lang='lat' dir='ltr'><strong>Pater</strong></span> <span class='ocrx_word' id='word_1_288' title='bbox 489 5509 764 5563; x_wconf 79' lang='lat' dir='ltr'><strong>noster..A</strong></span> <span class='ocrx_word' id='word_1_289' title='bbox 794 5506 933 5560; x_wconf 83' lang='lat' dir='ltr'><strong>malo</strong></span> <span class='ocrx_word' id='word_1_290' title='bbox 962 5521 1058 5560; x_wconf 90' lang='lat' dir='ltr'><strong>nos</strong></span> <span class='ocrx_word' id='word_1_291' title='bbox 1081 5505 1264 5558; x_wconf 79' lang='lat' dir='ltr'><strong>libera.</strong></span> <span class='ocrx_word' id='word_1_292' title='bbox 1299 5503 1513 5571; x_wconf 75' lang='lat' dir='ltr'><strong>nequire</strong></span> <span class='ocrx_word' id='word_1_293' title='bbox 1544 5504 1636 5572; x_wconf 75' lang='grc' dir='ltr'><strong>[οι.</strong></span> <span class='ocrx_word' id='word_1_294' title='bbox 1674 5503 1760 5558; x_wconf 82' lang='grc'><strong>10.</strong></span> 
     </span>
    </p>
   </div>
   <div class='ocr_carea' id='block_1_59' title="bbox 296 5596 1798 5663">
    <p class='ocr_par' dir='ltr' id='par_1_59' title="bbox 296 5596 1798 5663">
     <span class='ocr_line' id='line_1_59' title="bbox 296 5596 1798 5663; baseline -0.003 -9"><span class='ocrx_word' id='word_1_295' title='bbox 296 5600 502 5654; x_wconf 81' lang='lat' dir='ltr'><strong>Lauda.</strong></span> <span class='ocrx_word' id='word_1_296' title='bbox 526 5599 903 5655; x_wconf 77' lang='lat' dir='ltr'><strong>Coul‘orténtur</strong></span> <span class='ocrx_word' id='word_1_297' title='bbox 916 5615 1100 5653; x_wconf 82' lang='lat' dir='ltr'><strong>manus</strong></span> <span class='ocrx_word' id='word_1_298' title='bbox 1119 5597 1330 5650; x_wconf 79' lang='lat' dir='ltr'><strong>Domini</strong></span> <span class='ocrx_word' id='word_1_299' title='bbox 1351 5599 1402 5648; x_wconf 91' lang='lat' dir='ltr'><strong>in</strong></span> <span class='ocrx_word' id='word_1_300' title='bbox 1433 5596 1640 5649; x_wconf 80' lang='lat' dir='ltr'><strong>Sanctis</strong></span> <span class='ocrx_word' id='word_1_301' title='bbox 1662 5597 1798 5663; x_wconf 88' lang='lat' dir='ltr'><strong>ejus.</strong></span> 
     </span>
    </p>
   </div>
   <div class='ocr_carea' id='block_1_60' title="bbox 221 5688 1801 5756">
    <p class='ocr_par' dir='ltr' id='par_1_60' title="bbox 221 5688 1801 5756">
     <span class='ocr_line' id='line_1_60' title="bbox 221 5688 1801 5756; baseline -0.003 -8"><span class='ocrx_word' id='word_1_302' title='bbox 221 5692 478 5748; x_wconf 78' lang='lat' dir='ltr'><strong>Alleluia.</strong></span> <span class='ocrx_word' id='word_1_303' title='bbox 513 5691 578 5744; x_wconf 87' lang='grc' dir='ltr'><strong>Ρ.</strong></span> <span class='ocrx_word' id='word_1_304' title='bbox 613 5692 678 5746; x_wconf 81' lang='lat' dir='ltr'><strong>Et</strong></span> <span class='ocrx_word' id='word_1_305' title='bbox 700 5707 816 5747; x_wconf 83' lang='lat' dir='ltr'><strong>ossa</strong></span> <span class='ocrx_word' id='word_1_306' title='bbox 849 5693 1031 5746; x_wconf 80' lang='lat' dir='ltr'><strong>eorum</strong></span> <span class='ocrx_word' id='word_1_307' title='bbox 1055 5691 1197 5743; x_wconf 85' lang='lat' dir='ltr'><strong>velut</strong></span> <span class='ocrx_word' id='word_1_308' title='bbox 1223 5689 1382 5742; x_wconf 85' lang='lat' dir='ltr'><strong>herba</strong></span> <span class='ocrx_word' id='word_1_309' title='bbox 1411 5688 1801 5756; x_wconf 76' lang='lat' dir='ltr'><strong>germinahunt.</strong></span> 
     </span>
    </p>
   </div>
   <div class='ocr_carea' id='block_1_61' title="bbox 220 5778 1801 5851">
    <p class='ocr_par' dir='ltr' id='par_1_61' title="bbox 220 5778 1801 5851">
     <span class='ocr_line' id='line_1_61' title="bbox 220 5778 1801 5851; baseline -0.002 -15"><span class='ocrx_word' id='word_1_310' title='bbox 220 5783 481 5848; x_wconf 79' lang='lat' dir='ltr'><strong>Alleluia,</strong></span> <span class='ocrx_word' id='word_1_311' title='bbox 508 5782 737 5837; x_wconf 84' lang='lat' dir='ltr'><strong>alleluia.</strong></span> <span class='ocrx_word' id='word_1_312' title='bbox 810 5784 843 5851; x_wconf 60' lang='grc' dir='ltr'><em>ᾗ</em></span> <span class='ocrx_word' id='word_1_313' title='bbox 869 5823 882 5836; x_wconf 93' lang='grc'><strong>.</strong></span> <span class='ocrx_word' id='word_1_314' title='bbox 935 5783 1160 5836; x_wconf 74' lang='lat' dir='ltr'><strong>Plautini</strong></span> <span class='ocrx_word' id='word_1_315' title='bbox 1194 5782 1244 5835; x_wconf 94' lang='lat' dir='ltr'><strong>in</strong></span> <span class='ocrx_word' id='word_1_316' title='bbox 1278 5782 1444 5834; x_wconf 90' lang='lat' dir='ltr'><strong>Domo</strong></span> <span class='ocrx_word' id='word_1_317' title='bbox 1469 5778 1672 5833; x_wconf 89' lang='lat' dir='ltr'><strong>Domini</strong></span> <span class='ocrx_word' id='word_1_318' title='bbox 1701 5779 1716 5844; x_wconf 84' lang='lat'><strong>,</strong></span> <span class='ocrx_word' id='word_1_319' title='bbox 1749 5781 1801 5833; x_wconf 90' lang='lat' dir='ltr'><strong>in</strong></span> 
     </span>
    </p>
   </div>
   <div class='ocr_carea' id='block_1_62' title="bbox 219 5873 1802 5938">
    <p class='ocr_par' dir='ltr' id='par_1_62' title="bbox 219 5873 1802 5938">
     <span class='ocr_line' id='line_1_62' title="bbox 219 5873 1802 5938; baseline -0.006 -7"><span class='ocrx_word' id='word_1_320' title='bbox 219 5878 377 5933; x_wconf 64' lang='lat' dir='ltr'><strong>atriis</strong></span> <span class='ocrx_word' id='word_1_321' title='bbox 400 5877 588 5933; x_wconf 76' lang='lat' dir='ltr'><strong>domos</strong></span> <span class='ocrx_word' id='word_1_322' title='bbox 614 5877 704 5934; x_wconf 85' lang='lat' dir='ltr'><strong>Dei</strong></span> <span class='ocrx_word' id='word_1_323' title='bbox 732 5878 918 5934; x_wconf 84' lang='lat' dir='ltr'><strong>nostri.</strong></span> <span class='ocrx_word' id='word_1_324' title='bbox 956 5876 1023 5931; x_wconf 89' lang='lat' dir='ltr'><strong>P.</strong></span> <span class='ocrx_word' id='word_1_325' title='bbox 1065 5876 1128 5930; x_wconf 80' lang='lat' dir='ltr'><strong>Et</strong></span> <span class='ocrx_word' id='word_1_326' title='bbox 1175 5891 1291 5932; x_wconf 79' lang='lat' dir='ltr'><strong>ossa</strong></span> <span class='ocrx_word' id='word_1_327' title='bbox 1322 5873 1525 5928; x_wconf 79' lang='lat' dir='ltr'><strong>eorum.</strong></span> <span class='ocrx_word' id='word_1_328' title='bbox 1573 5873 1802 5938; x_wconf 52' lang='lat'><strong>13.06-</strong></span> 
     </span>
    </p>
   </div>
   <div class='ocr_carea' id='block_1_63' title="bbox 1895 640 2519 707">
    <p class='ocr_par' dir='ltr' id='par_1_63' title="bbox 1895 640 2519 707">
     <span class='ocr_line' id='line_1_63' title="bbox 1895 640 2519 707; baseline 0.003 -15"><span class='ocrx_word' id='word_1_329' title='bbox 1895 655 2128 707; x_wconf 85' lang='lat' dir='ltr'><strong>semper.</strong></span> <span class='ocrx_word' id='word_1_330' title='bbox 2178 641 2214 706; x_wconf 65' lang='grc' dir='ltr'><strong><em>ἡ</em></strong></span> <span class='ocrx_word' id='word_1_331' title='bbox 2239 667 2252 693; x_wconf 73' lang='grc' dir='ltr'><em>ε</em></span> <span class='ocrx_word' id='word_1_332' title='bbox 2281 640 2345 693; x_wconf 84' lang='grc' dir='ltr'>Ει</span> <span class='ocrx_word' id='word_1_333' title='bbox 2375 655 2519 694; x_wconf 92' lang='lat' dir='ltr'><strong>cum.</strong></span> 
     </span>
    </p>
   </div>
   <div class='ocr_carea' id='block_1_64' title="bbox 1965 729 3476 796">
    <p class='ocr_par' dir='ltr' id='par_1_64' title="bbox 1965 729 3476 796">
     <span class='ocr_line' id='line_1_64' title="bbox 1965 729 3476 796; baseline 0.001 -14"><span class='ocrx_word' id='word_1_334' title='bbox 1965 731 2080 783; x_wconf 84' lang='lat' dir='ltr'><strong>Alia</strong></span> <span class='ocrx_word' id='word_1_335' title='bbox 2101 730 2298 784; x_wconf 87' lang='lat' dir='ltr'><strong>Lauda.</strong></span> <span class='ocrx_word' id='word_1_336' title='bbox 2321 731 2536 784; x_wconf 81' lang='lat' dir='ltr'><strong>Clamor</strong></span> <span class='ocrx_word' id='word_1_337' title='bbox 2567 739 2750 784; x_wconf 89' lang='lat' dir='ltr'><strong>noster</strong></span> <span class='ocrx_word' id='word_1_338' title='bbox 2791 730 2856 782; x_wconf 84' lang='lat' dir='ltr'><strong>ad</strong></span> <span class='ocrx_word' id='word_1_339' title='bbox 2882 738 2934 783; x_wconf 89' lang='lat' dir='ltr'><strong>te</strong></span> <span class='ocrx_word' id='word_1_340' title='bbox 2963 729 3255 796; x_wconf 75' lang='lat' dir='ltr'><strong>perveniat,</strong></span> <span class='ocrx_word' id='word_1_341' title='bbox 3315 731 3476 786; x_wconf 86' lang='lat' dir='ltr'><strong>Deus.</strong></span> 
     </span>
    </p>
   </div>
   <div class='ocr_carea' id='block_1_65' title="bbox 1895 818 3482 888">
    <p class='ocr_par' dir='ltr' id='par_1_65' title="bbox 1895 818 3482 888">
     <span class='ocr_line' id='line_1_65' title="bbox 1895 818 3482 888; baseline 0.001 -13"><span class='ocrx_word' id='word_1_342' title='bbox 1895 821 2138 885; x_wconf 80' lang='lat' dir='ltr'><strong>Alleluia,</strong></span> <span class='ocrx_word' id='word_1_343' title='bbox 2169 822 2404 885; x_wconf 81' lang='lat' dir='ltr'><strong>alleloia,</strong></span> <span class='ocrx_word' id='word_1_344' title='bbox 2436 821 2673 876; x_wconf 74' lang='lat' dir='ltr'><strong>alleluia.</strong></span> <span class='ocrx_word' id='word_1_345' title='bbox 2739 820 2773 888; x_wconf 65' lang='grc' dir='ltr'><strong><em>Ῡ</em></strong></span> <span class='ocrx_word' id='word_1_346' title='bbox 2800 859 2814 874; x_wconf 93' lang='grc'><strong>.</strong></span> <span class='ocrx_word' id='word_1_347' title='bbox 2844 818 3008 883; x_wconf 85' lang='lat' dir='ltr'><strong>Deus,</strong></span> <span class='ocrx_word' id='word_1_348' title='bbox 3040 821 3231 874; x_wconf 72' lang='lat' dir='ltr'><strong>eximdi</strong></span> <span class='ocrx_word' id='word_1_349' title='bbox 3281 825 3482 876; x_wconf 84' lang='lat' dir='ltr'><strong>oratio-</strong></span> 
     </span>
    </p>
   </div>
   <div class='ocr_carea' id='block_1_66' title="bbox 1895 909 3478 978">
    <p class='ocr_par' dir='ltr' id='par_1_66' title="bbox 1895 909 3478 978">
     <span class='ocr_line' id='line_1_66' title="bbox 1895 909 3478 978; baseline -0.001 -14"><span class='ocrx_word' id='word_1_350' title='bbox 1895 925 2015 965; x_wconf 88' lang='lat' dir='ltr'><strong>nem</strong></span> <span class='ocrx_word' id='word_1_351' title='bbox 2048 923 2301 964; x_wconf 78' lang='lat' dir='ltr'><strong>nostram.</strong></span> <span class='ocrx_word' id='word_1_352' title='bbox 2334 910 2395 965; x_wconf 89' lang='grc' dir='ltr'><strong>Ρ.</strong></span> <span class='ocrx_word' id='word_1_353' title='bbox 2417 910 2632 965; x_wconf 80' lang='lat' dir='ltr'><strong>Clamor</strong></span> <span class='ocrx_word' id='word_1_354' title='bbox 2655 921 2858 965; x_wconf 85' lang='lat' dir='ltr'><strong>noster.</strong></span> <span class='ocrx_word' id='word_1_355' title='bbox 2903 911 2936 978; x_wconf 59' lang='grc' dir='ltr'><em>ᾗ</em></span> <span class='ocrx_word' id='word_1_356' title='bbox 2963 947 2976 962; x_wconf 95' lang='grc'><strong>.</strong></span> <span class='ocrx_word' id='word_1_357' title='bbox 2998 909 3270 974; x_wconf 80' lang='lat' dir='ltr'><strong>Gloria,et</strong></span> <span class='ocrx_word' id='word_1_358' title='bbox 3289 912 3478 975; x_wconf 72' lang='lat' dir='ltr'><strong>honor,</strong></span> 
     </span>
    </p>
   </div>
   <div class='ocr_carea' id='block_1_67' title="bbox 1893 1002 2897 1069">
    <p class='ocr_par' dir='ltr' id='par_1_67' title="bbox 1893 1002 2897 1069">
     <span class='ocr_line' id='line_1_67' title="bbox 1893 1002 2897 1069; baseline 0 -14"><span class='ocrx_word' id='word_1_359' title='bbox 1893 1012 1996 1056; x_wconf 90' lang='lat' dir='ltr'><strong>etc.</strong></span> <span class='ocrx_word' id='word_1_360' title='bbox 2026 1002 2088 1056; x_wconf 88' lang='lat' dir='ltr'><strong>P.</strong></span> <span class='ocrx_word' id='word_1_361' title='bbox 2122 1003 2369 1069; x_wconf 80' lang='lat' dir='ltr'><strong>Alleluia,</strong></span> <span class='ocrx_word' id='word_1_362' title='bbox 2400 1005 2631 1066; x_wconf 73' lang='lat' dir='ltr'><strong>alielt&#39;tia,</strong></span> <span class='ocrx_word' id='word_1_363' title='bbox 2662 1003 2897 1057; x_wconf 76' lang='lat' dir='ltr'><strong>allelui.</strong></span> 
     </span>
    </p>
   </div>
   <div class='ocr_carea' id='block_1_68' title="bbox 1966 1093 3480 1162">
    <p class='ocr_par' dir='ltr' id='par_1_68' title="bbox 1966 1093 3480 1162">
     <span class='ocr_line' id='line_1_68' title="bbox 1966 1093 3480 1162; baseline 0.001 -16"><span class='ocrx_word' id='word_1_364' title='bbox 1966 1093 2282 1149; x_wconf 72' lang='lat' dir='ltr'><strong>Benedictio.</strong></span> <span class='ocrx_word' id='word_1_365' title='bbox 2315 1097 2562 1162; x_wconf 62' lang='lat' dir='ltr'><strong>Dignhre,</strong></span> <span class='ocrx_word' id='word_1_366' title='bbox 2597 1096 2841 1162; x_wconf 90' lang='lat' dir='ltr'><strong>Domine,</strong></span> <span class='ocrx_word' id='word_1_367' title='bbox 2870 1096 3026 1150; x_wconf 84' lang='lat' dir='ltr'><strong>hanc.</strong></span> <span class='ocrx_word' id='word_1_368' title='bbox 3050 1094 3236 1161; x_wconf 75' lang='lat' dir='ltr'><strong>Qucre</strong></span> <span class='ocrx_word' id='word_1_369' title='bbox 3262 1095 3356 1162; x_wconf 76' lang='lat' dir='ltr'><strong>fol.</strong></span> <span class='ocrx_word' id='word_1_370' title='bbox 3387 1093 3480 1148; x_wconf 78' lang='lat'><strong>97.</strong></span> 
     </span>
    </p>
   </div>
   <div class='ocr_carea' id='block_1_69' title="bbox 1895 1185 3478 1258">
    <p class='ocr_par' dir='ltr' id='par_1_69' title="bbox 1895 1185 3478 1258">
     <span class='ocr_line' id='line_1_69' title="bbox 1895 1185 3478 1258; baseline 0 -19"><span class='ocrx_word' id='word_1_371' title='bbox 1895 1185 1962 1239; x_wconf 84' lang='lat' dir='ltr'><strong>Et</strong></span> <span class='ocrx_word' id='word_1_372' title='bbox 1987 1190 2156 1241; x_wconf 75' lang='lat' dir='ltr'><strong>statim</strong></span> <span class='ocrx_word' id='word_1_373' title='bbox 2174 1193 2254 1258; x_wconf 68' lang='lat' dir='ltr'><strong>{ac</strong></span> <span class='ocrx_word' id='word_1_374' title='bbox 2292 1190 2817 1252; x_wconf 78' lang='lat' dir='ltr'><strong>commemoratio&#39;nes,</strong></span> <span class='ocrx_word' id='word_1_375' title='bbox 2863 1203 2990 1256; x_wconf 63' lang='lat' dir='ltr'><strong>quas</strong></span> <span class='ocrx_word' id='word_1_376' title='bbox 3035 1189 3336 1240; x_wconf 75' lang='lat' dir='ltr'><strong>consuevisti</strong></span> <span class='ocrx_word' id='word_1_377' title='bbox 3387 1190 3478 1256; x_wconf 77' lang='grc' dir='ltr'><strong>[ἁ-</strong></span> 
     </span>
    </p>
   </div>
   <div class='ocr_carea' id='block_1_70' title="bbox 1896 1279 3482 1344">
    <p class='ocr_par' dir='ltr' id='par_1_70' title="bbox 1896 1279 3482 1344">
     <span class='ocr_line' id='line_1_70' title="bbox 1896 1279 3482 1344; baseline 0.001 -14"><span class='ocrx_word' id='word_1_378' title='bbox 1896 1295 2028 1344; x_wconf 79' lang='lat' dir='ltr'><strong>rere,</strong></span> <span class='ocrx_word' id='word_1_379' title='bbox 2072 1279 2280 1333; x_wconf 65' lang='lat' dir='ltr'><strong>scilich.</strong></span> <span class='ocrx_word' id='word_1_380' title='bbox 2313 1281 2390 1335; x_wconf 84' lang='lat' dir='ltr'><strong>Ad</strong></span> <span class='ocrx_word' id='word_1_381' title='bbox 2419 1280 2842 1334; x_wconf 70' lang='lat' dir='ltr'><strong>annuntiondum</strong></span> <span class='ocrx_word' id='word_1_382' title='bbox 2868 1280 3026 1333; x_wconf 59' lang='lat' dir='ltr'><strong>mani:</strong></span> <span class='ocrx_word' id='word_1_383' title='bbox 3060 1279 3482 1333; x_wconf 71' lang='lat' dir='ltr'><strong>misericérdiam</strong></span> 
     </span>
    </p>
   </div>
   <div class='ocr_carea' id='block_1_71' title="bbox 1899 1380 2214 1434">
    <p class='ocr_par' dir='ltr' id='par_1_71' title="bbox 1899 1380 2214 1434">
     <span class='ocr_line' id='line_1_71' title="bbox 1899 1380 2214 1434; baseline 0 -11"><span class='ocrx_word' id='word_1_384' title='bbox 1899 1380 2067 1434; x_wconf 86' lang='lat' dir='ltr'><strong>tuam,</strong></span> <span class='ocrx_word' id='word_1_385' title='bbox 2108 1381 2214 1425; x_wconf 86' lang='lat' dir='ltr'><strong>etc.</strong></span> 
     </span>
    </p>
   </div>
   <div class='ocr_carea' id='block_1_72' title="bbox 1969 1457 3479 1526">
    <p class='ocr_par' dir='ltr' id='par_1_72' title="bbox 1969 1457 3479 1526">
     <span class='ocr_line' id='line_1_72' title="bbox 1969 1457 3479 1526; baseline 0.001 -13"><span class='ocrx_word' id='word_1_386' title='bbox 1969 1461 2174 1516; x_wconf 69' lang='lat' dir='ltr'><strong>Oratio.</strong></span> <span class='ocrx_word' id='word_1_387' title='bbox 2192 1460 2367 1525; x_wconf 75' lang='lat' dir='ltr'><strong>Mune,</strong></span> <span class='ocrx_word' id='word_1_388' title='bbox 2390 1461 2635 1525; x_wconf 81' lang='lat' dir='ltr'><strong>Domine,</strong></span> <span class='ocrx_word' id='word_1_389' title='bbox 2666 1460 2840 1514; x_wconf 73' lang='lat' dir='ltr'><strong>oriitio</strong></span> <span class='ocrx_word' id='word_1_390' title='bbox 2861 1467 3062 1514; x_wconf 87' lang='lat' dir='ltr'><strong>nostra.</strong></span> <span class='ocrx_word' id='word_1_391' title='bbox 3095 1457 3278 1522; x_wconf 67' lang='lat' dir='ltr'><strong>Quare</strong></span> <span class='ocrx_word' id='word_1_392' title='bbox 3307 1459 3400 1526; x_wconf 75' lang='lat' dir='ltr'><strong>fol.</strong></span> <span class='ocrx_word' id='word_1_393' title='bbox 3423 1457 3479 1514; x_wconf 83' lang='lat'><strong>7.</strong></span> 
     </span>
    </p>
   </div>
   <div class='ocr_carea' id='block_1_73' title="bbox 1969 1550 3479 1622">
    <p class='ocr_par' dir='ltr' id='par_1_73' title="bbox 1969 1550 3479 1622">
     <span class='ocr_line' id='line_1_73' title="bbox 1969 1550 3479 1622; baseline -0.003 -18"><span class='ocrx_word' id='word_1_394' title='bbox 1969 1552 2151 1604; x_wconf 84' lang='lat' dir='ltr'><strong>Lauda</strong></span> <span class='ocrx_word' id='word_1_395' title='bbox 2178 1556 2242 1606; x_wconf 85' lang='lat' dir='ltr'><strong>de</strong></span> <span class='ocrx_word' id='word_1_396' title='bbox 2298 1558 2457 1622; x_wconf 83' lang='lat' dir='ltr'><strong>fonte.</strong></span> <span class='ocrx_word' id='word_1_397' title='bbox 2492 1554 2635 1607; x_wconf 86' lang='lat' dir='ltr'><strong>Fons</strong></span> <span class='ocrx_word' id='word_1_398' title='bbox 2658 1552 2758 1607; x_wconf 90' lang='lat' dir='ltr'><strong>iste</strong></span> <span class='ocrx_word' id='word_1_399' title='bbox 2788 1552 2911 1606; x_wconf 68' lang='lat' dir='ltr'><strong>vita:</strong></span> <span class='ocrx_word' id='word_1_400' title='bbox 2933 1551 3088 1606; x_wconf 87' lang='lat' dir='ltr'><strong>nobis</strong></span> <span class='ocrx_word' id='word_1_401' title='bbox 3115 1565 3196 1605; x_wconf 90' lang='lat' dir='ltr'><strong>es.</strong></span> <span class='ocrx_word' id='word_1_402' title='bbox 3227 1550 3479 1604; x_wconf 74' lang='lat' dir='ltr'><strong>Alleluia.</strong></span> 
     </span>
    </p>
   </div>
   <div class='ocr_carea' id='block_1_74' title="bbox 1904 1640 3482 1710">
    <p class='ocr_par' dir='ltr' id='par_1_74' title="bbox 1904 1640 3482 1710">
     <span class='ocr_line' id='line_1_74' title="bbox 1904 1640 3482 1710; baseline -0.001 -16"><span class='ocrx_word' id='word_1_403' title='bbox 1904 1641 1966 1695; x_wconf 88' lang='lat' dir='ltr'><strong>P.</strong></span> <span class='ocrx_word' id='word_1_404' title='bbox 1989 1643 2122 1710; x_wconf 82' lang='lat' dir='ltr'><strong>Quia</strong></span> <span class='ocrx_word' id='word_1_405' title='bbox 2147 1643 2358 1697; x_wconf 81' lang='lat' dir='ltr'><strong>Sanctis</strong></span> <span class='ocrx_word' id='word_1_406' title='bbox 2381 1645 2486 1697; x_wconf 91' lang='lat' dir='ltr'><strong>tuis</strong></span> <span class='ocrx_word' id='word_1_407' title='bbox 2508 1643 2973 1698; x_wconf 78' lang='lat' dir='ltr'><strong>circumdatuses.</strong></span> <span class='ocrx_word' id='word_1_408' title='bbox 3000 1642 3248 1696; x_wconf 72' lang='lat' dir='ltr'><strong>Alleluia.</strong></span> <span class='ocrx_word' id='word_1_409' title='bbox 3283 1642 3315 1710; x_wconf 61' lang='grc' dir='ltr'><em>ᾗ</em></span> <span class='ocrx_word' id='word_1_410' title='bbox 3340 1683 3354 1694; x_wconf 95' lang='grc'><strong>.</strong></span> <span class='ocrx_word' id='word_1_411' title='bbox 3385 1640 3482 1693; x_wconf 76' lang='grc' dir='ltr'><strong>Βί-</strong></span> 
     </span>
    </p>
   </div>
   <div class='ocr_carea' id='block_1_75' title="bbox 1899 1730 3479 1801">
    <p class='ocr_par' dir='ltr' id='par_1_75' title="bbox 1899 1730 3479 1801">
     <span class='ocr_line' id='line_1_75' title="bbox 1899 1730 3479 1801; baseline -0.001 -17"><span class='ocrx_word' id='word_1_412' title='bbox 1899 1748 2032 1801; x_wconf 78' lang='lat' dir='ltr'><strong>gans</strong></span> <span class='ocrx_word' id='word_1_413' title='bbox 2063 1744 2270 1788; x_wconf 86' lang='lat' dir='ltr'><strong>montes</strong></span> <span class='ocrx_word' id='word_1_414' title='bbox 2293 1735 2360 1788; x_wconf 88' lang='lat' dir='ltr'><strong>de</strong></span> <span class='ocrx_word' id='word_1_415' title='bbox 2391 1732 2758 1801; x_wconf 87' lang='lat' dir='ltr'><strong>superioribus</strong></span> <span class='ocrx_word' id='word_1_416' title='bbox 2784 1732 2883 1786; x_wconf 88' lang='lat' dir='ltr'><strong>tuis</strong></span> <span class='ocrx_word' id='word_1_417' title='bbox 2910 1747 2925 1786; x_wconf 86' lang='lat'><strong>:</strong></span> <span class='ocrx_word' id='word_1_418' title='bbox 2957 1732 3024 1785; x_wconf 90' lang='lat' dir='ltr'><strong>de</strong></span> <span class='ocrx_word' id='word_1_419' title='bbox 3056 1731 3228 1786; x_wconf 79' lang='lat' dir='ltr'><strong>fructu</strong></span> <span class='ocrx_word' id='word_1_420' title='bbox 3257 1730 3479 1797; x_wconf 89' lang='lat' dir='ltr'><strong>operum</strong></span> 
     </span>
    </p>
   </div>
   <div class='ocr_carea' id='block_1_76' title="bbox 1903 1822 3488 1892">
    <p class='ocr_par' dir='ltr' id='par_1_76' title="bbox 1903 1822 3488 1892">
     <span class='ocr_line' id='line_1_76' title="bbox 1903 1822 3488 1892; baseline 0 -15"><span class='ocrx_word' id='word_1_421' title='bbox 1903 1827 2111 1879; x_wconf 86' lang='lat' dir='ltr'><strong>tn&#39;orum</strong></span> <span class='ocrx_word' id='word_1_422' title='bbox 2131 1827 2407 1880; x_wconf 68' lang='lat' dir='ltr'><strong>satiabitur</strong></span> <span class='ocrx_word' id='word_1_423' title='bbox 2424 1835 2586 1880; x_wconf 87' lang='lat' dir='ltr'><strong>terra.</strong></span> <span class='ocrx_word' id='word_1_424' title='bbox 2619 1825 2685 1878; x_wconf 87' lang='grc' dir='ltr'><strong>Ρ.</strong></span> <span class='ocrx_word' id='word_1_425' title='bbox 2720 1826 2858 1892; x_wconf 85' lang='lat' dir='ltr'><strong>Quia</strong></span> <span class='ocrx_word' id='word_1_426' title='bbox 2883 1823 3092 1879; x_wconf 81' lang='lat' dir='ltr'><strong>Sanctis</strong></span> <span class='ocrx_word' id='word_1_427' title='bbox 3123 1823 3247 1877; x_wconf 72' lang='lat' dir='ltr'><strong>tuis.</strong></span> <span class='ocrx_word' id='word_1_428' title='bbox 3268 1823 3302 1892; x_wconf 59' lang='grc' dir='ltr'><em>ᾗ</em></span> <span class='ocrx_word' id='word_1_429' title='bbox 3328 1822 3488 1878; x_wconf 86' lang='lat' dir='ltr'><strong>.Glo-</strong></span> 
     </span>
    </p>
   </div>
   <div class='ocr_carea' id='block_1_77' title="bbox 1825 1914 3069 1983">
    <p class='ocr_par' dir='ltr' id='par_1_77' title="bbox 1825 1914 3069 1983">
     <span class='ocr_line' id='line_1_77' title="bbox 1825 1914 3069 1983; baseline -0.001 -14"><span class='ocrx_word' id='word_1_430' title='bbox 1825 1923 1874 1983; x_wconf 80' lang='grc' dir='ltr'><strong>Β</strong></span> <span class='ocrx_word' id='word_1_431' title='bbox 1901 1917 1999 1983; x_wconf 75' lang='lat' dir='ltr'><strong>ria,</strong></span> <span class='ocrx_word' id='word_1_432' title='bbox 2031 1927 2084 1971; x_wconf 89' lang='lat' dir='ltr'><strong>et</strong></span> <span class='ocrx_word' id='word_1_433' title='bbox 2114 1918 2300 1982; x_wconf 89' lang='lat' dir='ltr'><strong>honor,</strong></span> <span class='ocrx_word' id='word_1_434' title='bbox 2323 1928 2429 1970; x_wconf 88' lang='lat' dir='ltr'><strong>etc.</strong></span> <span class='ocrx_word' id='word_1_435' title='bbox 2455 1915 2524 1972; x_wconf 88' lang='grc' dir='ltr'><strong>Ρ.</strong></span> <span class='ocrx_word' id='word_1_436' title='bbox 2551 1915 2803 1980; x_wconf 80' lang='lat' dir='ltr'><strong>Alleluia,</strong></span> <span class='ocrx_word' id='word_1_437' title='bbox 2833 1914 3069 1970; x_wconf 82' lang='lat' dir='ltr'><strong>alleluia.-</strong></span> 
     </span>
    </p>
   </div>
   <div class='ocr_carea' id='block_1_78' title="bbox 2538 2026 2889 2081">
    <p class='ocr_par' dir='ltr' id='par_1_78' title="bbox 2538 2026 2889 2081">
     <span class='ocr_line' id='line_1_78' title="bbox 2538 2026 2889 2081; baseline 0 -2"><span class='ocrx_word' id='word_1_438' title='bbox 2538 2027 2619 2079; x_wconf 83' lang='lat' dir='ltr'><strong>Ad</strong></span> <span class='ocrx_word' id='word_1_439' title='bbox 2639 2026 2889 2081; x_wconf 75' lang='lat' dir='ltr'><strong>Te‘rtiam.</strong></span> 
     </span>
    </p>
   </div>
   <div class='ocr_carea' id='block_1_79' title="bbox 1977 2115 3454 2188">
    <p class='ocr_par' dir='ltr' id='par_1_79' title="bbox 1977 2115 3454 2188">
     <span class='ocr_line' id='line_1_79' title="bbox 1977 2115 3454 2188; baseline 0 -18"><span class='ocrx_word' id='word_1_440' title='bbox 1977 2117 2280 2186; x_wconf 81' lang='lat' dir='ltr'><strong>Pmphetia.</strong></span> <span class='ocrx_word' id='word_1_441' title='bbox 2306 2118 2427 2184; x_wconf 87' lang='lat' dir='ltr'><strong>Fili,</strong></span> <span class='ocrx_word' id='word_1_442' title='bbox 2452 2119 2672 2173; x_wconf 81' lang='lat' dir='ltr'><strong>Custodi</strong></span> <span class='ocrx_word' id='word_1_443' title='bbox 2695 2120 2991 2174; x_wconf 88' lang='lat' dir='ltr'><strong>sermones.</strong></span> <span class='ocrx_word' id='word_1_444' title='bbox 3027 2118 3213 2185; x_wconf 72' lang='lat' dir='ltr'><strong>Quwre</strong></span> <span class='ocrx_word' id='word_1_445' title='bbox 3241 2116 3334 2188; x_wconf 81' lang='lat' dir='ltr'><strong>fol.</strong></span> <span class='ocrx_word' id='word_1_446' title='bbox 3365 2115 3454 2180; x_wconf 85' lang='lat'><strong>96,</strong></span> 
     </span>
    </p>
   </div>
   <div class='ocr_carea' id='block_1_80' title="bbox 1977 2207 3485 2279">
    <p class='ocr_par' dir='ltr' id='par_1_80' title="bbox 1977 2207 3485 2279">
     <span class='ocr_line' id='line_1_80' title="bbox 1977 2207 3485 2279; baseline -0.001 -17"><span class='ocrx_word' id='word_1_447' title='bbox 1977 2210 2272 2279; x_wconf 82' lang='lat' dir='ltr'><strong>Antiphona</strong></span> <span class='ocrx_word' id='word_1_448' title='bbox 2300 2211 2350 2265; x_wconf 77' lang='lat' dir='ltr'><strong>l.</strong></span> <span class='ocrx_word' id='word_1_449' title='bbox 2383 2211 2566 2265; x_wconf 81' lang='lat' dir='ltr'><strong>Justus</strong></span> <span class='ocrx_word' id='word_1_450' title='bbox 2596 2209 2856 2264; x_wconf 89' lang='lat' dir='ltr'><strong>Dominus</strong></span> <span class='ocrx_word' id='word_1_451' title='bbox 2887 2219 2939 2264; x_wconf 91' lang='lat' dir='ltr'><strong>et</strong></span> <span class='ocrx_word' id='word_1_452' title='bbox 2960 2209 3219 2278; x_wconf 85' lang='lat' dir='ltr'><strong>justitiam</strong></span> <span class='ocrx_word' id='word_1_453' title='bbox 3263 2207 3485 2262; x_wconf 78' lang='lat' dir='ltr'><strong>dilexit:</strong></span> 
     </span>
    </p>
   </div>
   <div class='ocr_carea' id='block_1_81' title="bbox 1907 2298 3096 2368">
    <p class='ocr_par' dir='ltr' id='par_1_81' title="bbox 1907 2298 3096 2368">
     <span class='ocr_line' id='line_1_81' title="bbox 1907 2298 3096 2368; baseline -0.001 -15"><span class='ocrx_word' id='word_1_454' title='bbox 1907 2301 2210 2368; x_wconf 69' lang='lat' dir='ltr'><strong>mquitatem</strong></span> <span class='ocrx_word' id='word_1_455' title='bbox 2239 2299 2369 2352; x_wconf 86' lang='lat' dir='ltr'><strong>vidit</strong></span> <span class='ocrx_word' id='word_1_456' title='bbox 2399 2300 2573 2353; x_wconf 89' lang='lat' dir='ltr'><strong>vultus</strong></span> <span class='ocrx_word' id='word_1_457' title='bbox 2601 2301 2737 2368; x_wconf 85' lang='lat' dir='ltr'><strong>ejus.</strong></span> <span class='ocrx_word' id='word_1_458' title='bbox 2772 2298 3014 2352; x_wconf 73' lang='lat' dir='ltr'><strong>Psalmus</strong></span> <span class='ocrx_word' id='word_1_459' title='bbox 3043 2314 3096 2352; x_wconf 70' lang='grc' dir='ltr'><strong>κ.</strong></span> 
     </span>
    </p>
   </div>
   <div class='ocr_carea' id='block_1_82' title="bbox 1979 2388 3494 2458">
    <p class='ocr_par' dir='ltr' id='par_1_82' title="bbox 1979 2388 3494 2458">
     <span class='ocr_line' id='line_1_82' title="bbox 1979 2388 3494 2458; baseline -0.001 -17"><span class='ocrx_word' id='word_1_460' title='bbox 1979 2390 2179 2443; x_wconf 62' lang='lat' dir='ltr'><strong>Oratio.</strong></span> <span class='ocrx_word' id='word_1_461' title='bbox 2207 2389 2391 2443; x_wconf 76' lang='lat' dir='ltr'><strong>Justus</strong></span> <span class='ocrx_word' id='word_1_462' title='bbox 2421 2404 2499 2454; x_wconf 76' lang='lat' dir='ltr'><strong>es,</strong></span> <span class='ocrx_word' id='word_1_463' title='bbox 2524 2389 2771 2454; x_wconf 79' lang='lat' dir='ltr'><strong>Domine,</strong></span> <span class='ocrx_word' id='word_1_464' title='bbox 2802 2400 2856 2445; x_wconf 86' lang='lat' dir='ltr'><strong>et</strong></span> <span class='ocrx_word' id='word_1_465' title='bbox 2880 2389 3146 2458; x_wconf 84' lang='lat' dir='ltr'><strong>justitiam</strong></span> <span class='ocrx_word' id='word_1_466' title='bbox 3178 2388 3376 2458; x_wconf 75' lang='lat' dir='ltr'><strong>diligis,</strong></span> <span class='ocrx_word' id='word_1_467' title='bbox 3408 2399 3494 2441; x_wconf 84' lang='lat' dir='ltr'><strong>at-</strong></span> 
     </span>
    </p>
   </div>
   <div class='ocr_carea' id='block_1_83' title="bbox 1904 2479 3492 2550">
    <p class='ocr_par' dir='ltr' id='par_1_83' title="bbox 1904 2479 3492 2550">
     <span class='ocr_line' id='line_1_83' title="bbox 1904 2479 3492 2550; baseline -0.003 -16"><span class='ocrx_word' id='word_1_468' title='bbox 1904 2495 2008 2550; x_wconf 90' lang='lat' dir='ltr'><strong>que</strong></span> <span class='ocrx_word' id='word_1_469' title='bbox 2038 2479 2232 2549; x_wconf 72' lang='lat' dir='ltr'><strong>inspicis</strong></span> <span class='ocrx_word' id='word_1_470' title='bbox 2252 2480 2557 2547; x_wconf 59' lang='lat' dir='ltr'><strong>aequitatem</strong></span> <span class='ocrx_word' id='word_1_471' title='bbox 2592 2497 2606 2534; x_wconf 89' lang='lat'><strong>:</strong></span> <span class='ocrx_word' id='word_1_472' title='bbox 2654 2480 2790 2535; x_wconf 85' lang='lat' dir='ltr'><strong>dona</strong></span> <span class='ocrx_word' id='word_1_473' title='bbox 2821 2481 2976 2534; x_wconf 87' lang='lat' dir='ltr'><strong>nobis</strong></span> <span class='ocrx_word' id='word_1_474' title='bbox 3003 2494 3129 2535; x_wconf 81' lang='lat' dir='ltr'><strong>ante</strong></span> <span class='ocrx_word' id='word_1_475' title='bbox 3157 2479 3345 2534; x_wconf 88' lang='lat' dir='ltr'><strong>oculos</strong></span> <span class='ocrx_word' id='word_1_476' title='bbox 3371 2489 3492 2532; x_wconf 89' lang='lat' dir='ltr'><strong>tuos</strong></span> 
     </span>
    </p>
   </div>
   <div class='ocr_carea' id='block_1_84' title="bbox 1907 2569 3486 2642">
    <p class='ocr_par' dir='ltr' id='par_1_84' title="bbox 1907 2569 3486 2642">
     <span class='ocr_line' id='line_1_84' title="bbox 1907 2569 3486 2642; baseline 0 -19"><span class='ocrx_word' id='word_1_477' title='bbox 1907 2571 1999 2624; x_wconf 88' lang='lat' dir='ltr'><strong>tibi</strong></span> <span class='ocrx_word' id='word_1_478' title='bbox 2022 2570 2214 2640; x_wconf 75' lang='lat' dir='ltr'><strong>pliicita</strong></span> <span class='ocrx_word' id='word_1_479' title='bbox 2240 2581 2293 2624; x_wconf 89' lang='lat' dir='ltr'><strong>et</strong></span> <span class='ocrx_word' id='word_1_480' title='bbox 2315 2571 2567 2640; x_wconf 75' lang='lat' dir='ltr'><strong>placitura</strong></span> <span class='ocrx_word' id='word_1_481' title='bbox 2586 2569 2858 2642; x_wconf 87' lang='lat' dir='ltr'><strong>perlicere;</strong></span> <span class='ocrx_word' id='word_1_482' title='bbox 2875 2581 2930 2626; x_wconf 90' lang='lat' dir='ltr'><strong>et</strong></span> <span class='ocrx_word' id='word_1_483' title='bbox 2952 2585 3165 2638; x_wconf 85' lang='lat' dir='ltr'><strong>semper</strong></span> <span class='ocrx_word' id='word_1_484' title='bbox 3194 2571 3352 2642; x_wconf 81' lang='lat' dir='ltr'><strong>digna</strong></span> <span class='ocrx_word' id='word_1_485' title='bbox 3382 2580 3486 2624; x_wconf 71' lang='lat' dir='ltr'><strong>tum</strong></span> 
     </span>
    </p>
   </div>
   <div class='ocr_carea' id='block_1_85' title="bbox 1901 2659 3490 2733">
    <p class='ocr_par' dir='ltr' id='par_1_85' title="bbox 1901 2659 3490 2733">
     <span class='ocr_line' id='line_1_85' title="bbox 1901 2659 3490 2733; baseline 0.001 -19"><span class='ocrx_word' id='word_1_486' title='bbox 1901 2659 2126 2731; x_wconf 65' lang='lat' dir='ltr'><strong>iustitiae</strong></span> <span class='ocrx_word' id='word_1_487' title='bbox 2147 2672 2306 2731; x_wconf 88' lang='lat' dir='ltr'><strong>atque</strong></span> <span class='ocrx_word' id='word_1_488' title='bbox 2329 2663 2594 2733; x_wconf 63' lang='lat' dir='ltr'><strong>zequiiétis</strong></span> <span class='ocrx_word' id='word_1_489' title='bbox 2609 2662 2772 2733; x_wconf 83' lang='lat' dir='ltr'><strong>opera</strong></span> <span class='ocrx_word' id='word_1_490' title='bbox 2788 2667 3184 2719; x_wconf 76' lang='lat' dir='ltr'><strong>consummare.</strong></span> <span class='ocrx_word' id='word_1_491' title='bbox 3207 2663 3242 2731; x_wconf 72' lang='lat' dir='ltr'><strong>ii)</strong></span> <span class='ocrx_word' id='word_1_492' title='bbox 3265 2703 3281 2720; x_wconf 95' lang='lat'><strong>.</strong></span> <span class='ocrx_word' id='word_1_493' title='bbox 3299 2664 3490 2718; x_wconf 77' lang='lat' dir='ltr'><strong>Anien.</strong></span> 
     </span>
    </p>
   </div>
   <div class='ocr_carea' id='block_1_86' title="bbox 1979 2752 2560 2808">
    <p class='ocr_par' dir='ltr' id='par_1_86' title="bbox 1979 2752 2560 2808">
     <span class='ocr_line' id='line_1_86' title="bbox 1979 2752 2560 2808; baseline 0.003 -2"><span class='ocrx_word' id='word_1_494' title='bbox 1979 2752 2082 2807; x_wconf 86' lang='lat' dir='ltr'><strong>Per</strong></span> <span class='ocrx_word' id='word_1_495' title='bbox 2113 2752 2560 2808; x_wconf 86' lang='lat' dir='ltr'><strong>misericordiam.</strong></span> 
     </span>
    </p>
   </div>
   <div class='ocr_carea' id='block_1_87' title="bbox 1977 2843 3490 2912">
    <p class='ocr_par' dir='ltr' id='par_1_87' title="bbox 1977 2843 3490 2912">
     <span class='ocr_line' id='line_1_87' title="bbox 1977 2843 3490 2912; baseline 0.004 -16"><span class='ocrx_word' id='word_1_496' title='bbox 1977 2843 2270 2912; x_wconf 80' lang='lat' dir='ltr'><strong>Antiphona</strong></span> <span class='ocrx_word' id='word_1_497' title='bbox 2297 2845 2352 2900; x_wconf 73' lang='lat'><strong>2.</strong></span> <span class='ocrx_word' id='word_1_498' title='bbox 2377 2845 2476 2911; x_wconf 82' lang='lat' dir='ltr'><strong>Tu,</strong></span> <span class='ocrx_word' id='word_1_499' title='bbox 2525 2845 2773 2912; x_wconf 80' lang='lat' dir='ltr'><strong>Domine,</strong></span> <span class='ocrx_word' id='word_1_500' title='bbox 2804 2845 3041 2902; x_wconf 73' lang='lat' dir='ltr'><strong>servabis</strong></span> <span class='ocrx_word' id='word_1_501' title='bbox 3070 2862 3202 2901; x_wconf 90' lang='lat' dir='ltr'><strong>nos:</strong></span> <span class='ocrx_word' id='word_1_502' title='bbox 3225 2856 3280 2903; x_wconf 91' lang='lat' dir='ltr'><strong>et</strong></span> <span class='ocrx_word' id='word_1_503' title='bbox 3308 2847 3490 2903; x_wconf 85' lang='lat' dir='ltr'><strong>custo-</strong></span> 
     </span>
    </p>
   </div>
   <div class='ocr_carea' id='block_1_88' title="bbox 1905 2934 3345 3008">
    <p class='ocr_par' dir='ltr' id='par_1_88' title="bbox 1905 2934 3345 3008">
     <span class='ocr_line' id='line_1_88' title="bbox 1905 2934 3345 3008; baseline 0.002 -19"><span class='ocrx_word' id='word_1_504' title='bbox 1905 2934 2024 2990; x_wconf 87' lang='lat' dir='ltr'><strong>dies</strong></span> <span class='ocrx_word' id='word_1_505' title='bbox 2051 2949 2149 2989; x_wconf 89' lang='lat' dir='ltr'><strong>nos</strong></span> <span class='ocrx_word' id='word_1_506' title='bbox 2174 2934 2204 2987; x_wconf 73' lang='grc' dir='ltr'><strong>ξι</strong></span> <span class='ocrx_word' id='word_1_507' title='bbox 2233 2939 2578 3006; x_wconf 71' lang='lat' dir='ltr'><strong>generatiéne</strong></span> <span class='ocrx_word' id='word_1_508' title='bbox 2611 2940 2661 2991; x_wconf 92' lang='lat' dir='ltr'><strong>iu</strong></span> <span class='ocrx_word' id='word_1_509' title='bbox 2688 2939 2960 3008; x_wconf 75' lang='lat' dir='ltr'><strong>progenie.</strong></span> <span class='ocrx_word' id='word_1_510' title='bbox 2996 2937 3242 2992; x_wconf 76' lang='lat' dir='ltr'><strong>Psalmus</strong></span> <span class='ocrx_word' id='word_1_511' title='bbox 3272 2954 3345 2992; x_wconf 84' lang='lat' dir='ltr'><strong>xt.</strong></span> 
     </span>
    </p>
   </div>
   <div class='ocr_carea' id='block_1_89' title="bbox 1980 3021 3497 3098">
    <p class='ocr_par' dir='ltr' id='par_1_89' title="bbox 1980 3021 3497 3098">
     <span class='ocr_line' id='line_1_89' title="bbox 1980 3021 3497 3098; baseline 0.002 -19"><span class='ocrx_word' id='word_1_512' title='bbox 1980 3021 2181 3080; x_wconf 66' lang='lat' dir='ltr'><strong>Oratio.</strong></span> <span class='ocrx_word' id='word_1_513' title='bbox 2235 3026 2453 3082; x_wconf 75' lang='lat' dir='ltr'><strong>Custodi</strong></span> <span class='ocrx_word' id='word_1_514' title='bbox 2483 3043 2602 3094; x_wconf 89' lang='lat' dir='ltr'><strong>nos,</strong></span> <span class='ocrx_word' id='word_1_515' title='bbox 2639 3028 2884 3095; x_wconf 88' lang='lat' dir='ltr'><strong>Domine,</strong></span> <span class='ocrx_word' id='word_1_516' title='bbox 2935 3031 2986 3083; x_wconf 90' lang='lat' dir='ltr'><strong>in</strong></span> <span class='ocrx_word' id='word_1_517' title='bbox 3040 3031 3408 3098; x_wconf 79' lang='lat' dir='ltr'><strong>generatione,</strong></span> <span class='ocrx_word' id='word_1_518' title='bbox 3442 3037 3497 3084; x_wconf 89' lang='lat' dir='ltr'><strong>et</strong></span> 
     </span>
    </p>
   </div>
   <div class='ocr_carea' id='block_1_90' title="bbox 1907 3119 3491 3190">
    <p class='ocr_par' dir='ltr' id='par_1_90' title="bbox 1907 3119 3491 3190">
     <span class='ocr_line' id='line_1_90' title="bbox 1907 3119 3491 3190; baseline 0.002 -18"><span class='ocrx_word' id='word_1_519' title='bbox 1907 3119 2197 3189; x_wconf 83' lang='lat' dir='ltr'><strong>progenie;</strong></span> <span class='ocrx_word' id='word_1_520' title='bbox 2241 3133 2337 3173; x_wconf 91' lang='lat' dir='ltr'><strong>nec</strong></span> <span class='ocrx_word' id='word_1_521' title='bbox 2362 3133 2480 3173; x_wconf 92' lang='lat' dir='ltr'><strong>cum</strong></span> <span class='ocrx_word' id='word_1_522' title='bbox 2538 3121 2791 3188; x_wconf 70' lang='lat' dir='ltr'><strong>prmsénti</strong></span> <span class='ocrx_word' id='word_1_523' title='bbox 2824 3121 3099 3174; x_wconf 67' lang='lat' dir='ltr'><strong>volvAmur</strong></span> <span class='ocrx_word' id='word_1_524' title='bbox 3128 3122 3348 3187; x_wconf 70' lang='lat' dir='ltr'><strong>sreculo,</strong></span> <span class='ocrx_word' id='word_1_525' title='bbox 3400 3124 3491 3190; x_wconf 86' lang='lat' dir='ltr'><strong>qui</strong></span> 
     </span>
    </p>
   </div>
   <div class='ocr_carea' id='block_1_91' title="bbox 1912 3209 3486 3278">
    <p class='ocr_par' dir='ltr' id='par_1_91' title="bbox 1912 3209 3486 3278">
     <span class='ocr_line' id='line_1_91' title="bbox 1912 3209 3486 3278; baseline 0.001 -15"><span class='ocrx_word' id='word_1_526' title='bbox 1912 3221 2002 3263; x_wconf 91' lang='lat' dir='ltr'><strong>tuo</strong></span> <span class='ocrx_word' id='word_1_527' title='bbox 2047 3211 2156 3278; x_wconf 80' lang='lat' dir='ltr'><strong>jam</strong></span> <span class='ocrx_word' id='word_1_528' title='bbox 2213 3210 2521 3263; x_wconf 75' lang='lat' dir='ltr'><strong>inluesimus</strong></span> <span class='ocrx_word' id='word_1_529' title='bbox 2579 3209 2965 3266; x_wconf 76' lang='lat' dir='ltr'><strong>lundzunénto:</strong></span> <span class='ocrx_word' id='word_1_530' title='bbox 3010 3213 3104 3264; x_wconf 88' lang='lat' dir='ltr'><strong>sed</strong></span> <span class='ocrx_word' id='word_1_531' title='bbox 3153 3212 3486 3264; x_wconf 67' lang='lat' dir='ltr'><strong>miseriarum</strong></span> 
     </span>
    </p>
   </div>
   <div class='ocr_carea' id='block_1_92' title="bbox 1839 3293 3490 3372">
    <p class='ocr_par' dir='ltr' id='par_1_92' title="bbox 1839 3293 3490 3372">
     <span class='ocr_line' id='line_1_92' title="bbox 1839 3293 3490 3372; baseline 0.001 -17"><span class='ocrx_word' id='word_1_532' title='bbox 1839 3293 1885 3355; x_wconf 87' lang='lat' dir='ltr'><strong>C</strong></span> <span class='ocrx_word' id='word_1_533' title='bbox 1917 3304 2219 3357; x_wconf 68' lang='lat' dir='ltr'><strong>nostrarum</strong></span> <span class='ocrx_word' id='word_1_534' title='bbox 2271 3304 2576 3356; x_wconf 69' lang='lat' dir='ltr'><strong>consoliltor</strong></span> <span class='ocrx_word' id='word_1_535' title='bbox 2613 3307 2835 3372; x_wconf 80' lang='lat' dir='ltr'><strong>exurge,</strong></span> <span class='ocrx_word' id='word_1_536' title='bbox 2887 3313 2939 3357; x_wconf 92' lang='lat' dir='ltr'><strong>et</strong></span> <span class='ocrx_word' id='word_1_537' title='bbox 2983 3303 3240 3370; x_wconf 76' lang='lat' dir='ltr'><strong>proventu</strong></span> <span class='ocrx_word' id='word_1_538' title='bbox 3290 3303 3490 3356; x_wconf 60' lang='lat' dir='ltr'><strong>lietitiae</strong></span> 
     </span>
    </p>
   </div>
   <div class='ocr_carea' id='block_1_93' title="bbox 1912 3394 3028 3464">
    <p class='ocr_par' dir='ltr' id='par_1_93' title="bbox 1912 3394 3028 3464">
     <span class='ocr_line' id='line_1_93' title="bbox 1912 3394 3028 3464; baseline -0.001 -15"><span class='ocrx_word' id='word_1_539' title='bbox 1912 3395 2174 3449; x_wconf 75' lang='lat' dir='ltr'><strong>moert&#39;ires</strong></span> <span class='ocrx_word' id='word_1_540' title='bbox 2199 3405 2409 3448; x_wconf 87' lang='lat' dir='ltr'><strong>nostros</strong></span> <span class='ocrx_word' id='word_1_541' title='bbox 2436 3394 2702 3464; x_wconf 80' lang='lat' dir='ltr'><strong>absterge.</strong></span> <span class='ocrx_word' id='word_1_542' title='bbox 2740 3396 2776 3464; x_wconf 66' lang='grc' dir='ltr'>ιῆ</span> <span class='ocrx_word' id='word_1_543' title='bbox 2800 3436 2810 3447; x_wconf 94' lang='grc'><strong>.</strong></span> <span class='ocrx_word' id='word_1_544' title='bbox 2839 3398 3028 3450; x_wconf 85' lang='lat' dir='ltr'><strong>Amen.</strong></span> 
     </span>
    </p>
   </div>
   <div class='ocr_carea' id='block_1_94' title="bbox 1984 3487 2554 3543">
    <p class='ocr_par' dir='ltr' id='par_1_94' title="bbox 1984 3487 2554 3543">
     <span class='ocr_line' id='line_1_94' title="bbox 1984 3487 2554 3543; baseline -0.007 0"><span class='ocrx_word' id='word_1_545' title='bbox 1984 3488 2086 3543; x_wconf 86' lang='lat' dir='ltr'><strong>Per</strong></span> <span class='ocrx_word' id='word_1_546' title='bbox 2109 3487 2554 3542; x_wconf 74' lang='lat' dir='ltr'><strong>misericordiam.</strong></span> 
     </span>
    </p>
   </div>
   <div class='ocr_carea' id='block_1_95' title="bbox 1981 3576 3492 3647">
    <p class='ocr_par' dir='ltr' id='par_1_95' title="bbox 1981 3576 3492 3647">
     <span class='ocr_line' id='line_1_95' title="bbox 1981 3576 3492 3647; baseline 0.001 -16"><span class='ocrx_word' id='word_1_547' title='bbox 1981 3577 2278 3647; x_wconf 80' lang='lat' dir='ltr'><strong>Antiphona</strong></span> <span class='ocrx_word' id='word_1_548' title='bbox 2311 3581 2362 3633; x_wconf 85' lang='grc'><strong>5.</strong></span> <span class='ocrx_word' id='word_1_549' title='bbox 2396 3577 2634 3632; x_wconf 69' lang='grc' dir='ltr'><strong>(Ζωιιέὺο</strong></span> <span class='ocrx_word' id='word_1_550' title='bbox 2663 3576 2888 3633; x_wconf 69' lang='lat' dir='ltr'><strong>Domino</strong></span> <span class='ocrx_word' id='word_1_551' title='bbox 2909 3578 3017 3633; x_wconf 89' lang='lat' dir='ltr'><strong>Deo</strong></span> <span class='ocrx_word' id='word_1_552' title='bbox 3040 3593 3180 3644; x_wconf 88' lang='lat' dir='ltr'><strong>meo,</strong></span> <span class='ocrx_word' id='word_1_553' title='bbox 3210 3578 3299 3647; x_wconf 90' lang='lat' dir='ltr'><strong>qui</strong></span> <span class='ocrx_word' id='word_1_554' title='bbox 3353 3576 3492 3632; x_wconf 88' lang='lat' dir='ltr'><strong>bona</strong></span> 
     </span>
    </p>
   </div>
   <div class='ocr_carea' id='block_1_96' title="bbox 1913 3671 3488 3742">
    <p class='ocr_par' dir='ltr' id='par_1_96' title="bbox 1913 3671 3488 3742">
     <span class='ocr_line' id='line_1_96' title="bbox 1913 3671 3488 3742; baseline -0.001 -15"><span class='ocrx_word' id='word_1_555' title='bbox 1913 3675 2097 3728; x_wconf 81' lang='lat' dir='ltr'><strong>tribuit</strong></span> <span class='ocrx_word' id='word_1_556' title='bbox 2125 3673 2254 3727; x_wconf 84' lang='lat' dir='ltr'><strong>mihi</strong></span> <span class='ocrx_word' id='word_1_557' title='bbox 2292 3692 2302 3725; x_wconf 93' lang='lat'>:</span> <span class='ocrx_word' id='word_1_558' title='bbox 2337 3674 2476 3729; x_wconf 90' lang='lat' dir='ltr'><strong>Deus</strong></span> <span class='ocrx_word' id='word_1_559' title='bbox 2527 3688 2696 3739; x_wconf 87' lang='lat' dir='ltr'><strong>meus,</strong></span> <span class='ocrx_word' id='word_1_560' title='bbox 2731 3673 2820 3726; x_wconf 88' lang='lat' dir='ltr'><strong>tibi</strong></span> <span class='ocrx_word' id='word_1_561' title='bbox 2848 3673 3089 3742; x_wconf 77' lang='lat' dir='ltr'><strong>psallnnt.</strong></span> <span class='ocrx_word' id='word_1_562' title='bbox 3126 3671 3364 3726; x_wconf 78' lang='lat' dir='ltr'><strong>Psalmus</strong></span> <span class='ocrx_word' id='word_1_563' title='bbox 3389 3687 3488 3727; x_wconf 70' lang='lat' dir='ltr'><strong>xu.</strong></span> 
     </span>
    </p>
   </div>
   <div class='ocr_carea' id='block_1_97' title="bbox 1987 3765 2620 3832">
    <p class='ocr_par' dir='ltr' id='par_1_97' title="bbox 1987 3765 2620 3832">
     <span class='ocr_line' id='line_1_97' title="bbox 1987 3765 2620 3832; baseline 0 -14"><span class='ocrx_word' id='word_1_564' title='bbox 1987 3765 2270 3818; x_wconf 70' lang='lat' dir='ltr'><strong>lle-iterétur</strong></span> <span class='ocrx_word' id='word_1_565' title='bbox 2291 3765 2620 3832; x_wconf 74' lang='lat' dir='ltr'><strong>Antiphone.</strong></span> 
     </span>
    </p>
   </div>
   <div class='ocr_carea' id='block_1_98' title="bbox 1997 3853 3494 3924">
    <p class='ocr_par' dir='ltr' id='par_1_98' title="bbox 1997 3853 3494 3924">
     <span class='ocr_line' id='line_1_98' title="bbox 1997 3853 3494 3924; baseline 0.001 -16"><span class='ocrx_word' id='word_1_566' title='bbox 1997 3858 2032 3924; x_wconf 67' lang='lat' dir='ltr'><strong>ii}</strong></span> <span class='ocrx_word' id='word_1_567' title='bbox 2057 3896 2070 3909; x_wconf 92' lang='lat'><strong>.</strong></span> <span class='ocrx_word' id='word_1_568' title='bbox 2105 3855 2388 3910; x_wconf 84' lang='lat' dir='ltr'><strong>Absconde</strong></span> <span class='ocrx_word' id='word_1_569' title='bbox 2419 3872 2502 3910; x_wconf 91' lang='lat' dir='ltr'><strong>me</strong></span> <span class='ocrx_word' id='word_1_570' title='bbox 2539 3857 2590 3911; x_wconf 94' lang='lat' dir='ltr'><strong>in</strong></span> <span class='ocrx_word' id='word_1_571' title='bbox 2641 3854 2980 3912; x_wconf 77' lang='lat' dir='ltr'><strong>taberniiculo</strong></span> <span class='ocrx_word' id='word_1_572' title='bbox 3012 3865 3122 3923; x_wconf 91' lang='lat' dir='ltr'><strong>tuo,</strong></span> <span class='ocrx_word' id='word_1_573' title='bbox 3152 3855 3311 3911; x_wconf 80' lang='lat' dir='ltr'><strong>Deus.</strong></span> <span class='ocrx_word' id='word_1_574' title='bbox 3341 3853 3404 3908; x_wconf 90' lang='lat' dir='ltr'><strong>P.</strong></span> <span class='ocrx_word' id='word_1_575' title='bbox 3436 3853 3494 3910; x_wconf 87' lang='lat' dir='ltr'><strong>in</strong></span> 
     </span>
    </p>
   </div>
   <div class='ocr_carea' id='block_1_99' title="bbox 1911 3947 3492 4016">
    <p class='ocr_par' dir='ltr' id='par_1_99' title="bbox 1911 3947 3492 4016">
     <span class='ocr_line' id='line_1_99' title="bbox 1911 3947 3492 4016; baseline -0.001 -14"><span class='ocrx_word' id='word_1_576' title='bbox 1911 3949 1996 4003; x_wconf 85' lang='lat' dir='ltr'><strong>die</strong></span> <span class='ocrx_word' id='word_1_577' title='bbox 2021 3949 2282 4002; x_wconf 84' lang='lat' dir='ltr'><strong>malorum</strong></span> <span class='ocrx_word' id='word_1_578' title='bbox 2306 3950 2542 4002; x_wconf 71' lang='lat' dir='ltr'><strong>rneérum</strong></span> <span class='ocrx_word' id='word_1_579' title='bbox 2566 3948 2728 4002; x_wconf 86' lang='lat' dir='ltr'><strong>libera</strong></span> <span class='ocrx_word' id='word_1_580' title='bbox 2754 3963 2859 4002; x_wconf 90' lang='lat' dir='ltr'><strong>me.</strong></span> <span class='ocrx_word' id='word_1_581' title='bbox 2906 3949 2938 4016; x_wconf 59' lang='grc' dir='ltr'><em>ᾗ</em></span> <span class='ocrx_word' id='word_1_582' title='bbox 2965 3982 2981 3999; x_wconf 96' lang='grc'><strong>.</strong></span> <span class='ocrx_word' id='word_1_583' title='bbox 3002 3947 3228 4014; x_wconf 58' lang='lat' dir='ltr'><strong>Exaudi,</strong></span> <span class='ocrx_word' id='word_1_584' title='bbox 3249 3947 3492 4010; x_wconf 72' lang='lat' dir='ltr'><strong>Domine,</strong></span> 
     </span>
    </p>
   </div>
   <div class='ocr_carea' id='block_1_100' title="bbox 1911 4038 3495 4109">
    <p class='ocr_par' dir='ltr' id='par_1_100' title="bbox 1911 4038 3495 4109">
     <span class='ocr_line' id='line_1_100' title="bbox 1911 4038 3495 4109; baseline -0.001 -16"><span class='ocrx_word' id='word_1_585' title='bbox 1911 4055 2092 4094; x_wconf 71' lang='lat' dir='ltr'><strong>Vocem</strong></span> <span class='ocrx_word' id='word_1_586' title='bbox 2117 4054 2287 4094; x_wconf 81' lang='lat' dir='ltr'><strong>meant</strong></span> <span class='ocrx_word' id='word_1_587' title='bbox 2327 4040 2429 4109; x_wconf 68' lang='lat' dir='ltr'><strong>qua</strong></span> <span class='ocrx_word' id='word_1_588' title='bbox 2458 4039 2686 4093; x_wconf 75' lang='lat' dir='ltr'><strong>clamiivi</strong></span> <span class='ocrx_word' id='word_1_589' title='bbox 2735 4038 2802 4092; x_wconf 85' lang='lat' dir='ltr'><strong>ad</strong></span> <span class='ocrx_word' id='word_1_590' title='bbox 2859 4046 2910 4093; x_wconf 88' lang='lat' dir='ltr'><strong>te</strong></span> <span class='ocrx_word' id='word_1_591' title='bbox 2941 4055 2953 4089; x_wconf 90' lang='lat'>:</span> <span class='ocrx_word' id='word_1_592' title='bbox 2989 4039 3244 4093; x_wconf 76' lang='lat' dir='ltr'><strong>miserere</strong></span> <span class='ocrx_word' id='word_1_593' title='bbox 3284 4040 3410 4106; x_wconf 89' lang='lat' dir='ltr'><strong>mei,</strong></span> <span class='ocrx_word' id='word_1_594' title='bbox 3439 4049 3495 4092; x_wconf 89' lang='lat' dir='ltr'><strong>et</strong></span> 
     </span>
    </p>
   </div>
   <div class='ocr_carea' id='block_1_101' title="bbox 1910 4131 3491 4202">
    <p class='ocr_par' dir='ltr' id='par_1_101' title="bbox 1910 4131 3491 4202">
     <span class='ocr_line' id='line_1_101' title="bbox 1910 4131 3491 4202; baseline 0 -15"><span class='ocrx_word' id='word_1_595' title='bbox 1910 4133 2099 4187; x_wconf 72' lang='lat' dir='ltr'><strong>exfmdi</strong></span> <span class='ocrx_word' id='word_1_596' title='bbox 2132 4149 2236 4188; x_wconf 91' lang='lat' dir='ltr'><strong>me.</strong></span> <span class='ocrx_word' id='word_1_597' title='bbox 2272 4131 2340 4188; x_wconf 88' lang='lat' dir='ltr'><strong>P.</strong></span> <span class='ocrx_word' id='word_1_598' title='bbox 2367 4134 2419 4187; x_wconf 91' lang='lat' dir='ltr'><strong>In</strong></span> <span class='ocrx_word' id='word_1_599' title='bbox 2450 4134 2536 4188; x_wconf 89' lang='lat' dir='ltr'><strong>die</strong></span> <span class='ocrx_word' id='word_1_600' title='bbox 2557 4135 2836 4187; x_wconf 74' lang='lat' dir='ltr'><strong>maldrum.</strong></span> <span class='ocrx_word' id='word_1_601' title='bbox 2876 4133 2911 4202; x_wconf 63' lang='lat'><strong><em>7</em></strong></span> <span class='ocrx_word' id='word_1_602' title='bbox 2937 4171 2950 4185; x_wconf 94' lang='lat'><strong>.</strong></span> <span class='ocrx_word' id='word_1_603' title='bbox 2973 4131 3175 4198; x_wconf 72' lang='lat' dir='ltr'><strong>Gloria,</strong></span> <span class='ocrx_word' id='word_1_604' title='bbox 3210 4141 3265 4189; x_wconf 82' lang='lat' dir='ltr'><strong>et</strong></span> <span class='ocrx_word' id='word_1_605' title='bbox 3295 4132 3491 4200; x_wconf 88' lang='lat' dir='ltr'><strong>honor,</strong></span> 
     </span>
    </p>
   </div>
   <div class='ocr_carea' id='block_1_102' title="bbox 1910 4225 2463 4293">
    <p class='ocr_par' dir='ltr' id='par_1_102' title="bbox 1910 4225 2463 4293">
     <span class='ocr_line' id='line_1_102' title="bbox 1910 4225 2463 4293; baseline -0.002 -13"><span class='ocrx_word' id='word_1_606' title='bbox 1910 4234 2014 4280; x_wconf 72' lang='lat' dir='ltr'><strong>etc.</strong></span> <span class='ocrx_word' id='word_1_607' title='bbox 2043 4227 2285 4280; x_wconf 74' lang='lat' dir='ltr'><strong>Iieiterétt</strong></span> <span class='ocrx_word' id='word_1_608' title='bbox 2297 4241 2344 4279; x_wconf 88' lang='lat' dir='ltr'><strong>r.</strong></span> <span class='ocrx_word' id='word_1_609' title='bbox 2389 4225 2424 4293; x_wconf 70' lang='lat' dir='ltr'><strong>Ii)</strong></span> <span class='ocrx_word' id='word_1_610' title='bbox 2448 4264 2463 4279; x_wconf 97' lang='lat'><strong>.</strong></span> 
     </span>
    </p>
   </div>
   <div class='ocr_carea' id='block_1_103' title="bbox 1983 4315 2991 4386">
    <p class='ocr_par' dir='ltr' id='par_1_103' title="bbox 1983 4315 2991 4386">
     <span class='ocr_line' id='line_1_103' title="bbox 1983 4315 2991 4386; baseline -0.002 -16"><span class='ocrx_word' id='word_1_611' title='bbox 1983 4317 2241 4371; x_wconf 61' lang='lat' dir='ltr'><strong>Dominus</strong></span> <span class='ocrx_word' id='word_1_612' title='bbox 2270 4319 2340 4371; x_wconf 91' lang='lat' dir='ltr'><strong>sit</strong></span> <span class='ocrx_word' id='word_1_613' title='bbox 2367 4331 2602 4386; x_wconf 88' lang='lat' dir='ltr'><strong>semper.</strong></span> <span class='ocrx_word' id='word_1_614' title='bbox 2649 4315 2685 4382; x_wconf 69' lang='grc' dir='ltr'><strong><em>ἡ</em></strong></span> <span class='ocrx_word' id='word_1_615' title='bbox 2707 4355 2721 4368; x_wconf 92' lang='grc'><strong>.</strong></span> <span class='ocrx_word' id='word_1_616' title='bbox 2753 4315 2819 4370; x_wconf 86' lang='grc' dir='ltr'>Ει</span> <span class='ocrx_word' id='word_1_617' title='bbox 2847 4329 2991 4368; x_wconf 91' lang='lat' dir='ltr'><strong>cum.</strong></span> 
     </span>
    </p>
   </div>
   <div class='ocr_carea' id='block_1_104' title="bbox 1983 4423 3490 4493">
    <p class='ocr_par' dir='ltr' id='par_1_104' title="bbox 1983 4423 3490 4493">
     <span class='ocr_line' id='line_1_104' title="bbox 1983 4423 3490 4493; baseline -0.002 -12"><span class='ocrx_word' id='word_1_618' title='bbox 1983 4427 2184 4482; x_wconf 89' lang='lat' dir='ltr'><strong>Lauda.</strong></span> <span class='ocrx_word' id='word_1_619' title='bbox 2216 4428 2470 4492; x_wconf 81' lang='lat' dir='ltr'><strong>Alleluia,</strong></span> <span class='ocrx_word' id='word_1_620' title='bbox 2498 4428 2735 4482; x_wconf 79' lang='lat' dir='ltr'><strong>alleluia.</strong></span> <span class='ocrx_word' id='word_1_621' title='bbox 2767 4425 2988 4493; x_wconf 77' lang='lat' dir='ltr'><strong>Magnus</strong></span> <span class='ocrx_word' id='word_1_622' title='bbox 3008 4423 3264 4480; x_wconf 84' lang='lat' dir='ltr'><strong>Dominus</strong></span> <span class='ocrx_word' id='word_1_623' title='bbox 3283 4431 3490 4492; x_wconf 65' lang='lat' dir='ltr'><strong>noster,</strong></span> 
     </span>
    </p>
   </div>
   <div class='ocr_carea' id='block_1_105' title="bbox 1911 4518 3492 4590">
    <p class='ocr_par' dir='ltr' id='par_1_105' title="bbox 1911 4518 3492 4590">
     <span class='ocr_line' id='line_1_105' title="bbox 1911 4518 3492 4590; baseline -0.001 -15"><span class='ocrx_word' id='word_1_624' title='bbox 1911 4531 1964 4576; x_wconf 89' lang='lat' dir='ltr'><strong>et</strong></span> <span class='ocrx_word' id='word_1_625' title='bbox 1988 4536 2173 4589; x_wconf 82' lang='lat' dir='ltr'><strong>niagna</strong></span> <span class='ocrx_word' id='word_1_626' title='bbox 2196 4522 2364 4575; x_wconf 88' lang='lat' dir='ltr'><strong>virtus</strong></span> <span class='ocrx_word' id='word_1_627' title='bbox 2398 4520 2550 4590; x_wconf 85' lang='lat' dir='ltr'><strong>ejus:</strong></span> <span class='ocrx_word' id='word_1_628' title='bbox 2585 4520 2650 4575; x_wconf 84' lang='lat' dir='ltr'><strong>P.</strong></span> <span class='ocrx_word' id='word_1_629' title='bbox 2695 4520 2946 4574; x_wconf 82' lang='lat' dir='ltr'><strong>Alleluia.</strong></span> <span class='ocrx_word' id='word_1_630' title='bbox 3012 4521 3045 4589; x_wconf 61' lang='grc' dir='ltr'><strong>ᾗ*</strong></span> <span class='ocrx_word' id='word_1_631' title='bbox 3072 4557 3088 4574; x_wconf 93' lang='grc'><strong>.</strong></span> <span class='ocrx_word' id='word_1_632' title='bbox 3114 4519 3178 4574; x_wconf 84' lang='lat' dir='ltr'><strong>Et</strong></span> <span class='ocrx_word' id='word_1_633' title='bbox 3217 4518 3492 4588; x_wconf 65' lang='lat' dir='ltr'><strong>sapientia:</strong></span> 
     </span>
    </p>
   </div>
   <div class='ocr_carea' id='block_1_106' title="bbox 1841 4607 3491 4701">
    <p class='ocr_par' dir='ltr' id='par_1_106' title="bbox 1841 4607 3491 4701">
     <span class='ocr_line' id='line_1_106' title="bbox 1841 4607 3491 4701; baseline -0.002 -35"><span class='ocrx_word' id='word_1_634' title='bbox 1841 4640 1891 4701; x_wconf 70' lang='grc' dir='ltr'><strong><em>υ</em></strong></span> <span class='ocrx_word' id='word_1_635' title='bbox 1917 4611 2032 4680; x_wconf 86' lang='lat' dir='ltr'><strong>ejus</strong></span> <span class='ocrx_word' id='word_1_636' title='bbox 2063 4626 2164 4664; x_wconf 90' lang='lat' dir='ltr'><strong>non</strong></span> <span class='ocrx_word' id='word_1_637' title='bbox 2192 4623 2271 4664; x_wconf 89' lang='lat' dir='ltr'><strong>est</strong></span> <span class='ocrx_word' id='word_1_638' title='bbox 2295 4611 2569 4664; x_wconf 77' lang='lat' dir='ltr'><strong>numerus.</strong></span> <span class='ocrx_word' id='word_1_639' title='bbox 2601 4607 2666 4664; x_wconf 92' lang='grc' dir='ltr'><strong>Ρ.</strong></span> <span class='ocrx_word' id='word_1_640' title='bbox 2699 4609 2943 4674; x_wconf 79' lang='lat' dir='ltr'><strong>Alleluia,</strong></span> <span class='ocrx_word' id='word_1_641' title='bbox 2977 4608 3212 4662; x_wconf 80' lang='lat' dir='ltr'><strong>alleluia.</strong></span> <span class='ocrx_word' id='word_1_642' title='bbox 3259 4608 3294 4677; x_wconf 61' lang='grc' dir='ltr'><em>ᾗ</em></span> <span class='ocrx_word' id='word_1_643' title='bbox 3323 4648 3335 4661; x_wconf 95' lang='grc'><strong>.</strong></span> <span class='ocrx_word' id='word_1_644' title='bbox 3361 4607 3491 4663; x_wconf 85' lang='lat' dir='ltr'><strong>Glo-</strong></span> 
     </span>
    </p>
   </div>
   <div class='ocr_carea' id='block_1_107' title="bbox 1917 4701 3099 4770">
    <p class='ocr_par' dir='ltr' id='par_1_107' title="bbox 1917 4701 3099 4770">
     <span class='ocr_line' id='line_1_107' title="bbox 1917 4701 3099 4770; baseline -0.003 -10"><span class='ocrx_word' id='word_1_645' title='bbox 1917 4710 2015 4770; x_wconf 72' lang='lat' dir='ltr'><strong>ria,</strong></span> <span class='ocrx_word' id='word_1_646' title='bbox 2047 4715 2100 4759; x_wconf 79' lang='lat' dir='ltr'><strong>et</strong></span> <span class='ocrx_word' id='word_1_647' title='bbox 2127 4707 2318 4770; x_wconf 92' lang='lat' dir='ltr'><strong>honor,</strong></span> <span class='ocrx_word' id='word_1_648' title='bbox 2350 4715 2454 4758; x_wconf 91' lang='lat' dir='ltr'><strong>etc.</strong></span> <span class='ocrx_word' id='word_1_649' title='bbox 2483 4704 2548 4758; x_wconf 90' lang='grc' dir='ltr'><strong>Ρ.</strong></span> <span class='ocrx_word' id='word_1_650' title='bbox 2580 4701 2827 4770; x_wconf 80' lang='lat' dir='ltr'><strong>Alleluia,</strong></span> <span class='ocrx_word' id='word_1_651' title='bbox 2861 4703 3099 4758; x_wconf 83' lang='lat' dir='ltr'><strong>alleluia.</strong></span> 
     </span>
    </p>
   </div>
   <div class='ocr_carea' id='block_1_108' title="bbox 1986 4815 3490 4886">
    <p class='ocr_par' dir='ltr' id='par_1_108' title="bbox 1986 4815 3490 4886">
     <span class='ocr_line' id='line_1_108' title="bbox 1986 4815 3490 4886; baseline 0.001 -15"><span class='ocrx_word' id='word_1_652' title='bbox 1986 4817 2192 4872; x_wconf 82' lang='lat' dir='ltr'><strong>Preces.</strong></span> <span class='ocrx_word' id='word_1_653' title='bbox 2240 4817 2445 4872; x_wconf 70' lang='lat' dir='ltr'><strong>Exoudi</strong></span> <span class='ocrx_word' id='word_1_654' title='bbox 2477 4833 2571 4871; x_wconf 91' lang='lat' dir='ltr'><strong>nos</strong></span> <span class='ocrx_word' id='word_1_655' title='bbox 2595 4857 2608 4880; x_wconf 90' lang='lat'><strong>,</strong></span> <span class='ocrx_word' id='word_1_656' title='bbox 2641 4818 2799 4872; x_wconf 89' lang='lat' dir='ltr'><strong>Deus.</strong></span> <span class='ocrx_word' id='word_1_657' title='bbox 2850 4815 2913 4871; x_wconf 83' lang='grc' dir='ltr'><strong>Ρ.</strong></span> <span class='ocrx_word' id='word_1_658' title='bbox 2947 4817 3170 4871; x_wconf 72' lang='grc' dir='ltr'>Ειξιιιιιὶ.</span> <span class='ocrx_word' id='word_1_659' title='bbox 3215 4817 3249 4886; x_wconf 60' lang='grc' dir='ltr'><em>ᾗ</em></span> <span class='ocrx_word' id='word_1_660' title='bbox 3273 4855 3288 4870; x_wconf 97' lang='grc'><strong>.</strong></span> <span class='ocrx_word' id='word_1_661' title='bbox 3321 4817 3402 4873; x_wconf 84' lang='lat' dir='ltr'><strong>Ad</strong></span> <span class='ocrx_word' id='word_1_662' title='bbox 3435 4826 3490 4873; x_wconf 79' lang='lat' dir='ltr'><strong>te</strong></span> 
     </span>
    </p>
   </div>
   <div class='ocr_carea' id='block_1_109' title="bbox 1911 4909 3489 4981">
    <p class='ocr_par' dir='ltr' id='par_1_109' title="bbox 1911 4909 3489 4981">
     <span class='ocr_line' id='line_1_109' title="bbox 1911 4909 3489 4981; baseline -0.003 -11"><span class='ocrx_word' id='word_1_663' title='bbox 1911 4916 2228 4978; x_wconf 68' lang='lat' dir='ltr'><strong>clamimtes,</strong></span> <span class='ocrx_word' id='word_1_664' title='bbox 2266 4914 2422 4966; x_wconf 90' lang='lat' dir='ltr'><strong>Deus.</strong></span> <span class='ocrx_word' id='word_1_665' title='bbox 2457 4911 2524 4965; x_wconf 86' lang='grc' dir='ltr'><strong>Ρ.</strong></span> <span class='ocrx_word' id='word_1_666' title='bbox 2559 4911 2785 4966; x_wconf 70' lang='grc' dir='ltr'>Ειέιιιόί.</span> <span class='ocrx_word' id='word_1_667' title='bbox 2834 4912 2907 4981; x_wconf 61' lang='grc' dir='ltr'><strong>ᾗ.</strong></span> <span class='ocrx_word' id='word_1_668' title='bbox 2967 4911 3112 4965; x_wconf 80' lang='lat' dir='ltr'><strong>Bone</strong></span> <span class='ocrx_word' id='word_1_669' title='bbox 3165 4909 3489 4978; x_wconf 77' lang='lat' dir='ltr'><strong>liedétnptor</strong></span> 
     </span>
    </p>
   </div>
   <div class='ocr_carea' id='block_1_110' title="bbox 1916 5001 3488 5072">
    <p class='ocr_par' dir='ltr' id='par_1_110' title="bbox 1916 5001 3488 5072">
     <span class='ocr_line' id='line_1_110' title="bbox 1916 5001 3488 5072; baseline -0.003 -12"><span class='ocrx_word' id='word_1_670' title='bbox 1916 5008 2072 5063; x_wconf 87' lang='lat' dir='ltr'><strong>Deus.</strong></span> <span class='ocrx_word' id='word_1_671' title='bbox 2099 5003 2164 5058; x_wconf 90' lang='grc' dir='ltr'><strong>Ρ.</strong></span> <span class='ocrx_word' id='word_1_672' title='bbox 2193 5004 2414 5058; x_wconf 75' lang='lat' dir='ltr'><strong>Exiiudi.</strong></span> <span class='ocrx_word' id='word_1_673' title='bbox 2437 5005 2470 5072; x_wconf 65' lang='grc' dir='ltr'><strong><em>Ῡ</em></strong></span> <span class='ocrx_word' id='word_1_674' title='bbox 2496 5044 2510 5059; x_wconf 95' lang='grc'><strong>.</strong></span> <span class='ocrx_word' id='word_1_675' title='bbox 2535 5004 2804 5058; x_wconf 73' lang='lat' dir='ltr'><strong>Contritos</strong></span> <span class='ocrx_word' id='word_1_676' title='bbox 2826 5002 3006 5068; x_wconf 89' lang='lat' dir='ltr'><strong>corde,</strong></span> <span class='ocrx_word' id='word_1_677' title='bbox 3030 5003 3190 5057; x_wconf 71' lang='lat' dir='ltr'><strong>Deus.</strong></span> <span class='ocrx_word' id='word_1_678' title='bbox 3216 5001 3286 5056; x_wconf 84' lang='grc' dir='ltr'><strong>Ρ.</strong></span> <span class='ocrx_word' id='word_1_679' title='bbox 3311 5002 3488 5058; x_wconf 69' lang='grc' dir='ltr'><strong>Ειίιυε</strong></span> 
     </span>
    </p>
   </div>
   <div class='ocr_carea' id='block_1_111' title="bbox 1910 5093 3088 5166">
    <p class='ocr_par' dir='ltr' id='par_1_111' title="bbox 1910 5093 3088 5166">
     <span class='ocr_line' id='line_1_111' title="bbox 1910 5093 3088 5166; baseline -0.004 -13"><span class='ocrx_word' id='word_1_680' title='bbox 1910 5099 1983 5153; x_wconf 92' lang='lat' dir='ltr'><strong>di.</strong></span> <span class='ocrx_word' id='word_1_681' title='bbox 2031 5099 2060 5166; x_wconf 70' lang='lat' dir='ltr'><strong>ir</strong></span> <span class='ocrx_word' id='word_1_682' title='bbox 2091 5139 2102 5149; x_wconf 94' lang='lat'><strong>.</strong></span> <span class='ocrx_word' id='word_1_683' title='bbox 2135 5097 2211 5151; x_wconf 89' lang='lat' dir='ltr'><strong>De</strong></span> <span class='ocrx_word' id='word_1_684' title='bbox 2242 5098 2346 5151; x_wconf 87' lang='lat' dir='ltr'><strong>tuis</strong></span> <span class='ocrx_word' id='word_1_685' title='bbox 2369 5096 2540 5160; x_wconf 74' lang='lat' dir='ltr'><strong>cmlis,</strong></span> <span class='ocrx_word' id='word_1_686' title='bbox 2570 5095 2728 5150; x_wconf 89' lang='lat' dir='ltr'><strong>Deus.</strong></span> <span class='ocrx_word' id='word_1_687' title='bbox 2760 5093 2825 5147; x_wconf 89' lang='grc' dir='ltr'><strong>Ρ.</strong></span> <span class='ocrx_word' id='word_1_688' title='bbox 2861 5095 3088 5149; x_wconf 56' lang='lat' dir='ltr'><strong>Eximi.</strong></span> 
     </span>
    </p>
   </div>
   <div class='ocr_carea' id='block_1_112' title="bbox 1982 5193 3486 5266">
    <p class='ocr_par' dir='ltr' id='par_1_112' title="bbox 1982 5193 3486 5266">
     <span class='ocr_line' id='line_1_112' title="bbox 1982 5193 3486 5266; baseline -0.004 -16"><span class='ocrx_word' id='word_1_689' title='bbox 1982 5195 2239 5266; x_wconf 81' lang='lat' dir='ltr'><strong>Capitula.</strong></span> <span class='ocrx_word' id='word_1_690' title='bbox 2261 5194 2506 5262; x_wconf 79' lang='lat' dir='ltr'><strong>liespice,</strong></span> <span class='ocrx_word' id='word_1_691' title='bbox 2533 5202 2589 5248; x_wconf 87' lang='lat' dir='ltr'><strong>et</strong></span> <span class='ocrx_word' id='word_1_692' title='bbox 2607 5193 2800 5248; x_wconf 72' lang='lat' dir='ltr'><strong>exaudi</strong></span> <span class='ocrx_word' id='word_1_693' title='bbox 2823 5209 2944 5256; x_wconf 88' lang='lat' dir='ltr'><strong>nos,</strong></span> <span class='ocrx_word' id='word_1_694' title='bbox 2964 5193 3189 5249; x_wconf 72' lang='lat' dir='ltr'><strong>DOmiue</strong></span> <span class='ocrx_word' id='word_1_695' title='bbox 3219 5193 3362 5246; x_wconf 89' lang='lat' dir='ltr'><strong>Deus</strong></span> <span class='ocrx_word' id='word_1_696' title='bbox 3389 5201 3486 5245; x_wconf 83' lang='lat' dir='ltr'><strong>no-</strong></span> 
     </span>
    </p>
   </div>
   <div class='ocr_carea' id='block_1_113' title="bbox 1912 5283 3486 5359">
    <p class='ocr_par' dir='ltr' id='par_1_113' title="bbox 1912 5283 3486 5359">
     <span class='ocr_line' id='line_1_113' title="bbox 1912 5283 3486 5359; baseline -0.006 -13"><span class='ocrx_word' id='word_1_697' title='bbox 1912 5301 2054 5355; x_wconf 86' lang='lat' dir='ltr'><strong>ster;</strong></span> <span class='ocrx_word' id='word_1_698' title='bbox 2086 5300 2138 5344; x_wconf 91' lang='lat' dir='ltr'><strong>et</strong></span> <span class='ocrx_word' id='word_1_699' title='bbox 2163 5293 2226 5344; x_wconf 87' lang='lat' dir='ltr'><strong>ad</strong></span> <span class='ocrx_word' id='word_1_700' title='bbox 2258 5288 2573 5359; x_wconf 61' lang='lat' dir='ltr'><strong>placendum</strong></span> <span class='ocrx_word' id='word_1_701' title='bbox 2623 5287 2718 5340; x_wconf 84' lang='lat' dir='ltr'><strong>tibi</strong></span> <span class='ocrx_word' id='word_1_702' title='bbox 2759 5291 2984 5342; x_wconf 62' lang='lat' dir='ltr'><strong>conatus</strong></span> <span class='ocrx_word' id='word_1_703' title='bbox 3027 5298 3242 5342; x_wconf 86' lang='lat' dir='ltr'><strong>nostros</strong></span> <span class='ocrx_word' id='word_1_704' title='bbox 3272 5283 3486 5352; x_wconf 68' lang='lat' dir='ltr'><strong>t&#39;idjuva;</strong></span> 
     </span>
    </p>
   </div>
   <div class='ocr_carea' id='block_1_114' title="bbox 1911 5375 3488 5452">
    <p class='ocr_par' dir='ltr' id='par_1_114' title="bbox 1911 5375 3488 5452">
     <span class='ocr_line' id='line_1_114' title="bbox 1911 5375 3488 5452; baseline -0.001 -19"><span class='ocrx_word' id='word_1_705' title='bbox 1911 5399 2046 5452; x_wconf 86' lang='lat' dir='ltr'><strong>quos</strong></span> <span class='ocrx_word' id='word_1_706' title='bbox 2070 5385 2181 5450; x_wconf 86' lang='lat' dir='ltr'><strong>ipse</strong></span> <span class='ocrx_word' id='word_1_707' title='bbox 2209 5381 2435 5436; x_wconf 82' lang='lat' dir='ltr'><strong>tribuisti</strong></span> <span class='ocrx_word' id='word_1_708' title='bbox 2462 5399 2474 5432; x_wconf 87' lang='lat'><strong>:</strong></span> <span class='ocrx_word' id='word_1_709' title='bbox 2507 5381 2572 5435; x_wconf 77' lang='lat' dir='ltr'><strong>da‘</strong></span> <span class='ocrx_word' id='word_1_710' title='bbox 2595 5381 2751 5434; x_wconf 87' lang='lat' dir='ltr'><strong>linem</strong></span> <span class='ocrx_word' id='word_1_711' title='bbox 2781 5380 2979 5448; x_wconf 80' lang='lat' dir='ltr'><strong>operis,</strong></span> <span class='ocrx_word' id='word_1_712' title='bbox 3004 5379 3092 5448; x_wconf 88' lang='lat' dir='ltr'><strong>qui</strong></span> <span class='ocrx_word' id='word_1_713' title='bbox 3122 5375 3314 5431; x_wconf 86' lang='lat' dir='ltr'><strong>dedisti</strong></span> <span class='ocrx_word' id='word_1_714' title='bbox 3337 5377 3488 5445; x_wconf 45' lang='lat' dir='ltr'><strong>prin;</strong></span> 
     </span>
    </p>
   </div>
   <div class='ocr_carea' id='block_1_115' title="bbox 1913 5468 3490 5544">
    <p class='ocr_par' dir='ltr' id='par_1_115' title="bbox 1913 5468 3490 5544">
     <span class='ocr_line' id='line_1_115' title="bbox 1913 5468 3490 5544; baseline -0.003 -14"><span class='ocrx_word' id='word_1_715' title='bbox 1913 5477 2108 5544; x_wconf 80' lang='lat' dir='ltr'><strong>cipium</strong></span> <span class='ocrx_word' id='word_1_716' title='bbox 2133 5476 2416 5529; x_wconf 80' lang='lat' dir='ltr'><strong>voluminis</strong></span> <span class='ocrx_word' id='word_1_717' title='bbox 2439 5491 2453 5527; x_wconf 86' lang='lat'><strong>:</strong></span> <span class='ocrx_word' id='word_1_718' title='bbox 2477 5476 2564 5539; x_wconf 83' lang='lat' dir='ltr'><strong>da,</strong></span> <span class='ocrx_word' id='word_1_719' title='bbox 2591 5485 2648 5527; x_wconf 91' lang='lat' dir='ltr'><strong>ut</strong></span> <span class='ocrx_word' id='word_1_720' title='bbox 2667 5475 2934 5542; x_wconf 85' lang='lat' dir='ltr'><strong>possimus</strong></span> <span class='ocrx_word' id='word_1_721' title='bbox 2962 5469 3205 5538; x_wconf 78' lang='lat' dir='ltr'><strong>implere,</strong></span> <span class='ocrx_word' id='word_1_722' title='bbox 3251 5483 3370 5537; x_wconf 70' lang='lat' dir='ltr'><strong>quae</strong></span> <span class='ocrx_word' id='word_1_723' title='bbox 3393 5468 3490 5526; x_wconf 56' lang='lat' dir='ltr'><strong>de:</strong></span> 
     </span>
    </p>
   </div>
   <div class='ocr_carea' id='block_1_116' title="bbox 1911 5568 2676 5636">
    <p class='ocr_par' dir='ltr' id='par_1_116' title="bbox 1911 5568 2676 5636">
     <span class='ocr_line' id='line_1_116' title="bbox 1911 5568 2676 5636; baseline -0.004 -12"><span class='ocrx_word' id='word_1_724' title='bbox 1911 5571 2065 5634; x_wconf 66' lang='lat' dir='ltr'><strong>disti,</strong></span> <span class='ocrx_word' id='word_1_725' title='bbox 2093 5579 2148 5623; x_wconf 91' lang='lat' dir='ltr'><strong>ut</strong></span> <span class='ocrx_word' id='word_1_726' title='bbox 2169 5571 2393 5624; x_wconf 85' lang='lat' dir='ltr'><strong>velimus</strong></span> <span class='ocrx_word' id='word_1_727' title='bbox 2423 5568 2676 5636; x_wconf 84' lang='lat' dir='ltr'><strong>incipere.</strong></span> 
     </span>
    </p>
   </div>
   <div class='ocr_carea' id='block_1_117' title="bbox 1982 5656 3384 5725">
    <p class='ocr_par' dir='ltr' id='par_1_117' title="bbox 1982 5656 3384 5725">
     <span class='ocr_line' id='line_1_117' title="bbox 1982 5656 3384 5725; baseline -0.001 -11"><span class='ocrx_word' id='word_1_728' title='bbox 1982 5661 2139 5714; x_wconf 80' lang='lat' dir='ltr'><strong>Pater</strong></span> <span class='ocrx_word' id='word_1_729' title='bbox 2161 5669 2356 5714; x_wconf 91' lang='lat' dir='ltr'><strong>noster.</strong></span> <span class='ocrx_word' id='word_1_730' title='bbox 2388 5662 2430 5712; x_wconf 82' lang='lat' dir='ltr'><strong>A</strong></span> <span class='ocrx_word' id='word_1_731' title='bbox 2461 5660 2599 5713; x_wconf 81' lang='lat' dir='ltr'><strong>malo</strong></span> <span class='ocrx_word' id='word_1_732' title='bbox 2623 5673 2720 5712; x_wconf 90' lang='lat' dir='ltr'><strong>nos</strong></span> <span class='ocrx_word' id='word_1_733' title='bbox 2749 5657 2937 5711; x_wconf 85' lang='lat' dir='ltr'><strong>libera.</strong></span> <span class='ocrx_word' id='word_1_734' title='bbox 2973 5656 3156 5720; x_wconf 67' lang='lat' dir='ltr'><strong>Quare</strong></span> <span class='ocrx_word' id='word_1_735' title='bbox 3175 5658 3270 5725; x_wconf 78' lang='lat' dir='ltr'><strong>fol.</strong></span> <span class='ocrx_word' id='word_1_736' title='bbox 3297 5657 3384 5712; x_wconf 81' lang='grc'><strong>10.</strong></span> 
     </span>
    </p>
   </div>
   <div class='ocr_carea' id='block_1_118' title="bbox 1982 5746 3489 5820">
    <p class='ocr_par' dir='ltr' id='par_1_118' title="bbox 1982 5746 3489 5820">
     <span class='ocr_line' id='line_1_118' title="bbox 1982 5746 3489 5820; baseline -0.004 -14"><span class='ocrx_word' id='word_1_737' title='bbox 1982 5754 2062 5806; x_wconf 79' lang='lat' dir='ltr'><strong>Att</strong></span> <span class='ocrx_word' id='word_1_738' title='bbox 2091 5751 2320 5815; x_wconf 67' lang='lat' dir='ltr'><strong>Sextum,</strong></span> <span class='ocrx_word' id='word_1_739' title='bbox 2354 5752 2524 5804; x_wconf 75' lang='lat' dir='ltr'><strong>omnia</strong></span> <span class='ocrx_word' id='word_1_740' title='bbox 2552 5751 2786 5801; x_wconf 64' lang='lat' dir='ltr'><strong>dicuntur</strong></span> <span class='ocrx_word' id='word_1_741' title='bbox 2816 5756 2868 5800; x_wconf 88' lang='lat' dir='ltr'><strong>ut</strong></span> <span class='ocrx_word' id='word_1_742' title='bbox 2891 5749 2944 5800; x_wconf 81' lang='lat' dir='ltr'><strong>in</strong></span> <span class='ocrx_word' id='word_1_743' title='bbox 2964 5746 3489 5820; x_wconf 14' lang='lat' dir='ltr'><strong>Sexta,qutv~diritttf</strong></span> 
     </span>
    </p>
   </div>
   <div class='ocr_carea' id='block_1_119' title="bbox 1915 5841 3070 5916">
    <p class='ocr_par' dir='ltr' id='par_1_119' title="bbox 1915 5841 3070 5916">
     <span class='ocr_line' id='line_1_119' title="bbox 1915 5841 3070 5916; baseline -0.003 -15"><span class='ocrx_word' id='word_1_744' title='bbox 1915 5864 1997 5916; x_wconf 67' lang='lat' dir='ltr'><strong>per</strong></span> <span class='ocrx_word' id='word_1_745' title='bbox 2020 5856 2177 5901; x_wconf 83' lang='lat' dir='ltr'><strong>totum</strong></span> <span class='ocrx_word' id='word_1_746' title='bbox 2201 5860 2412 5900; x_wconf 78' lang='lat' dir='ltr'><strong>(mnum.</strong></span> <span class='ocrx_word' id='word_1_747' title='bbox 2448 5844 2526 5896; x_wconf 82' lang='lat' dir='ltr'><strong>Ad</strong></span> <span class='ocrx_word' id='word_1_748' title='bbox 2555 5841 2782 5908; x_wconf 72' lang='lat' dir='ltr'><strong>Nouum,</strong></span> <span class='ocrx_word' id='word_1_749' title='bbox 2815 5852 2869 5896; x_wconf 85' lang='lat' dir='ltr'><strong>ut</strong></span> <span class='ocrx_word' id='word_1_750' title='bbox 2895 5843 3070 5915; x_wconf 58' lang='lat' dir='ltr'><strong>supra.</strong></span> 
     </span>
    </p>
   </div>
  </div>
