4006 6380
449 416 577 484 3’09

1062 535 1140 589 Ad
1169 534 1436 605 Vesper-os.

542 634 741 688 Lauda.
774 629 1091 685 llluminiitio
1113 644 1251 691 mea,
1285 635 1340 680 et
1362 626 1504 679 salus
1526 637 1641 678 mea
1667 632 1747 677 est
1763 621 2042 675 Dominus.

467 726 725 781 Dominus
751 722 820 777 sit
846 735 1061 790 semper
1089 719 1383 773 vobiscum.
1430 717 1468 783 ἡ
1490 757 1505 770 .
1537 715 1598 769 Et
1628 729 1772 768 cum.

537 815 853 883 Anti-phona.
883 811 936 864 In
992 808 1319 864 adverténdo
1373 806 1629 860 Dominus
1677 802 2040 873 captivithtem

469 911 638 980 plebis
664 921 797 971 suae,
829 905 1037 959 laatétur
1067 902 1254 968 Jacob,
1278 910 1334 955 et
1357 899 1561 954 exultet
1585 896 1764 952 lsraél.
1796 894 2046 948 Psalmus

467 1017 582 1055 xm.
614 997 869 1053 Dominus
898 995 968 1049 sit
989 1007 1199 1062 semper
1219 989 1515 1045 vobiscum.
1554 988 1587 1056 ᾗ
1611 1024 1627 1040 .
1663 986 1730 1040 Et
1756 999 1900 1039 cum.

537 1089 742 1143 Lauda.
773 1083 1084 1150 lras't-imini,
1116 1091 1171 1137 et
1197 1081 1360 1136 nolite
1405 1079 1648 1149 pecchre.
1676 1077 1926 1132 Alleluia.
1950 1074 2045 1130 Di-

467 1180 575 1235 cite
604 1179 656 1232 in
683 1176 933 1231 cordibus
959 1173 1175 1238 vestris,
1206 1182 1260 1228 et
1293 1173 1348 1226 in
1375 1169 1642 1225 cubilibus
1676 1168 1866 1222 vestris
1895 1179 2048 1219 com-

470 1266 782 1338 pungimini.
816 1265 882 1319 1’.
907 1264 1153 1330 A'llelt'tia,
1185 1261 1422 1326 alleluia,
1453 1259 1687 1316 alleluia.
1723 1259 1757 1326 Ῡ
1785 1296 1800 1310 .
1829 1256 2049 1313 Sacrifi-

467 1359 588 1414 (ωε
610 1354 1199 1428 sacrificiumjustitiae,
1231 1353 1442 1422 sperate
1468 1351 1520 1405 in
1572 1350 1841 1404 Domino:
1892 1347 2045 1402 multi

469 1451 651 1507 dicunt
683 1450 851 1517 :Quis
879 1448 1107 1506 ostendit
1143 1447 1296 1524 nobis
1321 1446 1504 1500 bona?
1559 1442 1624 1496 Ρ.
1657 1443 1904 1498 Alleluia.
1969 1442 2003 1510 ᾖ
2029 1478 2044 1494 .

468 1543 670 1610 Gloria,
701 1552 755 1598 ct
785 1543 974 1608 honor,
1006 1550 1108 1596 etc.
1158 1539 1224 1593 Ρ.
1266 1537 1519 1605 Alleluia,
1549 1535 1783 1603 alleluia,
1807 1533 2044 1589 alleluia.

1032 1631 1187 1700 ιοο
1215 1627 1266 1682 11
1271 1643 1474 1700 ymnus.

755 1723 968 1778 Christe
995 1722 1173 1775 lumen
1204 1718 1545 1790 perpetuum,

680 1816 958 1872 Astrorum
987 1813 1161 1882 fulgor
1187 1811 1425 1866 siderum

688 1907 909 1961 Noctem
941 1915 1177 1960 nostram
1202 1903 1464 1969 illumina,

678 1998 952 2052 Conserva
981 2010 1110 2064 pura
1135 1993 1376 2064 péctora.

753 2088 928 2144 Nullis
959 2086 1172 2141 incedat
1200 2085 1428 2155 laqueis,

692 2173 863 2236 Nullis
889 2180 1139 2252 gravetur
1169 2177 1444 2240 hostibus;

691 2274 802 2328 Nec
828 2265 1162 2343 maculentur
1190 2269 1420 2338 corpora

685 2355 926 2420 Lascivis
955 2379 1048 2432 per
1069 2362 1344 2431 sopOremi

759 2455 978 2510 Custodi
1012 2454 1174 2508 corda
1205 2450 1444 2505 omnium
1473 2483 1490 2516 ,

687 2538 1059 2614 Fideliumque
1081 2543 1316 2599 maxime

689 2636 1048 2701 ProtectiOne,
1074 2634 1293 2705 propria

691 2724 836 2789 Tun,
862 2724 1095 2790 Christe,
1125 2722 1380 2793 potentia.

761 2816 828 2872 Ut
855 2815 1149 2885 gratuletur
1178 2813 1376 2874 anima.

702 2908 914 2963 Vidisse
941 2908 1111 2961 lucem
1141 2905 1452 2976 prosperam

699 2997 950 3067 lntplesse
977 3006 1101 3051 vota
1130 2995 1326 3060 débita,

691 3089 978 3144 Reddenda
1004 3071 1119 3152 tibi,
1143 3086 1395 3140 Trinitas.

763 3172 870 3236 Deo
891 3181 1033 3236 Patri
1059 3180 1127 3235 sit
1151 3179 1341 3250 gloria,

693 3274 932 3344 Ejusque
961 3261 1058 3329 soli
1083 3271 1240 3338 Filio,

696 3368 832 3422 Cum
875 3367 1073 3435 Spiritu
1109 3365 1371 3421 Paraclito

697 3462 752 3512 In
782 3457 1106 3526 sempiterna
1130 3458 1348 3512 saecula.

843 3554 1034 3604 Amen.

561 3641 916 3712 Supplicﬁtio.
943 3642 1170 3697 Orémus
1197 3640 1628 3711 Redemptorem.
1665 3639 1760 3708 fol.
1791 3640 1884 3696 96.

556 3735 817 3806 Capitula.
844 3735 1196 3805 Omnipotens
1226 3733 1386 3798 Deus,
1437 3744 1576 3786 tuam
1629 3731 1826 3801 indigni
1857 3746 2066 3801 quaesu-

487 3840 606 3878 mus
631 3826 878 3894 gloriam,
904 3839 968 3878 ac
998 3825 1244 3894 petimus,
1289 3833 1346 3878 ut
1371 3824 1435 3878 ad
1466 3823 1645 3878 sedem
1702 3832 1805 3876 tua:
1854 3822 2066 3892 pietotis

487 3928 696 3974 nostras
722 3934 904 3988 preces
925 3919 1194 3981 admittas,
1223 3917 1472 3972 auxilium
1498 3917 1799 3988 petentibus
1832 3915 2064 3980 tribuas,

384 3995 408 4006 ν
487 4022 792 4068 nostrarum
825 4011 1065 4066 omnium
1096 4011 1460 4082 peccominum
1491 4010 2065 4080 maculamabstérgas,

497 4104 765 4172 flagellum
797 4101 1098 4168 removeas,
1130 4101 1499 4170 languentibus
1519 4101 1778 4158 medélam
1801 4103 2060 4171 appOnas,

489 4195 824 4249 inimicorum
864 4193 1120 4263 impetum
1144 4193 1355 4264 frangas
1383 4211 1398 4260 ;
1431 4209 1612 4264 pacem
1645 4235 1661 4260 ,
1694 4192 2063 4257 securitMem,

485 4298 540 4343 et
562 4290 790 4358 quiétem
823 4289 1116 4356 témporunt
1140 4287 1400 4358 largioris,
1431 4296 1486 4342 et
1525 4285 1774 4356 quidquid
1821 4287 1918 4340 sua
1947 4286 2065 4340 ille-

485 4380 790 4436 cebratidne
822 4380 1019 4435 vicerat
1065 4381 1334 4447 inimicus,
1380 4378 1744 4435 misericordia
1801 4380 2060 4434 consueta

487 4473 734 4541 reparare
760 4471 991 4542 digneris
1023 4473 1075 4526 in
1106 4471 1317 4527 melius.

558 4565 715 4620 Pater
742 4564 941 4620 noster.
970 4571 1006 4619 Α
1035 4566 1174 4620 malo
1209 4581 1307 4621 nos
1335 4563 1522 4621 libera.
1567 4563 1747 4630 Quwre
1776 4564 1865 4637 fol.
1903 4565 1989 4619 IO.

559 4656 873 4711 Benedictio.
907 4658 1161 4712 Dominus
1181 4673 1277 4712 nos
1306 4660 1398 4712 sua
1427 4659 1794 4713 benedictiOne
1824 4658 2060 4727 locuple-

488 4755 586 4812 tet,
636 4757 690 4802 et
744 4747 1024 4816 regnbrum
1082 4746 1375 4801 cmléstium
1425 4747 1580 4801 faciat
1627 4748 1938 4803 coheredes.
1986 4747 2062 4814 Ii.

488 4838 680 4892 Amen.
706 4835 803 4891 Det
827 4836 978 4890 nobis
1006 4835 1252 4906 praasénti
1283 4839 1402 4891 vita:
1431 4839 1684 4907 spatium,
1709 4850 1764 4894 et
1797 4838 2061 4908 pr0pitius

487 4926 740 4980 attribuat
760 4927 1084 4981 consortium
1097 4929 1406 4983 electOrum.
1448 4932 1483 4998 ἢ
1504 4969 1519 4984 .
1550 4934 1739 4986 Amen.
1762 4934 1933 5002 Atque
1966 4947 2065 4988 nos

487 5018 560 5072 ita
585 5018 775 5088 eripiat
802 5034 1012 5088 semper
1038 5020 1068 5073 ὸ
1099 5021 1256 5086 malo,
1288 5033 1338 5075 ut
1367 5023 1654 5093 custodiat,
1682 5033 1736 5079 et
1779 5025 2062 5082 conservet

483 5110 776 5165 clementer
797 5111 849 5164 in
881 5113 1040 5165 bono.
1086 5112 1121 5180 ιῆ
1145 5149 1160 5166 .
1193 5113 1382 5170 Amen.
1405 5115 1505 5171 Per
1533 5116 1987 5173 misericordiam.

557 5201 762 5256 Lauda.
790 5201 1171 5258 Gloriabuntur
1195 5203 1248 5258 in
1277 5214 1328 5259 te
1347 5220 1556 5273 omnes,
1587 5208 1675 5276 qui
1709 5206 1938 5278 diligunt
1961 5226 2061 5264 tto-

487 5309 608 5349 men
629 5305 800 5363 tuum,
821 5294 1065 5360 Domine,
1095 5297 1340 5351 Alleluia.
1369 5296 1432 5352 P.
1451 5298 1504 5352 In
1533 5298 1814 5364 :etérnum,
1840 5308 1895 5353 et
1913 5302 2063 5355 exul-

489 5388 695 5441 tabunt.
721 5389 971 5444 Alleluia.
1003 5390 1070 5446 Ρ.
1106 5391 1171 5446 Et
1220 5392 1540 5446 in‘hahitahis
1577 5392 1627 5445 itt
1656 5393 1754 5446 eis.
1789 5393 2017 5448 Alleluia
2040 5433 2057 5458 ,

487 5478 722 5542 alleluia.
754 5480 986 5536 alellt'tia.
1034 5484 1112 5552 Ῡ.
1142 5485 1479 5540 Etlaaténtur
1524 5485 1652 5538 ittle
1701 5501 1905 5549 omnes.
1969 5489 2060 5557 qui

487 5579 702 5638 sperant
733 5573 782 5624 in
815 5581 886 5630 te.
913 5571 978 5628 P.
1008 5574 1063 5628 In
1111 5575 1390 5630 mtornum.
1434 5575 1505 5641 ᾖ.
1549 5573 1751 5637 Gloria,
1807 5587 1861 5630 et
1891 5577 2060 5631 honor

486 5662 651 5728 Patri.
677 5676 778 5721 etc.
818 5669 882 5725 Ρ.
921 5673 988 5726 Ει
1017 5673 1362 5727 inhabitabis.

559 5753 758 5812 Oratio.
780 5761 943 5816 Notas
973 5764 1074 5830 fac,
1111 5764 1352 5829 Domine,
1381 5767 1493 5818 vias
1523 5767 1645 5818 vita:
1670 5784 1682 5830 ;
1716 5777 1874 5834 atque
1907 5768 2063 5834 imple

486 5861 580 5901 nos
610 5850 961 5909 delectati6ne
991 5855 1342 5914 dexteruatuze
1367 5875 1383 5914 ε
1413 5868 1466 5914 et
1487 5861 1691 5932 jugum,
1716 5861 1854 5930 quod
1885 5864 2051 5917 ευξυό

1691 405 2108 472 ἰιῐιενιληιυδι
2148 410 2525 470 GOTHICUM.

3609 400 3740 462 ξω

2072 533 2119 594 Α
2147 534 2252 590 est,
2284 525 2397 594 ipsa
2421 536 2580 594 super
2608 535 2706 577 nos
2731 521 2917 576 manus
2935 528 3036 575 tum
3048 517 3413 575 moderatione
3435 520 3730 575 constltue.

2161 617 2198 684 ἢ
2222 656 2234 669 .
2271 618 2460 669 Amen.
2492 615 2594 669 Per
2617 613 3036 668 misericordiam
3061 623 3223 668 tuam.

2217 709 2273 762 In
2303 709 2518 762 nomine
2547 708 2781 762 Domini.

2218 799 2661 864 Commemora’tio,
2711 809 2765 850 ut
2792 799 2981 851 dictum
3007 808 3081 853 est
3107 800 3162 851 in
3208 799 3428 853 secunda
3467 795 3649 853 Féria.

2663 929 2924 977 ausura
2978 930 3196 969 γεκιΑ.

2717 1009 2794 1058 Ad
2821 1005 3153 1060 Matutinum.

2217 1117 2529 1186 Antiplmna.
2571 1117 2728 1178 Dele,
2770 1116 3022 1183 Domine,
3071 1116 3355 1187 inquitates
3393 1135 3577 1175 meas:
3607 1132 3662 1176 et
3689 1121 3731 1175 ἃ

2149 1207 2382 1275 peccatis
2412 1206 2542 1258 meis
2570 1207 2762 1259 munda
2786 1221 2899 1263 me.
2929 1205 3168 1261 Psalmus
3197 1215 3250 1262 ι..

2222 1296 2420 1349 Oratio.
2456 1292 2712 1352 Miserere
2741 1296 2915 1360 nobis,
2948 1297 3194 1365 Domine,
3216 1297 3472 1353 miserere
3493 1306 3511 1352 ':
3550 1300 3731 1371 utqui

2150 1396 2381 1441 nostram
2405 1386 2743 1456 agnoscimus
2765 1386 3052 1453 miseriam,
3085 1397 3172 1442 tua
3200 1402 3297 1442 nos
3311 1389 3599 1458 praeveniat
3623 1392 3734 1444 mi-

2148 1476 2440 1532 sericordia
2466 1494 2479 1530 :
2505 1476 2586 1532 Sit
2616 1477 2773 1545 igitur
2789 1491 2888 1531 vox
2916 1478 3274 1533 Confessionis
3287 1489 3549 1548 prompta,
3573 1480 3733 1535 ve'nia

2151 1567 2427 1637 proxima;
2452 1577 2612 1634 atque
2641 1568 2706 1622 de
2733 1577 2818 1623 tua
2845 1569 3226 1637 pr0pitiatione
3259 1571 3331 1624 sit
3357 1571 3629 1626 exauditio
3653 1573 3736 1624 ci-

2153 1659 2243 1721 to;
2276 1669 2333 1713 ut
2363 1670 2541 1714 nostra
2568 1659 2747 1714 deleas
2776 1660 3020 1715 universa
3051 1662 3290 1730 peccata;
3321 1671 3375 1716 et
3399 1663 3599 1717 tribuas
3620 1663 3734 1716 vir-

2154 1755 2340 1818 tutem,
2367 1766 2462 1822 per
2481 1761 2640 1821 quam
2673 1763 2757 1806 tua
2790 1751 3046 1808 faciamus
3071 1753 3358 1824 praecepta.
3405 1754 3442 1821 ἡ
3469 1795 3482 1807 .
3535 1757 3729 1810 Amen.

2223 1845 2324 1901 Per
2349 1845 2768 1902 misericordiam
2799 1855 2965 1901 tuam.

2075 1913 2123 1973 Β
2228 1939 2528 2008 Antiphane
2556 1937 2607 1994 1.
2639 1937 2885 2007 Adimple
2911 1952 3008 1993 nos
3045 1937 3227 1994 latitia
3252 1954 3372 1995 cum
3417 1940 3563 1995 vultu
3591 1948 3682 1996 tuo
3713 1959 3728 1993 :

2151 2028 2538 2085 delectationes
2565 2030 2618 2084 in
2647 2030 2865 2086 dextera
2889 2039 2975 2085 tua
3006 2043 3175 2101 usque
3197 2030 3248 2086 in
3279 2032 3463 2086 tinem.
3493 2031 3737 2086 malm:

2153 2136 2245 2176 ιν.

2225 2209 2433 2267 Oratio.
2466 2211 2626 2267 Notas
2651 2213 2732 2266 fac
2757 2211 2930 2279 nobis,
2964 2212 3209 2268 Dimine.
3237 2201 3455 2282 Require
3485 2214 3668 2279 supra.

2227 2303 2520 2374 Antiphoni:
2547 2311 2602 2360 2.
2627 2305 2736 2373 Ego
2757 2305 3001 2372 clamavi,
3017 2305 3137 2375 quia
3153 2305 3412 2360 exaudisti
3433 2321 3538 2370 me.
3553 2307 3690 2361 Deus
3715 2323 3733 2360 :

2152 2394 2350 2450 inclina
2385 2410 2566 2448 aurem
2590 2404 2732 2448 tuam
2759 2395 2912 2459 mihi.
2931 2403 2986 2450 et
3011 2395 3200 2450 exaudi
3219 2411 3324 2451 me.
3351 2394 3593 2451 Psalmus
3616 2412 3725 2451 ιη.

2155 2499 2316 2556 usque
2351 2487 2398 2541 Α
2425 2487 2804 2542 resistentibus
2829 2487 3087 2543 dexteras.

2222 2598 2420 2652 Oratio.
2456 2599 2658 2654 Exaudi
2686 2613 2785 2654 nos
2814 2599 2956 2655 Deus
2981 2599 3273 2656 clamantes
3297 2599 3364 2654 ad
3389 2608 3441 2656 te
3467 2599 3689 2654 Domine
3720 2617 3737 2664 ι

2154 2704 2373 2760 gressus
2398 2701 2611 2745 nostros
2633 2691 2684 2754 ip
2709 2691 2817 2745 tuis
2837 2691 3044 2745 se'mitis
3093 2691 3326 2760 perfice:
3370 2700 3429 2745 ut
3453 2689 3579 2745 dum
3611 2691 3744 2759 legis

2159 2794 2265 2836 tua:
2288 2783 2564 2852 angustam
2618 2781 2892 2852 gradimur
2921 2782 3084 2843 viam.
3140 2780 3416 2836 charitétis
3448 2779 3743 2836 latitudine

2162 2882 2373 2942 portam
2404 2874 2622 2928 introire
2651 2873 2950 2928 mereAmIIr
2970 2870 3209 2942 jttstitize.
3260 2872 3297 2940 ἢ
3320 2911 3332 2925 .
3364 2865 3556 2927 Amen.

2235 2963 2340 3018 Per
2370 2963 2786 3018 misericordiam
2811 2969 2976 3018 tuam.

2232 3055 2545 3124 Antiphone.
2572 3056 2627 3110 3.
2674 3052 2894 3109 Custodi
2944 3066 3051 3119 me,
3083 3052 3329 3120 Domine,
3384 3060 3444 3107 ut
3490 3051 3745 3123 pupillam

2161 3146 2322 3201 oculi.
2353 3147 2464 3202 Sub
2488 3148 2674 3203 umbra
2695 3147 2897 3202 alorum
2920 3146 3126 3202 custodi
3157 3157 3263 3213 tne,
3296 3144 3544 3201 Domine.
3577 3143 3745 3199 Psal-

2085 3273 2132 3334 C
2165 3255 2280 3334 Mli
2300 3254 2413 3334 Ivi.

2239 3329 2438 3382 0r..tio.
2461 3325 2680 3383 Custodi
2702 3341 2818 3395 nos,
2850 3327 3097 3394 Domine,
3120 3337 3176 3383 ut
3205 3326 3456 3398 pupillam
3483 3325 3648 3397 oculi,
3681 3339 3750 3382 ne

2165 3421 2482 3476 innocentia:
2549 3429 2744 3476 nostra:
2786 3421 2987 3476 lomina
3030 3420 3258 3476 carnalis
3294 3419 3748 3490 concupiscentia!

2166 3512 2322 3566 turbo
2347 3513 2698 3582 corrumpat:
2753 3511 2972 3582 protege
2997 3527 3095 3568 nos
3145 3512 3245 3566 sub
3297 3511 3482 3566 umbra
3535 3512 3742 3565 alarum

2167 3604 2396 3672 tuArum,
2433 3619 2498 3659 ne
2529 3603 2892 3659 insidiantium
2920 3603 3194 3674 capihmur
3219 3602 3487 3658 illecebris
3512 3601 3753 3671 volupta-

2169 3707 2279 3752 tum
2315 3716 2326 3750 :
2360 3708 2412 3751 ut
2441 3697 2531 3766 qui
2553 3697 2719 3767 adjuti
2741 3697 2908 3767 gratia
2925 3697 3147 3751 durante
3170 3694 3530 3758 subsistitnus,
3565 3695 3748 3750 satiari

2167 3804 2265 3845 nos
2286 3805 2405 3844 cum
2432 3790 2736 3858 apparuerit
2767 3799 2853 3842 tua
2883 3788 3052 3859 gloria
3067 3787 3390 3842 mereamur.
3441 3787 3476 3855 ἡ
3498 3824 3510 3839 .
3547 3787 3750 3842 Amen.

2238 3881 2341 3937 Per
2364 3879 2786 3936 misericordiam
2816 3889 2982 3936 tuam.

2244 3973 2282 4039 ri}
2305 4011 2318 4025 .
2347 3971 2588 4040 Adjutor,
2612 3980 2666 4024 et
2692 3970 2948 4026 liberitor
2977 3973 3156 4025 noster
3180 3976 3260 4025 es.
3283 3967 3349 4024 Ρ.
3373 3967 3476 4036 Tu,
3501 3966 3752 4022 Domine.

2182 4062 2218 4130 ri,
2242 4098 2258 4114 .
2290 4061 2430 4116 Deus
2456 4062 2508 4116 in
2537 4059 2864 4129 adiutorium
2896 4066 3134 4116 nostrum
3161 4060 3381 4115 intende
3426 4078 3436 4112 :
3481 4061 3547 4112 ad
3601 4058 3754 4126 adju-

2167 4153 2394 4207 vondum
2441 4168 2537 4206 nos
2583 4152 2794 4206 festina.
2820 4151 2886 4206 Ρ.
2913 4143 2990 4207 Tu
3014 4194 3028 4216 ,
3058 4151 3298 4207 Domine.
3344 4153 3415 4222 ᾖ.
3468 4149 3672 4216 Gldria,
3699 4158 3756 4203 es

2168 4243 2358 4309 honor,
2388 4251 2492 4299 etc.
2516 4241 2802 4298 Reiterétur
2845 4243 2917 4313 ἢ.
2952 4242 3197 4312 Adjutor.

2770 4355 2836 4409 In
2860 4355 3143 4409 Laudibus.

2236 4449 2317 4503 Ad
2344 4448 2632 4502 canticum.
2659 4447 2973 4517 Antiphona.
3003 4446 3249 4510 Domine,
3271 4446 3362 4515 qui
3385 4445 3565 4500 dixisti
3589 4445 3748 4502 mihi:

2167 4540 2458 4596 Revertere
2493 4541 2644 4611 101
2687 4540 2737 4594 in
2761 4550 2954 4593 terrain
2985 4548 3151 4604 tuam,
3183 4549 3238 4593 et
3273 4538 3326 4591 in
3350 4537 3525 4592 locum
3554 4536 3750 4590 nativi-

2086 4631 2139 4689 D
2168 4637 2291 4692 totis
2323 4644 2447 4690 tum.

2494 4745 2761 4802 canticum
2791 4743 3002 4800 Genesis
3031 4743 3181 4814 (Cap.
3213 4743 3405 4812 χχιιι).

2239 4843 2380 4897 Deus
2408 4843 2568 4912 patris
2595 4842 2759 4896 nostri
2805 4840 3094 4904 Abraham,
3128 4848 3182 4894 et
3221 4840 3360 4894 Deus
3392 4837 3554 4907 patris
3578 4839 3748 4894 nostri

2169 4935 2312 4991 Isaac
2336 4954 2349 4990 :
2372 4939 2400 4970 “
2429 4935 2670 5000 Domine,
2695 4935 2782 5004 qui
2806 4934 2984 4988 dixisti
3020 4934 3146 4988 mihi
3179 4951 3193 4986 :
3230 4933 3517 4989 Revertere
3547 4936 3598 4989 in
3644 4945 3755 4988 ter-s

2169 5045 2280 5084 ram
2313 5041 2474 5093 tuam,
2505 5039 2559 5083 et
2581 5028 2636 5082 in
2662 5029 2834 5083 locum
2863 5027 3153 5083 nativitmis
3181 5035 3305 5093 tuae,
3331 5038 3386 5083 et
3413 5027 3751 5083 beneficium

2171 5124 2263 5180 tibi
2293 5141 2305 5176 ε

2241 5217 2443 5272 Memor
2471 5225 2588 5270 sum
2613 5213 2820 5271 cunctis
2867 5214 3322 5280 miserationibus,
3367 5218 3385 5237 ‘

2169 5323 2325 5378 quam
2349 5306 2571 5376 exple’sti
2597 5321 2752 5360 servo
2782 5316 2892 5359 tuo.

2242 5400 2296 5453 In
2328 5398 2516 5452 baculo
2547 5411 2666 5452 meo
2687 5398 2906 5451 transivi
2939 5396 3222 5451 Jorditnem
3255 5396 3414 5452 istum
3445 5415 3458 5450 :
3498 5398 3510 5414 ‘
3531 5408 3581 5450 ea
3606 5411 3755 5452 nunc

2164 5505 2287 5546 cum
2315 5491 2520 5544 duabus
2551 5489 2739 5543 turmis
2768 5487 3058 5558 regredior.

2241 5583 2379 5635 Erue
2423 5596 2508 5634 me
2549 5579 2618 5634 de
2648 5595 2806 5634 manu
2853 5579 3030 5633 fratris
3060 5581 3166 5635 mei
3210 5580 3370 5643 Esau,
3422 5581 3544 5648 quia
3595 5581 3755 5634 valde

2167 5692 2287 5733 eum
2341 5675 2550 5730 timeo:
2584 5675 2598 5694 ‘
2632 5690 2698 5727 ne
2753 5673 2887 5728 fozte
2941 5675 3157 5729 veniens
3210 5675 3470 5744 percutiat
3519 5685 3751 5730 matrem

2164 5787 2283 5825 cuin
2314 5771 2452 5826 ﬁliis.

2234 5864 2312 5920 Tu
2341 5865 2483 5921 enim
2507 5865 2711 5923 [mutus
2742 5882 2799 5922 es
2833 5877 2886 5921 ut
2920 5868 3051 5923 bene
3080 5869 3206 5924 milti
3230 5868 3454 5935 facere,
3479 5870 3495 5888 '
3525 5877 3578 5924 ct
3612 5866 3760 5921 ἀίξαι

3437 5223 3492 5268 et
3537 5213 3752 5268 veritati
