4006 6380
233 391 343 448 30'!

1198 385 1402 441 FERIA
1442 383 1505 439 IV
1549 380 1719 439 POST
1758 378 2093 438 OCTAVAM
2132 379 2543 439 ΕΡΙΡΙΙΑΝΙᾹΞ.

3408 387 3519 445 202

234 510 388 565 teres
416 522 600 565 semen
632 523 808 563 meum
856 507 993 563 sicut
1020 506 1262 573 arenam,
1294 520 1414 576 qua:
1441 519 1550 575 pra:
1582 502 1825 557 multitt't-
1852 503 1900 560 Α
1931 510 2087 567 tram,
2114 508 2170 556 et
2192 501 2459 557 fluxerunt
2488 515 2663 571 aquae.
2699 500 2762 555 P.
2798 501 2872 557 De
2900 503 3093 561 fructu.
3136 505 3170 573 ἲν
3195 546 3209 561 .
3232 503 3437 578 Gloria,
3462 521 3519 570 et

235 601 669 657 dine-numeravi
709 617 814 655 non
850 611 1043 668 potest.

312 693 517 757 Gloria,
556 702 612 748 et
641 696 812 748 honor
850 692 1016 761 Patri,
1048 703 1153 748 etc.

310 785 394 839 Ad
437 786 860 839 Matutimirium.
907 780 1583 854 Antiphona.Pra3céptum
1614 777 1827 833 Domum

232 877 494 942 lucidum,
528 876 592 929 P.
629 876 941 931 Illominans
993 877 1200 931 oculos.
1248 874 1321 942 ᾗ.
1382 872 1561 925 Timor
1618 868 1826 923 Domini

230 979 475 1034 sanctus,
517 968 793 1039 permanet
840 970 893 1024 in
948 969 1201 1023 satculum
1258 965 1460 1021 szrculi.
1524 963 1593 1018 P.
1622 964 1825 1019 lllt‘uui-

233 1077 372 1116 nans
420 1061 626 1117 oculos.
673 1063 746 1133 ᾗ.
798 1060 1003 1128 Gloria,
1048 1072 1103 1116 et
1152 1063 1340 1115 honor.
1400 1059 1469 1115 P.
1519 1058 1825 1115 lllt’nnmans

234 1150 453 1207 oculos.

307 1242 515 1297 Lauda.
554 1260 610 1298 .n
641 1244 843 1300 sanctis
901 1239 1016 1314 ejus
1042 1236 1274 1299 laudate
1302 1240 1591 1298 Dominum
1622 1258 1636 1296 :
1669 1241 1826 1298 Alle-

233 1333 370 1399 lt‘tia,
417 1335 655 1390 alleloia.
689 1334 753 1389 P.
788 1336 842 1390 ln
875 1335 1212 1391 ﬁrmamento
1259 1337 1471 1391 virtutis
1501 1335 1638 1406 ejus.
1678 1318 1823 1390 All-e-

226 1425 365 1481 lt'tia.
402 1426 640 1482 Psalmus
666 1442 752 1483 CL.

306 1513 609 1588 Prophetia.
641 1517 765 1583 Fili,
793 1517 941 1573 Habe
981 1519 1248 1574 ﬁdociam.
1284 1520 1380 1590 fol.
1408 1519 1503 1575 95.

881 1651 1141 1723 Hymnus.

444 1743 586 1799 Deus
615 1743 770 1800 Pater
805 1724 1040 1816 ingé'uite

373 1834 440 1889 Et
466 1832 565 1890 Fili
607 1835 901 1905 unigénite,

384 1925 530 1992 Quos
558 1926 835 1982 Trinitatis
861 1928 1038 1982 unitas

374 2017 575 2072 Sancto
599 2015 874 2072 connectit
901 2018 1146 2087 Spiritui.

448 2107 526 2161 Te
555 2108 753 2162 frustra
782 2108 962 2163 nullus
1000 2108 1214 2164 invocat
1238 2150 1254 2175 ,

375 2193 489 2254 Nec
516 2200 686 2254 cassis
715 2214 966 2270 umquam
1004 2198 1227 2254 vocibus

378 2288 606 2345 Amator
634 2291 705 2344 tui
738 2290 955 2344 luminis

375 2380 459 2434 Ad
503 2380 695 2435 caelum
727 2381 906 2434 vultus
933 2378 1113 2449 erigit.

440 2463 507 2526 Et
534 2482 587 2526 tu
616 2472 1002 2542 sut5pirantem,
1031 2471 1196 2539 Deus,

369 2561 468 2620 Vel
490 2573 609 2620 vota
638 2562 1082 2634 supplicantium,

374 2654 474 2710 Vel
504 2654 670 2712 corda
698 2653 1069 2711 conﬁtentium
1087 2692 1105 2720 ,

365 2748 598 2818 Semper
624 2747 885 2819 benignus
905 2747 1106 2817 aspice.

416 2840 552 2903 ,Nos
579 2839 717 2895 lucis
743 2849 895 2894 ortus
934 2839 1208 2907 admonet,

372 2931 564 2987 Grates
585 2930 799 2988 deferre
822 2932 1058 2999 debitas;

372 3029 601 3099 Tiblque
623 3027 808 3083 laudes
836 3027 1037 3093 dicere,

370 3120 527 3189 Quod
556 3136 667 3176 nox
698 3118 922 3175 obscura
963 3117 1222 3187 praeterit.

438 3212 595 3270 Diem
633 3210 916 3283 precamur
939 3207 1174 3274 bonum;

369 3304 440 3361 llt
459 3314 698 3370 nostros,
729 3303 998 3368 Salvator,
1026 3309 1179 3356 actus

369 3396 691 3455 Sinceritate
722 3393 931 3466 perpeti

377 3486 503 3543 Pius
525 3484 756 3558 benigne
778 3486 1034 3540 instruas.

448 3578 556 3634 Deo
599 3579 743 3635 Patri
774 3578 843 3632 sit
868 3574 1058 3645 gloria,
1090 3580 1197 3629 etc.

304 3672 653 3743 Supplicatio.
685 3673 911 3730 Oremus
953 3667 1367 3739 Redemptor-cm
1399 3664 1604 3721 mundi.
1638 3662 1819 3729 Qutere

225 3769 325 3838 ιρι.
358 3766 445 3821 96.

298 3859 560 3930 Capitula.
613 3860 719 3915 Lex
756 3868 841 3913 tua
872 3856 1191 3913 indelicicns
1243 3869 1306 3909 ac
1332 3848 1819 3922 irreprehensibiiis

225 3952 506 4008 convertat
546 3952 753 4008 animas
802 3961 1013 4006 nostras
1045 3967 1061 4003 :
1089 3959 1144 4004 et
1172 3945 1532 4004 testimonium
1567 3953 1714 3999 tuum
1759 3943 1819 3997 li-

224 4042 348 4100 dele
375 4053 595 4113 praestet
614 4043 850 4115 parvulis
893 4041 1207 4112 sapientiam
1242 4057 1257 4095 :
1288 4049 1391 4094 tua:
1420 4054 1629 4108 quoque
1652 4034 1819 4107 justi-

226 4135 317 4191 tia:
339 4137 504 4192 corda
557 4145 741 4191 nostra
773 4135 1067 4199 laetilicent,
1099 4148 1198 4187 nec
1227 4130 1550 4188 contristent
1581 4147 1596 4184 :
1632 4129 1815 4184 ιιιύιιιι

224 4244 334 4299 que
385 4229 712 4300 praeceptum
770 4227 959 4283 oculos
1011 4224 1273 4282 mentium
1337 4223 1642 4279 nostrorum
1698 4220 1819 4277 illo-

225 4322 419 4378 minet.

300 4435 460 4492 Pater
489 4445 694 4491 noster.
719 4437 761 4489 A
782 4433 929 4490 malo
955 4446 1056 4488 nos
1084 4431 1270 4487 libera.
1303 4430 1489 4499 Quaere
1510 4430 1604 4501 fol.
1636 4430 1722 4487 10.

301 4527 507 4582 Lauda.
536 4527 684 4584 Odor
729 4526 1050 4583 Sanctdrum
1097 4525 1332 4580 tuorum.
1388 4522 1457 4579 P.
1505 4522 1656 4579 Sicut
1682 4521 1818 4579 odor

224 4620 441 4677 Libani.
491 4620 745 4687 Alleluia,
795 4620 1034 4685 alleluia,
1092 4617 1329 4673 alleluia.
1395 4617 1469 4687 Ῡ.
1504 4616 1735 4673 Plantati
1767 4620 1818 4671 in

222 4714 391 4769 domo
442 4712 675 4779 Domini,
717 4713 769 4768 in
814 4712 964 4767 atriis
992 4714 1184 4766 domus
1212 4711 1309 4765 Dei
1345 4711 1532 4766 nostri.
1564 4709 1632 4764 P.
1673 4710 1823 4766 Sicut

221 4808 383 4864 odor.
424 4809 459 4878 ᾗ
483 4848 498 4861 .
551 4806 843 4872 Gloria,et
890 4807 1061 4862 honor
1107 4804 1286 4873 Patri,
1327 4816 1431 4860 etc.
1468 4803 1535 4857 P.
1567 4803 1818 4872 Alleluia,

221 4898 469 4967 alleluia,
514 4900 752 4955 alleloia.

303 5017 421 5070 Alia
448 5014 649 5070 Lauda.
678 5015 909 5071 Sanctus
934 5029 1013 5080 es,
1049 5012 1295 5082 Domine,
1322 5012 1449 5068 etin
1476 5010 1688 5067 Sanctis
1716 5010 1816 5066 ha-

220 5108 393 5164 bitas.
419 5108 667 5164 Alleluia.
722 5107 790 5162 P.
825 5107 883 5162 Et
914 5122 1034 5162 cum
1070 5105 1282 5161 Sanctis
1302 5103 1398 5161 tibi
1435 5119 1650 5174 semper
1679 5105 1814 5161 laus.

222 5200 483 5269 Alleluia,
511 5201 752 5265 alleluia,
776 5199 1011 5254 alleluia.
1056 5199 1092 5265 ἢ
1117 5236 1132 5252 .
1174 5196 1435 5264 Quoniam
1466 5212 1691 5267 magnus
1713 5197 1812 5251 Do-

222 5292 428 5358 minus,
470 5298 526 5345 et
579 5290 879 5346 laudabilis.
932 5288 999 5343 Ρ.
1032 5289 1245 5343 Etcum
1290 5288 1525 5344 Sanctis.
1580 5289 1655 5357 Ῡ.
1686 5286 1818 5345 Glo-

220 5385 331 5451 ria,
354 5393 409 5440 et
430 5383 623 5452 honor,
664 5392 767 5439 etc.
804 5383 871 5436 P.
902 5382 1152 5444 Alleluia,
1178 5380 1413 5447 alleluia,
1449 5380 1683 5437 alleluia.

302 5474 621 5533 Benedictio.
657 5476 918 5534 Dominus
944 5491 1041 5532 nos
1083 5473 1182 5530 sua
1209 5473 1605 5530 benedictione.
1638 5474 1820 5541 Quam

230 5566 333 5640 fol.
368 5567 494 5623 100.

306 5662 489 5720 Lauda
532 5665 601 5719 ad
641 5667 855 5735 fontem.
895 5663 1095 5734 [ligans
1123 5672 1337 5721 montes
1364 5660 1432 5718 de
1458 5661 1827 5733 superioribus

227 5755 359 5812 tuis.
394 5756 645 5814 Alleluia.
678 5757 745 5812 Ρ.
780 5757 856 5817 De
896 5757 1068 5811 fructu
1098 5768 1190 5811 tuo
1217 5754 1511 5823 replebitur
1536 5765 1701 5811 terra.
1734 5757 1826 5811 Al-

225 5850 417 5920 leloia,
445 5850 681 5915 alleloia.
708 5850 942 5905 alleluia.
1008 5849 1042 5918 ᾗ
1067 5889 1082 5904 .
1112 5848 1377 5916 Quoniam
1417 5848 1683 5921 percussit
1735 5864 1829 5921 pc-

636 5944 907 6005 ΡΑτιιυι..
953 5942 1304 6003 LXXXVI.

1934 592 2123 657 honor,
2151 601 2259 648 etc.
2292 592 2359 647 P.
2391 592 2642 659 Alleléia,
2668 592 2905 661 alleluia,
2928 596 3158 652 alleluia.

2004 684 2109 738 Hic
2136 686 2293 753 fociat
2318 684 2855 753 Commemoratt'cines,
2886 698 2938 741 ut
2969 690 3020 743 in
3048 690 3136 758 [οι.
3172 692 3259 747 91.

2004 776 2060 833 In
2093 778 2310 832 nomine
2337 777 2548 834 Domini
2580 778 2748 833 noSIri
2788 779 2913 835 Jesu
2943 780 3139 836 ChriSti
3181 781 3518 852 perﬁciamus

1932 879 2054 922 cum
2081 882 2231 937 pace.
2270 868 2307 937 ιῆ
2328 906 2346 924 .
2374 867 2485 923 Deo
2511 868 2733 939 gratias.

2531 960 2612 1013 Ad
2655 959 2905 1016 Térliam.

1931 1048 2305 1207 “Pgopltetla.
2349 1050 2468 1121 Fili,
2515 1053 2737 1110 Custodi
2787 1053 3067 1111 sermones
3114 1071 3283 1112 meos.
3333 1057 3519 1126 Quam

1953 1154 1984 1192 ο
2011 1178 2024 1191 .
2097 1140 2146 1193 ϐ.

1953 1140 2024 1192 'ol.
2056 1140 2146 1193 96.

2013 1230 2303 1300 Autiphona
2348 1233 2399 1288 l.
2458 1231 2645 1287 Virtus
2692 1248 2832 1297 mea,
2888 1231 3135 1299 Domine,
3192 1233 3413 1306 diligam
3466 1248 3520 1294 te

1932 1324 2327 1382 ﬁrmamentum
2377 1340 2577 1379 meum.
2610 1323 2849 1381 Psalmus
2893 1341 3024 1391 xvn,
3056 1344 3216 1399 usque
3256 1329 3318 1384 Et
3356 1330 3521 1387 retri-

1930 1416 2047 1472 bnit
2076 1417 2206 1470 mihi
2236 1415 2519 1471 Dominus.

2002 1508 2207 1563 Oratio.
2242 1508 2524 1580 llel‘ogium
2550 1517 2813 1573 nostrum,
2846 1507 3089 1577 Domine,
3124 1512 3174 1566 in
3207 1520 3355 1568 tuum
3380 1530 3525 1571 sem-

1930 1619 2026 1674 per
2052 1603 2380 1662 collocémus
2402 1601 2682 1657 arbitrium
2714 1620 2725 1654 :
2759 1611 2927 1657 utnec
2960 1604 3197 1674 scopulis
3236 1606 3521 1676 alidamur,

1934 1710 2034 1751 nec
2057 1696 2376 1751 tumentium
2403 1694 2800 1750 mundanorum
2825 1696 3105 1760 ﬂuctibus;
3133 1699 3224 1753 sed
3245 1700 3296 1753 in
3318 1704 3526 1756 cunctis

1931 1787 2195 1855 adversis,
2226 1787 2465 1844 dexterae
2497 1796 2601 1842 tua:
2636 1786 2948 1842 fortitodine
2972 1788 3176 1859 protegi
3200 1795 3522 1859 mereamur;

1854 1862 1903 1921 Β
1932 1881 2214 1951 disciplina
2260 1882 2350 1936 tua
2393 1881 2710 1948 docellmur;
2758 1881 3000 1937 doctrina
3046 1884 3132 1937 tua
3200 1884 3523 1955 dirigamur;

1924 1979 1980 2023 ct
2010 1969 2360 2024 incrementis
2399 1969 2768 2041 spiritualibus
2811 1970 3100 2025 dilatentur
3142 1988 3154 2025 :
3189 1971 3526 2028 Famulatum

1927 2062 2053 2118 ﬁdei
2077 2062 2170 2117 tibi
2206 2062 2433 2118 Domino
2487 2062 2862 2131 impendamus
2888 2080 2901 2115 :
2933 2072 2991 2116 ut
3019 2061 3047 2116 ὁ
3079 2070 3130 2117 te
3157 2062 3343 2134 gloria:
3371 2065 3530 2120 coro-

1928 2169 2052 2209 nam
2108 2154 2159 2207 in
2193 2153 2630 2209 remuneratitine
2661 2154 2935 2224 percipere
2966 2158 3289 2213 mereamur.
3354 2157 3391 2228 ἡ
3414 2197 3428 2212 .
3457 2158 3531 2215 A-

1932 2260 2077 2300 men.

2002 2336 2107 2391 Per
2134 2334 2586 2391 misericordiam.

1998 2427 2295 2496 Autipltona
2321 2427 2374 2480 2.
2413 2427 2659 2482 Laudans
2688 2427 2947 2484 invocabo
2993 2427 3275 2484 Dominum
3318 2440 3418 2486 :et
3458 2433 3527 2489 ab

1927 2517 2156 2574 inimicis
2184 2518 2319 2574 meis
2348 2518 2531 2573 salvus
2550 2533 2665 2572 ero.
2701 2517 2943 2573 Psalmus
2972 2529 3103 2573 xvn.
3160 2519 3223 2573 Et
3253 2520 3523 2589 retribuit,

1930 2624 2090 2677 usque
2122 2607 2285 2675 Deus,
2314 2609 2401 2677 qui
2444 2608 2740 2677 prscinxit.

2000 2697 2202 2753 Oratio.
2258 2697 2503 2763 Domine,
2536 2697 2937 2755 ﬁrmamentum
2986 2710 3226 2756 nostrum
3274 2711 3330 2759 et
3382 2702 3528 2759 refo-

1923 2790 2068 2861 gium
2102 2799 2367 2857 nostrum,
2390 2790 2456 2846 de
2481 2793 2776 2847 tentatioue
2800 2804 2899 2847 nos
2928 2791 3075 2863 oripe
3105 2795 3203 2849 :da
3236 2796 3529 2866 protectio-

1926 2897 2050 2937 nem
2080 2882 2268 2939 salutis
2316 2892 2454 2949 tuae;
2484 2891 2539 2938 et
2567 2884 2786 2940 dextera
2812 2885 2898 2939 tua
2934 2887 3089 2958 102
3130 2900 3228 2942 nos
3272 2888 3518 2959 soscipe,

1924 2983 1980 3030 et
2006 2974 2288 3046 disciplina
2322 2976 2409 3030 tua
2459 2990 2555 3031 nos
2606 2977 2795 3043 edoce,
2823 2986 2879 3031 et
2929 2978 3323 3034 immaculatam
3379 2980 3520 3037 viam

1930 3078 2192 3135 nostram,
2226 3068 2500 3139 vitamque
2542 3070 2809 3125 constitue
2837 3088 2848 3122 :
2875 3078 2929 3124 et
2957 3072 3079 3139 quia
3130 3079 3185 3126 tu
3211 3072 3440 3128 Sanctus
3470 3073 3522 3127 in

1931 3161 2146 3215 Sanctis
2175 3176 2270 3225 es;
2298 3175 2394 3215 nos
2422 3175 2635 3231 quoque
2670 3161 2763 3216 tibi
2795 3161 3080 3216 collatione
3106 3163 3406 3218 sanctitatis
3433 3178 3521 3217 as-

1929 3251 2097 3307 socia.
2129 3253 2451 3321 Respondeat
2482 3253 2702 3308 Chorus.
2733 3258 2924 3309 Amen.

1996 3342 2100 3399 Per
2124 3342 2551 3398 misericordiam
2584 3354 2750 3399 tuatn.

1998 3437 2298 3505 Antiphone
2320 3435 2373 3491 5.
2407 3437 2537 3503 Quis
2588 3437 2731 3492 Deus
2783 3446 2977 3507 prmter
3023 3436 3187 3493 Deum
3240 3442 3525 3495 nostrum?

1925 3540 2016 3585 aut
2045 3530 2165 3601 quis
2203 3529 2342 3585 Deus
2373 3542 2565 3600 prmter
2589 3532 2913 3587 Dominum?
2945 3526 3147 3589 Psalm.
3183 3550 3311 3589 xvn.
3348 3535 3524 3591 Rcite-

1922 3625 2065 3679 rélur
2094 3621 2410 3689 Antlpltona.
2453 3624 2581 3691 Quis
2609 3624 2772 3680 Deus.

1996 3714 2255 3771 Dominus
2283 3718 2353 3770 sit
2382 3730 2597 3784 semper
2637 3716 2937 3772 Vobiscum.
2984 3714 3021 3785 ii)
3044 3759 3058 3773 .
3090 3718 3155 3773 Et
3195 3701 3335 3773 cum.

2008 3811 2046 3880 ti
2067 3852 2082 3867 .
2107 3811 2356 3876 Audiam,
2382 3810 2629 3878 Domine,
2660 3825 2844 3867 vocem
2877 3806 3046 3867 laudis
3073 3798 3209 3869 tute.

1997 3900 2065 3957 P.
2098 3902 2165 3957 Et
2193 3904 2441 3959 enarrem
2470 3904 2721 3962 universa
2763 3904 3027 3960 mirabilia
3056 3915 3163 3960 tua.
3230 3906 3265 3976 ᾗ
3289 3946 3303 3960 .
3336 3905 3521 3962 Domi-

1923 4011 2009 4062 ne,
2034 3994 2195 4052 dilexi
2247 3995 2499 4054 dccérem
2534 3998 2728 4055 domus
2761 4011 2885 4065 tum,
2926 4003 2981 4054 el
3017 4000 3191 4056 locum
3227 4000 3518 4056 habitatio-

1922 4091 2006 4144 nis
2034 4091 2220 4161 gloriae
2246 4100 2372 4145 tum.
2405 4090 2472 4145 P.
2503 4092 2572 4148 Et
2620 4087 2890 4149 enarrem.
2956 4090 3028 4165 it.
3079 4096 3279 4165 Gloria,
3310 4106 3365 4154 et
3411 4099 3518 4152 ho-

1922 4197 2045 4249 nor,
2074 4192 2179 4238 etc.
2213 4176 2500 4239 Reitere’tur
2547 4182 2584 4255 ἡ
2608 4224 2621 4239 .

1993 4270 2200 4328 Lauda.
2232 4273 2483 4340 Alleluia,
2534 4273 2773 4333 alleluia.
2805 4278 2995 4334 Salvos
3022 4294 3122 4334 nos
3165 4279 3247 4336 fac
3291 4280 3520 4338 Domine

1923 4364 2066 4420 Deus
2094 4374 2299 4424 noster.
2342 4366 2596 4433 Alleluia,
2626 4366 2863 4423 allcloia.
2913 4368 2945 4438 ᾗ
2972 4410 2984 4423 .
3014 4369 3084 4425 Ει
3121 4367 3389 4442 congrega
3418 4388 3519 4427 nos

1919 4454 1987 4510 de
2012 4454 2283 4526 gentibus.
2309 4454 2376 4511 P.
2406 4456 2655 4525 Alleluia,
2687 4458 2921 4514 alleluia.
2985 4462 3019 4531 ᾗ
3047 4503 3061 4517 .
3092 4461 3297 4529 Gloria,
3340 4473 3397 4519 et
3421 4462 3519 4520 lto-

1925 4564 2044 4617 nor,
2086 4561 2195 4605 etc.
2229 4550 2296 4605 P.
2331 4550 2585 4621 Alleluia,
2619 4552 2854 4608 alleluia.

2002 4639 2208 4695 Preces.
2239 4640 2432 4696 Avérte
2455 4641 2586 4697 iram
2617 4653 2760 4697 tuam
2793 4643 2824 4699 ὲ
2845 4645 3020 4701 nobis.
3054 4645 3120 4700 P.
3150 4647 3211 4703 Et
3233 4650 3516 4708 miserere.

1943 4732 2017 4802 ᾗ.
2068 4730 2222 4786 Adsit
2278 4730 2517 4801 potentia
2568 4744 2677 4800 tua,
2726 4734 2970 4792 Domine.
3025 4736 3093 4792 P.
3139 4736 3206 4793 Et
3238 4742 3517 4800 miserere.

1946 4828 1977 4897 ir
2004 4867 2016 4879 .
2053 4825 2280 4881 Benedic
2306 4825 2589 4883 hereditali
2620 4839 2745 4894 tute,
2772 4829 3016 4888 Domine.
3048 4830 3116 4886 P.
3147 4833 3215 4889 Et
3237 4835 3515 4895 miserere.

1943 4914 2017 4989 ᾗ.
2071 4917 2318 4973 Concede
2377 4933 2564 4989 pacem
2628 4919 2879 4976 Ecclesiae
2929 4933 3054 4977 tum.
3101 4921 3170 4983 P.
3228 4924 3295 4980 Et
3352 4926 3519 4981 mise-

1928 5013 2071 5068 rére.
2132 5013 2214 5083 ᾤ.
2274 5010 2470 5068 Delicta
2521 5012 2661 5081 dele,
2717 5013 2927 5070 veniam
2982 5018 3216 5074 concede
3265 5017 3515 5075 Domine.

1925 5102 1991 5160 Ρ.
2022 5106 2088 5160 Et
2111 5104 2379 5160 miserere.
2416 5104 2722 5160 Reiterémr.
2765 5106 2957 5163 Avérte
2979 5107 3226 5165 Domine.

1998 5197 2342 5268 Supplicdtio.
2374 5196 2600 5253 Oremus
2626 5196 3058 5266 Redemptorem.
3093 5200 3186 5272 [ει.
3212 5200 3300 5257 96.
3326 5199 3513 5271 Kyt‘ie,

1926 5290 2150 5347 eléison.
2198 5292 2236 5359 ἢ
2258 5329 2271 5343 .
2295 5287 2528 5355 Christe,
2558 5287 2781 5344 eléison.
2822 5290 3004 5362 Kyrie,
3037 5291 3261 5347 cléison.

2000 5383 2263 5452 Capitula.
2316 5381 2592 5436 Fortitudo
2647 5392 2827 5436 nostra
2860 5381 3084 5437 Domine
3136 5382 3274 5436 dona
3332 5382 3512 5450 nobis,

1928 5474 2271 5529 dilectionem
2310 5472 2383 5527 tui
2408 5472 2639 5528 nominis
2663 5472 2920 5543 pérpetim
2949 5472 3218 5544 possidere
3244 5490 3259 5529 :
3292 5474 3516 5546 dignere

1929 5580 2050 5623 esse
2079 5574 2264 5625 nostra
2294 5573 2481 5620 contra
2512 5564 2865 5620 adversantes
2888 5564 3087 5628 virtus;
3117 5564 3512 5627 ﬁrmamentum

1931 5672 2116 5718 contra
2158 5659 2566 5731 impugnantes;
2620 5658 2877 5715 liberator
2918 5666 3102 5712 contra
3132 5661 3510 5730 captivantes:

1932 5764 1991 5810 ut
2019 5754 2121 5810 tuis
2141 5768 2205 5811 ex
2240 5763 2351 5809 toto
2379 5749 2738 5807 defensaculis
2761 5747 3147 5819 circumcincti,
3190 5752 3268 5808 sic
3289 5752 3512 5809 adversa

1932 5846 2118 5903 mundi
2172 5859 2325 5902 meus
2379 5850 2561 5897 noetra
2592 5854 2699 5896 non
2729 5835 2953 5905 metuat,
3000 5850 3059 5896 ut
3086 5852 3137 5895 et
3187 5842 3375 5897 blanda
3409 5850 3509 5897 nos

3034 5937 3071 5997 7
