3948 6378
254 404 385 460 ιυθθ

1216 393 1696 450 SANCTOIHIE.
1743 420 1811 431 -——
1858 388 2067 442 FESI'A
2116 384 2511 438 l'lilSliUAllll.

3384 386 3522 441 1090

250 536 356 575 sua,
397 519 608 591 338mm,
652 513 881 570 desecta;
909 513 1086 567 carnis
1116 510 1321 577 accepit
1344 551 1358 572 ,
1403 522 1595 562 omnes
1626 505 1652 556 it
1687 502 1839 555 nobis
1868 507 1915 564 Α
1949 496 2275 566 mogénitum
2317 498 2543 549 munere
2579 512 2588 545 :
2640 494 2746 548 illic
2789 495 3004 550 t'tnicum
3036 493 3239 561 Patris,
3274 494 3356 548 hic
3391 513 3525 563 prae-

251 614 437 668 sordes
465 609 657 685 [ccxx]
687 610 769 665 sui
799 607 1001 661 ameris
1030 604 1368 659 connexidne
1409 599 1670 667 depunget
1696 613 1708 661 ;
1758 596 1793 661 ἡ
1818 634 1829 645 .

254 713 441 758 Amen.
476 704 579 767 Et,
615 701 705 771 qui
742 714 836 753 vos
867 700 1006 752 lilius
1038 695 1267 749 Abrahae
1299 694 1350 745 in
1383 691 1562 756 seipso
1587 730 1599 751 ,
1633 685 1723 757 qui
1755 693 1836 738 est

250 810 431 851 Semen
464 795 617 863 ejus,
650 791 972 847 benedicere
1002 788 1281 857 promisit,
1313 781 1627 837 hereditatis
1664 776 1834 833 beata:

249 887 551 942 conlatione
582 884 874 939 tnuuilicct.
924 882 959 948 Ii,
985 924 999 937 .
1032 884 1222 935 Arnen.

319 979 421 1032 Per
449 974 891 1031 misericordiam.

319 1068 519 1121 Lauda.
565 1065 936 1121 Adnunciélur
973 1063 1028 1116 in
1067 1061 1195 1115 Sion
1237 1072 1432 1112 nomen
1472 1052 1683 1108 Domini
1716 1070 1729 1107 :
1766 1050 1830 1103 P.

253 1161 315 1215 Et
342 1140 459 1213 laus
489 1158 607 1228 ejus
641 1160 696 1211 in
724 1156 1089 1210 Hierusalem.
1123 1151 1350 1206 Alleluia
1371 1188 1387 1211 ,
1420 1146 1671 1208 alleluia,
1706 1145 1835 1197 alle-

249 1250 374 1303 lt'tia.
423 1249 454 1317 7
482 1289 491 1300 .
530 1247 596 1301 Et
627 1245 895 1300 tintébunt
919 1252 1108 1312 gentes
1140 1254 1334 1293 nomen
1369 1246 1513 1288 tuum
1536 1275 1550 1298 ,
1584 1231 1828 1297 Domine,

244 1352 300 1394 et
326 1355 515 1394 omnes
547 1352 701 1408 reges
732 1345 889 1389 terra:
916 1333 1144 1400 gloriam
1178 1339 1344 1383 tuam.
1383 1326 1448 1379 Ρ.
1486 1326 1550 1379 Et
1581 1325 1714 1377 laus.
1756 1324 1790 1390 γ
1816 1359 1831 1373 .

245 1431 425 1485 tiloria
445 1472 460 1496 ,
494 1438 549 1482 et
579 1434 768 1481 honor.
804 1427 868 1479 Ρ.
902 1426 967 1480 Et
994 1426 1128 1478 laus.

321 1523 523 1577 omne.
554 1520 905 1588 Omnipotens
936 1517 1074 1571 Deus
1102 1516 1258 1569 Pater
1284 1524 1337 1566 et
1363 1509 1606 1573 Domine,
1644 1506 1834 1576 largire

243 1614 483 1668 ert-denti
521 1624 610 1667 tuo
637 1610 838 1682 populo
870 1625 1056 1678 pacem
1084 1624 1097 1658 :
1132 1615 1190 1660 ut
1219 1608 1273 1658 in
1302 1603 1503 1671 templo
1534 1610 1624 1653 tuo
1654 1600 1831 1652 videa-

243 1724 365 1759 mus
397 1707 651 1761 Salutare
685 1714 832 1757 tuum
861 1718 876 1768 ;
909 1715 1069 1771 quem
1099 1698 1316 1753 Simeon
1344 1695 1522 1764 justus
1552 1692 1692 1746 ulnis
1721 1690 1832 1743 suis

241 1798 492 1865 act-epit:
546 1804 637 1860 ut,
690 1795 780 1863 qui
826 1792 1003 1847 lumen
1050 1792 1117 1844 ad
1165 1787 1547 1843 revelatiénent
1592 1782 1828 1852 gentium

240 1888 462 1955 extitit,
494 1887 729 1941 indultor
757 1884 1044 1941 criminum
1077 1881 1303 1951 ipsemet
1338 1876 1671 1933 credentium
1714 1889 1835 1927 sen-
1873 1869 1915 1927 Β

243 1981 428 2034 tiatur.
469 1979 505 2047 ti
530 2018 543 2032 .
578 1984 772 2033 Amen.

314 2074 419 2128 Per
449 2070 873 2127 misericordiam
904 2077 1067 2123 tuam.

312 2163 372 2217 In
409 2161 624 2217 nomine
654 2159 887 2215 Domini.

814 2251 893 2303 Ad
926 2247 1257 2301 .llaluliuum.

315 2344 637 2411 Antiphone.
683 2340 895 2395 Domini
936 2351 1018 2394 est
1057 2340 1206 2394 salus
1238 2357 1249 2391 :
1293 2349 1349 2393 et
1384 2351 1544 2405 super
1582 2333 1837 2404 populum

235 2443 394 2487 tuum
430 2435 734 2488 benedictio
765 2443 872 2485 tua.
907 2430 1150 2485 Paulinus
1181 2445 1263 2484 ut.

313 2524 522 2576 Urdtio.
552 2521 629 2576 Tu
672 2537 768 2587 es,
812 2520 1066 2579 Domine.
1100 2520 1270 2584 salus,
1314 2528 1367 2574 et
1408 2528 1494 2572 tua
1534 2526 1618 2573 est
1647 2519 1833 2573 salus:

234 2617 383 2670 hanc
407 2615 704 2685 gaudemus
732 2615 784 2666 in
818 2612 972 2666 nobis
999 2612 1243 2682 largitam
1271 2628 1285 2677 ;
1317 2614 1453 2664 hanc
1478 2612 1640 2666 etiam
1672 2627 1839 2681 usque

240 2709 294 2761 in
341 2708 506 2760 linem
539 2704 568 2758 ξι
600 2716 652 2759 te
684 2705 910 2773 petimus
953 2703 1279 2772 largiéndatn
1310 2720 1324 2755 :
1371 2702 1639 2768 Effunde,
1686 2721 1835 2774 qua:-

234 2811 433 2851 sumus
456 2836 472 2863 ,
503 2810 663 2865 super
695 2795 946 2864 populum
978 2804 1125 2871 tuum
1157 2794 1589 2849 benedictit‘metn
1642 2805 1785 2849 luam
1816 2812 1831 2851 :

238 2900 296 2940 ut
349 2887 591 2956 privetur
636 2886 940 2940 maledictio
990 2900 1197 2954 paenae,
1245 2896 1299 2941 et
1344 2886 1570 2942 ditéscat
1600 2890 1650 2942 in
1684 2889 1835 2943 nobs

232 2980 449 3033 fructus
470 2977 714 3047 justitite.
759 2978 795 3045 [ἢ
818 3016 832 3031 .
866 2977 1054 3032 Amen.

307 3072 414 3125 Per
455 3069 897 3125 misericordiam.

308 3160 614 3231 Antiphona
666 3160 714 3214 1.
762 3162 893 3215 (litin
948 3159 1263 3215 inducerent
1310 3160 1559 3231 parentes
1609 3164 1830 3232 puerum

230 3253 421 3307 .Iesum
472 3254 529 3306 in
570 3252 806 3320 templo,
838 3260 894 3304 ut
934 3250 1171 3306 iacerent
1203 3266 1298 3320 pro
1327 3266 1393 3307 eo
1421 3253 1716 3307 secundum
1751 3256 1832 3308 le-

230 3362 356 3415 gem
389 3345 564 3417 illoysi
595 3364 607 3397 :
644 3344 709 3399 P.
742 3343 963 3413 Accépit
991 3344 1210 3399 Simeon
1242 3346 1295 3400 in
1328 3344 1578 3399 manibus
1601 3388 1617 3412 ,
1650 3358 1705 3400 et
1737 3352 1831 3401 be-

230 3438 659 3496 uedixitDeum.
678 3439 713 3507 ᾗ
737 3478 750 3492 .
767 3437 984 3507 Magnus
1010 3435 1282 3495 Dominus.
1301 3450 1355 3491 et
1376 3437 1655 3492 laudabilis
1675 3439 1834 3492 nimis

230 3551 281 3586 ιιι
317 3532 551 3587 civitate
582 3530 678 3585 Dei
710 3528 914 3595 nostri,
944 3530 995 3583 in
1025 3540 1208 3583 monte
1237 3540 1424 3583 sancto
1454 3531 1590 3597 ejus.
1622 3528 1690 3582 P.
1726 3536 1827 3584 Ac-

226 3627 377 3694 cepit
408 3624 661 3679 Simeon.
713 3624 745 3692 ᾖ
775 3663 785 3675 .
822 3620 1035 3691 Gloria,
1068 3632 1122 3678 et
1153 3622 1342 3691 honor.
1378 3622 1444 3676 P.
1478 3623 1712 3692 Accepit.

302 3717 522 3770 ονάιὶο.
564 3713 912 3782 Omnipotens
954 3713 1095 3768 Deus
1136 3711 1313 3768 Pater.
1372 3714 1555 3781 Qutrre
1608 3714 1742 3767 relrb
1781 3715 1833 3768 in

223 3807 337 3859 istis
404 3804 655 3872 Vésperis
699 3796 1118 3881 prwcedéutibus.

296 3898 615 3969 Antiphone
650 3895 706 3951 ‘2.
746 3897 963 3951 Simeon
989 3897 1041 3949 in
1083 3895 1279 3965 templo
1329 3896 1556 3952 elevovit
1604 3913 1829 3963 vocem,

218 3992 461 4045 dicens:
526 3987 678 4041 Nunc
725 3986 952 4041 dimittis
998 4002 1216 4041 servum
1264 3997 1411 4041 tuum
1435 3988 1487 4040 in
1540 4004 1711 4054 pace:
1766 3988 1828 4040 Ρ.

217 4082 361 4150 Quia
394 4079 664 4136 viderunt
690 4078 833 4133 oculi
868 4081 970 4134 mei
1002 4080 1238 4133 salutdre
1267 4079 1446 4149 populi
1480 4079 1571 4133 tui.
1622 4082 1654 4150 ᾗ
1681 4122 1692 4134 .
1724 4081 1829 4134 Ναι-

224 4187 339 4229 tum
406 4174 546 4228 fecit
607 4170 863 4225 Dominus
923 4173 1153 4225 salutare
1196 4188 1392 4225 suum:
1440 4186 1563 4226 ante
1606 4173 1831 4240 conspe-

223 4283 378 4326 ctnm
428 4268 677 4342 géntium
718 4268 976 4321 revelavit
1001 4266 1259 4335 justitiam
1291 4283 1461 4320 suam.
1494 4267 1560 4321 P.
1591 4270 1723 4334 Quia
1757 4271 1835 4321 vi-

225 4367 465 4421 dérunt.
519 4365 554 4433 Ῡ
586 4403 599 4416 .
633 4360 813 4415 Gloria
838 4405 851 4427 ,
883 4371 938 4414 et
965 4360 1154 4413 honor.
1199 4360 1261 4412 1³.
1295 4361 1422 4424 Quia
1458 4360 1723 4413 viderunt.
1834 4414 1839 4417 _

303 4457 524 4509 ονὰιὶο.
561 4451 777 4505 Βεέιιιιιιι
799 4490 814 4514 ,
851 4449 1107 4515 Domine,
1143 4450 1285 4502 illam
1311 4448 1440 4517 justi
1471 4450 1543 4502 tui
1571 4450 1835 4503 Simeouis

224 4552 423 4602 vocent
476 4545 565 4599 [ac
614 4543 667 4595 iit
716 4542 870 4595 nobis
920 4541 1028 4608 pari
1072 4539 1354 4609 diligentia
1400 4542 1727 4606 personare:
1779 4554 1835 4593 ut
1866 4570 1917 4629 υ

221 4640 351 4707 quia
390 4637 640 4690 vidimus
670 4643 724 4687 et
752 4632 1022 4687 credimus
1052 4632 1295 4685 Salutate
1341 4640 1484 4685 luunt
1511 4649 1523 4691 ;
1571 4630 1625 4685 in
1670 4648 1798 4700 pace
1821 4673 1837 4695 ,

221 4731 353 4783 cum
382 4725 633 4796 jusseris
664 4724 996 4777 dimittantur
1029 4740 1042 4775 :
1100 4739 1203 4776 non
1235 4723 1339 4791 quo
1365 4723 1394 4776 ξι
1425 4732 1475 4777 te
1504 4723 1753 4777 dimissos
1785 4725 1846 4776 li-

221 4838 325 4877 nes
358 4823 494 4874 vitae
540 4818 870 4885 accipiamus
903 4833 918 4880 ;
957 4816 1049 4869 scd
1075 4857 1091 4880 ,
1138 4832 1231 4879 per
1271 4826 1321 4869 te
1359 4816 1635 4869 absolutos
1674 4816 1702 4869 :‘t
1743 4816 1841 4871 ἀό-

224 4918 383 4978 trito,
425 4914 483 4966 in
524 4912 637 4965 line
679 4924 867 4979 pacem
908 4909 1286 4978 sempiternam
1330 4911 1719 4979 possideamus.
1768 4913 1802 4979 ιῆ
1828 4953 1840 4965 .

222 5012 431 5064 Amen.

300 5097 411 5151 Per
444 5090 904 5149 misericordiam.

298 5190 633 5258 Antiphone
677 5184 731 5239 5.
769 5186 1009 5241 Vidimus
1050 5186 1274 5260 gloriam
1328 5178 1575 5255 Domini,
1621 5189 1843 5260 gloriam

1941 590 2156 658 cipnum
2190 588 2329 642 inter
2357 587 2550 642 fratres
2581 606 2592 641 :
2627 589 2697 643 ibi
2729 607 2849 645 cum
2895 592 3053 646 Patro
3095 607 3254 644 untmt
3276 633 3291 654 .
3339 591 3424 644 hic
3472 592 3523 645 in

1941 679 2197 734 frotribus
2228 683 2455 749 primum
2479 697 2490 732 :
2517 680 2623 735 illic
2646 681 2920 749 aequaliter
2949 682 3328 739 subsistentem
3350 724 3365 747 ,
3392 694 3443 736 et
3472 683 3524 735 in

1941 773 2058 826 sinu
2090 772 2263 826 Patris
2305 771 2641 838 manentem,
2688 772 2772 826 hic
2802 772 2981 827 socios
3015 791 3119 828 non
3152 773 3524 844 derehnquéu-

1944 873 2050 918 tem
2078 881 2093 930 ;
2124 862 2346 933 Larglre
2372 880 2500 934 ergo
2531 875 2620 918 tuo
2648 864 2762 918 ﬁeri
2796 866 3086 935 participes
3115 882 3299 935 regno,
3332 869 3527 935 quibus

1941 968 2001 1008 es
2034 955 2355 1023 propitiatus
2386 956 2438 1009 in
2471 956 2665 1009 Mundo
2696 973 2708 1008 :
2742 956 3044 1026 quibusque
3075 958 3341 1011 advenisti
3376 960 3526 1028 prius

1942 1045 2271 1115 redemptor,
2295 1047 2469 1102 existe
2497 1046 2549 1100 in
2582 1048 2761 1102 futuro
2795 1051 3185 1103 retuuncrator.
3226 1050 3262 1111 ti
3288 1088 3301 1103 .
3332 1056 3527 1105 Amen.

2014 1138 2117 1193 Per
2142 1138 2592 1194 misericordiam.

2030 1234 2066 1298 ἡ
2088 1269 2103 1283 .
2149 1230 2285 1297 istc,
2318 1230 2405 1300 qui
2443 1240 2597 1285 natus
2638 1241 2753 1295 est,
2786 1230 3081 1299 redéziptin
3111 1242 3290 1284 nostra
3323 1242 3406 1285 est
3431 1272 3445 1295 ,
3478 1240 3533 1285 et

1941 1320 2233 1389 Dominus,
2283 1332 2336 1376 ct
2385 1322 2526 1376 Deus
2571 1332 2674 1377 est.
2725 1322 2793 1381 ιι.
2844 1322 2945 1377 lste
2975 1321 3338 1377 Consul-(ibitur
3370 1338 3467 1375 nos
3499 1322 3529 1375 ἐι

1943 1413 2097 1481 plaga
2145 1424 2360 1478 nostra,
2411 1425 2465 1465 et
2514 1412 2543 1465 ξι
2592 1413 2780 1467 labtire
2811 1414 2861 1466 in
2896 1424 3032 1467 terra
3066 1413 3395 1481 captivitatis
3434 1431 3529 1465 no-

1940 1515 2089 1557 strm.
2135 1505 2168 1573 ᾖ
2193 1540 2209 1558 .
2243 1504 2501 1558 Parvulos
2529 1516 2687 1558 natus
2714 1515 2797 1559 est
2828 1505 2981 1559 nobis
3005 1542 3018 1569 ,
3065 1507 3206 1558 lilius
3249 1507 3404 1560 datus
3447 1517 3532 1561 εει

1941 1596 2130 1661 nobis,
2163 1605 2218 1651 et
2246 1595 2414 1651 iactus
2444 1609 2525 1651 est
2553 1596 2883 1667 priucqlatus
2910 1596 3026 1665 ejus
3056 1613 3214 1665 super
3247 1599 3528 1651 humerum

1941 1686 2077 1756 ejus.
2111 1686 2178 1742 P.
2213 1687 2319 1743 Iste
2346 1688 2735 1743 consolabitur.
2782 1689 2854 1757 ᾗ.
2888 1688 3067 1742 Clin-ia
3088 1730 3103 1753 ,
3151 1698 3205 1744 et
3235 1688 3425 1744 honor.
3458 1689 3526 1744 P.

1943 1779 2045 1831 Iste
2075 1778 2461 1834 t-ousolitbitur.

2015 1868 2221 1926 Oratio.
2268 1872 2496 1927 Domine
2542 1872 2668 1927 Jesu
2713 1872 2952 1940 Christe,
2996 1872 3085 1943 qui
3130 1888 3189 1930 es
3235 1873 3531 1943 redemptio

1939 1978 2122 2023 nostra
2171 1980 2225 2023 et
2269 1970 2415 2023 salus
2468 1982 2682 2032 noswa,
2756 1983 2883 2021 sana
2934 1968 3139 2037 plagam
3194 1970 3531 2023 contritionis

1940 2076 2111 2114 nonae
2137 2078 2149 2113 :
2175 2062 2262 2129 qui
2285 2058 2570 2129 suscepisti
2596 2075 2811 2115 carnem
2847 2060 3143 2128 lragilitatis
3175 2059 3449 2124 humouas;
3478 2070 3529 2114 et

1939 2151 2029 2221 qui
2058 2150 2276 2205 veniens
2303 2150 2467 2205 onera
2498 2162 2675 2205 nostra
2704 2151 2990 2205 sublevare
3012 2151 3260 2220 dignatus
3280 2166 3360 2215 es,
3385 2168 3531 2221 (μιξε-

1940 2258 2148 2306 sumus,
2182 2254 2240 2297 ut
2269 2244 2299 2297 ὁ
2329 2244 2486 2297 malis
2514 2243 2766 2313 operibus
2797 2256 3008 2299 nostros
3039 2245 3248 2300 labiires
3277 2245 3529 2311 evacucs,

1941 2335 2125 2391 noSIra
2159 2351 2263 2403 que
2291 2336 2466 2389 stt'tdia
2493 2337 2613 2404 pius
2642 2336 2697 2389 in
2728 2339 2867 2391 bono
2890 2338 3197 2391 coulirtnes.
3239 2337 3275 2405 πῆ
3296 2378 3309 2391 .
3337 2338 3529 2393 Amen.

2011 2429 2114 2482 Per
2145 2426 2595 2482 misericordiam.

2010 2535 2309 2605 Antiphona
2354 2539 2405 2591 ‘l.
2450 2536 2708 2591 Viderunt
2749 2536 2891 2592 oculi
2935 2539 3038 2593 mei
3104 2541 3342 2596 salutére
3386 2552 3530 2596 luunt

1940 2627 2202 2694 Domine,
2236 2629 2305 2683 P.
2335 2629 2489 2696 Quod
2522 2630 2832 2699 praeparasti
2864 2632 2931 2686 ad
2962 2634 3348 2689 revelatioueut
3391 2635 3525 2705 ge..-

1940 2722 2091 2777 tium.
2142 2724 2178 2792 Ῡ
2203 2762 2218 2777 .
2254 2724 2457 2777 Bonum
2491 2735 2573 2778 est
2602 2724 2848 2779 conlite'ti
2900 2725 3159 2793 Domino,
3207 2737 3260 2783 et
3305 2728 3535 2797 psallere

1939 2816 2141 2870 nomini
2176 2827 2266 2871 tuo
2295 2816 2572 2871 Altissime
2604 2832 2618 2869 :
2652 2816 2719 2871 P.
2752 2817 2903 2885 Quod
2937 2819 3272 2889 praeparasti.
3313 2821 3343 2888 ᾖ
3370 2862 3385 2877 .
3410 2822 3534 2877 Glo-

1940 2910 2015 2963 ria
2038 2951 2050 2973 ,
2085 2918 2139 2963 et
2166 2909 2356 2963 honor.
2387 2907 2454 2962 Ρ.
2487 2909 2639 2977 Quod
2673 2910 3005 2980 pra-parasti.

2014 3018 2215 3072 Ονάιίο.
2269 3019 2377 3073 Fac
2432 3034 2564 3088 nos,
2624 3018 2879 3089 Domine,
2936 3032 2988 3075 ut
3037 3022 3285 3078 Salutitre
3342 3034 3531 3091 tuum,

1936 3125 2096 3181 quem
2148 3110 2320 3165 oeulis
2375 3113 2497 3165 lidei
2552 3114 2812 3177 vidimus,
2869 3102 3185 3184 placohilem
3229 3119 3280 3171 in
3324 3118 3563 3187 juditin,

1863 3222 1906 3282 ρ
1939 3203 2233 3258 εθιιιίιὶιηιιε
2265 3222 2277 3256 :
2312 3214 2368 3258 ut
2393 3246 2407 3269 ,
2442 3206 2530 3273 qui
2567 3205 2634 3258 ad
2670 3207 3052 3260 revelatiOnent
3086 3212 3417 3276 prteparatus
3446 3226 3530 3267 est

1940 3296 2228 3361 Géutium,
2263 3313 2369 3351 non
2399 3298 2468 3351 ad
2514 3298 2880 3368 punitionem,
2929 3302 3022 3354 sed
3069 3302 3134 3355 ad
3179 3303 3526 3359 salvatidnent

1934 3405 1994 3444 se
2020 3388 2252 3458 judicent
2282 3389 2485 3462 ingerat
2519 3393 2941 3463 redemptérum.
2990 3395 3025 3461 ιξ
3049 3435 3063 3448 .
3099 3400 3290 3451 Amen.

2005 3502 2304 3571 Antiphone
2341 3502 2398 3558 ‘2.
2446 3504 2709 3560 Tnléruut
2747 3505 2929 3561 Jesum
2972 3508 3022 3560 in
3067 3509 3434 3575 lliert'tsalent.
3474 3524 3532 3566 nt

1937 3594 2195 3650 sisterent
2216 3612 2339 3650 eum
2376 3595 2639 3669 Domino,
2671 3600 2809 3655 sicut
2837 3603 3096 3670 scriptum
3128 3614 3210 3658 est
3232 3604 3443 3678 [ocul]
3476 3608 3526 3661 in

1936 3686 2052 3756 lege
2088 3688 2321 3745 Domini.
2357 3688 2425 3743 P.
2461 3691 2592 3756 Quia
2627 3707 2786 3744 onme
2824 3696 3176 3749 masculinum
3208 3697 3530 3765 adapériens

1936 3778 2146 3831 vulvam
2168 3818 2183 3843 ,
2214 3788 2455 3833 sanctum
2486 3780 2712 3836 Domino
2742 3782 3034 3838 vocabitur.
3075 3789 3109 3854 Ῡ
3134 3825 3148 3839 .
3173 3786 3395 3842 Caritate
3425 3789 3531 3843 Do-

1935 3870 2116 3935 mino,
2147 3882 2201 3926 et
2230 3872 2531 3927 benedicite
2563 3890 2759 3929 nomen
2805 3877 2920 3944 ejus
2953 3896 2966 3931 :
3002 3878 3137 3932 bene
3184 3880 3434 3935 nunciate
3463 3884 3530 3936 de

1936 3962 2021 4016 die
2050 3950 2102 4016 in
2132 3962 2273 4017 diem
2304 3964 2543 4019 salutare
2565 3966 2704 4034 ejus.
2736 3964 2800 4019 P.
2830 3968 2963 4035 Quia
2995 3984 3173 4026 onme.
3220 3972 3254 4040 ᾗ
3278 4012 3293 4026 .
3325 3972 3527 4039 Gloria,

1935 4060 1990 4106 et
2029 4052 2226 4109 honor.
2262 4053 2327 4109 P.
2361 4058 2491 4124 Quia
2527 4072 2708 4113 omne.

2015 4141 2216 4197 Ortilio.
2272 4145 2495 4199 Domine
2558 4148 2730 4211 Dens,
2759 4140 2860 4218 qui
2909 4165 3071 4205 omne
3121 4154 3520 4217 masculinmn,

1941 4233 2257 4301 adnpériens
2289 4237 2521 4299 vult-am,
2578 4248 2821 4290 sanctum
2863 4254 2981 4292 esse
3022 4242 3265 4308 testeris;
3318 4245 3400 4297 lac
3432 4261 3532 4297 nos

1943 4322 2037 4375 tibi
2066 4325 2117 4377 in
2147 4324 2452 4385 SanctiIMe,
2478 4336 2531 4378 et
2557 4324 2761 4393 justitia
2806 4326 3083 4382 deservire
3127 4347 3139 4381 :
3176 4341 3251 4393 ut,
3292 4333 3381 4401 qui
3418 4336 3535 4385 vnl-

1944 4430 2065 4468 vam
2100 4416 2260 4471 maté;
2280 4418 2329 4468 ni
2363 4417 2500 4470 uteri
2526 4417 2934 4485 incorruptione
2963 4421 3290 4488 sanctiﬁcas,
3317 4422 3534 4478 acterna:

1943 4507 2387 4561 sanctilicatiOnis
2421 4512 2645 4577 pnutnio
2689 4513 2972 4568 credentes
3014 4515 3244 4569 adtollas
3277 4532 3292 4572 :
3330 4530 3404 4582 ut,
3438 4521 3529 4587 qui

1949 4600 2245 4670 gloriosum
2294 4616 2486 4655 nomen
2547 4616 2692 4656 tuum
2739 4605 2789 4658 in
2842 4604 3088 4673 géutdius
3136 4610 3405 4673 nuntiant,
3448 4628 3532 4663 te-

1950 4692 2351 4744 nnmrralorem
2402 4703 2454 4747 te
2503 4710 2659 4749 suum
2705 4700 2753 4750 in
2808 4694 2986 4753 futuro
3037 4701 3386 4771 cognoscant.
3453 4703 3527 4772 ιξ.

1950 4783 2141 4834 Amen.

2020 4874 2139 4927 Per.

2018 4984 2318 5053 Antiphone
2352 4984 2407 5040 5.
2439 4985 2688 5041 Alleluia.
2721 4988 2995 5045 Dederunt
3024 4991 3255 5048 hostiam
3283 5011 3379 5062 pro
3405 4995 3533 5050 Jcsn

1947 5078 2243 5132 secundum
2273 5080 2415 5149 quod
2447 5082 2704 5150 scriptum
2733 5094 2816 5139 est
2844 5085 2896 5139 in
2928 5086 3044 5155 lege
3070 5087 3284 5143 Domini
3329 5088 3393 5143 P.
3426 5092 3529 5147 Par

1950 5169 2238 5236 tortorum,
2288 5181 2379 5225 aut
2422 5172 2560 5228 duos
2610 5176 2785 5245 pullos
2828 5180 3198 5233 columbarum
3239 5183 3523 5239 :allelt'iia.

1963 5260 2036 5330 ἲ.
2087 5260 2324 5345 Latidate
2369 5281 2562 5321 nomen
2595 5266 2852 5323 Domini:
2900 5270 3112 5326 laudt’tte
3158 5275 3297 5328 servi
3351 5276 3535 5330 Domi-

222 5284 391 5348 quasi
450 5277 757 5347 Unigéniti.
798 5276 863 5332 Ρ.
901 5278 946 5331 Α
976 5278 1133 5333 Patre
1167 5280 1382 5346 plenum
1409 5281 1596 5351 gratia:
1618 5324 1633 5347 ,
1664 5294 1717 5335 et
1757 5299 1845 5338 ve-

224 5375 438 5429 ritétis.
493 5372 535 5441 ᾗ
562 5408 579 5424 .
615 5370 766 5425 Sicut
795 5370 1097 5424 audivimus
1120 5416 1133 5438 ,
1172 5371 1242 5423 ita
1272 5382 1325 5425 et
1357 5373 1586 5428 vidimus
1628 5375 1681 5428 in
1711 5378 1844 5428 civi-

224 5471 344 5521 tate
379 5462 615 5520 Domini
644 5462 935 5525 virtutum.
974 5463 1025 5516 iu
1056 5463 1272 5517 civitate
1317 5464 1409 5517 Dei
1455 5466 1618 5520 nostri
1648 5485 1661 5519 ε
1708 5467 1847 5522 Deus

224 5556 488 5611 fundos-it
519 5570 647 5608 eam
678 5554 730 5607 in
762 5553 975 5609 smcula.
1036 5552 1099 5606 ι’.
1146 5554 1189 5607 Α
1233 5555 1403 5609 Patre.
1445 5557 1480 5624 ᾖ
1508 5590 1522 5611 .
1553 5555 1763 5627 Gloria,
1795 5573 1848 5615 et

224 5655 437 5704 honor.
475 5646 551 5701 Ρ.
591 5649 634 5699 Δ
670 5646 846 5699 Patre.

304 5739 531 5793 ογάιίο.
584 5734 826 5789 Vidimus
856 5734 1078 5806 gloriam
1116 5744 1254 5788 tuam
1279 5780 1292 5801 ,
1333 5736 1554 5793 nomine
1576 5782 1591 5802 ,
1623 5740 1846 5810 gloriam

203 5832 388 5902 quasi
445 5825 732 5895 Unigéniti
764 5828 792 5879 Ξι
826 5829 1015 5893 l‘atre,
1071 5826 1411 5899 l’uigénitum
1461 5829 1702 5900 Deiléte,
1738 5834 1849 5886 Pri-

1950 5370 2096 5407 num.
2128 5353 2196 5409 P.
2232 5356 2333 5411 Par
2356 5359 2643 5414 turturum.
2690 5361 2723 5429 ᾖ
2750 5401 2762 5414 .
2799 5360 3003 5428 Gloria,
3035 5376 3086 5417 et
3114 5366 3302 5422 honor.
3336 5366 3402 5424 P.
3424 5369 3534 5424 Par

1953 5449 2244 5513 turturum,

2026 5562 2231 5617 Oratio.-
2268 5564 2426 5630 Deus,
2459 5566 2546 5635 qui
2596 5567 2647 5618 in
2698 5568 3004 5633 catpiatione
3063 5571 3377 5639 pariéutiuni
3441 5580 3534 5641 par

1953 5653 2241 5717 turturum,
2276 5655 2360 5710 vel
2393 5655 2529 5709 duos
2583 5656 2755 5727 pullos
2806 5657 2898 5712 tibi
2947 5661 3127 5715 oll'érri
3163 5664 3406 5731 praecipis
3445 5677 3536 5717 en-

1953 5744 2289 5807 Iumharum;
2338 5746 2386 5797 in
2426 5747 2597 5798 vivam
2647 5762 2744 5799 nos
2778 5764 3012 5816 praepara
3044 5752 3294 5821 hostiam,
3324 5756 3412 5821 qni
3439 5770 3537 5823 pro

1954 5836 2107 5887 nobis
2151 5836 2263 5905 ipse
2295 5836 2460 5889 lactus
2491 5852 2549 5891 es
2574 5836 2757 5905 hostia
2789 5857 2797 5892 :
2836 5852 2911 5903 ut,
2938 5843 3039 5912 .qni
3098 5844 3267 5912 legent
3316 5844 3536 5913 implere
