3948 6378
523 380 661 440 1099

524 607 644 665 nos,
675 595 927 650 Domine.
962 593 1165 649 Lauda.
1199 592 1466 648 Gaudium
1512 591 1923 661 sempiternum.
1947 590 2111 646 Bene-

520 689 694 743 dictio.
742 686 1069 757 Redemptor
1116 695 1314 742 vester.
1350 686 1534 752 Quare
1581 686 1718 741 retro
1763 686 1816 740 in
1872 684 2111 756 Vesperi:

523 777 944 848 prwcedéntibus.

980 869 1091 926 DIE
1129 870 1224 926 XII
1264 868 1659 927 FEBRUARII.

523 979 574 1020 IN
605 977 769 1020 γεετο
816 978 1032 1020 εΑΝοττε
1080 980 1322 1019 ευιλιιῑ
1367 976 1612 1034 νικοικιε,
1644 974 2110 1018 BARCBINONENS‘IS.

1105 1057 1184 1110 Ad
1233 1056 1533 1126 Vésperum.

599 1147 802 1204 Lauda.
829 1147 1073 1218 Sperévit
1103 1148 1279 1202 anima
1305 1163 1421 1203 mea
1461 1148 1515 1202 in
1545 1145 1792 1204 Démino.
1817 1148 1986 1205 Sono.
2021 1149 2112 1204 Al-

527 1238 712 1296 leluia.
747 1240 976 1295 Psallam
1013 1237 1215 1294 numini
1257 1247 1368 1305 tuo,
1405 1238 1565 1296 Deus.
1605 1241 1920 1310 Antiphone.
1954 1239 2113 1309 Virgo

531 1331 967 1401 prudentissima.
1002 1329 1200 1386 Lauda.
1231 1330 1422 1400 Spécie
1463 1339 1518 1388 et
1561 1331 1957 1401 pulchritudine
2001 1340 2107 1387 tua.

526 1426 868 1497 lol._cum.

1729 380 2154 440 BREVIARIUM
2198 381 2575 440 COTHICUM.

520 517 717 562 cmu.
754 503 1014 574 Hymnus.
1058 501 1133 558 Te
1189 501 1362 558 decet.
1397 499 1492 570 fol.
1520 513 1666 556 xcvi.
1699 499 1965 570 Capitula.
1995 498 2101 554 Fac
2135 503 2183 559 Α

2353 501 2605 571 corporis
2635 501 2985 555 eonsértium.

2423 595 2466 648 Ο
2498 593 2650 648 beata
2678 608 2872 664 sponsa
2905 592 3105 648 Christi

2355 684 2606 758 [ccxxvn]
2641 686 2802 757 Virgo
2831 684 3266 751 clementissima,

2353 779 2578 848 suscipe
2605 779 2716 849 jam
2747 778 3082 846 singulorum

2356 871 2512 937 Vota,
2546 871 2631 927 vel
2662 872 2889 939 suspiria
2917 890 2929 923 :

2357 961 2642 1018 Postulans
2674 962 2943 1017 Christum
2972 960 3213 1030 precatu,

2353 1055 2472 1123 Quo
2504 1055 2778 1124 geméntes
2820 1053 3002 1106 audiat
3026 1071 3040 1106 :

2430 1147 2544 1201 Non
2587 1146 2778 1216 iniquis
2809 1146 3109 1201 serviamus

2351 1239 2528 1297 Mente
2558 1237 2902 1304 factiunibus;

2356 1332 2470 1386 Non
2495 1346 2619 1386 caro
2643 1331 2828 1402 jugum
2873 1330 3088 1386 rebellis

2357 1427 2529 1483 Suuve
2559 1425 2753 1481 Christi
2781 1425 2998 1490 rénuat;

3635 389 3750 448 “00

1194 1517 1246 1571 11
1250 1535 1366 1588 ymn
1373 1535 1450 1573 us.

802 1611 991 1682 Fulget
1019 1611 1106 1665 hic
1132 1611 1299 1667 honor
1322 1610 1595 1682 sepulchri

735 1702 983 1774 Martyris
1015 1703 1256 1768 Eulaliae,

737 1796 907 1863 Quem
933 1811 1090 1852 sacro
1115 1796 1343 1866 signuvit
1371 1795 1511 1850 idem

734 1888 1053 1944 Passienum
1081 1889 1365 1957 stigmate;
2143 1859 2188 1918 Β

734 1979 850 2036 l‘luc
877 1988 1032 2035 vocat
1061 1979 1250 2034 adesse
1278 1985 1540 2033 cunctos:

731 2071 999 2128 Cénvenit
1026 2072 1338 2126 occurrere.

801 2167 1074 2224 Gérminis
1105 2166 1266 2235 hujus
1298 2166 1560 2235 propago,

741 2259 838 2317 Vel
862 2259 1079 2316 catérva
1111 2258 1407 2323 cunilueus,

733 2351 1066 2407 llarchinéna
1098 2350 1321 2420 augusta
1353 2361 1586 2418 semper,

734 2442 912 2510 Stirpe
940 2449 1095 2496 aucta
1125 2439 1345 2510 insigni,

730 2534 934 2590 Civium
966 2535 1166 2591 ﬂorens
1195 2534 1420 2596 cortina,

728 2628 885 2684 Plebs
908 2627 1081 2683 ﬁdelis
1105 2626 1320 2698 inclyta.

803 2719 1070 2791 Virginem
1104 2718 1278 2774 videte
1303 2724 1538 2773 vestram
1559 2756 1576 2783 ,

724 2813 892 2885 Quam
923 2815 992 2868 sit
1019 2814 1176 2870 index
1207 2813 1426 2884 glerize;

726 2910 856 2975 Quae
887 2907 989 2962 ﬁde
1012 2906 1237 2976 probata
1267 2912 1437 2960 terret

734 3000 827 3058 Sic
848 3000 1112 3056 furentem
1136 2997 1398 3068 judicem.

723 3093 1030 3149 Praedicans
1057 3091 1248 3147 Crucis
1275 3089 1570 3156 lionurem,

731 3185 825 3243 Vel
854 3186 1043 3287 salutis
1072 3183 1339 3238 Judicem.
1393 3271 1402 3287 Ι
1475 3271 1486 3283 .
2131 3223 2178 3287 C

793 3279 916 3334 Haec
944 3277 1089 3332 enim
1120 3289 1257 3329 caesa
1289 3271 1519 3328 catomis

725 3371 946 3427 SiStitur
974 3365 1228 3436 equulco,

724 3459 982 3523 Creditur,
1011 3457 1395 3526 exungulutur,

723 3555 898 3619 Atque
926 3549 1155 3605 ﬂammis
1183 3549 1387 3614 uritur;

724 3642 1038 3698 Términum
1070 3639 1270 3695 habere
1301 3637 1476 3694 laudis

735 3732 880 3787 Inter
911 3732 1009 3786 ista
1045 3731 1314 3786 nesciens.

796 3826 1058 3883 Ambiens
1085 3823 1274 3879 Crucis
1305 3823 1609 3892 patrunum,

733 3919 796 3974 In
825 3916 996 3972 Cruce
1025 3911 1407 3984 suspenditur:

725 4007 934 4079 Corpus
964 4005 1072 4059 illic
1103 4005 1170 4059 ad
1201 4004 1464 4060 honerem

728 4102 828 4158 Nix
861 4101 1108 4172 polurum
1140 4097 1368 4170 prutegit
1395 4117 1410 4152 :

723 4193 815 4252 Sic
843 4192 1022 4248 calere
1054 4191 1206 4262 plena
1231 4201 1439 4256 sancto,

728 4289 1040 4346 Passiunem
1067 4285 1316 4350 sustulit;

799 4377 970 4447 Hujus
998 4391 1064 4431 ex
1095 4389 1189 4430 ore
1218 4374 1486 4440 columba,

729 4470 845 4525 Jam
871 4466 1060 4523 solutis
1088 4464 1331 4529 urtubus,

731 4560 953 4617 Prusilit
979 4559 1117 4615 mire
1154 4572 1248 4627 per
1275 4571 1450 4624 auras,
2134 4588 2184 4648 Β

732 4652 845 4708 Ceu
873 4651 1052 4707 volqu
1082 4648 1312 4720 percito;

733 4746 1007 4818 Virginem
1034 4744 1229 4802 vicisse
1258 4743 1496 4798 clamans

736 4840 795 4897 In
817 4838 1066 4911 supernis
1093 4839 1312 4897 sédibus
1342 4855 1356 4892 :

803 4931 973 4999 Quam
1000 4939 1180 4985 tamen
1211 4929 1306 4985 Dei
1337 4927 1514 4998 puella

731 5023 982 5081 Géstiens
1012 5035 1369 5092 praecurrere,

735 5115 879 5187 Lege
899 5115 1008 5186 iam
1035 5113 1222 5167 mortis
1253 5109 1496 5181 peracta,

737 5205 958 5263 Gaudiis
979 5204 1262 5261 adtéllitur
1285 5220 1303 5255 :

735 5300 936 5370 Sicque
962 5298 1074 5355 risu
1109 5295 1416 5365 corporuto,

736 5390 906 5448 Corda
936 5389 1136 5445 mulcet
1163 5388 1425 5444 ﬂentium.

807 5482 1005 5538 Lucida
1037 5481 1167 5538 felix
1194 5498 1290 5552 per
1313 5484 1500 5538 orbem

746 5571 1044 5632 Barchinon
1069 5574 1370 5638 adtolleris,

740 5658 867 5726 Quae
892 5666 1010 5721 sinu
1038 5670 1225 5739 pignus
1256 5668 1537 5724 reténtans

744 5748 876 5806 Tam
903 5758 1128 5827 salubre,
1153 5769 1260 5814 tam
1290 5760 1466 5828 Pium;

741 5840 977 5912 Scilicet,
1001 5853 1131 5907 tanti
1157 5851 1403 5906 habéndo

2353 1517 2457 1573 Sed
2485 1516 2624 1572 sacri
2659 1516 2857 1572 caluris
2888 1531 3078 1573 omnes

2355 1610 2655 1665 Sanctitute
2689 1611 2929 1681 fulgeant
2959 1628 2972 1664 :

2425 1700 2583 1755 Solve
2612 1700 2753 1769 quod
2798 1700 2978 1767 taedet,
3013 1700 3153 1771 quod
3186 1710 3337 1772 urget

2359 1791 2542 1845 Mortis
2571 1791 2635 1844 ad
2670 1793 2983 1860 perniciem,

2361 1879 2626 1937 Péstilens
2656 1883 2876 1938 morbus
2905 1883 3157 1947 recedat;

2358 1972 2539 2028 Mucro
2573 1973 2741 2028 hostis
2769 1975 2993 2029 subruat
3015 1993 3029 2040 ;

2360 2066 2476 2122 Vita
2507 2067 2576 2121 sit
2602 2067 2884 2137 tranquilla
2914 2069 3154 2133 cunctis;

2354 2159 2472 2216 Sint
2505 2160 2685 2231 quieta
2717 2158 2960 2229 tempora
2992 2176 3009 2214 :

2421 2253 2639 2308 Civibus
2661 2257 2903 2320 occurre,
2928 2253 3091 2318 Civis,

2353 2347 2421 2401 Et
2447 2347 2678 2401 salutem
2719 2345 2965 2416 porrige;

2356 2435 2484 2490 Esto
2518 2436 2597 2490 sic
2627 2434 2850 2504 patrona
2881 2435 3039 2489 nobis

2356 2526 2412 2580 ln
2440 2527 2612 2581 relatu
2638 2525 2845 2596 gratiae,

2349 2616 2498 2673 Sicut
2531 2633 2590 2674 es
2619 2619 2792 2674 vicina
2819 2619 2974 2676 caelis

2355 2710 2431 2765 Ad
2465 2709 2698 2765 faverem
2729 2711 2929 2781 glurite.

2417 2800 2562 2856 inter
2597 2803 2709 2857 haec
2735 2803 3006 2856 admixtus
3037 2802 3156 2872 ipso

2358 2894 2650 2964 Conquirat
2679 2903 2733 2949 et
2761 2893 3032 2962 Quiricus,

2351 2989 2451 3055 Qui
2485 2992 2556 3044 tui
2591 2989 2764 3045 locum
2808 2990 3085 3060 sepulchri

2351 3079 2566 3150 Régulis
2593 3081 2903 3136 monasticis

2348 3172 2426 3226 Ad
2451 3171 2712 3228 lmndrem
2743 3174 3079 3228 consecravit

2351 3267 2674 3336 Sempitérni
2703 3269 2970 3324 numinis:

2425 3361 2493 3418 Ut
2522 3363 2627 3417 mei
2664 3372 2782 3430 post
2808 3362 3046 3416 claustra
3077 3362 3257 3416 carnis

2349 3456 2435 3510 Sis
2463 3469 2669 3509 memor
2699 3455 2750 3508 in
2782 3455 3012 3519 :ethere;

2353 3551 2417 3602 lit
2445 3549 2639 3612 minus,
2666 3548 2807 3617 quod
2839 3548 2925 3602 hic
2950 3547 3158 3618 peregi,

2350 3641 2428 3694 Tu
2459 3638 2700 3695 valenter
2728 3640 2981 3708 suppleas
3003 3659 3015 3692 :

2353 3732 2477 3785 Ilaec
2513 3731 2607 3786 tibi
2640 3730 2849 3800 perluta
2877 3738 3022 3796 vota,

2350 3823 2446 3878 Vcl
2475 3838 2715 3878 cammna
2755 3823 3106 3880 cc'msecrans.

2421 3915 2602 3969 muria
2637 3916 2802 3982 Patri,
2837 3914 3084 3985 Nataque

2348 4009 2591 4076 Semper,
2622 4018 2676 4062 et
2716 4006 3021 4070 Paraclitoz

2350 4100 2510 4166 Laus,
2541 4100 2803 4169 potestas,
2831 4111 2990 4172 atque
3023 4102 3218 4164 virtus,

2350 4191 2652 4247 Gratihrum
2679 4194 2833 4263 cupia
2865 4211 2879 4248 :

2350 4287 2519 4353 Quem
2551 4287 2718 4342 Deum
2748 4295 2937 4341 cuncta
2963 4285 3194 4340 fatentur

2350 4379 2680 4436 Saeculérum
2714 4378 2912 4433 sacula

2496 4473 2685 4526 Amen.

2284 4564 2629 4636 Supplicdtio.
2712 4562 2980 4630 Oremus,
3069 4564 3267 4618 muttito
3359 4567 3620 4630 nomine,
3693 4563 3766 4630 fol.

2209 4670 2440 4711 (ειιχιιι.

2280 4749 2536 4817 Capitula.
2568 4746 2758 4813 Adest,
2802 4745 3027 4802 Domine
3051 4788 3068 4814 ,
3093 4746 3267 4802 beata:
3309 4747 3544 4818 virginis
3575 4744 3769 4801 Eulalia

2211 4841 2429 4905 festum,
2461 4841 2603 4910 quod
2662 4839 2858 4894 annuis
2907 4840 3219 4894 recursibus
3267 4841 3599 4909 suscipimus
3650 4840 3774 4892 inco-

2211 4934 2450 4998 léndum,
2485 4936 2536 4986 in
2578 4946 2684 5001 quo
2713 4931 2900 4987 eadem
2943 4940 3147 5001 martyr
3179 4931 3688 4986 Barchinonénsium
3715 4928 3774 4979 cia

2209 5027 2287 5080 vis
2329 5035 2381 5080 et
2410 5024 2582 5079 incola
2613 5023 2844 5095 genitale
2891 5023 3065 5077 solum
3113 5022 3427 5080 meriturum
3464 5022 3634 5078 titulis
3663 5034 3774 5089 prs-

2211 5115 2351 5184 tulit,
2383 5115 2590 5172 honOre
2610 5115 2769 5170 etiam
2800 5114 3109 5170 inlustrhvit
3136 5113 3448 5184 sepulchri;
3472 5114 3629 5180 dum,
3653 5109 3774 5181 quod

2207 5213 2344 5266 viva:
2373 5211 2519 5265 vocis
2562 5209 2795 5264 aediﬁcat
2849 5208 3037 5276 verbo,
3095 5207 3251 5262 eil'usi
3308 5207 3592 5277 sanguinis
3641 5205 3778 5258 docet

2209 5302 2456 5372 exémplo
2490 5319 2504 5354 :
2538 5303 2651 5354 haec
2679 5300 2822 5355 enim
2854 5301 2920 5355 ad
2957 5300 3266 5370 passitiuem
3315 5301 3436 5355 lazta
3486 5295 3774 5370 prosiliens.

2211 5393 2383 5446 forum
2412 5392 2523 5446 adit
2558 5391 2842 5462 intrépida,
2876 5402 2929 5448 et
2957 5393 3138 5448 verbis
3168 5393 3481 5448 tonantibus
3510 5393 3775 5462 profanum

2209 5484 2451 5540 Judicem
2499 5485 2836 5551 correptura,
2886 5482 3122 5552 passioni
3171 5499 3232 5538 se
3271 5483 3467 5538 obtulit
3501 5499 3614 5541 non
3642 5498 3772 5551 quis-

2210 5578 2329 5630 sita.
2365 5575 2634 5644 Rogamus
2662 5590 2790 5644 ergo
2817 5583 2868 5629 te
2913 5574 3152 5643 piissime
3197 5577 3361 5641 licus,
3406 5583 3463 5629 ut
3495 5574 3658 5627 facias
3695 5583 3776 5623 nus

2155 5695 2158 5698 ί
2208 5668 2370 5725 simili
2400 5666 2721 5722 accensioue
2762 5665 2960 5720 ameris
3001 5665 3075 5720 tui
3119 5664 3387 5732 strénuos,
3419 5674 3469 5720 et
3496 5662 3778 5720 sanctitatis

2211 5759 2542 5830 perfectione
2574 5756 2839 5812 idoneos:
2885 5765 2943 5810 ut
2971 5756 3111 5810 sicut
3143 5757 3194 5810 in
3241 5756 3342 5812 hac
3391 5756 3472 5811 die
3521 5754 3779 5826 praedicta

2212 5851 2456 5922 martyris
2487 5861 2591 5908 tute
2633 5851 2939 5921 passionem
2970 5849 3293 5907 veneramur
3319 5859 3374 5908 et
3401 5851 3776 5921 sepulchrum;
