3948 6378
232 414 363 472 “01

1227 410 1710 470 SANCTORALE.
1752 441 1819 450 —-
1863 409 2081 465 FESTA
2127 410 2516 469 FEBRUARII.

3370 415 3504 471 I102

231 532 302 587 ita
333 529 365 584 it
394 526 739 601 passionibus
782 527 980 584 nostris
1023 527 1109 583 vel
1155 528 1458 597 sepulchris
1508 526 1815 583 nostrOrum
1849 529 1901 586 Α
1926 524 2085 578 satiat
2116 535 2185 581 te.
2222 526 2286 580 P.
2337 528 2401 581 Et
2431 526 2565 582 facta
2598 541 2674 581 es.
2744 528 2814 596 ᾖ.
2873 528 3076 595 Gloria,
3126 538 3177 585 et
3209 529 3397 585 honor.
3431 529 3498 586 P.

231 623 515 679 criminum
538 622 747 678 liberati
793 622 1149 691 perducuntur
1177 621 1243 675 ad
1274 621 1493 678 caelum.

304 714 465 769 Pater
492 721 694 768 noster.
724 713 958 769 Liberali
988 717 1017 768 a
1045 713 1210 769 malo.
1247 714 1344 784 [οι.
1369 714 1424 768 2.

310 804 632 862 Benedictio.
666 807 915 863 Christus
940 807 1038 863 Dei
1065 808 1252 873 Filius,
1284 808 1376 877 qui
1416 805 1667 862 exanime
1694 804 1820 862 beo-

231 911 299 956 tae
343 898 576 969 Virginis
622 913 820 969 corpus
869 899 1029 957 niveo
1070 900 1308 956 candére
1355 898 1594 967 vestivit,
1636 897 1819 953 vestiri

229 1006 329 1048 vos
378 990 541 1047 iaciat
590 991 818 1061 justitite
872 992 1028 1047 stolis
1069 999 1125 1047 et
1171 990 1427 1061 opéribus
1475 988 1817 1044 sanctitatis:

243 1086 317 1155 ἢ.
351 1087 545 1141 Amen.
581 1085 647 1139 Et
682 1085 772 1155 qui
802 1100 923 1141 eam
964 1084 1107 1140 ultra
1157 1086 1370 1139 :etétem
1413 1082 1543 1140 fecit
1570 1095 1695 1138 esse
1744 1080 1822 1136 vi-

227 1180 482 1244 ctricem,
508 1176 627 1246 ejus
671 1176 977 1232 interventu
1015 1176 1235 1246 peccitta
1265 1183 1449 1241 vestra
1479 1172 1715 1229 habeant
1763 1172 1823 1225 ii-

228 1290 375 1342 ncm,
409 1276 550 1331 etin
580 1276 763 1330 futuro
804 1272 916 1329 suis
967 1269 1173 1327 méritis
1224 1269 1531 1324 mercemur
1576 1265 1823 1321 invenire

227 1366 498 1437 quietem;
546 1366 582 1435 ἢ
607 1405 622 1421 .
651 1366 845 1420 Amen.
892 1362 985 1427 Ut,
1027 1362 1117 1431 qui
1147 1359 1223 1415 illi
1255 1367 1377 1428 post
1421 1358 1667 1412 ﬂammas
1693 1355 1824 1411 con-

226 1458 350 1514 tulit
377 1457 606 1525 Coialum,
636 1456 790 1511 nobis
822 1462 943 1523 post
991 1451 1198 1522 lapsum
1242 1450 1445 1505 tribuat
1486 1445 1822 1505 consortium

227 1552 586 1622 Angelorum.
648 1551 684 1619 ἢ
707 1589 721 1603 .
757 1549 947 1603 Amen.

299 1645 405 1701 Per
436 1641 893 1700 misericordiam.

301 1736 503 1793 Lauda.
555 1737 709 1794 Sicut
739 1737 915 1808 palma
945 1738 1197 1792 esalthta.
1226 1733 1323 1807 fol.
1348 1745 1546 1789 ειυς.

302 1831 501 1886 ονὶὶιὶο.
536 1831 763 1886 Domine
800 1831 928 1886 Jesu
977 1830 1215 1898 Christe,
1266 1829 1358 1898 qui
1391 1829 1465 1882 ita
1504 1826 1558 1881 in
1608 1822 1815 1895 Spiritu

1926 618 1989 671 Et
2022 619 2160 675 facta
2192 636 2269 675 es.

1999 710 2199 767 Orotio.
2251 713 2415 769 ludue
2463 728 2584 781 nos,
2632 714 2858 773 Domine
2901 715 3029 772 Jesu
3078 718 3311 785 Christe,
3343 721 3506 776 vesti-

1923 802 2116 859 me’ntis
2146 804 2350 874 gloriae,
2379 806 2574 875 quibus
2617 806 2882 876 possimus
2922 810 2988 863 ad
3019 810 3321 880 convivium
3350 827 3501 867 men-

1923 907 1999 947 sa:
2031 904 2134 949 tua:
2183 897 2500 966 pervenire;
2560 906 2635 964 ut,
2687 897 2777 968 qui
2823 898 3187 956 beatissimam
3241 902 3503 959 Eulaliam

1926 986 2188 1057 virginem
2220 1001 2316 1054 per
2362 988 2639 1058 sanguinis
2689 988 3006 1047 ed‘usidnem
3046 992 3246 1048 corona
3294 992 3508 1049 decoris

1925 1077 2178 1132 laureosti
2208 1096 2218 1130 :
2255 1093 2350 1133 nos
2394 1094 2607 1149 quoque
2636 1080 2868 1149 speciosi
2896 1091 3021 1138 ante
3053 1092 3105 1139 te
3147 1086 3507 1155 appareatnus

1927 1171 1978 1225 in
2003 1171 2143 1225 diem
2164 1170 2370 1242 judicii,
2405 1172 2530 1227 dum
2564 1173 2803 1230 véneris.
2849 1176 2888 1244 ἡ
2909 1214 2924 1229 .
2955 1178 3152 1232 Amen.

1998 1263 2120 1318 Per.

2012 1355 2085 1420 iii.
2130 1355 2399 1425 Egredere
2442 1356 2581 1412 inter
2609 1357 2716 1412 lilia
2758 1358 2947 1427 opaca,
2999 1361 3107 1416 lilia
3145 1360 3508 1430 Hierusalem,

1926 1450 2050 1519 quia
2082 1447 2319 1519 perfécta
2351 1462 2412 1504 es
2434 1457 2489 1502 et
2515 1449 2735 1517 decere,
2767 1459 2821 1505 et
2861 1452 3213 1519 reprehensio
3240 1453 3293 1508 in
3322 1462 3374 1510 te
3404 1468 3509 1509 non

1927 1551 2051 1599 est:
2084 1541 2371 1610 adscénde,
2401 1541 2552 1611 quasi
2581 1554 2801 1611 sponsa,
2849 1542 3134 1605 Libanum,
3180 1541 3250 1597 P.
3282 1545 3346 1599 Et
3386 1544 3511 1614 per-

1928 1636 2048 1708 cipe
2097 1635 2533 1692 benedictidnem
2574 1634 2699 1691 iidei
2740 1635 2771 1690 ἐι
2822 1634 3051 1691 Domino
3105 1637 3213 1693 Deo
3259 1646 3369 1693 tuo.
3432 1642 3507 1707 Ῡ.

1927 1728 2117 1798 Surge,
2141 1726 2368 1799 propera
2399 1728 2569 1782 amica
2602 1742 2740 1794 mea,
2783 1727 3043 1797 formosa,
3074 1738 3127 1783 et
3169 1732 3311 1786 veni.
3340 1729 3407 1785 P.
3441 1729 3509 1786 Et

1928 1819 2146 1891 percipe
2173 1817 2630 1875 benedictiOuem.
2675 1818 2709 1887 Ῡ
2736 1859 2748 1871 .
2775 1816 2983 1883 Gloria,
3018 1829 3075 1874 et
3120 1820 3313 1874 honor.
3348 1819 3413 1875 P.
3445 1821 3511 1876 Et

225 1936 321 1981 tuo
349 1934 589 1981 sanctam
630 1924 896 1980 Eulaliam
929 1895 1222 1994 martyrem
1266 1895 1634 1985 inﬂammasti,
1667 1926 1727 1972 ut
1768 1923 1821 1971 et
1855 1895 1900 1954 Β
1929 1910 2162 1980 pércipe.

224 2020 473 2075 lascivia:
500 2019 784 2088 superet-et
834 2018 1135 2081 ﬂammam,
1161 2026 1217 2072 et
1250 2029 1371 2072 eam
1415 2014 1554 2084 ignis
1582 2008 1823 2067 exterior

224 2126 339 2167 non
372 2114 588 2178 ureret;
618 2111 807 2167 eodem
853 2110 1247 2168 interveniente
1303 2105 1692 2165 misericordiae
1718 2113 1822 2158 tum

220 2205 386 2260 nobis
413 2218 590 2260 rorem
619 2203 840 2258 infunde
873 2221 884 2256 :
916 2212 974 2258 ut
1005 2201 1249 2257 naturéle
1280 2198 1590 2256 incendium
1632 2196 1813 2251 extin-

227 2296 492 2366 guhmus,
537 2294 664 2350 dum
710 2292 947 2350 salutare
995 2293 1293 2350 remedium
1350 2289 1673 2348 obtinemus.
1745 2286 1819 2355 ἢ.

226 2385 438 2440 Amen.

302 2476 408 2532 Per
455 2475 903 2533 misericordiam.

302 2568 362 2624 In
386 2568 604 2625 nomine
626 2569 860 2625 Domini.

800 2684 881 2739 Ad
912 2683 967 2738 Μ
971 2680 1249 2738 atutinum.

303 2803 622 2874 Antiphone.
687 2802 849 2859 Labia
898 2817 1039 2868 mea,
1094 2801 1341 2868 Domine,
1386 2802 1618 2873 apéries.
1671 2800 1824 2858 Psal-

220 2919 343 2957 mus
387 2918 439 2956 Ι..
1266 2942 1271 2949 .

301 2992 510 3049 θνάιὶο.
554 2992 837 3060 Exitltent,
882 2990 1131 3059 Domine,
1165 2990 1329 3045 labia.
1355 2989 1452 3060 fol.
1484 3005 1677 3044 cuxx.

329 3086 633 3156 Antiphona
679 3085 731 3138 l.
773 3083 1058 3139 Benedicta
1089 3082 1248 3154 igitur
1300 3091 1355 3137 tu
1403 3082 1512 3139 Deo
1538 3083 1822 3149 altissimo,

216 3193 346 3249 pra
383 3176 636 3232 omnibus
664 3175 1017 3240 mulieribus;
1053 3173 1122 3229 P.
1172 3176 1399 3245 Propter
1446 3174 1547 3230 hoc
1576 3191 1680 3229 non
1712 3176 1826 3230 dis-

216 3271 398 3327 cedet
428 3271 541 3326 laus
574 3279 663 3326 tua
688 3270 757 3324 ab
785 3284 881 3325 ore
918 3268 1197 3324 hominum
1244 3283 1414 3339 usque
1445 3270 1497 3323 in
1543 3269 1823 3325 sarculum.
1855 3259 1901 3323 C

234 3362 274 3433 ᾗ
303 3400 322 3416 .
355 3360 478 3417 Non
509 3360 603 3417 det
642 3360 698 3415 in
743 3358 1164 3416 commotionem
1207 3358 1398 3429 pedem
1430 3368 1576 3413 tuum
1612 3376 1623 3411 :
1659 3373 1830 3429 neque

212 3453 584 3519 obdormitet,
632 3453 721 3522 qui
764 3452 1003 3509 custddit
1047 3460 1120 3508 te.
1180 3451 1249 3507 P.
1302 3452 1528 3523 Pr0pter
1574 3452 1696 3508 hoc.
1755 3454 1827 3522 ᾖ.

213 3546 447 3612 Gloria,
475 3557 529 3601 et
558 3546 752 3600 honor.
799 3544 865 3599 P.
895 3543 1122 3614 Propter
1155 3544 1277 3599 hoc.

296 3639 516 3693 Oratio.
568 3637 857 3694 Benedicta
910 3638 1071 3709 igitur
1100 3637 1249 3708 virgo
1280 3636 1487 3693 Eulalia
1539 3638 1569 3693 it
1621 3647 1675 3695 te
1722 3638 1833 3694 Deo

214 3729 509 3785 altissimo
538 3738 594 3784 et
623 3743 751 3799 rege
790 3728 1015 3794 aeterno.
1066 3728 1194 3784 dum
1224 3729 1370 3785 illam
1400 3730 1674 3787 victricem
1703 3728 1833 3787 feci-

218 3822 301 3877 διὶ
354 3819 433 3875 de
477 3818 716 3891 glorioso
767 3819 1028 3890 martyrio
1063 3837 1075 3873 :
1110 3819 1441 3891 quapropter
1467 3832 1708 3880 sanctam
1725 3823 1835 3879 cle-

209 3915 495 3972 mentiam
514 3924 655 3971 tuam
674 3915 924 3986 rogamus
945 3925 1106 3987 atque
1135 3916 1499 3986 exposcimus,
1519 3926 1578 3973 ut
1607 3918 1723 3973 laus
1746 3928 1832 3973 tua

207 4008 439 4080 iugiter
466 4006 539 4060 ab
564 4020 659 4062 ore
713 4015 901 4062 nostro
947 4007 1257 4063 nullatenus
1304 4007 1581 4074 discedat;
1624 4010 1719 4065 sed
1765 4010 1834 4064 ob

208 4098 373 4155 πυέτί
390 4106 498 4151 tum
536 4099 806 4165 prardieta:
837 4099 1058 4168 virginis
1098 4098 1260 4153 corda
1307 4110 1486 4153 nostra
1520 4099 1572 4154 in
1606 4100 1724 4170 lege
1749 4112 1833 4155 tua

207 4189 613 4263 pmpolleant.
681 4191 719 4259 ἡ
744 4230 757 4244 .
792 4193 983 4247 Amen.

292 4283 420 4338 Per
473 4280 921 4337 misericordiam.

298 4380 601 4471 [ccxxvui]
641 4395 936 4462 Antiphone
970 4393 1026 4446 2.
1076 4393 1308 4447 Grandis
1339 4391 1688 4461 pulchritudo
1715 4393 1835 4462 ejus

208 4488 483 4546 exaltata
512 4493 599 4540 est
627 4499 792 4555 super
815 4484 1016 4551 sidera,
1049 4492 1103 4538 et
1132 4482 1410 4538 brachium
1451 4484 1570 4554 ejus
1596 4484 1649 4539 in
1676 4484 1834 4539 nobi-

212 4582 330 4636 bns
366 4578 533 4643 caeli;
562 4575 629 4632 P.
664 4577 732 4633 Et
774 4592 969 4633 nomen
1017 4577 1133 4647 ejus
1160 4577 1212 4631 in
1241 4577 1500 4633 aeternum
1536 4576 1829 4645 permanet.

229 4676 269 4745 7
302 4714 319 4728 .
363 4673 539 4738 Deus,
587 4671 710 4727 cum
741 4671 1037 4742 egredieris
1082 4685 1264 4726 coram
1305 4670 1503 4741 popqu
1553 4681 1664 4735 tuo,
1707 4673 1831 4726 dum

211 4763 629 4839 pertransieris
660 4778 756 4835 per
783 4764 1080 4819 desertum.
1139 4763 1201 4817 Ρ.
1237 4764 1306 4817 Et
1340 4779 1557 4819 nomen.
1605 4765 1639 4829 ᾖ
1667 4805 1680 4818 .
1712 4763 1841 4819 Glo-

209 4859 313 4916 ria
346 4855 529 4912 Patri.
563 4853 631 4909 P.
668 4855 734 4910 Et
776 4868 995 4909 nomen.

299 4947 528 5003 (Initio.
583 4945 817 5002 Grandis
839 4946 1021 5015 itaque
1051 4955 1133 5001 est
1156 4946 1501 5017 pulchritudo
1526 4946 1700 5002 beatae
1731 4947 1841 5001 vir—

205 5040 380 5113 ginis
415 5035 665 5105 Euloliae,
712 5034 938 5092 Domine
967 5036 1133 5106 Deus,
1176 5052 1333 5107 quam
1369 5046 1422 5090 tu
1466 5038 1652 5108 otique
1678 5053 1841 5107 super

206 5135 427 5192 sidera
453 5130 727 5196 exaltasti,
756 5128 885 5184 dum
932 5143 1029 5199 per
1057 5129 1303 5199 martyrii
1328 5128 1553 5197 glériam
1598 5144 1717 5183 eam
1749 5143 1840 5184 co.

206 5226 497 5286 ronisti:
530 5224 711 5296 prebo
741 5224 898 5280 nobis
919 5222 1169 5294 precibus
1198 5223 1337 5294 ejus,
1372 5224 1607 5293 peccatis
1638 5223 1838 5278 nostris

203 5320 459 5386 carere,
490 5326 546 5374 et
574 5317 628 5372 in
663 5315 925 5372 tetéruum
959 5325 1135 5371 tecum
1177 5316 1297 5370 sine
1328 5315 1434 5371 ﬁne
1460 5316 1716 5386 gaudere.
1764 5315 1836 5381 ἡ.

204 5414 465 5503 Amani

292 5509 461 5565 Per.‘

1972 1999 2204 2053 νηπία.
2250 1996 2475 2054 Domine
2518 1998 2645 2053 Jesu
2675 1998 2906 2062 Christe,
2934 1999 3024 2069 qui
3071 1999 3139 2053 ita
3188 1998 3241 2053 in
3284 1996 3508 2070 Spiritu.

1930 2092 2113 2157 Quare
2139 2091 2274 2146 retro
2304 2091 2356 2145 in
2389 2090 2500 2145 istis
2536 2089 2779 2159 Ve'speris
2820 2090 3240 2158 prwcedéntibus.

2510 2179 2577 2235 In
2617 2180 2907 2237 Lu’udibus.

1999 2276 2078 2330 Ad
2120 2273 2408 2330 Cdnticum.
2468 2272 2787 2343 Antiphone.
2852 2275 3176 2331 Benedictus
3230 2275 3506 2343 Dominus,

1927 2372 2017 2439 qui
2066 2366 2243 2423 induit
2288 2381 2396 2421 me.
2452 2364 2743 2421 Canticum.
2787 2367 3037 2423 Gaudens
3092 2366 3353 2438 gaudebo.
3411 2370 3507 2441 fol.

1930 2476 2112 2517 LXXXI.

1998 2553 2081 2607 Ad
2116 2552 2439 2607 Benedictus.
2464 2552 2780 2620 Antiphone.
2818 2552 2949 2606 Filia
2974 2552 3126 2619 Sion,
3160 2554 3402 2610 bénedie.

1998 2645 2285 2701 Cdntirum.
2321 2644 2641 2699 Benedictus
2670 2658 2731 2698 es
2762 2642 2989 2698 Domine
3028 2643 3190 2700 Deus.

2000 2741 2164 2797 Souo.
2224 2740 2489 2795 Dominus
2528 2741 2669 2796 Deus
2699 2741 2845 2796 cmli.

2000 2833 2202 2890 Lauda.
2241 2834 2479 2890 Laudate
2518 2833 2825 2888 Dominum.
2878 2833 3117 2889 Psalmus
3147 2852 3371 2893 cnvm.

2004 2924 2307 2995 Prophetiu.
2350 2925 2530 2994 Longé
2562 2924 2818 2979 Dominus
2863 2925 3130 2994 apparuit.
3180 2928 3366 2994 Quaere
3413 2932 3510 3001 fol.

1929 3032 2144 3073 cum.
2176 3016 2433 3087 Hymnus.
2466 3016 2649 3086 Fulget
2672 3018 2756 3071 hic
2792 3016 2966 3072 honor
2992 3019 3285 3088 sepulchri.
3323 3022 3503 3087 Quaere

1929 3111 2065 3163 retro
2092 3110 2145 3163 in
2180 3107 2418 3179 Vésperis
2446 3109 2871 3180 prtecedéntibus.

2005 3202 2268 3273 Capitula.
2324 3204 2463 3259 Deus
2493 3205 2581 3274 qui
2610 3204 2818 3258 beatam
2864 3205 3129 3261 Eulaliam
3148 3215 3282 3262 ante
3311 3213 3519 3279 passio-

1935 3295 2017 3351 nis
2038 3293 2286 3367 gratiam,
2318 3294 2445 3349 dum
2476 3294 2783 3364 scanderet,
2828 3297 2953 3365 quid
2981 3299 3182 3364 oraret,
3212 3301 3521 3358 misericor-

1933 3386 2072 3441 diter
2103 3384 2329 3440 docuisti
2358 3404 2372 3451 ;
2417 3385 2543 3439 dum
2585 3387 2637 3440 in
2678 3401 2797 3441 eam
2830 3402 2935 3442 nou
2971 3388 3102 3445 facis
3132 3392 3331 3461 perire,
3362 3395 3517 3464 quie-

1934 3477 2058 3549 quid
2090 3477 2122 3531 ὴ
2152 3486 2204 3533 te
2253 3478 2410 3533 docta
2440 3476 2653 3533 fortiter
2682 3477 2945 3535 credisset
2977 3499 2989 3533 :
3042 3481 3180 3536 dona
3228 3485 3406 3553 nobis,
3464 3494 3524 3541 ut

1933 3570 2076 3643 quod
2122 3570 2192 3626 de
2229 3581 2282 3626 te
2310 3570 2515 3626 scimus
2541 3580 2594 3625 et
2623 3569 2920 3640 erédimus,
2947 3571 3014 3627 ad
3059 3573 3314 3630 auérnam
3343 3576 3522 3647 profe-

1935 3663 2074 3719 cisse
2098 3661 2251 3718 nobis
2280 3660 2517 3716 laetitiam
2548 3662 2880 3732 gratulemur
2908 3679 2922 3716 :
2949 3672 3030 3731 ut,
3061 3666 3204 3735 quod
3250 3667 3345 3722 illa
3384 3669 3519 3724 ea..-

1935 3755 2087 3810 sidne
2116 3768 2212 3826 per
2238 3763 2288 3809 te
2327 3753 2522 3810 metuit
2547 3756 2788 3824 sanguis,
2833 3770 2930 3810 nos
2984 3758 3038 3811 in
3071 3757 3155 3814 his
3211 3759 3399 3815 famuli
3446 3763 3519 3816 tui

1939 3845 2151 3900 Domini
2182 3844 2352 3900 nostri
2396 3845 2700 3900 mereamur
2729 3845 2955 3916 adipisci
2997 3849 3199 3905 verbis.

2008 3940 2166 3994 Pater
2208 3948 2410 3993 noster.
2447 3937 2687 3993 Liberati
2730 3938 2758 3993 ὲ
2790 3939 2950 3995 malo.
2983 3940 3080 4011 fol.
3107 3944 3161 3995 2.

2009 4033 2210 4088 Lauda.
2251 4032 2403 4090 Sicut
2429 4032 2601 4103 palma
2629 4033 2882 4087 exaltata.
2920 4034 3104 4101 Quwre
3129 4037 3223 4106 fol.
3255 4053 3448 4093 CLxxx.

2010 4123 2324 4178 Benedictio.
2369 4123 2613 4178 Christus
2656 4124 2933 4189 Dominus,
2988 4127 3078 4194 qui
3112 4127 3373 4183 Eulaliam
3408 4132 3514 4184 vir-

1939 4218 2117 4289 ginem
2142 4218 2285 4271 inter
2314 4215 2561 4270 ﬂammas
2590 4217 2716 4271 iecit
2753 4233 2874 4273 esse
2914 4221 3212 4286 victricem,
3243 4220 3401 4276 faciat
3430 4239 3524 4277 vos

1937 4309 2054 4381 ejus
2076 4308 2349 4379 precibus,
2377 4317 2431 4363 et
2457 4309 2726 4362 incentiva
2757 4312 2937 4363 carnis
2963 4322 3159 4366 vestra:
3183 4312 3478 4371 devincere
3505 4335 3520 4380 ;

1942 4412 1992 4456 at
2039 4398 2278 4471 perfecte
2318 4399 2531 4455 devicto
2558 4400 2782 4465 mundo,
2813 4400 3090 4455 victoriam
3133 4401 3187 4457 in
3216 4403 3524 4461 cmléstibus

1939 4495 2237 4564 reponere.
2293 4494 2330 4561 ιῆ
2355 4534 2371 4549 .
2403 4495 2594 4549 Amen.
2629 4493 2695 4547 Et
2733 4495 2821 4564 qui
2854 4494 2904 4547 iu
2955 4494 3243 4562 sepulchro
3291 4496 3517 4567 virginis

1940 4602 2135 4659 corpus
2174 4586 2446 4643 nivalibus
2495 4588 2683 4658 prunis
2731 4586 2947 4642 vestivit
2997 4588 3065 4642 ad
3112 4588 3359 4659 gloriam,
3408 4593 3525 4661 ipse

1939 4684 2104 4739 corda
2153 4695 2331 4739 vestra
2379 4693 2433 4739 et
2486 4682 2714 4753 corpora
2775 4681 2971 4737 véstiat
3020 4681 3087 4738 ad
3139 4683 3523 4752 periectidnem

1938 4776 2273 4841 sanctitatis;
2322 4775 2359 4842 ﬁ
2380 4814 2395 4830 .
2428 4777 2619 4829 Amen.
2648 4771 2717 4827 Ut
2746 4787 2866 4828 cum
2910 4773 3001 4827 illa
3031 4772 3382 4844 perfectidnis
3413 4791 3527 4829 me-

1938 4869 2165 4927 reomini
2188 4870 2436 4939 palmam,
2465 4870 2620 4938 cujus
2650 4885 2791 4926 nunc
2832 4869 3192 4941 obsequentes
3220 4869 3515 4927 celebretis

1942 4964 2366 5021 solemnitatem.
2416 4964 2452 5030 ti}
2477 5003 2490 5017 .
2526 4965 2722 5020 Amen.

2015 5057 2115 5112 Per
2143 5053 2601 5110 misericordiam.

2013 5151 2065 5204 In
2096 5149 2309 5204 nomine
2337 5146 2547 5203 Domini
2591 5147 2779 5202 nostri.

2570 5239 2685 5294 DIE
2722 5239 2892 5294 XXII.

2173 5351 2223 5391 IN
2262 5348 2542 5389 CATHEDRA
2582 5347 2767 5389 SANCTI
2808 5349 2963 5388 PETRI
3008 5346 3281 5387 APOS‘I'OLI.

2512 5427 2595 5480 Ar!
2655 5424 2954 5494 Vésperum.

2016 5522 2219 5579 Lauda.
2270 5521 2519 5590 Speravit
2566 5518 2765 5571 anima.
2829 5517 2994 5571 Sono.
3047 5517 3189 5571 Deus
3248 5516 3528 5586 prmcinxit

292 5615 621 5687 Antiphone
668 5616 721 5672 5.
781 5615 969 5671 Induta
1030 5629 1088 5669 es
1147 5614 1480 5671 vestimentis
1523 5613 1733 5687 glorizn,
1787 5622 1844 5669 et
1948 5620 2132 5685 Qua’re
2156 5616 2252 5687 fol.
2288 5629 2430 5669 CLVI.

203 5714 445 5777 (Liuia
470 5726 529 5766 es
568 5710 900 5766 ornamentis
932 5711 1169 5775 sanctis;
1226 5710 1291 5767 Ρ.
1333 5711 1398 5766 Ει
1443 5711 1579 5766 facta
1620 5726 1680 5766 es
1721 5726 1841 5781 spe-

204 5808 422 5871 ciosa,
455 5803 704 5858 invocata
729 5803 758 5857 ξι
788 5803 1038 5858 Domino.
1062 5802 1569 5868 Alleloia,al|eloia,
1603 5803 1838 5859 alleluia.

220 5903 269 5976 γ
298 5937 317 5953 .
356 5894 477 5965 Qui
506 5891 685 5967 posuit
722 5896 857 5952 iines
886 5905 1005 5953 tuos
1044 5911 1232 5966 pacem
1258 5897 1280 5952 τ
1309 5906 1363 5953 et
1387 5896 1545 5967 adipe
1586 5896 1840 5952 l'ruménti

2016 5710 2333 5776 Antiphona.
2367 5706 2447 5760 Tu
2486 5718 2545 5760 es
2577 5703 2790 5766 l’etrus.
2835 5713 2890 5759 et
2922 5718 3086 5774 super
3137 5703 3273 5758 hanc
3319 5714 3530 5775 petram

1946 5805 2220 5862 attlilicabo
2251 5799 2546 5857 Ecclésiam
2588 5813 2783 5853 meam.
2839 5797 2903 5850 Ρ.
2953 5799 3020 5853 Et
3050 5798 3143 5853 tibi
3171 5798 3310 5854 dabo
3348 5801 3531 5855 claves

1948 5898 2095 5967 regni
2124 5893 2405 5951 caelorum.
2467 5892 2538 5960 ᾖ.
2591 5889 2750 5946 Posui
2798 5889 3120 5961 adjutorium
3153 5906 3314 5963 super
3342 5890 3532 5963 potén-
