3948 6378
229 336 359 392 11οό

1284 323 1755 383 SANC'IORALE.
1797 350 1867 363 —-
1897 320 2115 376 FESTA
2155 318 2411 373 MART".

3336 313 3474 369 H06

306 449 341 516 ἰή
362 487 378 503 .
408 446 617 503 Gratias
646 446 1010 517 ugintusﬁeo,
1034 443 1125 513 qui
1146 442 1305 511 elegit
1328 451 1379 497 te
1425 438 1734 496 Poutilicem
1765 435 1796 489 ὁ
1822 441 1872 495 Α
1901 448 2038 499 mus,
2070 433 2235 487 illium
2266 431 2358 485 Dei
2390 443 2531 494 esse,
2583 429 2859 484 confessus
2882 442 2941 483 es
2969 425 3261 494 Christum,
3294 428 3473 482 claves

227 538 395 594 médio
422 537 639 592 fratrum
668 539 901 603 tuorum,
937 545 988 589 et
1017 533 1165 588 dedit
1207 532 1301 588 tibi
1343 530 1599 586 hontirem
1620 542 1796 583 sacer-

225 630 388 696 dutii;
422 629 488 685 P.
524 628 590 685 Ut
626 627 1015 683 immaculatam
1068 623 1265 679 offeras
1315 621 1638 678 oblationem
1692 619 1801 672 Deo

227 731 329 777 tuo.
369 722 445 791 ᾗ.
480 721 615 775 Ecce
659 719 935 775 constituit
968 729 1017 771 te
1062 716 1318 771 Duminus
1351 713 1646 783 principem
1690 729 1703 762 :
1747 720 1799 764 et

226 814 529 886 pra-féctum
565 813 617 867 in
642 811 899 868 Gentibus
918 809 1064 866 dedit
1094 820 1163 864 te.
1190 806 1256 861 P.
1285 807 1355 862 Ut
1383 802 1795 861 immaculétam.

238 910 307 979 γ.
350 907 555 971 Gléria,
589 916 642 961 et
668 906 860 960 honor.
894 902 962 959 P.
990 901 1059 957 Ut
1088 900 1505 956 iuunaculétam.

297 997 497 1052 Oratio.
522 995 754 1061 Christe,
783 994 945 1048 Filius
976 992 1071 1047 Dei
1102 992 1230 1058 vivi,
1253 1004 1410 1060 quem
1430 987 1617 1043 Petrus
1640 999 1802 1054 super

229 1096 431 1159 petram
456 1086 717 1141 solidatus
745 1085 869 1139 vere
890 1082 1168 1138 confessus
1198 1090 1305 1147 est,
1336 1080 1456 1150 quia
1489 1080 1667 1148 utique
1695 1093 1800 1133 non

225 1187 372 1248 petra
408 1179 438 1232 lt
493 1177 675 1245 Petro,
728 1175 821 1229 scd
864 1173 1052 1229 Petrus
1096 1173 1313 1226 voratus
1341 1180 1423 1226 est
1468 1170 1498 1224 a
1526 1178 1693 1239 petra,
1748 1168 1801 1222 in

226 1284 324 1340 qua
354 1276 438 1325 est
468 1267 683 1323 fundata
717 1265 986 1329 Ecclesia;
1015 1271 1067 1319 te
1112 1262 1382 1333 supplices
1429 1258 1798 1330 deprecamur,

226 1367 282 1416 ut
310 1358 473 1426 idem,
504 1358 591 1427 qui
614 1357 820 1425 accepit
848 1355 1025 1409 claves
1054 1354 1200 1424 regni
1221 1352 1509 1416 cceldrum,
1545 1348 1800 1421 peccato-

223 1451 371 1506 ribus
413 1448 610 1519 pandat
659 1447 893 1503 cmléstis
919 1444 1016 1500 via:
1044 1443 1357 1499 intrditum:
1405 1452 1461 1496 ut
1509 1456 1602 1512 per
1645 1456 1803 1511 quem

222 1542 482 1598 doctrina:
527 1540 771 1595 sublimis
825 1537 1073 1607 exempla
1126 1536 1479 1606 suscepimus,
1534 1550 1628 1603 per
1678 1550 1801 1589 eum

220 1638 440 1691 acterna:
485 1636 608 1691 vita:
658 1650 755 1690 nos
807 1632 1106 1704 suscepisse
1152 1631 1431 1688 cummoda
1488 1630 1799 1688 sentiamus.

234 1728 271 1794 ιῆ
295 1767 311 1783 .
344 1728 536 1783 Amen.

289 1817 391 1874 Per
422 1815 843 1874 tnisericérdiam
857 1856 869 1869 .

814 1906 880 1961 In
912 1907 1196 1962 Laudibus.

298 2001 378 2055 Ad
409 2000 695 2056 Cdnticunt.
730 1998 1046 2069 Antiphona.
1078 1999 1350 2054 Thronunt
1377 1999 1564 2068 glurite
1596 1997 1809 2054 lterédi-

220 2102 340 2147 tans
367 2092 443 2147 illi
476 2112 487 2145 :
514 2094 601 2147 dat
627 2102 809 2145 votum
839 2090 1061 2159 optanti,
1091 2100 1147 2145 et
1172 2090 1445 2145 benedicet
1475 2104 1643 2144 annos
1660 2088 1809 2160 justi.

294 2185 587 2241 canticum.
615 2182 998 2238 Confirmatum
1030 2192 1133 2237 est.
1161 2182 1255 2251 fol.
1288 2197 1502 2237 Lxxm.

296 2278 378 2330 Ad
407 2274 732 2330 Benedictus.
787 2274 1104 2345 Antipltona.
1145 2273 1450 2328 Benedictio
1499 2270 1709 2327 Dumitti
1759 2270 1813 2326 in

222 2366 553 2423 mercedem.

290 2460 584 2514 Cdnticum.
636 2456 954 2512 Benedictus
1007 2473 1088 2522 es,
1142 2455 1363 2512 Dumine
1420 2455 1578 2511 Deus.
1632 2453 1812 2525 [01.6.

220 2552 392 2605 Sono.
430 2548 568 2604 Deus
598 2547 899 2617 praecinxit.
932 2546 1026 2617 fol.
1060 2563 1200 2602 CLVI.

294 2641 501 2694 Lauda.
528 2640 758 2695 Laudate
789 2639 1073 2693 Duminum
1111 2638 1180 2694 de
1219 2638 1369 2695 cmlis
1400 2638 1645 2706 Alleluia,
1681 2637 1812 2692 alle-

220 2734 327 2786 luia
353 2727 595 2787 :Iantlate
616 2747 738 2786 eum
769 2732 819 2785 in
849 2729 1097 2787 excelsis.
1121 2730 1368 2797 Alleluia,
1392 2731 1626 2797 alleluia,
1655 2730 1810 2785 Psal-

220 2841 335 2879 mus
365 2839 588 2879 CXLVIII.

867 2892 1162 2963 PrOpItetia'.

402 3006 575 3060 Léctio
601 3006 719 3059 libri
750 3005 922 3060 Esaia:
946 3004 1217 3076 PrOphétw
1239 3004 1390 3078 (Cap.
1427 3008 1613 3077 xxxii).

304 3101 343 3168 Ii
368 3142 381 3156 .
417 3101 530 3155 Deo
559 3100 777 3172 gratias.

290 3193 422 3249 Haec
448 3193 578 3247 dicit
612 3193 867 3247 Duminus
902 3208 915 3248 :
950 3191 1086 3247 Ecce
1113 3193 1165 3247 in
1193 3192 1397 3261 justitia
1429 3192 1669 3263 regnébit
1694 3207 1808 3260 rex,

216 3300 268 3343 et
298 3288 633 3358 principibus
657 3286 773 3357 ejus
804 3288 855 3342 in
883 3286 1083 3356 judicio
1112 3285 1346 3355 praeerit.
1363 3286 1479 3341 Non
1512 3286 1815 3356 caligabunt

216 3380 358 3433 (:culi
391 3379 710 3446 videntium,
746 3388 797 3434 et
827 3393 984 3433 aures
1019 3377 1345 3433 audientium
1380 3377 1659 3449 diligenter
1686 3393 1809 3432 aus-

215 3469 529 3527 cultabunt.
564 3470 630 3524 Et
657 3484 751 3525 cor
791 3469 1078 3525 stultorum
1127 3468 1389 3539 intélliget
1434 3468 1732 3537 scientiam,
1761 3462 1849 3525 et'

218 3562 400 3632 lingua
448 3562 737 3617 balbérum
791 3562 1046 3618 veluciter
1094 3562 1338 3632 loquetur
1381 3574 1436 3617 et
1482 3560 1659 3631 plane.
1699 3560 1814 3616 Non

218 3653 513 3708 vocabitur
539 3652 676 3707 ultra
705 3654 770 3718 is,
800 3653 889 3723 qui
912 3652 1167 3723 insipiens
1192 3661 1297 3719 est,
1326 3653 1572 3723 princeps
1600 3668 1617 3708 :
1647 3668 1818 3724 neque

218 3742 603 3799 fraudulenter
645 3743 1002 3815 appellabitur
1032 3744 1223 3815 major.
1275 3745 1478 3803 Stultus
1504 3746 1644 3801 enim
1677 3746 1815 3803 fatua

216 3834 492 3904 loquetur,
544 3843 597 3889 et
626 3850 719 3890 cor
764 3836 881 3905 ejus
910 3834 1069 3891 faciet
1096 3835 1453 3906 iniquitiltem,
1484 3848 1541 3891 ut
1579 3836 1817 3907 perﬁciat

213 3928 649 3992 simulationem,
699 3936 754 3983 et
799 3928 1047 3999 loquatur
1083 3928 1149 3983 ad
1180 3942 1304 3984 eum
1333 3928 1714 3996 fraudulenter,
1765 3940 1819 3986 et

216 4018 448 4076 vacuam
518 4018 675 4074 faciat
723 4019 955 4075 animam
1002 4037 1016 4075 :
1068 4020 1350 4077 esurientis
1400 4036 1526 4075 vasa
1594 4018 1817 4091 pessima

212 4118 340 4164 sunt
370 4127 386 4164 :
423 4111 554 4182 ipse
588 4110 729 4165 enim
754 4110 1108 4181 cogitatiunes
1139 4111 1475 4165 concinnam
1503 4109 1568 4164 ad
1597 4110 1820 4179 perden-

211 4201 311 4258 dos
340 4202 521 4258 mites
546 4200 598 4255 in
642 4201 894 4257 scrmdne
939 4200 1219 4270 menducii,
1252 4215 1374 4255 cum
1414 4201 1658 4270 loquetur
1681 4201 1821 4270 pan-

212 4294 328 4363 peri
372 4291 676 4364 judicium.
725 4293 978 4362 Princeps
1018 4291 1143 4346 veru
1190 4305 1273 4356 ea,
1327 4307 1443 4359 qua:
1494 4291 1649 4359 digna
1699 4302 1821 4346 sunt

219 4387 497 4457 principe,
533 4384 829 4453 cogitabit,
855 4393 910 4440 et
935 4383 1048 4454 ipse
1096 4400 1259 4453 super
1285 4384 1450 4438 duces
1478 4384 1663 4438 stabit.
1708 4383 1819 4439 Mu-

220 4478 389 4533 lieres
423 4476 700 4547 opulénta:
723 4477 949 4548 surgite,
983 4484 1037 4533 et
1077 4476 1256 4533 audite
1286 4490 1470 4532 vocem
1508 4491 1681 4531 meam
1714 4493 1728 4531 :
1762 4476 1817 4531 ﬁ-
1848 4481 1901 4541 Β

221 4568 312 4623 liae
336 4567 689 4626 conﬁdenter
718 4570 975 4639 percipite
1004 4569 1223 4624 auribus
1273 4567 1571 4639 eluquium,
1620 4585 1820 4635 meum,

224 4659 403 4716 donec
426 4659 741 4715 effundatur
771 4675 931 4729 super
956 4675 1051 4715 vos
1091 4660 1312 4727 spiritus
1342 4659 1408 4716 de
1458 4658 1673 4716 excelso
1703 4678 1720 4718 :
1769 4674 1824 4717 et

220 4752 327 4804 erit
349 4751 639 4808 desértum
671 4750 721 4804 in
751 4750 984 4817 Cermel,
1013 4758 1066 4805 et
1092 4749 1300 4806 Cermel
1330 4750 1382 4804 in
1426 4752 1622 4806 saltum
1668 4767 1827 4822 repu-

220 4840 454 4897 tabitur.
496 4842 567 4895 Et
595 4841 852 4895 habitabit
880 4842 930 4895 in
955 4840 1244 4896 solitudine
1268 4840 1549 4911 judicium,
1574 4851 1627 4896 et
1666 4842 1824 4911 justi-

225 4931 300 4983 tia
331 4932 387 4985 in
436 4930 657 4986 Cermel
687 4928 916 4985 sedebit.
948 4930 1010 4984 Et
1039 4931 1139 4985 erit
1182 4944 1317 4999 opus
1355 4930 1576 4998 iustitiae
1624 4947 1747 5001 pax,
1774 4942 1827 4987 et

222 5021 409 5077 cultus
435 5020 671 5093 justititn
698 5020 992 5090 silc'ntium,
1022 5030 1076 5077 et
1116 5022 1378 5077 securitas
1406 5038 1573 5093 usque
1602 5024 1654 5078 in
1682 5039 1824 5079 sem-

225 5115 538 5185 piternum.
573 5113 643 5168 Et
666 5112 871 5168 sedebit
902 5111 1130 5183 populus
1162 5113 1214 5168 in
1237 5112 1633 5183 pulchritudine
1659 5115 1825 5185 pacis,

224 5208 358 5263 etin
393 5203 770 5261 tabernaculis
815 5204 1048 5271 ﬁducite,
1108 5206 1159 5259 in
1199 5205 1384 5275 requie
1434 5204 1705 5273 apulénta,
1757 5205 1832 5259 ait

228 5296 511 5350 Dominus
544 5294 911 5364 omnipotens.
960 5295 995 5363 tt
1019 5334 1032 5348 .
1068 5297 1259 5350 Amen.

246 5400 249 5403 λ
302 5387 590 5458 Hymnus.
644 5384 688 5440 0
737 5386 895 5442 Petre
937 5395 1084 5457 petra
1141 5386 1418 5441 Ecclesiae.
1479 5385 1829 5455 Suppuratio.

226 5480 470 5536 Oremus
504 5476 947 5550 Redemptorem.
1004 5479 1185 5549 Quazre
1213 5480 1343 5534 retro
1371 5480 1422 5533 in
1454 5479 1563 5534 istis
1602 5478 1833 5551 Vésperis

226 5569 671 5642 prrzcedéntibus.

302 5663 587 5733 Capitula.
614 5659 865 5731 Apostole
889 5660 980 5729 Dei
1012 5661 1314 5717 beatissime
1340 5661 1521 5728 Petre,
1553 5669 1698 5731 petra
1730 5661 1833 5716 Ec-

228 5753 438 5820 clesiae,
489 5758 680 5823 pastor
702 5751 937 5809 cmlo’stis
974 5752 1127 5819 aulae,
1161 5754 1248 5824 qui
1279 5752 1346 5809 ob
1374 5753 1492 5820 hoc,
1549 5752 1692 5824 quod
1726 5753 1834 5823 pri-

1900 526 2136 581 meruisti
2163 524 2439 593 percipere
2473 522 2620 591 regni
2665 521 2960 586 coelOrum;
3005 519 3267 587 percéptte
3313 519 3487 587 hujus

1899 615 2182 686 privilegio
2205 613 2486 683 potestatis
2511 610 2814 666 nostrorum
2845 610 3083 664 omnium
3124 611 3334 665 vincula
3363 610 3470 665 ἀίει

1899 712 2068 778 solve,
2112 719 2167 764 et
2190 709 2300 764 illis
2326 707 2592 777 gloriosus
2618 705 2820 776 junitor
2852 706 3022 773 adsta,
3054 722 3257 775 nosque
3282 720 3472 775 pecca-

1900 802 2043 858 tures
2073 800 2299 856 feliciter
2329 798 2657 855 introducas.

1970 892 2127 946 Pater
2153 900 2351 945 noster.
2378 886 2611 943 Liberali
2642 886 2670 940 ii
2698 887 2860 940 malo.
2904 886 2999 956 fol.
3030 887 3085 943 Ξ.

1971 979 2175 1033 Lauda.
2207 978 2262 1033 ln
2295 978 2549 1048 psalterio
2580 984 2633 1031 ct
2661 974 2888 1031 cithara.
2936 976 3029 1045 fol.
3082 990 3253 1031 :t.vnt.
3313 975 3476 1030 Bene-

1901 1070 2080 1125 dictio.
2112 1068 2357 1123 Christus
2388 1067 2482 1123 Dei
2531 1067 2713 1122 Filius.
2760 1065 2944 1131 Qua’rc
2991 1066 3043 1117 in
3081 1066 3188 1119 istis
3245 1065 3477 1131 stperis

1902 1159 2319 1231 pra'cedéntt'bus.

2523 1248 2627 1303 DIE
2668 1246 2855 1302 XXIV.

2172 1356 2221 1395 l.\'
2263 1356 2423 1394 {ESTO
2464 1354 2650 1393 SASCTI
2690 1355 2900 1393 ΜΑΤΙΙΙΕ
2945 1353 3217 1393 APOSTOLI.

1979 1434 2164 1485 ()nmia
2228 1434 2466 1485 dicantur
2529 1431 2677 1484 unius
2737 1430 2985 1501 Martyris
3047 1429 3292 1498 pt'a'cipui
3360 1427 3483 1498 folio

1906 1547 1989 1585 cu
2009 1547 2046 1594 l,
2077 1541 2122 1584 et
2155 1539 2268 1601 post
2298 1527 2627 1598 Prophetiam
2658 1525 2978 1597 legatur/mae
3017 1522 3272 1592 Epistola.

2152 1642 2327 1695 Léctio
2356 1642 2569 1694 Actuum
2598 1638 2956 1711 Apostoldrum
2979 1635 3134 1708 (Cap.
3176 1639 3237 1707 ι).

2000 1736 2035 1803 ti;
2060 1778 2071 1791 .
2115 1735 2224 1789 Deo
2255 1732 2470 1803 gratias.

1986 1827 2043 1882 ln
2074 1826 2182 1881 illis
2209 1824 2397 1880 diebus
2420 1824 2685 1895 exurgens
2715 1822 2904 1878 Petrus
2934 1820 2985 1875 in
3028 1820 3204 1877 medio
3241 1818 3484 1887 fratrum,

1911 1916 2045 1971 dixit
2090 1932 2102 1967 :
2152 1914 2260 1969 Viri
2306 1914 2538 1979 lratres,
2587 1919 2801 1981 Oportet
2848 1909 3057 1979 impleri
3115 1909 3435 1980 scripturam
3469 1950 3485 1973 ,

1912 2023 2070 2079 quam
2097 2003 2588 2077 praedixitSpiritus
2618 2002 2852 2075 [ccxxxtj
2886 2002 3115 2058 Sanctus
3156 2016 3251 2070 per
3297 2016 3357 2056 os
3387 2000 3490 2054 Da-

1912 2098 1999 2152 vid
2032 2098 2099 2152 de
2124 2096 2283 2162 Juda,
2309 2094 2399 2165 qui
2422 2095 2521 2149 fuit
2546 2094 2652 2149 dux
2680 2095 2891 2159 eurum,
2920 2092 3010 2163 qui
3059 2090 3482 2161 comprehende-

1915 2199 2037 2243 runt
2067 2189 2250 2243 Jesum
2286 2204 2299 2239 :
2324 2187 2413 2256 qui
2441 2186 2857 2240 commutemus
2875 2184 3057 2239 eratin
3088 2184 3263 2247 nobis,
3288 2192 3341 2239 et
3368 2197 3488 2238 sor-

1916 2282 2042 2335 titus
2070 2281 2244 2337 fuerat
2268 2289 2472 2334 sortem
2518 2278 2799 2334 ministerii
2854 2276 3030 2348 hujus.
3066 2277 3163 2332 llic
3193 2277 3368 2348 itaque
3397 2276 3490 2331 ad-

1914 2372 2131 2442 quistvit
2159 2386 2345 2441 agrum
2368 2370 2434 2426 de
2459 2369 2706 2425 mercede
2734 2368 3053 2438 iniquitatis,
3105 2377 3158 2423 et
3186 2367 3479 2437 suspensus

1912 2464 2115 2534 crepuit
2142 2462 2351 2518 medius
2379 2481 2390 2514 2
2417 2469 2471 2517 et
2497 2461 2687 2516 ditiusa
2720 2470 2845 2515 sunt
2887 2459 3064 2514 umnia
3114 2459 3319 2516 viscera
3350 2460 3483 2528 ejus.

1914 2556 1979 2610 Et
2006 2564 2187 2609 notum
2213 2555 2407 2607 factum
2431 2563 2512 2607 est
2543 2550 2790 2607 umnibus
2830 2551 3193 2606 habitantibus
3236 2551 3489 2606 Hierusa-

1914 2644 2043 2712 Ictu,
2094 2644 2165 2698 ita
2197 2652 2254 2698 ut
2298 2638 2654 2712 appellaretur
2701 2655 2828 2710 ager
2880 2641 2999 2706 ille,
3049 2640 3225 2711 lingua
3279 2642 3488 2701 eurum.

1913 2735 2333 2801 Acheldemach,
2352 2736 2449 2788 hoc
2478 2745 2582 2798 cst,
2613 2748 2736 2802 ager
2766 2732 3061 2803 sunguiuis.
3091 2732 3359 2800 Scriptum
3410 2744 3493 2787 εει

1912 2831 2057 2885 enim
2082 2829 2135 2884 iu
2160 2827 2298 2884 libro
2328 2827 2658 2882 Psalmérum
2690 2844 2700 2877 :
2734 2826 2850 2879 Fiat
2875 2824 3228 2880 commoratio
3253 2825 3369 2895 ejus
3395 2825 3491 2880 de-

1914 2922 2078 2989 sérta,
2103 2930 2156 2977 et
2182 2938 2288 2977 non
2310 2921 2403 2986 sit,
2434 2920 2525 2990 qui
2570 2919 2771 2973 habitet
2804 2919 2853 2973 in
2895 2932 2995 2974 ea:
3029 2928 3081 2974 et
3125 2918 3491 2988 episcopatum

1917 3011 2037 3079 ejus
2056 3012 2282 3080 accipiat
2306 3010 2460 3064 alius.
2487 3009 2711 3077 Opurtct
2740 3023 2865 3076 ergo
2892 3023 2960 3061 ex
2989 3007 3070 3061 bis
3100 3007 3248 3074 viris,
3280 3008 3367 3077 qui
3397 3023 3491 3062 no-

1842 3131 1889 3194 ρ
1920 3103 2124 3165 hiscum
2146 3099 2453 3172 congregati
2474 3111 2598 3154 sunt
2628 3099 2846 3153 inomni
2877 3098 3137 3167 tempore,
3182 3114 3288 3168 quo
3319 3099 3493 3153 intra-

1921 3197 1994 3251 vit
2020 3205 2075 3251 et
2094 3195 2259 3251 exivit
2298 3196 2438 3251 inter
2468 3212 2565 3253 nos
2620 3195 2875 3251 Dominus
2924 3196 3104 3265 Jesus,
3156 3198 3417 3266 incipiens
3464 3199 3493 3251 ἐι

1918 3286 2238 3356 baptismate
2267 3285 2488 3341 Joannis
2521 3302 2688 3358 usque
2739 3288 2802 3340 ad
2836 3288 2999 3353 diem,
3044 3288 3147 3358 qua
3191 3289 3495 3356 assumptus

1916 3388 1997 3434 est
2025 3379 2054 3431 a
2087 3376 2263 3443 nobis,
2289 3385 2477 3432 testem
2503 3393 2641 3433 resut
2659 3377 2913 3435 tectiunis
2939 3379 3055 3449 ejus
3078 3379 3353 3435 nobiscum
3380 3378 3493 3434 fieri

1917 3484 1981 3525 ex
2012 3468 2152 3523 istis.
2182 3469 2252 3524 Et
2276 3468 2574 3524 statuerunt
2598 3471 2731 3523 duos
2754 3471 2917 3539 vito~,
2939 3469 3267 3542 Josepb,qui
3297 3469 3496 3527 dicitur

1920 3560 2202 3628 Barsabas,
2234 3561 2323 3630 qui
2345 3561 2753 3630 cognominatus
2782 3570 2865 3617 est
2884 3560 3088 3629 Justus,
3136 3572 3190 3618 et
3220 3560 3493 3617 lathiam.

1918 3650 1986 3706 Et
2014 3652 2231 3706 orantes
2260 3651 2506 3706 dixerunt
2538 3669 2551 3706 :
2586 3651 2663 3707 Tu
2691 3651 2932 3719 numine,
2959 3652 3044 3721 qui
3069 3654 3225 3707 corda
3253 3652 3493 3708 Omnium

1920 3743 2082 3810 nosti,
2111 3742 2354 3806 OSténde,
2395 3756 2553 3811 quem
2582 3740 2809 3811 elegeris
2845 3758 2909 3797 ex
2944 3741 3027 3796 his
3057 3743 3263 3798 dntibus
3311 3758 3495 3808 unum,

1919 3838 2164 3905 accipere
2187 3837 2362 3890 locum
2394 3834 2677 3890 ministerii
2734 3834 2912 3903 hujus,
2944 3844 2996 3889 et
3025 3834 3389 3905 Apostolutus,
3430 3835 3498 3890 de

1920 3944 2026 4000 quo
2059 3929 2442 3999 prmvaricatus
2464 3936 2548 3983 est
2574 3927 2761 3991 Judas,
2796 3937 2853 3982 ut
2894 3928 3000 3983 iret
3020 3928 3070 3981 in
3116 3928 3289 3982 locum
3318 3943 3495 3984 suum.

1922 4022 1989 4076 Et
2010 4022 2277 4077 dederunt
2293 4029 2468 4076 sortes
2494 4020 2597 4086 eis,
2616 4031 2669 4075 et
2689 4021 2879 4074 cecidit
2902 4034 3021 4075 sors
3043 4036 3202 4090 super
3223 4020 3496 4087 Matutam,

1922 4122 1977 4168 et
2018 4113 2399 4169 adnumeratus
2437 4123 2521 4167 est
2574 4128 2695 4167 cum
2759 4111 3007 4167 undecim
3064 4110 3353 4181 Apustolis.
3420 4112 3495 4180 ἡ.

1923 4211 2111 4261 Amen.

2292 4308 3136 4473 ῈΕΞΤΑἙΙΕΙἜῖΔΒΤΠ.

1929 4525 1979 4564 IN
2019 4524 2186 4565 Πιδτο
2211 4523 2516 4565 ελκετοιιυω
2557 4524 2865 4577 ΗΕΆΙΕΤΕΒΙΙ,
2885 4524 2953 4563 ΕΤ
2984 4522 3264 4564 εειευοηιι
3303 4522 3495 4563 ΙΙΛιιῚῖ·

2648 4596 2777 4634 Βυὶί.

2000 4674 2184 4729 Omnia
2237 4676 2476 4729 dicantur
2527 4676 2867 4745 plurimorum
2929 4642 3223 4745 Martyrum
3280 4676 3502 4745 quntum

1925 4767 2203 4837 cappdrum
2247 4767 2341 4835 fol.
2385 4781 2542 4835 CLXV,
2587 4769 2795 4835 excepto
2844 4765 3051 4837 Hymno
3101 4769 3170 4819 ad
3229 4764 3500 4838 Vésperm,

1926 4856 2184 4926 Capitula,
2219 4855 2595 4923 Benedictione,
2626 4867 2672 4911 et
2705 4856 2909 4927 llymno
2931 4858 2999 4913 ad
3025 4856 3359 4913 Matutinum.

2527 4994 2606 5046 Ad
2634 4992 2907 5063 Vésperos.

2591 5112 2849 5184 Hymnus.

2151 5205 2360 5276 Scripta
2398 5214 2521 5261 sunt
2548 5202 2700 5262 Caelo
2734 5204 2966 5260 dudrum

2074 5298 2363 5367 martyrum
2393 5298 2672 5366 vocabula,

2075 5390 2261 5444 Aureis
2290 5404 2408 5458 quae
2437 5388 2678 5445 Christus
2709 5386 2819 5442 illic

2074 5478 2360 5535 Adnotévit
2389 5480 2581 5537 litteris
2606 5497 2619 5532 :

2076 5571 2359 5642 sanguinis
2381 5571 2524 5626 uotis
2554 5567 2739 5623 eadem

2078 5662 2287 5733 Scripta
2320 5661 2471 5716 terris
2504 5658 2737 5714 tradidit.

2148 5752 2318 5808 Pollct
2346 5752 2444 5807 boc
2477 5750 2595 5806 felix
2623 5763 2715 5819 per
2738 5748 2920 5803 orbem
