3948 6378
534 298 671 358 ΗθῚ

671 421 836 478 Terra
869 418 1017 476 lbera
1047 418 1363 475 stemmate:

672 514 767 569 llic
796 513 945 568 locus
972 513 1165 584 dignus
1196 512 1441 566 tenendis

669 610 891 665 Ossibus
918 610 1063 663 visus
1092 609 1199 662 Deo
1219 650 1234 673 ,

668 700 768 769 Qui
796 699 1075 755 beatOrum
1111 699 1335 768 pudicus

670 791 829 847 Esset
856 790 1051 860 hospes
1076 790 1387 859 corporum.

748 884 844 940 llic
865 883 1100 940 calentes
1126 884 1311 938 hauxit
1346 884 1537 950 undas,

665 976 837 1034 Caedit
866 978 972 1033 ictu
1003 976 1244 1046 duplici:

666 1069 846 1125 inlitas
873 1070 1065 1125 cruore
1094 1079 1280 1123 sancto

668 1162 820 1217 Nunc
841 1162 1034 1217 arenas
1064 1162 1252 1217 incola:

665 1253 1124 1323 Confre'quén'tant
1161 1254 1503 1309 obsecrantes

671 1346 833 1410 Voce,
867 1345 1026 1412 votis,
1058 1346 1306 1408 munere,

739 1438 929 1506 Extcr,
960 1437 1047 1492 hic
1076 1453 1175 1492 nec
1206 1452 1311 1493 non
1338 1448 1392 1493 et
1420 1438 1566 1493 urbis

667 1532 736 1588 Ut.
763 1532 986 1587 colonus
1010 1530 1226 1586 advenit
1255 1551 1265 1584 :

664 1626 829 1681 Fama
860 1641 983 1680 nam
1012 1634 1182 1681 terras
1214 1626 1264 1679 in
1296 1626 1502 1680 omneis

664 1719 1023 1774 Prmcucurrit
1052 1717 1333 1788 proditrix,

660 1812 757 1868 Hic
784 1812 1043 1882 patrdnos
1073 1826 1194 1868 esse
1220 1812 1427 1878 tnundi,

661 1905 808 1973 Quos
836 1905 1116 1976 precantes
1146 1904 1411 1959 ambiunt.

626 2070 629 2073 _
676 2064 679 2065 ν
736 1996 903 2052 Nemo
932 2010 1091 2067 puras
1117 1997 1204 2052 hic
1237 1997 1478 2065 rogando

664 2089 881 2146 Frustra
912 2089 1181 2160 congessit
1212 2105 1399 2159 preces
1426 2107 1437 2142 ε

662 2181 839 2237 Laetus
868 2179 992 2236 hinc
1024 2182 1181 2236 tersis
1208 2180 1429 2235 revertit

661 2273 1001 2342 Supplicator
1027 2272 1242 2330 llétibus
1269 2289 1284 2327 :

656 2364 851 2429 Omne,
882 2364 1023 2435 quod
1045 2366 1246 2435 justum
1281 2365 1542 2435 poposcit,

658 2459 1005 2529 Impetratum
1034 2459 1274 2514 se'ntiens
1302 2478 1312 2511 :

727 2552 896 2606 Tanta
930 2567 1024 2621 pro
1050 2554 1247 2606 nostris
1276 2550 1492 2621 periclis

659 2640 796 2702 Cura
828 2643 1211 2710 sulfragimtum
1239 2652 1321 2698 est
1348 2663 1359 2705 ;

658 2732 774 2788 Non
803 2734 988 2789 sinunt
1017 2735 1192 2801 inane,
1228 2744 1285 2789 ut
1318 2736 1457 2789 nllus

660 2825 803 2881 Voce
831 2842 1070 2881 murmur
1100 2827 1328 2894 fuderit;

660 2918 918 2985 Audiunt,
952 2920 1237 2989 statimque
1258 2921 1323 2974 ad
1354 2937 1543 2974 aurem

663 3009 821 3079 Regis
845 3011 1028 3066 mtérni
1063 3013 1258 3067 ferunt.

730 3101 856 3157 Inde
886 3104 1030 3171 largo
1058 3103 1200 3157 [nine
1231 3104 1408 3175 abyssi

656 3194 804 3249 Dona
836 3196 995 3251 terris
1019 3196 1268 3263 inﬂuunt,

653 3284 961 3354 supplicum
994 3299 1189 3341 causas
1219 3287 1400 3356 petitis

658 3378 787 3445 Quae
820 3379 1046 3435 medelis
1075 3379 1309 3451 inrigant
1335 3397 1348 3433 z

654 3470 735 3524 Nil
767 3472 876 3525 suis
905 3473 1057 3527 bonis
1090 3472 1308 3544 negavit

655 3563 898 3620 Christus
930 3582 1178 3635 umquam
1205 3565 1432 3621 téstibus
1462 3587 1471 3619 :

729 3654 817 3709 lsti
844 3666 967 3709 sunt
995 3669 1128 3726 quos
1161 3672 1257 3711 nec
1292 3658 1478 3711 catena

653 3743 818 3809 Dura,
850 3762 946 3801 nec
979 3761 1121 3801 mors
1152 3746 1362 3813 térruit,

656 3836 880 3892 Unicum
906 3839 1070 3892 Deum
1105 3838 1259 3894 fateri

657 3929 941 3999 sanguinis
966 3930 1277 3999 dispéndio;

657 4019 943 4091 sanguinis
979 4024 1070 4076 sed
1102 4022 1206 4077 tale
1237 4024 1488 4077 damnum

659 4112 771 4166 Lux
798 4112 1039 4181 repéudit
1074 4113 1280 4183 longior
1307 4133 1316 4167 :

737 4204 849 4259 Hoc
874 4219 1041 4275 genus
1073 4205 1260 4259 mortis
1290 4207 1543 4261 decdrum
1579 4218 1658 4262 est
1684 4226 1698 4263 :

658 4295 769 4350 Hoc
799 4296 980 4365 probis
1006 4297 1225 4367 dignum
1260 4299 1385 4352 viris

660 4387 893 4443 Membra
920 4389 1120 4444 morbis
1143 4389 1431 4445 excidenda

654 4480 822 4535 Texta
850 4481 999 4535 venis
1028 4481 1309 4550 languidis,

658 4572 880 4627 iléstico
906 4573 1105 4628 donare
1132 4573 1277 4629 ferro
1294 4617 1308 4640 ,

654 4665 821 4719 Morte
852 4675 905 4720 et
934 4666 1138 4721 hostem
1167 4667 1379 4722 vincere
1405 4685 1417 4720 :

724 4755 947 4810 Pulchra
979 4759 1094 4813 res!
1128 4759 1285 4812 ietum
1318 4761 1417 4814 sub
1441 4776 1568 4815 ense

654 4850 1016 4904 Persecutéris
1038 4849 1233 4920 patitur
1259 4870 1269 4904 :

654 4940 862 4997 Nobilis
890 4958 985 5011 per
1013 4943 1205 4997 vulnus
1235 4947 1468 5013 amplum

652 5034 809 5089 Porta
837 5033 995 5103 justis
1020 5034 1301 5105 panditur;

653 5127 781 5181 Lota
809 5142 963 5182 mens
989 5128 1039 5181 in
1073 5126 1271 5183 fronte‘

654 5218 882 5273 Rubrosi
914 5219 1127 5274 decoris
1156 5219 1332 5276 éxilit.

721 5311 831 5367 Nec
859 5312 1042 5367 rudem
1070 5312 1219 5366 crudi
1253 5313 1449 5366 laberis

650 5404 786 5456 Ante
813 5404 971 5456 vitam
1003 5403 1265 5458 duxerant

655 5496 865 5559 Milites,
892 5512 1026 5565 quos
1050 5495 1115 5550 ad
1149 5497 1381 5565 perénnc

649 5586 926 5655 Cingulum
952 5588 1191 5641 Christus
1224 5599 1375 5644 vocat
1402 5608 1412 5641 :

652 5675 914 5750 [consul
942 5680 1098 5733 Suéta
1134 5682 1298 5735 virtus
1330 5682 1468 5737 bello
1499 5697 1624 5737 ense

657 5766 828 5820 Annis
860 5770 1043 5824 militat
1075 5772 1295 5826 sacratis
1318 5813 1333 5840 ,

1725 296 2153 354 BﬂEVIAﬂlUM
2193 298 2569 355 GOTIIICL‘M.

2142 416 2187 473 Α
2428 416 2656 473 (ἰκεοτίε
2689 420 2879 473 vexilla
2903 420 3145 488 linquunt
3170 438 3183 485 ;

2354 510 2571 578 Signum
2601 509 2791 566 Crucis
2816 512 3017 581 eligunt
3042 531 3056 567 :

2358 602 2563 670 Proque
2589 603 2826 659 ventdsis
2855 605 3149 661 dracdnum
3172 650 3185 675 ,

2354 695 2499 761 Quos
2527 694 2783 765 gerebant
2811 695 3009 766 palliis,

2356 786 2656 841 Prmferunt
2685 786 2893 858 insigne
2923 788 3149 857 lignum,

2351 879 2503 946 Quod
2529 878 2818 933 dracénem
2846 879 3105 935 subdidit.

2424 968 2540 1024 Vile
2564 978 2785 1025 censent
2814 970 3082 1040 expeditis

2352 1064 2518 1119 Ferre
2544 1065 2747 1121 dextris
2769 1065 3057 1136 spiculum,

2350 1156 2609 1213 machinis
2642 1173 2849 1213 murum
2872 1158 3056 1226 ferire,

2350 1249 2536 1303 Castra
2560 1248 2696 1306 forte
2723 1252 2964 1319 cingere,

2351 1341 2545 1410 Impias
2574 1358 2760 1397 manus
2781 1342 3022 1398 cruentis

2356 1434 2637 1503 lnquinére
2660 1434 2945 1507 stragibus.

2424 1526 2583 1582 Forte
2606 1535 2733 1583 tunc
2757 1538 2931 1599 atrox,
2961 1530 3229 1584 secundos

2351 1617 2563 1675 lsraélis
2594 1621 2837 1690 posteros
2853 1663 2870 1690 ,

2358 1713 2556 1766 Auctor
2584 1712 2721 1767 aula:
2749 1713 3038 1772 munditilis

2138 1772 2185 1832 Β
2356 1802 2437 1856 Ire
2464 1801 2529 1855 ad
2560 1816 2705 1857 aram
2733 1804 2967 1872 iusserat
2993 1824 3004 1857 :

2353 1891 2514 1947 ldolis
2543 1892 2697 1949 litére
2723 1894 2915 1963 nigris,

2350 1984 2484 2040 Esse
2505 1984 2701 2041 Christi
2731 1986 2966 2060 refugas.

2424 2074 2670 2131 Liberam
2699 2079 2967 2134 succincta
3002 2080 3146 2137 {erro

2351 2170 2525 2226 Pestis
2555 2172 2777 2242 urgebat
2808 2173 2965 2230 iidem
2990 2192 3005 2229 :

2349 2263 2439 2317 llla
2472 2264 2665 2335 virgas,
2694 2275 2749 2321 et
2775 2269 3019 2334 secures,

2350 2358 2417 2412 Et
2441 2359 2703 2415 bissulcas
2731 2362 2956 2430 ungulas

2349 2447 2501 2504 Ultro
2532 2449 2684 2506 fortis
2714 2455 3037 2522 expectibat

2349 2541 2544 2596 ChriSti
2574 2544 2760 2599 amere
2783 2545 3049 2611 interrita,

2426 2632 2623 2687 Carcer
2653 2635 2869 2705 inligata
2900 2638 3050 2692 duris

2348 2725 2496 2778 Colla
2525 2726 2699 2781 baccis
2728 2726 2968 2798 impetit,

2355 2816 2615 2874 Barbaras
2641 2818 2815 2873 forum
2844 2837 2937 2891 per
2967 2838 3125 2879 omne

2346 2907 2539 2963 'l‘ortor
2564 2909 2777 2966 exercet
2807 2927 2995 2967 manus
3014 2956 3031 2981 ,

2356 2998 2560 3055 Véritas
2582 3001 2780 3057 crimen
2812 3005 3045 3072 putatur,

2354 3091 2463 3148 Vox
2498 3093 2670 3149 lidélis
2701 3094 2948 3165 pléctitur
2974 3117 2985 3149 :

2427 3183 2577 3238 Tunc
2605 3195 2657 3240 et
2685 3201 2813 3242 ense
2842 3202 2978 3243 cazsa
3005 3191 3169 3245 virtus

2347 3274 2522 3331 Triste
2552 3280 2815 3347 percussit
2845 3280 3043 3348 solum,

2351 3373 2416 3427 Et
2439 3374 2583 3444 rogis
2615 3374 2819 3446 ingésta
2851 3380 3054 3433 maestis

2346 3466 2450 3521 Ore
2477 3467 2721 3522 ﬂammas
2751 3469 2959 3526 sdrbuit
2982 3488 2997 3526 :

2348 3559 2509 3615 Dulce
2541 3572 2665 3615 tunc
2690 3560 2848 3631 justis
2873 3565 3126 3627 cremari.

2348 3652 2509 3707 Dulce
2542 3653 2739 3709 ferrum
2772 3655 2997 3726 pérpcti.

2416 3741 2641 3798 Etérno
2665 3744 2886 3813 gldriam
2916 3749 3025 3819 regi

2354 3833 2543 3890 Votivis
2567 3849 2688 3889 cum
2719 3836 2927 3907 gaudiis

2344 3924 2540 3979 Lanius
2569 3927 2821 3982 saeculum
2857 3945 2950 3995 per
2978 3947 3134 3989 omne

2345 4016 2571 4073 Ovando
2592 4020 2891 4087 concinite;

2342 4109 2528 4165 Girum
2557 4110 2884 4178 volventem,
2913 4116 3001 4182 qui
3032 4119 3219 4172 mnudi

2344 4199 2734 4271 Usquequdque
2756 4203 3003 4258 stistinet.

2411 4295 2604 4346 Amen.
2891 4304 2907 4320 ⁸

2271 4383 2615 4451 Supplicdtio.
2647 4385 2874 4442 Oremus
2898 4386 3319 4459 Redemptérem
3345 4390 3536 4457 mundi,
3557 4385 3717 4441 mutati:

2125 4504 2170 4563 D
2197 4476 2505 4541 nominibus,
2540 4476 2665 4545 folio
2693 4492 2963 4533 cuum.

2268 4569 2530 4639 Capitula.
2583 4571 2719 4625 Ecce
2752 4572 3028 4628 sacrdrum
3061 4574 3309 4631 Fratrum
3344 4592 3490 4632 sacra
3512 4570 3716 4630 solfutnia

2194 4662 2557 4730 celebrantes,
2591 4671 2642 4718 te
2688 4662 2853 4718 Deum
2894 4664 3108 4735 pietatis
3137 4666 3438 4725 intentiéne
3482 4668 3713 4735 rogamus;

2195 4762 2288 4819 ut,
2320 4768 2545 4824 quorum
2597 4755 2909 4811 conditione
2961 4757 3255 4828 corporum
3310 4760 3506 4816 lbéram
3548 4752 3717 4811 dédicn

2196 4853 2413 4910 terram,
2448 4845 2634 4900 eorum
2668 4847 2914 4915 precibus
2944 4848 2995 4903 in
3027 4865 3158 4920 pace
3187 4867 3404 4907 omnem
3435 4852 3483 4905 in
3523 4859 3600 4902 tuo
3620 4843 3715 4896 san-

2192 4938 2351 5008 guine
2398 4937 2731 5009 redemptam
2782 4941 2980 4996 tuearis
3032 4943 3523 5015 Ecclésiam:qui),
3560 4935 3717 4995 eisdem

2193 5030 2627 5100 suifragantibus,
2652 5032 2683 5087 ὁ
2711 5043 2761 5087 te
2790 5036 3194 5103 promereémur
3218 5039 3416 5108 audiri,
3441 5036 3468 5092 ‘a
3496 5049 3588 5106 quo
3614 5045 3716 5102 pra:-

2193 5125 2404 5193 céptum
2433 5123 2752 5191 suscipimus
2774 5128 3034 5185 exorandi
3061 5148 3072 5183 :

2262 5218 2418 5272 Pater
2449 5229 2647 5274 noster.
2682 5219 2915 5276 Liberali
2946 5223 2977 5277 Ξι
3005 5225 3159 5279 malo.
3196 5226 3293 5294 fol.
3327 5228 3360 5280 2

2262 5309 2576 5364 Benedictio.
2611 5310 2965 5382 Omnipotens
2992 5315 3153 5380 Deus,
3186 5316 3256 5372 ad
3287 5328 3439 5385 quem
3470 5302 3713 5369 beatissimi

2193 5402 2560 5459 llemethérius
2585 5414 2640 5459 et
2669 5404 2995 5463 Celedonius
3024 5408 3290 5481 martyres
3311 5408 3380 5463 ob
3408 5398 3714 5462 confessionis

2192 5496 2420 5565 ﬁdeique
2467 5495 2803 5566 signaculum
2848 5500 3082 5554 orarium
3130 5511 3291 5567 atque
3347 5498 3559 5555 anulum
3599 5490 3718 5551 οωιίς

2190 5584 2531 5642 subveliénda
2554 5586 2838 5658 miserunt,
2863 5591 3143 5648 conservet
3165 5608 3263 5647 vos
3288 5594 3511 5663 utraque
3536 5590 3719 5645 munere

2189 5679 2513 5747 gratiarum;
2561 5678 2596 5748 ιῖ
2620 5721 2633 5733 .
2666 5683 2859 5737 Amen.
2890 5681 2958 5739 Ut
2986 5700 3079 5754 per
3106 5699 3197 5738 eos
3238 5693 3296 5740 et
3327 5683 3447 5741 fidei
3475 5692 3525 5740 et
3547 5682 3715 5738 contest

2190 5768 2356 5824 sidnis
2394 5768 2590 5825 virtute
2622 5772 2883 5842 pollentes
2908 5792 2921 5831 :
2948 5774 3124 5833 πιότειὶ
3174 5776 3416 5834 (celestis
3445 5775 3612 5847 putria:
3650 5772 3720 5823 lia-

3604 317 3710 374 H08
