3948 6378
213 293 338 350 “09
1253 290 1724 350 SANCTORALE.
1766 321 1836 332 -
1874 291 2092 348 FESTA
2138 291 2394 348 MART".

208 407 425 466 licamini
453 407 616 474 cives,
649 410 879 479 qudrum
910 408 1070 465 hodie
1102 410 1374 479 geminum
1404 409 1598 466 festum
1629 407 1766 465 cele-
1799 412 1844 467 A

207 502 362 557 brbtis
404 499 644 556 ovantes.
707 501 743 570 ιῆ
769 545 781 560 ,
813 503 1005 556 Amen.
1036 500 1172 568 Qui),
1203 501 1344 556 sicut
1373 500 1587 556 alumna
1620 498 1771 568 plebs

206 594 270 650 de
291 594 475 648 earum
521 593 728 664 gemina
767 593 1106 665 susceptiéne
1133 592 1419 664 corporum
1446 592 1765 663 gratulAtur,

205 687 278 742 sic
305 693 410 739 tota
440 684 682 742 Ecclésia
728 685 915 740 eorum
943 699 1005 741 se
1033 685 1166 741 tuéri
1198 701 1260 740 ac
1289 684 1500 742 defendi
1536 685 1769 756 patroci-

203 775 300 832 niis
325 775 670 848 gratulemur.
730 777 767 844 ri)
791 815 806 828 .
840 778 1032 832 Amen.

639 869 720 922 Ad
743 868 1058 923 Matutinum
1083 869 1301 938 hymnus

412 960 513 1015 llic
540 959 769 1015 du6rum
797 959 957 1016 chara
988 959 1208 1015 fratrum

335 1051 720 1107 Concaléscunt
747 1050 993 1121 péctora;

337 1143 490 1211 Fida,
523 1158 655 1212 quos
683 1158 777 1213 per
804 1159 966 1199 omne
997 1152 1206 1212 tempus

338 1233 597 1289 Jt'tnxerat
626 1233 880 1288 sodalitas
902 1251 916 1287 :

339 1325 494 1381 Stant
523 1324 690 1395 par-liti
721 1324 884 1391 ferre,
915 1323 1166 1394 quicquid

336 1417 466 1472 Sors
496 1418 706 1474 tulisset
733 1417 918 1472 t'tltima
945 1435 959 1471 :

403 1510 512 1566 Seu
542 1508 681 1565 foret
711 1509 992 1580 praebenda
1025 1511 1207 1565 cervix

337 1601 416 1657 Ad
445 1601 727 1672 bipennem
753 1603 1017 1672 ptiblicam
1041 1621 1052 1654 :

335 1693 631 1749 Vérberum
660 1703 782 1763 post
812 1695 917 1749 vim
945 1693 1281 1765 crepitntum,

332 1784 463 1839 Post
491 1759 725 1840 catastas
750 1786 932 1855 igneas
959 1803 974 1839 :
1039 1759 1057 1765 ’
1269 1759 1274 1760 ί
1807 1759 1855 1820 Β

335 1877 463 1934 Sive
490 1878 669 1948 pardis
698 1877 1028 1935 offerendum

338 1970 552 2038 Pectus,
581 1979 672 2025 aut
699 1970 962 2027 leénibus.

404 2062 584 2118 Nosne
612 2062 826 2120 Christo
859 2065 1126 2134 procreati

331 2152 654 2210 Mammonae
676 2155 1007 2212 dicabimur?

338 2244 410 2301 Et
438 2246 529 2302 Dei
561 2245 785 2302 formam
815 2248 1064 2318 gerentes

333 2339 644 2394 Servi'émus
667 2341 902 2396 saeculo?

331 2428 512 2494 Absit,
545 2439 600 2484 ut
621 2430 858 2487 cmléstis
881 2431 1019 2502 ignis

330 2517 404 2574 Se
435 2517 671 2575 ténebris
701 2521 925 2577 misceat
949 2539 962 2576 :

409 2610 491 2666 Sit
512 2612 662 2677 satis,
691 2612 832 2680 quod
864 2625 1016 2682 capta
1049 2614 1222 2684 primo

335 2699 459 2756 Vita
489 2702 590 2758 sub
620 2701 1000 2774 chinigrapho,

338 2792 586 2849 Débitum
618 2794 875 2866 persolvit
903 2812 1062 2853 omne

337 2884 546 2940 Puncta
577 2886 736 2942 rebus
764 2886 990 2944 Caesaris
1018 2905 1034 2942 :

333 2977 574 3048 Tempus
605 2987 687 3034 est
719 2979 827 3035 Deo
859 2980 1080 3051 repéndi

329 3070 597 3141 Quicquid
625 3081 706 3127 est
734 3069 1002 3142 proprium
1028 3072 1143 3128 Dei.
1804 3105 1852 3169 ο

411 3163 491 3220 Ite
514 3165 788 3234 signorum
819 3165 1077 3238 magistri,

331 3253 400 3309 Et
428 3270 534 3310 vos
558 3256 756 3311 tribt'tni
785 3257 1031 3313 adsistite
1051 3298 1069 3324 ,

328 3351 550 3404 Aureos
578 3348 768 3405 ollérte
793 3360 1012 3421 torques

327 3441 656 3496 Sauciérum
683 3443 938 3511 praemia:

325 3528 488 3583 Clara
527 3545 629 3585 vox
658 3531 742 3585 hic
773 3532 1100 3602 Angelérum

323 3619 498 3676 Vocat
538 3620 801 3690 stipendia
821 3641 836 3688 ;

392 3713 656 3770 Christus
685 3716 795 3771 illic
822 3715 1124 3772 candidatis

315 3803 596 3862 Prmsidet
623 3805 951 3872 cohortibus,

317 3897 387 3952 Et
417 3899 630 3951 throno
653 3911 879 3966 regnans
907 3897 972 3953 ab
996 3897 1138 3964 alto,

323 3989 567 4044 Damnat
595 3987 820 4044 infames
846 3989 976 4045 deos
1003 4008 1015 4043 :

321 4083 576 4152 Quaeque
608 4081 899 4137 deridenda
929 4082 1087 4138 nobis

319 4173 570 4228 Monstra
603 4172 754 4227 divos
786 4172 1006 4242 ﬁngitis.

392 4262 697 4338 [ccxxxnt]
727 4263 849 4319 Haec
877 4261 1153 4335 loquentes
1173 4264 1474 4321 obruuntur

317 4357 468 4412 Mille
502 4356 682 4426 poenis
713 4355 972 4427 martyres
1006 4377 1018 4412 :

313 4447 564 4504 Néxibus
593 4461 785 4502 manus
806 4448 1058 4520 utrasque
1798 4473 1856 4535 Β

313 4538 521 4593 Flexus
553 4536 780 4592 invdlvit
801 4539 948 4608 rigor
975 4556 987 4592 :

314 4631 383 4686 Et
407 4630 612 4701 calybs
638 4630 829 4684 adtrita
852 4631 986 4686 colla

311 4723 544 4781 Dt’tritér
572 4722 742 4777 ambit
770 4724 984 4779 circulis

380 4814 429 4870 Ο
459 4815 750 4870 vetustatis
776 4814 986 4870 siléntis

309 4906 581 4962 Obsoléta
614 4905 811 4961 oblivio
834 4909 846 4962 !

307 4998 637 5054 lnvidéntur
670 5001 768 5053 ista
797 4999 968 5066 nobis,

310 5089 486 5145 Fama
518 5099 580 5145 et
612 5089 724 5159 ipsa
754 5090 1098 5161 extinguitur,

306 5182 614 5238 Chartulas
645 5181 982 5250 blasphemus
1013 5185 1137 5238 olitn

311 5275 452 5329 Nam
481 5274 711 5330 satelles
743 5274 992 5342 abstulit;

380 5365 465 5422 Ne
499 5364 786 5421 tenacibus
817 5366 1012 5423 libellis

311 5457 551 5513 Erudita
584 5457 781 5512 smcula

305 5552 607 5615 Ordinem,
644 5557 871 5618 tempus,
902 5553 1225 5622 modumque

305 5642 600 5698 Passiénis
635 5641 919 5709 preditum,

307 5735 582 5793 Dulcibus
611 5733 801 5804 linguis
829 5749 922 5804 per
943 5750 1098 5788 aures

2015 406 2357 464 Posterdrum
2386 405 2701 478 spargerent
2734 426 2749 463 :

2085 499 2197 554 lloc
2223 509 2400 554 tamen
2422 498 2594 553 solum
2623 499 2834 554 vetusta

2018 589 2354 647 subtrahunt
2380 588 2610 656 silentia,

2013 684 2238 756 Jugibus
2269 682 2482 754 longum
2511 681 2716 739 caténis

2016 776 2095 832 Ad
2119 775 2366 844 capillum
2395 774 2570 843 tracti,

2016 871 2133 937 Quo
2154 871 2298 925 viros
2325 867 2515 924 dolore
2545 877 2714 923 tortor

2015 963 2198 1030 Quave
2222 977 2410 1032 pompa
2439 960 2734 1016 ornaverit.

2088 1056 2177 1111 llla
2209 1055 2322 1110 laus
2352 1055 2560 1110 occulta
2593 1069 2698 1109 non
2729 1063 2832 1118 est,

2017 1146 2124 1202 Nec
2142 1145 2372 1201 senescit
2400 1145 2639 1215 tempore
2665 1162 2679 1201 :

2017 1238 2176 1293 Missa
2197 1237 2335 1308 quod
2361 1237 2572 1293 sursum
2606 1251 2701 1307 per
2729 1251 2886 1294 auras

2017 1327 2307 1384 Evolarunt
2328 1330 2570 1398 munera,

2017 1421 2145 1488 Quae
2170 1420 2309 1477 viam
2335 1422 2512 1492 patere
2540 1424 2661 1479 cmli

2019 1511 2384 1568 Prmmicando
2413 1513 2786 1585 ostenderent,

2090 1602 2236 1659 Illius
2267 1603 2425 1661 fidem
2455 1606 2690 1677 figtirans

2021 1694 2170 1750 Nube
2191 1695 2357 1751 fertur
2383 1696 2575 1752 anulus
2608 1716 2620 1750 :

2027 1783 2124 1841 Hic
2143 1785 2224 1840 sui
2250 1785 2340 1841 dat
2362 1786 2548 1856 pignus
2577 1787 2686 1843 oris

2020 1875 2090 1932 Ut
2120 1875 2315 1945 ferunt,
2349 1877 2582 1932 orarium
2607 1897 2621 1945 ;

2019 1968 2147 2034 Qum
2176 1968 2410 2037 supérno
2437 1980 2583 2039 rapta
2616 1970 2743 2026 ﬂatu

2023 2057 2183 2114 Lucis
2211 2059 2414 2113 intrant
2443 2061 2712 2118 intimum.

2099 2151 2201 2206 Per
2223 2152 2329 2222 poli
2355 2151 2607 2222 liquéntis
2634 2170 2788 2210 axem

2021 2243 2215 2316 Fulgor
2234 2246 2351 2300 auri
2373 2246 2715 2303 abscdnditur
2736 2268 2750 2315 ;

2022 2337 2100 2391 Ac
2128 2337 2222 2392 diu
2248 2338 2420 2393 visunt
2450 2343 2731 2409 aequm-em

2021 2426 2241 2483 Téxtilis
2263 2428 2461 2485 candor
2490 2431 2620 2500 fugit
2646 2450 2659 2496 ;

2022 2518 2402 2575 Subveht'tntur
2431 2535 2598 2590 usque
2631 2526 2679 2577 in
2703 2535 2864 2588 astra,

2023 2609 2133 2666 Nec
2165 2610 2412 2668 vidénlur
2439 2613 2669 2682 amplius
2694 2634 2708 2669 :

2099 2701 2242 2758 Vidit
2267 2703 2368 2759 hoc
2389 2705 2685 2762 conventus
2709 2709 2948 2776 adstans,

2023 2797 2140 2865 Ipse
2169 2796 2302 2853 vidit
2331 2799 2590 2866 carnifex,

2027 2887 2092 2942 Et
2123 2902 2337 2944 manum
2368 2890 2628 2959 repressit
2651 2892 2886 2959 intercus,

2026 2978 2103 3032 Ac
2129 2980 2348 3047 stupére
2369 2981 2660 3050 obpalluit;

2024 3067 2132 3126 Sed
2163 3076 2301 3123 tame
2324 3087 2341 3123 λ
2365 3071 2569 3141 peregit
2595 3074 2779 3138 ictum,

2028 3157 2104 3214 Ne
2133 3158 2331 3228 periret
2360 3159 2545 3228 gloria.

2099 3249 2215 3305 Jam
2247 3265 2315 3305 ne
2343 3251 2544 3320 credis,
2579 3253 2730 3308 bruta
2760 3255 3031 3325 quondam

2031 3341 2328 3397 vasconunt
2361 3343 2649 3413 gentilitas,

2024 3433 2190 3500 Quam
2213 3447 2424 3489 sacrum
2454 3435 2689 3491 crudelis
2720 3436 2940 3494 heroum

2027 3528 2325 3584 Immolarit
2349 3529 2663 3600 sanguinem
2689 3534 2712 3586 ’ἔ

2027 3618 2214 3676 Credis
2243 3621 2296 3675 in
2327 3621 2492 3677 Deum
2520 3623 2745 3678 relatum

2023 3709 2325 3766 Hostiarum
2355 3711 2598 3782 spiritum
2622 3717 2644 3767 ?

2091 3803 2264 3858 Cerue
2288 3805 2446 3873 quam
2481 3806 2650 3873 palam
2677 3807 2882 3864 fert’ices

2025 3893 2122 3949 Hic
2145 3893 2430 3951 domantur-
2459 3897 2755 3964 dmmones.

2023 3988 2125 4056 Qui
2153 3989 2334 4060 lupino
2363 3998 2518 4061 capta
2551 3991 2654 4047 ritu

2025 4080 2335 4138 Deformant
2358 4083 2688 4152 praecordia;

2021 4171 2366 4243 Stréngulant
2387 4183 2594 4230 mentes
2624 4184 2678 4229 et
2705 4177 2865 4246 ipsas,

2021 4262 2199 4333 Seque
2228 4265 2452 4318 miscent
2479 4263 2744 4320 sensibus.

2091 4353 2136 4407 Τ
2139 4368 2240 4408 unc
2269 4367 2366 4408 suo
2390 4353 2498 4422 jam
2534 4354 2720 4423 plenus
2750 4354 2924 4421 hoste,

2021 4443 2238 4501 Sistitur
2267 4445 2447 4501 furens
2481 4445 2662 4512 homo,

2023 4536 2308 4608 Spumans,
2334 4536 2522 4593 efflans
2548 4536 2762 4605 salivas,

2021 4628 2199 4684 Cruda
2231 4638 2483 4698 torquens
2510 4626 2742 4694 lumina;

2021 4725 2326 4796 Expiandus
2351 4727 2646 4796 quaestidne

2019 4818 2136 4875 Non
2163 4818 2378 4873 suorum
2410 4816 2713 4872 criminum.

2090 4909 2326 4965 Audiens
2355 4907 2472 4962 lucc
2501 4916 2670 4964 tortor
2694 4909 2867 4974 adest,

2024 5000 2238 5071 Ejulzitu
2269 4998 2430 5055 ﬂebili
2462 5016 2476 5054 ε

2017 5093 2292 5151 Scinditur
2317 5107 2412 5164 per
2442 5091 2603 5164 flagra
2627 5107 2844 5164 corpus,

2017 5187 2126 5243 Nec
2152 5187 2414 5257 flagellum
2445 5184 2714 5251 cernitur;

2016 5279 2224 5336 Crescit
2251 5288 2305 5334 et
2333 5277 2626 5348 suspensus
2656 5277 2768 5348 ipse

2015 5375 2253 5432 Vinculis
2279 5374 2566 5431 latentibus
2588 5382 2690 5429 est.

2088 5467 2181 5521 llis
2211 5465 2381 5519 modis
2409 5477 2658 5534 spurcum
2689 5463 2951 5518 latrdnem

2015 5558 2303 5628 Martyrum
2336 5556 2502 5610 virtus
2534 5555 2721 5624 quatit,

2021 5651 2145 5704 Hch
2172 5648 2405 5712 coércet,
2437 5653 2666 5714 torquet,
2703 5645 2825 5711 urit,

2019 5741 2143 5798 llaec
2170 5742 2382 5797 catenas
2415 5739 2600 5796 incutit

3315 291 3460 355 ιιιο
