  <div class='ocr_page' id='page_1' title='image "/cluster/home/n/w/nwhite01/storage/ocr_20150623/86/hvd.32044015469463/560.png"; bbox 0 0 3948 6378; ppageno 0'>
   <div class='ocr_carea' id='block_1_1' title="bbox 247 376 375 434">
    <p class='ocr_par' dir='ltr' id='par_1_1' title="bbox 247 376 375 434">
     <span class='ocr_line' id='line_1_1' title="bbox 247 376 375 434; baseline -0.047 0"><span class='ocrx_word' id='word_1_1' title='bbox 247 376 375 434; x_wconf 67' lang='lat' dir='ltr'><strong>HIS</strong></span> 
     </span>
    </p>
   </div>
   <div class='ocr_carea' id='block_1_2' title="bbox 245 486 1451 563">
    <p class='ocr_par' dir='ltr' id='par_1_2' title="bbox 245 486 1451 563">
     <span class='ocr_line' id='line_1_2' title="bbox 245 486 1451 563; baseline 0 -18"><span class='ocrx_word' id='word_1_2' title='bbox 245 492 401 545; x_wconf 77' lang='lat' dir='ltr'><strong>Uratu</strong></span> <span class='ocrx_word' id='word_1_3' title='bbox 433 486 661 557; x_wconf 76' lang='lat' dir='ltr'><strong>petimus</strong></span> <span class='ocrx_word' id='word_1_4' title='bbox 686 487 913 556; x_wconf 71' lang='lat' dir='ltr'><strong>pectoris</strong></span> <span class='ocrx_word' id='word_1_5' title='bbox 943 487 1159 550; x_wconf 76' lang='lat' dir='ltr'><strong>abdita;</strong></span> <span class='ocrx_word' id='word_1_6' title='bbox 1448 562 1451 563; x_wconf 16' lang='grc' dir='ltr'><em>ν</em></span> 
     </span>
    </p>
   </div>
   <div class='ocr_carea' id='block_1_3' title="bbox 248 580 1384 655">
    <p class='ocr_par' dir='ltr' id='par_1_3' title="bbox 248 580 1384 655">
     <span class='ocr_line' id='line_1_3' title="bbox 248 580 1384 655; baseline -0.003 -17"><span class='ocrx_word' id='word_1_7' title='bbox 248 582 308 639; x_wconf 90' lang='lat' dir='ltr'><strong>Ut</strong></span> <span class='ocrx_word' id='word_1_8' title='bbox 335 580 521 637; x_wconf 79' lang='lat' dir='ltr'><strong>vestris</strong></span> <span class='ocrx_word' id='word_1_9' title='bbox 553 580 815 650; x_wconf 76' lang='lat' dir='ltr'><strong>precibus,</strong></span> <span class='ocrx_word' id='word_1_10' title='bbox 846 580 995 636; x_wconf 90' lang='lat' dir='ltr'><strong>sidus</strong></span> <span class='ocrx_word' id='word_1_11' title='bbox 1025 581 1077 635; x_wconf 92' lang='lat' dir='ltr'><strong>in</strong></span> <span class='ocrx_word' id='word_1_12' title='bbox 1104 580 1318 655; x_wconf 71' lang='lat' dir='ltr'><strong>aetheris</strong></span> <span class='ocrx_word' id='word_1_13' title='bbox 1380 644 1384 650; x_wconf 25' lang='lat'><strong>|</strong></span> 
     </span>
    </p>
   </div>
   <div class='ocr_carea' id='block_1_4' title="bbox 245 670 1171 743">
    <p class='ocr_par' dir='ltr' id='par_1_4' title="bbox 245 670 1171 743">
     <span class='ocr_line' id='line_1_4' title="bbox 245 670 1171 743; baseline -0.004 -13"><span class='ocrx_word' id='word_1_14' title='bbox 245 673 516 730; x_wconf 77' lang='lat' dir='ltr'><strong>l’ortémur</strong></span> <span class='ocrx_word' id='word_1_15' title='bbox 545 670 678 727; x_wconf 80' lang='lat' dir='ltr'><strong>socii</strong></span> <span class='ocrx_word' id='word_1_16' title='bbox 706 670 910 726; x_wconf 86' lang='lat' dir='ltr'><strong>civibus</strong></span> <span class='ocrx_word' id='word_1_17' title='bbox 934 672 1171 743; x_wconf 79' lang='lat' dir='ltr'><strong>Angelis.</strong></span> 
     </span>
    </p>
   </div>
   <div class='ocr_carea' id='block_1_5' title="bbox 307 765 1224 835">
    <p class='ocr_par' dir='ltr' id='par_1_5' title="bbox 307 765 1224 835">
     <span class='ocr_line' id='line_1_5' title="bbox 307 765 1224 835; baseline -0.003 -13"><span class='ocrx_word' id='word_1_18' title='bbox 307 768 386 822; x_wconf 94' lang='lat' dir='ltr'><strong>Sit</strong></span> <span class='ocrx_word' id='word_1_19' title='bbox 414 767 552 821; x_wconf 88' lang='lat' dir='ltr'><strong>trino</strong></span> <span class='ocrx_word' id='word_1_20' title='bbox 580 766 809 821; x_wconf 82' lang='grc' dir='ltr'><strong>Ι)όωὶηο</strong></span> <span class='ocrx_word' id='word_1_21' title='bbox 838 765 1007 835; x_wconf 82' lang='lat' dir='ltr'><strong>gloria</strong></span> <span class='ocrx_word' id='word_1_22' title='bbox 1042 765 1224 832; x_wconf 80' lang='lat' dir='ltr'><strong>unico,</strong></span> 
     </span>
    </p>
   </div>
   <div class='ocr_carea' id='block_1_6' title="bbox 242 858 1281 927">
    <p class='ocr_par' dir='ltr' id='par_1_6' title="bbox 242 858 1281 927">
     <span class='ocr_line' id='line_1_6' title="bbox 242 858 1281 927; baseline -0.001 -13"><span class='ocrx_word' id='word_1_23' title='bbox 242 859 381 915; x_wconf 90' lang='lat' dir='ltr'><strong>Patri</strong></span> <span class='ocrx_word' id='word_1_24' title='bbox 403 874 523 913; x_wconf 89' lang='lat' dir='ltr'><strong>cum</strong></span> <span class='ocrx_word' id='word_1_25' title='bbox 549 858 760 923; x_wconf 85' lang='lat' dir='ltr'><strong>Génito,</strong></span> <span class='ocrx_word' id='word_1_26' title='bbox 788 866 945 927; x_wconf 88' lang='lat' dir='ltr'><strong>atque</strong></span> <span class='ocrx_word' id='word_1_27' title='bbox 976 858 1242 914; x_wconf 79' lang='lat' dir='ltr'><strong>Paraclito</strong></span> <span class='ocrx_word' id='word_1_28' title='bbox 1266 877 1281 925; x_wconf 87' lang='lat'><strong>;</strong></span> 
     </span>
    </p>
   </div>
   <div class='ocr_carea' id='block_1_7' title="bbox 241 948 1390 1016">
    <p class='ocr_par' dir='ltr' id='par_1_7' title="bbox 241 948 1390 1016">
     <span class='ocr_line' id='line_1_7' title="bbox 241 948 1390 1016; baseline -0.002 -12"><span class='ocrx_word' id='word_1_29' title='bbox 241 949 339 1014; x_wconf 92' lang='lat' dir='ltr'><strong>Qui</strong></span> <span class='ocrx_word' id='word_1_30' title='bbox 360 949 503 1005; x_wconf 92' lang='lat' dir='ltr'><strong>solus</strong></span> <span class='ocrx_word' id='word_1_31' title='bbox 533 948 789 1005; x_wconf 82' lang='lat' dir='ltr'><strong>Dominus</strong></span> <span class='ocrx_word' id='word_1_32' title='bbox 811 949 1005 1004; x_wconf 89' lang='lat' dir='ltr'><strong>Triuus</strong></span> <span class='ocrx_word' id='word_1_33' title='bbox 1031 962 1085 1005; x_wconf 86' lang='lat' dir='ltr'><strong>et</strong></span> <span class='ocrx_word' id='word_1_34' title='bbox 1112 950 1259 1005; x_wconf 87' lang='lat' dir='ltr'><strong>Unus</strong></span> <span class='ocrx_word' id='word_1_35' title='bbox 1286 957 1390 1016; x_wconf 89' lang='lat' dir='ltr'><strong>est,</strong></span> 
     </span>
    </p>
   </div>
   <div class='ocr_carea' id='block_1_8' title="bbox 241 1040 1293 1099">
    <p class='ocr_par' dir='ltr' id='par_1_8' title="bbox 241 1040 1293 1099">
     <span class='ocr_line' id='line_1_8' title="bbox 241 1040 1293 1099; baseline -0.001 -1"><span class='ocrx_word' id='word_1_36' title='bbox 241 1043 531 1098; x_wconf 64' lang='lat' dir='ltr'><strong>Secldrum</strong></span> <span class='ocrx_word' id='word_1_37' title='bbox 563 1040 735 1098; x_wconf 77' lang='lat' dir='ltr'><strong>valide</strong></span> <span class='ocrx_word' id='word_1_38' title='bbox 761 1044 955 1099; x_wconf 62' lang='lat' dir='ltr'><strong>saecula</strong></span> <span class='ocrx_word' id='word_1_39' title='bbox 988 1042 1293 1098; x_wconf 82' lang='lat' dir='ltr'><strong>continens.</strong></span> 
     </span>
    </p>
   </div>
   <div class='ocr_carea' id='block_1_9' title="bbox 307 1136 501 1189">
    <p class='ocr_par' dir='ltr' id='par_1_9' title="bbox 307 1136 501 1189">
     <span class='ocr_line' id='line_1_9' title="bbox 307 1136 501 1189; baseline -0.005 0"><span class='ocrx_word' id='word_1_40' title='bbox 307 1136 501 1189; x_wconf 78' lang='lat' dir='ltr'><strong>Amen.</strong></span> 
     </span>
    </p>
   </div>
   <div class='ocr_carea' id='block_1_10' title="bbox 310 1225 1817 1298">
    <p class='ocr_par' dir='ltr' id='par_1_10' title="bbox 310 1225 1817 1298">
     <span class='ocr_line' id='line_1_10' title="bbox 310 1225 1817 1298; baseline 0 -16"><span class='ocrx_word' id='word_1_41' title='bbox 310 1227 656 1298; x_wconf 78' lang='lat' dir='ltr'><strong>Snpplicdtio.</strong></span> <span class='ocrx_word' id='word_1_42' title='bbox 683 1226 928 1293; x_wconf 76' lang='lat' dir='ltr'><strong>Oremus,</strong></span> <span class='ocrx_word' id='word_1_43' title='bbox 955 1228 1168 1281; x_wconf 73' lang='lat' dir='ltr'><strong>munitis</strong></span> <span class='ocrx_word' id='word_1_44' title='bbox 1195 1225 1506 1293; x_wconf 73' lang='lat' dir='ltr'><strong>nominibus,</strong></span> <span class='ocrx_word' id='word_1_45' title='bbox 1534 1227 1629 1295; x_wconf 81' lang='lat' dir='ltr'><strong>fol.</strong></span> <span class='ocrx_word' id='word_1_46' title='bbox 1656 1243 1817 1284; x_wconf 84' lang='lat' dir='ltr'><strong>eLxu.</strong></span> 
     </span>
    </p>
   </div>
   <div class='ocr_carea' id='block_1_11' title="bbox 306 1312 1821 1393">
    <p class='ocr_par' dir='ltr' id='par_1_11' title="bbox 306 1312 1821 1393">
     <span class='ocr_line' id='line_1_11' title="bbox 306 1312 1821 1393; baseline 0.001 -19"><span class='ocrx_word' id='word_1_47' title='bbox 306 1320 567 1393; x_wconf 73' lang='lat' dir='ltr'><strong>Capitula.</strong></span> <span class='ocrx_word' id='word_1_48' title='bbox 617 1319 755 1376; x_wconf 85' lang='lat' dir='ltr'><strong>Ecce</strong></span> <span class='ocrx_word' id='word_1_49' title='bbox 782 1312 1031 1393; x_wconf 81' lang='lat' dir='ltr'><strong>Domine,</strong></span> <span class='ocrx_word' id='word_1_50' title='bbox 1063 1320 1371 1375; x_wconf 76' lang='lat' dir='ltr'><strong>nestrtirum</strong></span> <span class='ocrx_word' id='word_1_51' title='bbox 1388 1318 1681 1375; x_wconf 67' lang='lat' dir='ltr'><strong>Prassulum</strong></span> <span class='ocrx_word' id='word_1_52' title='bbox 1706 1337 1821 1375; x_wconf 89' lang='lat' dir='ltr'><strong>me-</strong></span> 
     </span>
    </p>
   </div>
   <div class='ocr_carea' id='block_1_12' title="bbox 236 1409 1817 1487">
    <p class='ocr_par' dir='ltr' id='par_1_12' title="bbox 236 1409 1817 1487">
     <span class='ocr_line' id='line_1_12' title="bbox 236 1409 1817 1487; baseline 0 -22"><span class='ocrx_word' id='word_1_53' title='bbox 236 1410 464 1466; x_wconf 74' lang='lat' dir='ltr'><strong>mériam</strong></span> <span class='ocrx_word' id='word_1_54' title='bbox 497 1409 773 1476; x_wconf 76' lang='lat' dir='ltr'><strong>la&#39;ciéntes,</strong></span> <span class='ocrx_word' id='word_1_55' title='bbox 805 1426 1030 1481; x_wconf 87' lang='lat' dir='ltr'><strong>quorum</strong></span> <span class='ocrx_word' id='word_1_56' title='bbox 1063 1411 1323 1487; x_wconf 70' lang='lat' dir='ltr'><strong>doctrinis</strong></span> <span class='ocrx_word' id='word_1_57' title='bbox 1347 1410 1480 1466; x_wconf 88' lang='lat' dir='ltr'><strong>lides</strong></span> <span class='ocrx_word' id='word_1_58' title='bbox 1511 1409 1817 1466; x_wconf 75' lang='lat' dir='ltr'><strong>Christiana</strong></span> 
     </span>
    </p>
   </div>
   <div class='ocr_carea' id='block_1_13' title="bbox 236 1502 1819 1581">
    <p class='ocr_par' dir='ltr' id='par_1_13' title="bbox 236 1502 1819 1581">
     <span class='ocr_line' id='line_1_13' title="bbox 236 1502 1819 1581; baseline -0.001 -21"><span class='ocrx_word' id='word_1_59' title='bbox 236 1506 435 1561; x_wconf 79' lang='lat' dir='ltr'><strong>nostris</strong></span> <span class='ocrx_word' id='word_1_60' title='bbox 468 1505 699 1574; x_wconf 81' lang='lat' dir='ltr'><strong>primum</strong></span> <span class='ocrx_word' id='word_1_61' title='bbox 728 1503 937 1581; x_wconf 73' lang='lat' dir='ltr'><strong>inlapsa</strong></span> <span class='ocrx_word' id='word_1_62' title='bbox 965 1513 1047 1559; x_wconf 89' lang='lat' dir='ltr'><strong>est</strong></span> <span class='ocrx_word' id='word_1_63' title='bbox 1071 1503 1351 1574; x_wconf 74' lang='lat' dir='ltr'><strong>partibus;</strong></span> <span class='ocrx_word' id='word_1_64' title='bbox 1383 1502 1639 1573; x_wconf 72' lang='lat' dir='ltr'><strong>Torquati</strong></span> <span class='ocrx_word' id='word_1_65' title='bbox 1672 1503 1819 1559; x_wconf 84' lang='lat' dir='ltr'><strong>vidé-</strong></span> 
     </span>
    </p>
   </div>
   <div class='ocr_carea' id='block_1_14' title="bbox 233 1595 1819 1669">
    <p class='ocr_par' dir='ltr' id='par_1_14' title="bbox 233 1595 1819 1669">
     <span class='ocr_line' id='line_1_14' title="bbox 233 1595 1819 1669; baseline 0.002 -20"><span class='ocrx_word' id='word_1_66' title='bbox 233 1595 379 1666; x_wconf 81' lang='lat' dir='ltr'><strong>lic&#39;ét,</strong></span> <span class='ocrx_word' id='word_1_67' title='bbox 413 1596 666 1662; x_wconf 77' lang='lat' dir='ltr'><strong>Secundi,</strong></span> <span class='ocrx_word' id='word_1_68' title='bbox 692 1595 955 1669; x_wconf 82' lang='lat' dir='ltr'><strong>ludalétii,</strong></span> <span class='ocrx_word' id='word_1_69' title='bbox 985 1595 1351 1666; x_wconf 82' lang='lat' dir='ltr'><strong>Tesiphontls,</strong></span> <span class='ocrx_word' id='word_1_70' title='bbox 1377 1596 1679 1667; x_wconf 73' lang='lat' dir='ltr'><strong>Euphrasii,</strong></span> <span class='ocrx_word' id='word_1_71' title='bbox 1702 1596 1819 1654; x_wconf 84' lang='lat' dir='ltr'><strong>Ca:-</strong></span> 
     </span>
    </p>
   </div>
   <div class='ocr_carea' id='block_1_15' title="bbox 231 1686 1816 1759">
    <p class='ocr_par' dir='ltr' id='par_1_15' title="bbox 231 1686 1816 1759">
     <span class='ocr_line' id='line_1_15' title="bbox 231 1686 1816 1759; baseline 0.001 -18"><span class='ocrx_word' id='word_1_72' title='bbox 231 1686 339 1742; x_wconf 89' lang='lat' dir='ltr'><strong>cilii</strong></span> <span class='ocrx_word' id='word_1_73' title='bbox 368 1686 623 1759; x_wconf 58' lang='grc' dir='ltr'><strong>[ωηεν]</strong></span> <span class='ocrx_word' id='word_1_74' title='bbox 639 1698 693 1743; x_wconf 89' lang='lat' dir='ltr'><strong>et</strong></span> <span class='ocrx_word' id='word_1_75' title='bbox 714 1687 990 1759; x_wconf 83' lang='lat' dir='ltr'><strong>liesychii,</strong></span> <span class='ocrx_word' id='word_1_76' title='bbox 1020 1689 1383 1758; x_wconf 80' lang='lat' dir='ltr'><strong>vespertinum</strong></span> <span class='ocrx_word' id='word_1_77' title='bbox 1408 1687 1503 1743; x_wconf 86' lang='lat' dir='ltr'><strong>tibi</strong></span> <span class='ocrx_word' id='word_1_78' title='bbox 1522 1688 1621 1744; x_wconf 92' lang='lat' dir='ltr'><strong>hoc</strong></span> <span class='ocrx_word' id='word_1_79' title='bbox 1639 1688 1816 1743; x_wconf 82' lang='lat' dir='ltr'><strong>lumen</strong></span> 
     </span>
    </p>
   </div>
   <div class='ocr_carea' id='block_1_16' title="bbox 230 1778 1814 1850">
    <p class='ocr_par' dir='ltr' id='par_1_16' title="bbox 230 1778 1814 1850">
     <span class='ocr_line' id='line_1_16' title="bbox 230 1778 1814 1850; baseline 0.001 -17"><span class='ocrx_word' id='word_1_80' title='bbox 230 1778 530 1847; x_wconf 78' lang='lat' dir='ltr'><strong>offerimus,</strong></span> <span class='ocrx_word' id='word_1_81' title='bbox 587 1779 954 1849; x_wconf 73' lang='lat' dir='ltr'><strong>obsecrantes,</strong></span> <span class='ocrx_word' id='word_1_82' title='bbox 1012 1789 1071 1834; x_wconf 92' lang='lat' dir='ltr'><strong>ut</strong></span> <span class='ocrx_word' id='word_1_83' title='bbox 1120 1781 1309 1835; x_wconf 72' lang='lat' dir='ltr'><strong>eurum</strong></span> <span class='ocrx_word' id='word_1_84' title='bbox 1360 1796 1459 1835; x_wconf 92' lang='lat' dir='ltr'><strong>uos</strong></span> <span class='ocrx_word' id='word_1_85' title='bbox 1506 1780 1756 1850; x_wconf 73' lang='lat' dir='ltr'><strong>precibus</strong></span> <span class='ocrx_word' id='word_1_86' title='bbox 1784 1780 1814 1835; x_wconf 78' lang='lat' dir='ltr'><strong>i1</strong></span> 
     </span>
    </p>
   </div>
   <div class='ocr_carea' id='block_1_17' title="bbox 1339 354 1813 433">
    <p class='ocr_par' dir='ltr' id='par_1_17' title="bbox 1339 354 1813 433">
     <span class='ocr_line' id='line_1_17' title="bbox 1339 354 1813 433; baseline -0.006 0"><span class='ocrx_word' id='word_1_87' title='bbox 1339 354 1813 433; x_wconf 68' lang='lat' dir='ltr'><strong>SANCTURALE.</strong></span> 
     </span>
    </p>
   </div>
   <div class='ocr_carea' id='block_1_18' title="bbox 1867 340 3498 437">
    <p class='ocr_par' dir='ltr' id='par_1_18' title="bbox 1867 340 3498 437">
     <span class='ocr_line' id='line_1_18' title="bbox 1867 340 3498 437; baseline 0.004 -8"><span class='ocrx_word' id='word_1_88' title='bbox 1867 405 1927 415; x_wconf 88' lang='grc'><strong>-</strong></span> <span class='ocrx_word' id='word_1_89' title='bbox 1969 374 2187 429; x_wconf 65' lang='lat' dir='ltr'><strong>rEsTA</strong></span> <span class='ocrx_word' id='word_1_90' title='bbox 2232 360 2394 429; x_wconf 62' lang='lat' dir='ltr'><strong>MA&quot;.</strong></span> <span class='ocrx_word' id='word_1_91' title='bbox 3362 340 3498 437; x_wconf 66' lang='lat' dir='ltr'><strong>ttti</strong></span> 
     </span>
    </p>
   </div>
   <div class='ocr_carea' id='block_1_19' title="bbox 1854 482 3497 565">
    <p class='ocr_par' dir='ltr' id='par_1_19' title="bbox 1854 482 3497 565">
     <span class='ocr_line' id='line_1_19' title="bbox 1854 482 3497 565; baseline 0.004 -22"><span class='ocrx_word' id='word_1_92' title='bbox 1854 492 1890 549; x_wconf 64' lang='grc' dir='ltr'>Α</span> <span class='ocrx_word' id='word_1_93' title='bbox 1920 487 2121 558; x_wconf 76' lang='lat' dir='ltr'><strong>grantia</strong></span> <span class='ocrx_word' id='word_1_94' title='bbox 2142 488 2326 544; x_wconf 71' lang='lat' dir='ltr'><strong>oderis</strong></span> <span class='ocrx_word' id='word_1_95' title='bbox 2352 489 2669 558; x_wconf 71' lang='lat' dir='ltr'><strong>evangelica:</strong></span> <span class='ocrx_word' id='word_1_96' title='bbox 2698 482 2955 547; x_wconf 85' lang='lat' dir='ltr'><strong>doctrina:</strong></span> <span class='ocrx_word' id='word_1_97' title='bbox 2979 508 3040 548; x_wconf 87' lang='lat' dir='ltr'><strong>ac</strong></span> <span class='ocrx_word' id='word_1_98' title='bbox 3088 493 3497 565; x_wconf 67' lang='lat' dir='ltr'><strong>thymiamatnm</strong></span> 
     </span>
    </p>
   </div>
   <div class='ocr_carea' id='block_1_20' title="bbox 1841 536 1860 549">
    <p class='ocr_par' dir='ltr' id='par_1_20' title="bbox 1841 536 1860 549">
     <span class='ocr_line' id='line_1_20' title="bbox 1841 536 1860 549; baseline 0 0"><span class='ocrx_word' id='word_1_99' title='bbox 1841 536 1860 549; x_wconf 65' lang='grc' dir='ltr'><strong><em>ο</em></strong></span> 
     </span>
    </p>
   </div>
   <div class='ocr_carea' id='block_1_21' title="bbox 1919 581 3495 660">
    <p class='ocr_par' dir='ltr' id='par_1_21' title="bbox 1919 581 3495 660">
     <span class='ocr_line' id='line_1_21' title="bbox 1919 581 3495 660; baseline 0.009 -28"><span class='ocrx_word' id='word_1_100' title='bbox 1919 581 2310 649; x_wconf 77' lang='lat' dir='ltr'><strong>prteceptlirum</strong></span> <span class='ocrx_word' id='word_1_101' title='bbox 2358 581 2517 652; x_wconf 76' lang='lat' dir='ltr'><strong>digne</strong></span> <span class='ocrx_word' id='word_1_102' title='bbox 2570 583 2954 654; x_wconf 63' lang='lat' dir='ltr'><strong>recloléntium;</strong></span> <span class='ocrx_word' id='word_1_103' title='bbox 3000 604 3065 643; x_wconf 81' lang='lat' dir='ltr'><strong>ex</strong></span> <span class='ocrx_word' id='word_1_104' title='bbox 3110 604 3215 660; x_wconf 88' lang='lat' dir='ltr'><strong>quo</strong></span> <span class='ocrx_word' id='word_1_105' title='bbox 3244 588 3495 660; x_wconf 75' lang='lat' dir='ltr'><strong>dogmate</strong></span> 
     </span>
    </p>
   </div>
   <div class='ocr_carea' id='block_1_22' title="bbox 1921 672 3500 750">
    <p class='ocr_par' dir='ltr' id='par_1_22' title="bbox 1921 672 3500 750">
     <span class='ocr_line' id='line_1_22' title="bbox 1921 672 3500 750; baseline 0.007 -24"><span class='ocrx_word' id='word_1_106' title='bbox 1921 672 2129 742; x_wconf 77' lang='lat' dir='ltr'><strong>plenius</strong></span> <span class='ocrx_word' id='word_1_107' title='bbox 2160 674 2366 743; x_wconf 78' lang='lat' dir='ltr'><strong>referti,</strong></span> <span class='ocrx_word' id='word_1_108' title='bbox 2391 675 2442 729; x_wconf 89' lang='lat' dir='ltr'><strong>id</strong></span> <span class='ocrx_word' id='word_1_109' title='bbox 2472 676 2647 746; x_wconf 87' lang='lat' dir='ltr'><strong>ipsum</strong></span> <span class='ocrx_word' id='word_1_110' title='bbox 2690 677 2850 733; x_wconf 91' lang='lat' dir='ltr'><strong>corda</strong></span> <span class='ocrx_word' id='word_1_111' title='bbox 2881 690 2933 735; x_wconf 92' lang='lat' dir='ltr'><strong>et</strong></span> <span class='ocrx_word' id='word_1_112' title='bbox 2965 695 3117 735; x_wconf 88' lang='lat' dir='ltr'><strong>mens</strong></span> <span class='ocrx_word' id='word_1_113' title='bbox 3166 689 3349 737; x_wconf 87' lang='lat' dir='ltr'><strong>nostra</strong></span> <span class='ocrx_word' id='word_1_114' title='bbox 3379 697 3500 750; x_wconf 87' lang='lat' dir='ltr'><strong>par-</strong></span> 
     </span>
    </p>
   </div>
   <div class='ocr_carea' id='block_1_23' title="bbox 1922 767 3501 840">
    <p class='ocr_par' dir='ltr' id='par_1_23' title="bbox 1922 767 3501 840">
     <span class='ocr_line' id='line_1_23' title="bbox 1922 767 3501 840; baseline 0.008 -21"><span class='ocrx_word' id='word_1_115' title='bbox 1922 768 2108 834; x_wconf 80' lang='lat' dir='ltr'><strong>turiat,</strong></span> <span class='ocrx_word' id='word_1_116' title='bbox 2134 769 2279 838; x_wconf 83' lang='lat' dir='ltr'><strong>quod</strong></span> <span class='ocrx_word' id='word_1_117' title='bbox 2312 767 2343 823; x_wconf 65' lang='grc' dir='ltr'>ὲ</span> <span class='ocrx_word' id='word_1_118' title='bbox 2366 777 2416 823; x_wconf 90' lang='lat' dir='ltr'><strong>te</strong></span> <span class='ocrx_word' id='word_1_119' title='bbox 2444 769 2630 840; x_wconf 90' lang='lat' dir='ltr'><strong>judicii</strong></span> <span class='ocrx_word' id='word_1_120' title='bbox 2657 771 2893 840; x_wconf 79' lang='lat' dir='ltr'><strong>tempore</strong></span> <span class='ocrx_word' id='word_1_121' title='bbox 2934 775 3267 831; x_wconf 73' lang='lat' dir='ltr'><strong>remunerari</strong></span> <span class='ocrx_word' id='word_1_122' title='bbox 3309 774 3501 831; x_wconf 75' lang='lat' dir='ltr'><strong>merito</strong></span> 
     </span>
    </p>
   </div>
   <div class='ocr_carea' id='block_1_24' title="bbox 1919 857 3137 933">
    <p class='ocr_par' dir='ltr' id='par_1_24' title="bbox 1919 857 3137 933">
     <span class='ocr_line' id='line_1_24' title="bbox 1919 857 3137 933; baseline 0.009 -21"><span class='ocrx_word' id='word_1_123' title='bbox 1919 857 2078 928; x_wconf 79' lang='lat' dir='ltr'><strong>digna</strong></span> <span class='ocrx_word' id='word_1_124' title='bbox 2110 860 2294 927; x_wconf 76' lang='lat' dir='ltr'><strong>petitio</strong></span> <span class='ocrx_word' id='word_1_125' title='bbox 2322 871 2503 916; x_wconf 87' lang='lat' dir='ltr'><strong>nostra</strong></span> <span class='ocrx_word' id='word_1_126' title='bbox 2527 862 2806 933; x_wconf 76' lang='lat' dir='ltr'><strong>efﬂagitat.</strong></span> <span class='ocrx_word' id='word_1_127' title='bbox 2856 867 2893 933; x_wconf 64' lang='grc' dir='ltr'><strong><em>ἡ</em></strong></span> <span class='ocrx_word' id='word_1_128' title='bbox 2918 870 3137 923; x_wconf 73' lang='lat' dir='ltr'><strong>.Amen.</strong></span> 
     </span>
    </p>
   </div>
   <div class='ocr_carea' id='block_1_25' title="bbox 1952 950 3485 1020">
    <p class='ocr_par' dir='ltr' id='par_1_25' title="bbox 1952 950 3485 1020">
     <span class='ocr_line' id='line_1_25' title="bbox 1952 950 3485 1020; baseline 0.01 -18"><span class='ocrx_word' id='word_1_129' title='bbox 1952 982 1957 989; x_wconf 65' lang='grc' dir='ltr'>ι</span> <span class='ocrx_word' id='word_1_130' title='bbox 1994 950 2097 1003; x_wconf 81' lang='lat' dir='ltr'><strong>Per</strong></span> <span class='ocrx_word' id='word_1_131' title='bbox 2122 950 2556 1009; x_wconf 79' lang='lat' dir='ltr'><strong>misericordiam</strong></span> <span class='ocrx_word' id='word_1_132' title='bbox 2590 963 2757 1020; x_wconf 90' lang='lat' dir='ltr'><strong>tuam,</strong></span> <span class='ocrx_word' id='word_1_133' title='bbox 2785 965 2890 1010; x_wconf 87' lang='lat' dir='ltr'><strong>etc.</strong></span> <span class='ocrx_word' id='word_1_134' title='bbox 3479 991 3485 1017; x_wconf 90' lang='lat'><strong>-.</strong></span> 
     </span>
    </p>
   </div>
   <div class='ocr_carea' id='block_1_26' title="bbox 1992 1040 3503 1121">
    <p class='ocr_par' dir='ltr' id='par_1_26' title="bbox 1992 1040 3503 1121">
     <span class='ocr_line' id='line_1_26' title="bbox 1992 1040 3503 1121; baseline 0.01 -29"><span class='ocrx_word' id='word_1_135' title='bbox 1992 1040 2291 1109; x_wconf 81' lang='lat' dir='ltr'><strong>Antiphona</strong></span> <span class='ocrx_word' id='word_1_136' title='bbox 2316 1042 2371 1098; x_wconf 70' lang='lat'><strong>2.</strong></span> <span class='ocrx_word' id='word_1_137' title='bbox 2406 1044 2577 1111; x_wconf 75' lang='lat' dir='ltr'><strong>Beati,</strong></span> <span class='ocrx_word' id='word_1_138' title='bbox 2612 1055 2668 1099; x_wconf 88' lang='lat' dir='ltr'><strong>et</strong></span> <span class='ocrx_word' id='word_1_139' title='bbox 2693 1047 2864 1100; x_wconf 89' lang='lat' dir='ltr'><strong>multo</strong></span> <span class='ocrx_word' id='word_1_140' title='bbox 2911 1047 3119 1109; x_wconf 68' lang='lat' dir='ltr'><strong>honere</strong></span> <span class='ocrx_word' id='word_1_141' title='bbox 3155 1049 3321 1118; x_wconf 75' lang='lat' dir='ltr'><strong>digni,</strong></span> <span class='ocrx_word' id='word_1_142' title='bbox 3360 1066 3503 1121; x_wconf 55' lang='lat' dir='ltr'><strong>quo.-</strong></span> 
     </span>
    </p>
   </div>
   <div class='ocr_carea' id='block_1_27' title="bbox 1926 1132 3503 1211">
    <p class='ocr_par' dir='ltr' id='par_1_27' title="bbox 1926 1132 3503 1211">
     <span class='ocr_line' id='line_1_27' title="bbox 1926 1132 3503 1211; baseline 0.01 -28"><span class='ocrx_word' id='word_1_143' title='bbox 1926 1146 2043 1185; x_wconf 90' lang='lat' dir='ltr'><strong>rum</strong></span> <span class='ocrx_word' id='word_1_144' title='bbox 2074 1132 2250 1201; x_wconf 69' lang='lat' dir='ltr'><strong>pdrtio</strong></span> <span class='ocrx_word' id='word_1_145' title='bbox 2280 1133 2422 1189; x_wconf 91' lang='lat' dir='ltr'><strong>Deus</strong></span> <span class='ocrx_word' id='word_1_146' title='bbox 2471 1145 2555 1190; x_wconf 88' lang='lat' dir='ltr'><strong>est</strong></span> <span class='ocrx_word' id='word_1_147' title='bbox 2586 1154 2597 1187; x_wconf 92' lang='lat'>:</span> <span class='ocrx_word' id='word_1_148' title='bbox 2629 1136 2695 1189; x_wconf 84' lang='lat' dir='ltr'><strong>P.</strong></span> <span class='ocrx_word' id='word_1_149' title='bbox 2726 1137 2930 1203; x_wconf 80' lang='lat' dir='ltr'><strong>Quibus</strong></span> <span class='ocrx_word' id='word_1_150' title='bbox 2952 1138 2981 1191; x_wconf 77' lang='lat' dir='ltr'><strong>it</strong></span> <span class='ocrx_word' id='word_1_151' title='bbox 3014 1139 3272 1208; x_wconf 86' lang='lat' dir='ltr'><strong>principio</strong></span> <span class='ocrx_word' id='word_1_152' title='bbox 3300 1156 3503 1211; x_wconf 69' lang='lat' dir='ltr'><strong>praepa-</strong></span> 
     </span>
    </p>
   </div>
   <div class='ocr_carea' id='block_1_28' title="bbox 1922 1223 3503 1297">
    <p class='ocr_par' dir='ltr' id='par_1_28' title="bbox 1922 1223 3503 1297">
     <span class='ocr_line' id='line_1_28' title="bbox 1922 1223 3503 1297; baseline 0.007 -23"><span class='ocrx_word' id='word_1_153' title='bbox 1922 1223 2095 1275; x_wconf 74' lang='lat' dir='ltr'><strong>ratum</strong></span> <span class='ocrx_word' id='word_1_154' title='bbox 2126 1232 2208 1277; x_wconf 89' lang='lat' dir='ltr'><strong>est</strong></span> <span class='ocrx_word' id='word_1_155' title='bbox 2237 1237 2481 1293; x_wconf 79' lang='lat' dir='ltr'><strong>regnum,</strong></span> <span class='ocrx_word' id='word_1_156' title='bbox 2541 1224 2839 1297; x_wconf 77' lang='lat' dir='ltr'><strong>horumque</strong></span> <span class='ocrx_word' id='word_1_157' title='bbox 2876 1227 3068 1283; x_wconf 64' lang='lat' dir='ltr'><strong>anima:</strong></span> <span class='ocrx_word' id='word_1_158' title='bbox 3097 1230 3148 1283; x_wconf 91' lang='lat' dir='ltr'><strong>in</strong></span> <span class='ocrx_word' id='word_1_159' title='bbox 3203 1245 3364 1286; x_wconf 88' lang='lat' dir='ltr'><strong>manu</strong></span> <span class='ocrx_word' id='word_1_160' title='bbox 3407 1231 3503 1291; x_wconf 90' lang='lat' dir='ltr'><strong>Dei</strong></span> 
     </span>
    </p>
   </div>
   <div class='ocr_carea' id='block_1_29' title="bbox 1922 1317 3508 1389">
    <p class='ocr_par' dir='ltr' id='par_1_29' title="bbox 1922 1317 3508 1389">
     <span class='ocr_line' id='line_1_29' title="bbox 1922 1317 3508 1389; baseline 0.006 -19"><span class='ocrx_word' id='word_1_161' title='bbox 1922 1326 2066 1372; x_wconf 87' lang='lat' dir='ltr'><strong>sunt.</strong></span> <span class='ocrx_word' id='word_1_162' title='bbox 2112 1317 2145 1385; x_wconf 59' lang='grc' dir='ltr'><em>ᾖ</em></span> <span class='ocrx_word' id='word_1_163' title='bbox 2173 1358 2185 1373; x_wconf 93' lang='grc'><strong>.</strong></span> <span class='ocrx_word' id='word_1_164' title='bbox 2212 1317 2589 1374; x_wconf 82' lang='lat' dir='ltr'><strong>Clamavérunt</strong></span> <span class='ocrx_word' id='word_1_165' title='bbox 2631 1320 2884 1389; x_wconf 86' lang='lat' dir='ltr'><strong>justi,_et</strong></span> <span class='ocrx_word' id='word_1_166' title='bbox 2930 1322 3192 1378; x_wconf 79' lang='lat' dir='ltr'><strong>deinus</strong></span> <span class='ocrx_word' id='word_1_167' title='bbox 3235 1326 3508 1380; x_wconf 73' lang='lat' dir='ltr'><strong>exaudivit</strong></span> 
     </span>
    </p>
   </div>
   <div class='ocr_carea' id='block_1_30' title="bbox 1921 1408 3508 1473">
    <p class='ocr_par' dir='ltr' id='par_1_30' title="bbox 1921 1408 3508 1473">
     <span class='ocr_line' id='line_1_30' title="bbox 1921 1408 3508 1473; baseline 0.006 -11"><span class='ocrx_word' id='word_1_168' title='bbox 1921 1423 2018 1463; x_wconf 90' lang='lat' dir='ltr'><strong>eos</strong></span> <span class='ocrx_word' id='word_1_169' title='bbox 2053 1428 2063 1461; x_wconf 90' lang='lat'>:</span> <span class='ocrx_word' id='word_1_170' title='bbox 2097 1417 2152 1463; x_wconf 90' lang='lat' dir='ltr'><strong>et</strong></span> <span class='ocrx_word' id='word_1_171' title='bbox 2176 1424 2240 1464; x_wconf 81' lang='lat' dir='ltr'><strong>ex</strong></span> <span class='ocrx_word' id='word_1_172' title='bbox 2272 1408 2522 1466; x_wconf 84' lang='lat' dir='ltr'><strong>omnibus</strong></span> <span class='ocrx_word' id='word_1_173' title='bbox 2555 1412 2990 1470; x_wconf 78' lang='lat' dir='ltr'><strong>tribulationibus</strong></span> <span class='ocrx_word' id='word_1_174' title='bbox 3035 1415 3223 1470; x_wconf 79' lang='lat' dir='ltr'><strong>edrum</strong></span> <span class='ocrx_word' id='word_1_175' title='bbox 3261 1416 3508 1473; x_wconf 69' lang='lat' dir='ltr'><strong>liherhvit</strong></span> 
     </span>
    </p>
   </div>
   <div class='ocr_carea' id='block_1_31' title="bbox 1923 1497 3503 1574">
    <p class='ocr_par' dir='ltr' id='par_1_31' title="bbox 1923 1497 3503 1574">
     <span class='ocr_line' id='line_1_31' title="bbox 1923 1497 3503 1574; baseline 0.005 -20"><span class='ocrx_word' id='word_1_176' title='bbox 1923 1513 2037 1554; x_wconf 91' lang='lat' dir='ltr'><strong>eos.</strong></span> <span class='ocrx_word' id='word_1_177' title='bbox 2067 1497 2133 1553; x_wconf 87' lang='lat' dir='ltr'><strong>P.</strong></span> <span class='ocrx_word' id='word_1_178' title='bbox 2166 1499 2369 1566; x_wconf 84' lang='lat' dir='ltr'><strong>Quibus</strong></span> <span class='ocrx_word' id='word_1_179' title='bbox 2400 1500 2431 1555; x_wconf 68' lang='grc' dir='ltr'>ὸ</span> <span class='ocrx_word' id='word_1_180' title='bbox 2464 1502 2747 1573; x_wconf 81' lang='lat' dir='ltr'><strong>principio.</strong></span> <span class='ocrx_word' id='word_1_181' title='bbox 2793 1506 2865 1574; x_wconf 62' lang='grc' dir='ltr'><strong>ᾗ.</strong></span> <span class='ocrx_word' id='word_1_182' title='bbox 2895 1505 3101 1573; x_wconf 83' lang='lat' dir='ltr'><strong>Gloria,</strong></span> <span class='ocrx_word' id='word_1_183' title='bbox 3134 1516 3188 1562; x_wconf 90' lang='lat' dir='ltr'><strong>et</strong></span> <span class='ocrx_word' id='word_1_184' title='bbox 3219 1508 3407 1564; x_wconf 83' lang='lat' dir='ltr'><strong>honor.</strong></span> <span class='ocrx_word' id='word_1_185' title='bbox 3434 1508 3503 1563; x_wconf 87' lang='lat' dir='ltr'><strong>P.</strong></span> 
     </span>
    </p>
   </div>
   <div class='ocr_carea' id='block_1_32' title="bbox 1921 1589 3485 1661">
    <p class='ocr_par' dir='ltr' id='par_1_32' title="bbox 1921 1589 3485 1661">
     <span class='ocr_line' id='line_1_32' title="bbox 1921 1589 3485 1661; baseline 0.01 -21"><span class='ocrx_word' id='word_1_186' title='bbox 1921 1590 2126 1656; x_wconf 89' lang='lat' dir='ltr'><strong>Quibus</strong></span> <span class='ocrx_word' id='word_1_187' title='bbox 2146 1589 2178 1644; x_wconf 71' lang='grc' dir='ltr'><strong>ἐι</strong></span> <span class='ocrx_word' id='word_1_188' title='bbox 2208 1592 2487 1661; x_wconf 85' lang='lat' dir='ltr'><strong>principio.</strong></span> <span class='ocrx_word' id='word_1_189' title='bbox 3480 1624 3485 1655; x_wconf 70' lang='grc' dir='ltr'><strong><em>ς</em></strong></span> 
     </span>
    </p>
   </div>
   <div class='ocr_carea' id='block_1_33' title="bbox 1995 1682 3505 1757">
    <p class='ocr_par' dir='ltr' id='par_1_33' title="bbox 1995 1682 3505 1757">
     <span class='ocr_line' id='line_1_33' title="bbox 1995 1682 3505 1757; baseline 0.007 -22"><span class='ocrx_word' id='word_1_190' title='bbox 1995 1682 2200 1751; x_wconf 67' lang='lat' dir='ltr'><strong>Oratio.</strong></span> <span class='ocrx_word' id='word_1_191' title='bbox 2228 1683 2375 1739; x_wconf 75' lang='lat' dir='ltr'><strong>Beati</strong></span> <span class='ocrx_word' id='word_1_192' title='bbox 2405 1684 2551 1753; x_wconf 84' lang='lat' dir='ltr'><strong>veré,</strong></span> <span class='ocrx_word' id='word_1_193' title='bbox 2577 1686 2825 1757; x_wconf 84' lang='lat' dir='ltr'><strong>Domine,</strong></span> <span class='ocrx_word' id='word_1_194' title='bbox 2859 1696 2915 1743; x_wconf 95' lang='lat' dir='ltr'><strong>et</strong></span> <span class='ocrx_word' id='word_1_195' title='bbox 2944 1689 3131 1744; x_wconf 84' lang='lat' dir='ltr'><strong>nimio.</strong></span> <span class='ocrx_word' id='word_1_196' title='bbox 3165 1688 3348 1755; x_wconf 66' lang='lat' dir='ltr'><strong>Quane</strong></span> <span class='ocrx_word' id='word_1_197' title='bbox 3371 1692 3505 1746; x_wconf 76' lang='lat' dir='ltr'><strong>retro</strong></span> 
     </span>
    </p>
   </div>
   <div class='ocr_carea' id='block_1_34' title="bbox 1919 1774 2698 1845">
    <p class='ocr_par' dir='ltr' id='par_1_34' title="bbox 1919 1774 2698 1845">
     <span class='ocr_line' id='line_1_34' title="bbox 1919 1774 2698 1845; baseline 0.006 -18"><span class='ocrx_word' id='word_1_198' title='bbox 1919 1774 1973 1827; x_wconf 86' lang='lat' dir='ltr'><strong>in</strong></span> <span class='ocrx_word' id='word_1_199' title='bbox 2004 1774 2239 1845; x_wconf 79' lang='lat' dir='ltr'><strong>Vésperis</strong></span> <span class='ocrx_word' id='word_1_200' title='bbox 2269 1777 2698 1845; x_wconf 63' lang='lat' dir='ltr'><strong>praecedentibus.</strong></span> 
     </span>
    </p>
   </div>
   <div class='ocr_carea' id='block_1_35' title="bbox 228 1850 3505 1943">
    <p class='ocr_par' dir='ltr' id='par_1_35' title="bbox 228 1850 3505 1943">
     <span class='ocr_line' id='line_1_35' title="bbox 228 1850 3505 1943; baseline 0.005 -17"><span class='ocrx_word' id='word_1_201' title='bbox 228 1870 515 1926; x_wconf 87' lang='lat' dir='ltr'><strong>criminum</strong></span> <span class='ocrx_word' id='word_1_202' title='bbox 564 1872 813 1943; x_wconf 73' lang='lat' dir='ltr'><strong>sQualdre</strong></span> <span class='ocrx_word' id='word_1_203' title='bbox 864 1873 1153 1943; x_wconf 81' lang='lat' dir='ltr'><strong>depurges,</strong></span> <span class='ocrx_word' id='word_1_204' title='bbox 1184 1882 1237 1927; x_wconf 91' lang='lat' dir='ltr'><strong>et</strong></span> <span class='ocrx_word' id='word_1_205' title='bbox 1258 1854 1615 1941; x_wconf 73' lang='lat' dir='ltr'><strong>Spiritualium</strong></span> <span class='ocrx_word' id='word_1_206' title='bbox 1644 1871 1819 1927; x_wconf 62' lang='lat' dir='ltr'><strong>chario</strong></span> <span class='ocrx_word' id='word_1_207' title='bbox 1850 1850 1898 1911; x_wconf 81' lang='grc' dir='ltr'><strong>Β</strong></span> <span class='ocrx_word' id='word_1_208' title='bbox 1995 1868 2291 1938; x_wconf 76' lang='grc' dir='ltr'><strong>Αηιίριιοηα</strong></span> <span class='ocrx_word' id='word_1_209' title='bbox 2340 1868 2395 1923; x_wconf 79' lang='grc'><strong>5.</strong></span> <span class='ocrx_word' id='word_1_210' title='bbox 2445 1870 2640 1940; x_wconf 80' lang='lat' dir='ltr'><strong>Legem</strong></span> <span class='ocrx_word' id='word_1_211' title='bbox 2694 1880 2836 1926; x_wconf 88' lang='lat' dir='ltr'><strong>tuam</strong></span> <span class='ocrx_word' id='word_1_212' title='bbox 2880 1873 3162 1942; x_wconf 81' lang='lat' dir='ltr'><strong>spléndidé</strong></span> <span class='ocrx_word' id='word_1_213' title='bbox 3188 1876 3505 1941; x_wconf 77' lang='lat' dir='ltr'><strong>docuéﬂlm.</strong></span> 
     </span>
    </p>
   </div>
   <div class='ocr_carea' id='block_1_36' title="bbox 226 1956 1820 2036">
    <p class='ocr_par' dir='ltr' id='par_1_36' title="bbox 226 1956 1820 2036">
     <span class='ocr_line' id='line_1_36' title="bbox 226 1956 1820 2036; baseline -0.001 -16"><span class='ocrx_word' id='word_1_214' title='bbox 226 1972 467 2020; x_wconf 86' lang='lat' dir='ltr'><strong>smatutn</strong></span> <span class='ocrx_word' id='word_1_215' title='bbox 514 1956 688 2036; x_wconf 66' lang='lat' dir='ltr'><strong>gratia</strong></span> <span class='ocrx_word' id='word_1_216' title='bbox 744 1966 986 2030; x_wconf 83' lang='lat' dir='ltr'><strong>innoves,</strong></span> <span class='ocrx_word' id='word_1_217' title='bbox 1017 1980 1247 2035; x_wconf 89' lang='lat' dir='ltr'><strong>quorum</strong></span> <span class='ocrx_word' id='word_1_218' title='bbox 1273 1963 1555 2034; x_wconf 68' lang='lat' dir='ltr'><strong>praesentia</strong></span> <span class='ocrx_word' id='word_1_219' title='bbox 1582 1963 1820 2021; x_wconf 75' lang='lat' dir='ltr'><strong>occidua:</strong></span> 
     </span>
    </p>
   </div>
   <div class='ocr_carea' id='block_1_37' title="bbox 227 2040 1259 2125">
    <p class='ocr_par' dir='ltr' id='par_1_37' title="bbox 227 2040 1259 2125">
     <span class='ocr_line' id='line_1_37' title="bbox 227 2040 1259 2125; baseline -0.001 -17"><span class='ocrx_word' id='word_1_220' title='bbox 227 2055 401 2124; x_wconf 88' lang='lat' dir='ltr'><strong>partis</strong></span> <span class='ocrx_word' id='word_1_221' title='bbox 434 2054 640 2125; x_wconf 78' lang='lat' dir='ltr'><strong>plagam</strong></span> <span class='ocrx_word' id='word_1_222' title='bbox 664 2054 883 2110; x_wconf 75' lang='lat' dir='ltr'><strong>visitare</strong></span> <span class='ocrx_word' id='word_1_223' title='bbox 910 2040 1154 2124; x_wconf 75' lang='lat' dir='ltr'><strong>dignatus</strong></span> <span class='ocrx_word' id='word_1_224' title='bbox 1180 2070 1259 2110; x_wconf 90' lang='lat' dir='ltr'><strong>es.</strong></span> 
     </span>
    </p>
   </div>
   <div class='ocr_carea' id='block_1_38' title="bbox 296 2144 1399 2221">
    <p class='ocr_par' dir='ltr' id='par_1_38' title="bbox 296 2144 1399 2221">
     <span class='ocr_line' id='line_1_38' title="bbox 296 2144 1399 2221; baseline -0.001 -22"><span class='ocrx_word' id='word_1_225' title='bbox 296 2145 465 2221; x_wconf 82' lang='lat' dir='ltr'><strong>Pater</strong></span> <span class='ocrx_word' id='word_1_226' title='bbox 492 2153 695 2201; x_wconf 86' lang='lat' dir='ltr'><strong>noster.</strong></span> <span class='ocrx_word' id='word_1_227' title='bbox 720 2144 953 2200; x_wconf 74' lang='lat' dir='ltr'><strong>Liberati</strong></span> <span class='ocrx_word' id='word_1_228' title='bbox 981 2145 1009 2198; x_wconf 73' lang='grc' dir='ltr'><strong>ει</strong></span> <span class='ocrx_word' id='word_1_229' title='bbox 1034 2146 1193 2200; x_wconf 89' lang='lat' dir='ltr'><strong>malo.</strong></span> <span class='ocrx_word' id='word_1_230' title='bbox 1218 2146 1310 2215; x_wconf 78' lang='lat' dir='ltr'><strong>fol.</strong></span> <span class='ocrx_word' id='word_1_231' title='bbox 1341 2144 1399 2198; x_wconf 74' lang='lat'><strong>9..</strong></span> 
     </span>
    </p>
   </div>
   <div class='ocr_carea' id='block_1_39' title="bbox 296 2237 1820 2310">
    <p class='ocr_par' dir='ltr' id='par_1_39' title="bbox 296 2237 1820 2310">
     <span class='ocr_line' id='line_1_39' title="bbox 296 2237 1820 2310; baseline 0.003 -19"><span class='ocrx_word' id='word_1_232' title='bbox 296 2237 625 2293; x_wconf 84' lang='lat' dir='ltr'><strong>Benedictio.</strong></span> <span class='ocrx_word' id='word_1_233' title='bbox 664 2239 826 2305; x_wconf 85' lang='lat' dir='ltr'><strong>Deos,</strong></span> <span class='ocrx_word' id='word_1_234' title='bbox 887 2240 977 2310; x_wconf 88' lang='lat' dir='ltr'><strong>qui</strong></span> <span class='ocrx_word' id='word_1_235' title='bbox 1025 2239 1284 2310; x_wconf 72' lang='lat' dir='ltr'><strong>Torquati</strong></span> <span class='ocrx_word' id='word_1_236' title='bbox 1310 2249 1364 2296; x_wconf 88' lang='lat' dir='ltr'><strong>et</strong></span> <span class='ocrx_word' id='word_1_237' title='bbox 1389 2239 1668 2295; x_wconf 72' lang='lat' dir='ltr'><strong>Socidrum</strong></span> <span class='ocrx_word' id='word_1_238' title='bbox 1702 2240 1820 2308; x_wconf 91' lang='lat' dir='ltr'><strong>ejus</strong></span> 
     </span>
    </p>
   </div>
   <div class='ocr_carea' id='block_1_40' title="bbox 223 2330 1815 2402">
    <p class='ocr_par' dir='ltr' id='par_1_40' title="bbox 223 2330 1815 2402">
     <span class='ocr_line' id='line_1_40' title="bbox 223 2330 1815 2402; baseline 0.003 -18"><span class='ocrx_word' id='word_1_239' title='bbox 223 2330 414 2385; x_wconf 85' lang='lat' dir='ltr'><strong>itineri</strong></span> <span class='ocrx_word' id='word_1_240' title='bbox 447 2331 714 2399; x_wconf 77' lang='lat' dir='ltr'><strong>gloridsus</strong></span> <span class='ocrx_word' id='word_1_241' title='bbox 750 2330 975 2387; x_wconf 79' lang='lat' dir='ltr'><strong>eliéctus</strong></span> <span class='ocrx_word' id='word_1_242' title='bbox 1005 2341 1088 2387; x_wconf 89' lang='lat' dir='ltr'><strong>est</strong></span> <span class='ocrx_word' id='word_1_243' title='bbox 1116 2332 1328 2397; x_wconf 89' lang='lat' dir='ltr'><strong>ductor,</strong></span> <span class='ocrx_word' id='word_1_244' title='bbox 1375 2334 1490 2402; x_wconf 86' lang='lat' dir='ltr'><strong>ipse</strong></span> <span class='ocrx_word' id='word_1_245' title='bbox 1519 2334 1815 2388; x_wconf 70' lang='lat' dir='ltr'><strong>vesmirum</strong></span> 
     </span>
    </p>
   </div>
   <div class='ocr_carea' id='block_1_41' title="bbox 220 2420 1815 2494">
    <p class='ocr_par' dir='ltr' id='par_1_41' title="bbox 220 2420 1815 2494">
     <span class='ocr_line' id='line_1_41' title="bbox 220 2420 1815 2494; baseline 0.003 -20"><span class='ocrx_word' id='word_1_246' title='bbox 220 2420 521 2475; x_wconf 86' lang='lat' dir='ltr'><strong>criminum</strong></span> <span class='ocrx_word' id='word_1_247' title='bbox 575 2421 647 2477; x_wconf 82' lang='lat' dir='ltr'><strong>sit</strong></span> <span class='ocrx_word' id='word_1_248' title='bbox 696 2422 973 2478; x_wconf 76' lang='lat' dir='ltr'><strong>indultur:</strong></span> <span class='ocrx_word' id='word_1_249' title='bbox 1020 2424 1096 2493; x_wconf 67' lang='grc' dir='ltr'><strong>ἡ.</strong></span> <span class='ocrx_word' id='word_1_250' title='bbox 1152 2426 1346 2478; x_wconf 75' lang='lat' dir='ltr'><strong>Amen.</strong></span> <span class='ocrx_word' id='word_1_251' title='bbox 1394 2422 1483 2492; x_wconf 87' lang='lat' dir='ltr'><strong>Et,</strong></span> <span class='ocrx_word' id='word_1_252' title='bbox 1511 2426 1600 2494; x_wconf 89' lang='lat' dir='ltr'><strong>qui</strong></span> <span class='ocrx_word' id='word_1_253' title='bbox 1632 2426 1815 2480; x_wconf 73' lang='lat' dir='ltr'><strong>cetum</strong></span> 
     </span>
    </p>
   </div>
   <div class='ocr_carea' id='block_1_42' title="bbox 224 2512 1814 2585">
    <p class='ocr_par' dir='ltr' id='par_1_42' title="bbox 224 2512 1814 2585">
     <span class='ocr_line' id='line_1_42' title="bbox 224 2512 1814 2585; baseline 0.002 -20"><span class='ocrx_word' id='word_1_254' title='bbox 224 2512 540 2581; x_wconf 63' lang='lat' dir='ltr'><strong>Discipulos</strong></span> <span class='ocrx_word' id='word_1_255' title='bbox 570 2514 708 2568; x_wconf 92' lang='lat' dir='ltr'><strong>miro</strong></span> <span class='ocrx_word' id='word_1_256' title='bbox 738 2515 917 2583; x_wconf 89' lang='lat' dir='ltr'><strong>pontis</strong></span> <span class='ocrx_word' id='word_1_257' title='bbox 948 2514 1210 2585; x_wconf 75' lang='lat' dir='ltr'><strong>fragmine</strong></span> <span class='ocrx_word' id='word_1_258' title='bbox 1259 2514 1503 2569; x_wconf 66' lang='lat' dir='ltr'><strong>liberitvit</strong></span> <span class='ocrx_word' id='word_1_259' title='bbox 1531 2515 1597 2569; x_wconf 88' lang='lat' dir='ltr'><strong>ab</strong></span> <span class='ocrx_word' id='word_1_260' title='bbox 1617 2514 1814 2583; x_wconf 88' lang='lat' dir='ltr'><strong>impiis,</strong></span> 
     </span>
    </p>
   </div>
   <div class='ocr_carea' id='block_1_43' title="bbox 220 2604 1812 2675">
    <p class='ocr_par' dir='ltr' id='par_1_43' title="bbox 220 2604 1812 2675">
     <span class='ocr_line' id='line_1_43' title="bbox 220 2604 1812 2675; baseline 0.003 -18"><span class='ocrx_word' id='word_1_261' title='bbox 220 2619 320 2659; x_wconf 76' lang='lat' dir='ltr'><strong>vos</strong></span> <span class='ocrx_word' id='word_1_262' title='bbox 347 2604 549 2675; x_wconf 81' lang='lat' dir='ltr'><strong>eripiat</strong></span> <span class='ocrx_word' id='word_1_263' title='bbox 578 2605 609 2660; x_wconf 67' lang='grc' dir='ltr'><strong>ὲ</strong></span> <span class='ocrx_word' id='word_1_264' title='bbox 636 2607 843 2662; x_wconf 87' lang='lat' dir='ltr'><strong>eunetis</strong></span> <span class='ocrx_word' id='word_1_265' title='bbox 871 2607 1122 2661; x_wconf 76' lang='lat' dir='ltr'><strong>vitidrum</strong></span> <span class='ocrx_word' id='word_1_266' title='bbox 1167 2606 1463 2661; x_wconf 75' lang='lat' dir='ltr'><strong>carnalium</strong></span> <span class='ocrx_word' id='word_1_267' title='bbox 1495 2606 1812 2671; x_wconf 84' lang='lat' dir='ltr'><strong>incentivis;</strong></span> 
     </span>
    </p>
   </div>
   <div class='ocr_carea' id='block_1_44' title="bbox 236 2695 1814 2768">
    <p class='ocr_par' dir='ltr' id='par_1_44' title="bbox 236 2695 1814 2768">
     <span class='ocr_line' id='line_1_44' title="bbox 236 2695 1814 2768; baseline 0.003 -18"><span class='ocrx_word' id='word_1_268' title='bbox 236 2695 274 2761; x_wconf 69' lang='grc' dir='ltr'><strong>εξ</strong></span> <span class='ocrx_word' id='word_1_269' title='bbox 301 2736 316 2750; x_wconf 94' lang='grc'><strong>.</strong></span> <span class='ocrx_word' id='word_1_270' title='bbox 349 2695 554 2751; x_wconf 80' lang='lat' dir='ltr'><strong>Amen.</strong></span> <span class='ocrx_word' id='word_1_271' title='bbox 584 2696 654 2753; x_wconf 92' lang='lat' dir='ltr'><strong>Ut</strong></span> <span class='ocrx_word' id='word_1_272' title='bbox 679 2697 770 2751; x_wconf 91' lang='lat' dir='ltr'><strong>illo</strong></span> <span class='ocrx_word' id='word_1_273' title='bbox 784 2698 977 2753; x_wconf 71' lang='lat' dir='ltr'><strong>ardere</strong></span> <span class='ocrx_word' id='word_1_274' title='bbox 1003 2699 1241 2768; x_wconf 78' lang='lat' dir='ltr'><strong>spiritus.</strong></span> <span class='ocrx_word' id='word_1_275' title='bbox 1269 2713 1373 2768; x_wconf 85' lang='lat' dir='ltr'><strong>quo</strong></span> <span class='ocrx_word' id='word_1_276' title='bbox 1400 2698 1598 2753; x_wconf 89' lang='lat' dir='ltr'><strong>Christi</strong></span> <span class='ocrx_word' id='word_1_277' title='bbox 1621 2714 1814 2754; x_wconf 90' lang='lat' dir='ltr'><strong>nomen</strong></span> 
     </span>
    </p>
   </div>
   <div class='ocr_carea' id='block_1_45' title="bbox 221 2774 1815 2867">
    <p class='ocr_par' dir='ltr' id='par_1_45' title="bbox 221 2774 1815 2867">
     <span class='ocr_line' id='line_1_45' title="bbox 221 2774 1815 2867; baseline 0.004 -28"><span class='ocrx_word' id='word_1_278' title='bbox 221 2788 423 2842; x_wconf 83' lang='lat' dir='ltr'><strong>vestris</strong></span> <span class='ocrx_word' id='word_1_279' title='bbox 454 2785 702 2856; x_wconf 72' lang='lat' dir='ltr'><strong>partibus</strong></span> <span class='ocrx_word' id='word_1_280' title='bbox 730 2788 1001 2845; x_wconf 77' lang='lat' dir='ltr'><strong>credimus</strong></span> <span class='ocrx_word' id='word_1_281' title='bbox 1043 2774 1389 2867; x_wconf 58' lang='lat' dir='ltr'><strong>praedicasse,</strong></span> <span class='ocrx_word' id='word_1_282' title='bbox 1419 2806 1484 2846; x_wconf 88' lang='lat' dir='ltr'><strong>eo</strong></span> <span class='ocrx_word' id='word_1_283' title='bbox 1521 2790 1741 2845; x_wconf 61' lang='lat' dir='ltr'><strong>valentis</strong></span> <span class='ocrx_word' id='word_1_284' title='bbox 1762 2802 1815 2847; x_wconf 90' lang='lat' dir='ltr'><strong>et</strong></span> 
     </span>
    </p>
   </div>
   <div class='ocr_carea' id='block_1_46' title="bbox 226 2880 1808 2955">
    <p class='ocr_par' dir='ltr' id='par_1_46' title="bbox 226 2880 1808 2955">
     <span class='ocr_line' id='line_1_46' title="bbox 226 2880 1808 2955; baseline 0.005 -24"><span class='ocrx_word' id='word_1_285' title='bbox 226 2880 452 2936; x_wconf 85' lang='lat' dir='ltr'><strong>terréua</strong></span> <span class='ocrx_word' id='word_1_286' title='bbox 484 2882 761 2951; x_wconf 78' lang='lat' dir='ltr'><strong>respuere,</strong></span> <span class='ocrx_word' id='word_1_287' title='bbox 784 2892 837 2938; x_wconf 90' lang='lat' dir='ltr'><strong>et</strong></span> <span class='ocrx_word' id='word_1_288' title='bbox 856 2883 1093 2939; x_wconf 62' lang='lat' dir='ltr'><strong>caelestia</strong></span> <span class='ocrx_word' id='word_1_289' title='bbox 1121 2899 1336 2955; x_wconf 88' lang='lat' dir='ltr'><strong>semper</strong></span> <span class='ocrx_word' id='word_1_290' title='bbox 1353 2883 1532 2941; x_wconf 73' lang='lat' dir='ltr'><strong>animo</strong></span> <span class='ocrx_word' id='word_1_291' title='bbox 1557 2884 1808 2941; x_wconf 84' lang='lat' dir='ltr'><strong>retinére.</strong></span> 
     </span>
    </p>
   </div>
   <div class='ocr_carea' id='block_1_47' title="bbox 233 2972 943 3041">
    <p class='ocr_par' dir='ltr' id='par_1_47' title="bbox 233 2972 943 3041">
     <span class='ocr_line' id='line_1_47' title="bbox 233 2972 943 3041; baseline 0.006 -17"><span class='ocrx_word' id='word_1_292' title='bbox 233 2972 270 3041; x_wconf 61' lang='grc' dir='ltr'><strong>ἡ</strong></span> <span class='ocrx_word' id='word_1_293' title='bbox 292 3012 308 3027; x_wconf 92' lang='grc'><strong>.</strong></span> <span class='ocrx_word' id='word_1_294' title='bbox 332 2972 534 3027; x_wconf 83' lang='lat' dir='ltr'><strong>Amen.</strong></span> <span class='ocrx_word' id='word_1_295' title='bbox 936 3034 943 3041; x_wconf 38' lang='grc' dir='ltr'><strong>ο</strong></span> 
     </span>
    </p>
   </div>
   <div class='ocr_carea' id='block_1_48' title="bbox 243 3063 885 3136">
    <p class='ocr_par' dir='ltr' id='par_1_48' title="bbox 243 3063 885 3136">
     <span class='ocr_line' id='line_1_48' title="bbox 243 3063 885 3136; baseline 0.003 -19"><span class='ocrx_word' id='word_1_296' title='bbox 243 3098 253 3136; x_wconf 22' lang='grc' dir='ltr'><em>μ</em></span> <span class='ocrx_word' id='word_1_297' title='bbox 295 3063 403 3118; x_wconf 84' lang='lat' dir='ltr'><strong>Per</strong></span> <span class='ocrx_word' id='word_1_298' title='bbox 434 3064 885 3120; x_wconf 72' lang='lat' dir='ltr'><strong>tttisericérdiam.</strong></span> 
     </span>
    </p>
   </div>
   <div class='ocr_carea' id='block_1_49' title="bbox 289 3156 1883 3264">
    <p class='ocr_par' dir='ltr' id='par_1_49' title="bbox 289 3156 1883 3264">
     <span class='ocr_line' id='line_1_49' title="bbox 289 3156 1883 3264; baseline 0.005 -54"><span class='ocrx_word' id='word_1_299' title='bbox 289 3156 512 3212; x_wconf 83' lang='lat' dir='ltr'><strong>Lauda.</strong></span> <span class='ocrx_word' id='word_1_300' title='bbox 550 3158 653 3213; x_wconf 81' lang='lat' dir='ltr'><strong>Vos</strong></span> <span class='ocrx_word' id='word_1_301' title='bbox 682 3161 813 3215; x_wconf 85' lang='lat' dir='ltr'><strong>eStis</strong></span> <span class='ocrx_word' id='word_1_302' title='bbox 852 3176 973 3215; x_wconf 55' lang='lat' dir='ltr'><strong>vara</strong></span> <span class='ocrx_word' id='word_1_303' title='bbox 1012 3171 1194 3235; x_wconf 83' lang='lat' dir='ltr'><strong>saneta</strong></span> <span class='ocrx_word' id='word_1_304' title='bbox 1251 3162 1475 3217; x_wconf 68' lang='lat' dir='ltr'><strong>Demino</strong></span> <span class='ocrx_word' id='word_1_305' title='bbox 1528 3178 1661 3218; x_wconf 88' lang='lat' dir='ltr'><strong>auro</strong></span> <span class='ocrx_word' id='word_1_306' title='bbox 1710 3164 1812 3218; x_wconf 87' lang='lat' dir='ltr'><strong>lul-</strong></span> <span class='ocrx_word' id='word_1_307' title='bbox 1843 3208 1883 3264; x_wconf 55' lang='grc' dir='ltr'><strong>Γ</strong></span> 
     </span>
    </p>
   </div>
   <div class='ocr_carea' id='block_1_50' title="bbox 213 3250 1817 3323">
    <p class='ocr_par' dir='ltr' id='par_1_50' title="bbox 213 3250 1817 3323">
     <span class='ocr_line' id='line_1_50' title="bbox 213 3250 1817 3323; baseline 0.004 -18"><span class='ocrx_word' id='word_1_308' title='bbox 213 3250 379 3320; x_wconf 78' lang='lat' dir='ltr'><strong>génte</strong></span> <span class='ocrx_word' id='word_1_309' title='bbox 414 3269 428 3304; x_wconf 90' lang='lat'><strong>:</strong></span> <span class='ocrx_word' id='word_1_310' title='bbox 460 3252 715 3307; x_wconf 78' lang='lat' dir='ltr'><strong>Alleluia.</strong></span> <span class='ocrx_word' id='word_1_311' title='bbox 752 3251 822 3308; x_wconf 86' lang='grc' dir='ltr'><strong>Ρ.</strong></span> <span class='ocrx_word' id='word_1_312' title='bbox 861 3253 994 3319; x_wconf 85' lang='lat' dir='ltr'><strong>Quia</strong></span> <span class='ocrx_word' id='word_1_313' title='bbox 1037 3254 1228 3323; x_wconf 79' lang='lat' dir='ltr'><strong>sponté</strong></span> <span class='ocrx_word' id='word_1_314' title='bbox 1276 3255 1543 3311; x_wconf 78' lang='lat' dir='ltr'><strong>obtuliSIis</strong></span> <span class='ocrx_word' id='word_1_315' title='bbox 1592 3256 1817 3311; x_wconf 69' lang='lat' dir='ltr'><strong>Deutin</strong></span> 
     </span>
    </p>
   </div>
   <div class='ocr_carea' id='block_1_51' title="bbox 212 3338 1813 3421">
    <p class='ocr_par' dir='ltr' id='par_1_51' title="bbox 212 3338 1813 3421">
     <span class='ocr_line' id='line_1_51' title="bbox 212 3338 1813 3421; baseline 0.002 -20"><span class='ocrx_word' id='word_1_316' title='bbox 212 3346 325 3401; x_wconf 86' lang='lat' dir='ltr'><strong>Deo</strong></span> <span class='ocrx_word' id='word_1_317' title='bbox 356 3347 580 3403; x_wconf 75' lang='lat' dir='ltr'><strong>animas</strong></span> <span class='ocrx_word' id='word_1_318' title='bbox 609 3338 834 3403; x_wconf 67' lang='lat' dir='ltr'><strong>vestras.</strong></span> <span class='ocrx_word' id='word_1_319' title='bbox 880 3348 1136 3421; x_wconf 75' lang='lat' dir='ltr'><strong>Alleluia,</strong></span> <span class='ocrx_word' id='word_1_320' title='bbox 1191 3347 1423 3411; x_wconf 78' lang='lat' dir='ltr'><strong>alleluia,</strong></span> <span class='ocrx_word' id='word_1_321' title='bbox 1458 3349 1690 3403; x_wconf 79' lang='lat' dir='ltr'><strong>alleluia.</strong></span> <span class='ocrx_word' id='word_1_322' title='bbox 1742 3351 1813 3419; x_wconf 62' lang='grc' dir='ltr'><strong>ᾖ.</strong></span> 
     </span>
    </p>
   </div>
   <div class='ocr_carea' id='block_1_52' title="bbox 210 3437 1813 3508">
    <p class='ocr_par' dir='ltr' id='par_1_52' title="bbox 210 3437 1813 3508">
     <span class='ocr_line' id='line_1_52' title="bbox 210 3437 1813 3508; baseline 0.001 -16"><span class='ocrx_word' id='word_1_323' title='bbox 210 3438 510 3494; x_wconf 87' lang='lat' dir='ltr'><strong>Benedicti</strong></span> <span class='ocrx_word' id='word_1_324' title='bbox 541 3453 638 3493; x_wconf 83' lang='lat' dir='ltr'><strong>vos</strong></span> <span class='ocrx_word' id='word_1_325' title='bbox 664 3437 692 3491; x_wconf 75' lang='grc' dir='ltr'><strong>ξι</strong></span> <span class='ocrx_word' id='word_1_326' title='bbox 723 3438 972 3501; x_wconf 74' lang='grc' dir='ltr'><strong>θύιιιίιιο,</strong></span> <span class='ocrx_word' id='word_1_327' title='bbox 1017 3440 1106 3508; x_wconf 83' lang='lat' dir='ltr'><strong>qui</strong></span> <span class='ocrx_word' id='word_1_328' title='bbox 1138 3439 1263 3493; x_wconf 80' lang='lat' dir='ltr'><strong>fecit</strong></span> <span class='ocrx_word' id='word_1_329' title='bbox 1292 3440 1486 3494; x_wconf 82' lang='lat' dir='ltr'><strong>coelum</strong></span> <span class='ocrx_word' id='word_1_330' title='bbox 1509 3449 1562 3494; x_wconf 90' lang='lat' dir='ltr'><strong>et</strong></span> <span class='ocrx_word' id='word_1_331' title='bbox 1595 3450 1813 3496; x_wconf 88' lang='lat' dir='ltr'><strong>terram.</strong></span> 
     </span>
    </p>
   </div>
   <div class='ocr_carea' id='block_1_53' title="bbox 208 3527 1815 3600">
    <p class='ocr_par' dir='ltr' id='par_1_53' title="bbox 208 3527 1815 3600">
     <span class='ocr_line' id='line_1_53' title="bbox 208 3527 1815 3600; baseline 0.001 -17"><span class='ocrx_word' id='word_1_332' title='bbox 208 3527 278 3583; x_wconf 83' lang='lat' dir='ltr'><strong>P.</strong></span> <span class='ocrx_word' id='word_1_333' title='bbox 325 3530 469 3598; x_wconf 84' lang='lat' dir='ltr'><strong>Quia</strong></span> <span class='ocrx_word' id='word_1_334' title='bbox 539 3529 749 3600; x_wconf 79' lang='lat' dir='ltr'><strong>Sponte.</strong></span> <span class='ocrx_word' id='word_1_335' title='bbox 819 3531 891 3598; x_wconf 72' lang='grc' dir='ltr'><strong>Ῡ.</strong></span> <span class='ocrx_word' id='word_1_336' title='bbox 944 3529 1149 3594; x_wconf 71' lang='lat' dir='ltr'><strong>Clinia,</strong></span> <span class='ocrx_word' id='word_1_337' title='bbox 1206 3539 1261 3585; x_wconf 90' lang='lat' dir='ltr'><strong>et</strong></span> <span class='ocrx_word' id='word_1_338' title='bbox 1309 3530 1501 3585; x_wconf 88' lang='lat' dir='ltr'><strong>honor.</strong></span> <span class='ocrx_word' id='word_1_339' title='bbox 1557 3530 1623 3585; x_wconf 89' lang='lat' dir='ltr'><strong>P.</strong></span> <span class='ocrx_word' id='word_1_340' title='bbox 1685 3531 1815 3597; x_wconf 85' lang='lat' dir='ltr'><strong>Quia</strong></span> 
     </span>
    </p>
   </div>
   <div class='ocr_carea' id='block_1_54' title="bbox 203 3624 424 3692">
    <p class='ocr_par' dir='ltr' id='par_1_54' title="bbox 203 3624 424 3692">
     <span class='ocr_line' id='line_1_54' title="bbox 203 3624 424 3692; baseline 0.005 -14"><span class='ocrx_word' id='word_1_341' title='bbox 203 3624 424 3692; x_wconf 70' lang='lat' dir='ltr'><strong>sponte.</strong></span> 
     </span>
    </p>
   </div>
   <div class='ocr_carea' id='block_1_55' title="bbox 214 3712 1815 3788">
    <p class='ocr_par' dir='ltr' id='par_1_55' title="bbox 214 3712 1815 3788">
     <span class='ocr_line' id='line_1_55' title="bbox 214 3712 1815 3788; baseline 0.001 -20"><span class='ocrx_word' id='word_1_342' title='bbox 214 3742 217 3745; x_wconf 95' lang='lat'><strong><em>-</em></strong></span> <span class='ocrx_word' id='word_1_343' title='bbox 285 3715 513 3769; x_wconf 73' lang='lat' dir='ltr'><strong>Duilio.</strong></span> <span class='ocrx_word' id='word_1_344' title='bbox 558 3712 703 3769; x_wconf 78' lang='lat' dir='ltr'><strong>Beati</strong></span> <span class='ocrx_word' id='word_1_345' title='bbox 736 3714 880 3780; x_wconf 79' lang='lat' dir='ltr'><strong>vere,</strong></span> <span class='ocrx_word' id='word_1_346' title='bbox 912 3713 1233 3781; x_wconf 75' lang='lat' dir='ltr'><strong>deine,et</strong></span> <span class='ocrx_word' id='word_1_347' title='bbox 1260 3714 1424 3770; x_wconf 89' lang='lat' dir='ltr'><strong>nimio</strong></span> <span class='ocrx_word' id='word_1_348' title='bbox 1448 3714 1652 3770; x_wconf 75' lang='lat' dir='ltr'><strong>honére</strong></span> <span class='ocrx_word' id='word_1_349' title='bbox 1672 3715 1815 3788; x_wconf 83' lang='lat' dir='ltr'><strong>digni</strong></span> 
     </span>
    </p>
   </div>
   <div class='ocr_carea' id='block_1_56' title="bbox 198 3805 1816 3879">
    <p class='ocr_par' dir='ltr' id='par_1_56' title="bbox 198 3805 1816 3879">
     <span class='ocr_line' id='line_1_56' title="bbox 198 3805 1816 3879; baseline 0.002 -18"><span class='ocrx_word' id='word_1_350' title='bbox 198 3815 627 3875; x_wconf 86' lang='lat' dir='ltr'><strong>sunt,quoruru</strong></span> <span class='ocrx_word' id='word_1_351' title='bbox 660 3818 713 3860; x_wconf 91' lang='lat' dir='ltr'><strong>tu</strong></span> <span class='ocrx_word' id='word_1_352' title='bbox 764 3805 936 3876; x_wconf 79' lang='lat' dir='ltr'><strong>pdrtio</strong></span> <span class='ocrx_word' id='word_1_353' title='bbox 985 3822 1105 3863; x_wconf 88' lang='lat' dir='ltr'><strong>esse</strong></span> <span class='ocrx_word' id='word_1_354' title='bbox 1156 3807 1405 3877; x_wconf 72' lang='lat' dir='ltr'><strong>dignatus</strong></span> <span class='ocrx_word' id='word_1_355' title='bbox 1454 3823 1546 3874; x_wconf 86' lang='lat' dir='ltr'><strong>es;</strong></span> <span class='ocrx_word' id='word_1_356' title='bbox 1589 3808 1816 3879; x_wconf 75' lang='lat' dir='ltr'><strong>idedque</strong></span> 
     </span>
    </p>
   </div>
   <div class='ocr_carea' id='block_1_57' title="bbox 198 3896 1814 3969">
    <p class='ocr_par' dir='ltr' id='par_1_57' title="bbox 198 3896 1814 3969">
     <span class='ocr_line' id='line_1_57' title="bbox 198 3896 1814 3969; baseline 0.002 -18"><span class='ocrx_word' id='word_1_357' title='bbox 198 3896 537 3953; x_wconf 76' lang='lat' dir='ltr'><strong>interventu</strong></span> <span class='ocrx_word' id='word_1_358' title='bbox 571 3898 882 3951; x_wconf 79' lang='lat' dir='ltr'><strong>sanctdrum</strong></span> <span class='ocrx_word' id='word_1_359' title='bbox 909 3898 1122 3953; x_wconf 77' lang='lat' dir='ltr'><strong>tudrum</strong></span> <span class='ocrx_word' id='word_1_360' title='bbox 1164 3898 1419 3969; x_wconf 74' lang='lat' dir='ltr'><strong>Torquati</strong></span> <span class='ocrx_word' id='word_1_361' title='bbox 1446 3908 1500 3954; x_wconf 90' lang='lat' dir='ltr'><strong>et</strong></span> <span class='ocrx_word' id='word_1_362' title='bbox 1529 3897 1814 3954; x_wconf 75' lang='lat' dir='ltr'><strong>Socidrutn</strong></span> 
     </span>
    </p>
   </div>
   <div class='ocr_carea' id='block_1_58' title="bbox 196 3990 1817 4063">
    <p class='ocr_par' dir='ltr' id='par_1_58' title="bbox 196 3990 1817 4063">
     <span class='ocr_line' id='line_1_58' title="bbox 196 3990 1817 4063; baseline 0.002 -17"><span class='ocrx_word' id='word_1_363' title='bbox 196 3991 323 4062; x_wconf 87' lang='lat' dir='ltr'><strong>ejus</strong></span> <span class='ocrx_word' id='word_1_364' title='bbox 352 3990 635 4063; x_wconf 78' lang='lat' dir='ltr'><strong>quicquid</strong></span> <span class='ocrx_word' id='word_1_365' title='bbox 671 3991 765 4046; x_wconf 85' lang='lat' dir='ltr'><strong>tibi</strong></span> <span class='ocrx_word' id='word_1_366' title='bbox 814 4006 881 4046; x_wconf 79' lang='lat' dir='ltr'><strong>ex</strong></span> <span class='ocrx_word' id='word_1_367' title='bbox 925 3990 1078 4046; x_wconf 85' lang='lat' dir='ltr'><strong>nobis</strong></span> <span class='ocrx_word' id='word_1_368' title='bbox 1131 4007 1235 4046; x_wconf 92' lang='lat' dir='ltr'><strong>non</strong></span> <span class='ocrx_word' id='word_1_369' title='bbox 1268 3992 1486 4056; x_wconf 87' lang='lat' dir='ltr'><strong>militat,</strong></span> <span class='ocrx_word' id='word_1_370' title='bbox 1517 4008 1667 4048; x_wconf 87' lang='lat' dir='ltr'><strong>amor</strong></span> <span class='ocrx_word' id='word_1_371' title='bbox 1706 4009 1817 4050; x_wconf 75' lang='lat' dir='ltr'><strong>cte-</strong></span> 
     </span>
    </p>
   </div>
   <div class='ocr_carea' id='block_1_59' title="bbox 194 4082 1812 4154">
    <p class='ocr_par' dir='ltr' id='par_1_59' title="bbox 194 4082 1812 4154">
     <span class='ocr_line' id='line_1_59' title="bbox 194 4082 1812 4154; baseline 0.002 -16"><span class='ocrx_word' id='word_1_372' title='bbox 194 4084 357 4141; x_wconf 69' lang='lat' dir='ltr'><strong>léstis</strong></span> <span class='ocrx_word' id='word_1_373' title='bbox 386 4083 593 4153; x_wconf 73' lang='lat' dir='ltr'><strong>jatriae</strong></span> <span class='ocrx_word' id='word_1_374' title='bbox 623 4083 674 4137; x_wconf 93' lang='lat' dir='ltr'><strong>in</strong></span> <span class='ocrx_word' id='word_1_375' title='bbox 715 4082 872 4140; x_wconf 88' lang='lat' dir='ltr'><strong>nobis</strong></span> <span class='ocrx_word' id='word_1_376' title='bbox 922 4084 1154 4153; x_wconf 78' lang='lat' dir='ltr'><strong>ﬂagrans</strong></span> <span class='ocrx_word' id='word_1_377' title='bbox 1205 4085 1584 4154; x_wconf 79' lang='lat' dir='ltr'><strong>usquequilque</strong></span> <span class='ocrx_word' id='word_1_378' title='bbox 1631 4084 1812 4141; x_wconf 86' lang='lat' dir='ltr'><strong>intéri-</strong></span> 
     </span>
    </p>
   </div>
   <div class='ocr_carea' id='block_1_60' title="bbox 200 4173 1814 4246">
    <p class='ocr_par' dir='ltr' id='par_1_60' title="bbox 200 4173 1814 4246">
     <span class='ocr_line' id='line_1_60' title="bbox 200 4173 1814 4246; baseline 0 -16"><span class='ocrx_word' id='word_1_379' title='bbox 200 4186 356 4231; x_wconf 84' lang='lat' dir='ltr'><strong>mat:</strong></span> <span class='ocrx_word' id='word_1_380' title='bbox 388 4185 450 4231; x_wconf 86' lang='lat' dir='ltr'><strong>et</strong></span> <span class='ocrx_word' id='word_1_381' title='bbox 504 4175 629 4246; x_wconf 78' lang='lat' dir='ltr'><strong>post</strong></span> <span class='ocrx_word' id='word_1_382' title='bbox 682 4190 802 4229; x_wconf 89' lang='lat' dir='ltr'><strong>cum</strong></span> <span class='ocrx_word' id='word_1_383' title='bbox 852 4174 935 4228; x_wconf 89' lang='lat' dir='ltr'><strong>his</strong></span> <span class='ocrx_word' id='word_1_384' title='bbox 988 4173 1219 4241; x_wconf 87' lang='lat' dir='ltr'><strong>Sanctis,</strong></span> <span class='ocrx_word' id='word_1_385' title='bbox 1279 4189 1504 4243; x_wconf 85' lang='lat' dir='ltr'><strong>quorum</strong></span> <span class='ocrx_word' id='word_1_386' title='bbox 1536 4174 1730 4229; x_wconf 71' lang='lat' dir='ltr'><strong>anima:</strong></span> <span class='ocrx_word' id='word_1_387' title='bbox 1760 4176 1814 4230; x_wconf 90' lang='lat' dir='ltr'><strong>in</strong></span> 
     </span>
    </p>
   </div>
   <div class='ocr_carea' id='block_1_61' title="bbox 201 4263 1815 4337">
    <p class='ocr_par' dir='ltr' id='par_1_61' title="bbox 201 4263 1815 4337">
     <span class='ocr_line' id='line_1_61' title="bbox 201 4263 1815 4337; baseline -0.001 -13"><span class='ocrx_word' id='word_1_388' title='bbox 201 4284 370 4324; x_wconf 86' lang='lat' dir='ltr'><strong>manu</strong></span> <span class='ocrx_word' id='word_1_389' title='bbox 400 4280 497 4324; x_wconf 86' lang='lat' dir='ltr'><strong>tua</strong></span> <span class='ocrx_word' id='word_1_390' title='bbox 529 4275 679 4333; x_wconf 89' lang='lat' dir='ltr'><strong>sunt,</strong></span> <span class='ocrx_word' id='word_1_391' title='bbox 706 4281 805 4322; x_wconf 92' lang='lat' dir='ltr'><strong>nos</strong></span> <span class='ocrx_word' id='word_1_392' title='bbox 834 4266 1006 4337; x_wconf 86' lang='lat' dir='ltr'><strong>piétas</strong></span> <span class='ocrx_word' id='word_1_393' title='bbox 1058 4274 1144 4321; x_wconf 82' lang='lat' dir='ltr'><strong>tua</strong></span> <span class='ocrx_word' id='word_1_394' title='bbox 1195 4263 1403 4321; x_wconf 72' lang='lat' dir='ltr'><strong>cmlésti</strong></span> <span class='ocrx_word' id='word_1_395' title='bbox 1435 4266 1487 4320; x_wconf 90' lang='lat' dir='ltr'><strong>in</strong></span> <span class='ocrx_word' id='word_1_396' title='bbox 1519 4280 1685 4336; x_wconf 79' lang='lat' dir='ltr'><strong>regno</strong></span> <span class='ocrx_word' id='word_1_397' title='bbox 1722 4265 1815 4322; x_wconf 88' lang='lat' dir='ltr'><strong>ad-</strong></span> 
     </span>
    </p>
   </div>
   <div class='ocr_carea' id='block_1_62' title="bbox 194 4360 786 4433">
    <p class='ocr_par' dir='ltr' id='par_1_62' title="bbox 194 4360 786 4433">
     <span class='ocr_line' id='line_1_62' title="bbox 194 4360 786 4433; baseline 0.002 -19"><span class='ocrx_word' id='word_1_398' title='bbox 194 4360 420 4433; x_wconf 78' lang='lat' dir='ltr'><strong>jungat.</strong></span> <span class='ocrx_word' id='word_1_399' title='bbox 475 4362 558 4427; x_wconf 66' lang='grc' dir='ltr'><strong>ἡ.</strong></span> <span class='ocrx_word' id='word_1_400' title='bbox 592 4361 786 4415; x_wconf 82' lang='lat' dir='ltr'><strong>Amen.</strong></span> 
     </span>
    </p>
   </div>
   <div class='ocr_carea' id='block_1_63' title="bbox 270 4449 889 4509">
    <p class='ocr_par' dir='ltr' id='par_1_63' title="bbox 270 4449 889 4509">
     <span class='ocr_line' id='line_1_63' title="bbox 270 4449 889 4509; baseline -0.005 0"><span class='ocrx_word' id='word_1_401' title='bbox 270 4454 384 4509; x_wconf 85' lang='lat' dir='ltr'><strong>Per</strong></span> <span class='ocrx_word' id='word_1_402' title='bbox 433 4449 889 4507; x_wconf 78' lang='lat' dir='ltr'><strong>misericordiam.</strong></span> 
     </span>
    </p>
   </div>
   <div class='ocr_carea' id='block_1_64' title="bbox 269 4542 865 4600">
    <p class='ocr_par' dir='ltr' id='par_1_64' title="bbox 269 4542 865 4600">
     <span class='ocr_line' id='line_1_64' title="bbox 269 4542 865 4600; baseline -0.003 -1"><span class='ocrx_word' id='word_1_403' title='bbox 269 4545 332 4599; x_wconf 85' lang='lat' dir='ltr'><strong>In</strong></span> <span class='ocrx_word' id='word_1_404' title='bbox 365 4545 601 4600; x_wconf 63' lang='lat' dir='ltr'><strong>nomine</strong></span> <span class='ocrx_word' id='word_1_405' title='bbox 630 4542 865 4597; x_wconf 76' lang='grc' dir='ltr'><strong>Βύιιιὶηί.</strong></span> 
     </span>
    </p>
   </div>
   <div class='ocr_carea' id='block_1_65' title="bbox 798 4632 1240 4688">
    <p class='ocr_par' dir='ltr' id='par_1_65' title="bbox 798 4632 1240 4688">
     <span class='ocr_line' id='line_1_65' title="bbox 798 4632 1240 4688; baseline 0 -1"><span class='ocrx_word' id='word_1_406' title='bbox 798 4636 878 4688; x_wconf 77' lang='lat' dir='ltr'><strong>Ad</strong></span> <span class='ocrx_word' id='word_1_407' title='bbox 909 4632 1240 4688; x_wconf 75' lang='lat' dir='ltr'><strong>Malulimtm.</strong></span> 
     </span>
    </p>
   </div>
   <div class='ocr_carea' id='block_1_66' title="bbox 270 4726 1809 4799">
    <p class='ocr_par' dir='ltr' id='par_1_66' title="bbox 270 4726 1809 4799">
     <span class='ocr_line' id='line_1_66' title="bbox 270 4726 1809 4799; baseline 0.003 -16"><span class='ocrx_word' id='word_1_408' title='bbox 270 4730 610 4799; x_wconf 81' lang='lat' dir='ltr'><strong>Antiphona.</strong></span> <span class='ocrx_word' id='word_1_409' title='bbox 647 4726 721 4780; x_wconf 85' lang='lat' dir='ltr'><strong>Da</strong></span> <span class='ocrx_word' id='word_1_410' title='bbox 768 4726 943 4783; x_wconf 80' lang='lat' dir='ltr'><strong>nobis.</strong></span> <span class='ocrx_word' id='word_1_411' title='bbox 974 4726 1213 4781; x_wconf 75' lang='lat' dir='ltr'><strong>Psalmus</strong></span> <span class='ocrx_word' id='word_1_412' title='bbox 1266 4744 1319 4781; x_wconf 78' lang='grc' dir='ltr'><strong>ι..</strong></span> <span class='ocrx_word' id='word_1_413' title='bbox 1379 4726 1578 4783; x_wconf 61' lang='lat' dir='ltr'><strong>Oratio.</strong></span> <span class='ocrx_word' id='word_1_414' title='bbox 1627 4727 1809 4787; x_wconf 79' lang='lat' dir='ltr'><strong>Redde</strong></span> 
     </span>
    </p>
   </div>
   <div class='ocr_carea' id='block_1_67' title="bbox 191 4819 1016 4888">
    <p class='ocr_par' dir='ltr' id='par_1_67' title="bbox 191 4819 1016 4888">
     <span class='ocr_line' id='line_1_67' title="bbox 191 4819 1016 4888; baseline -0.002 -13"><span class='ocrx_word' id='word_1_415' title='bbox 191 4824 385 4887; x_wconf 84' lang='lat' dir='ltr'><strong>nobis,</strong></span> <span class='ocrx_word' id='word_1_416' title='bbox 407 4819 675 4875; x_wconf 64' lang='lat' dir='ltr'><strong>Detnine.</strong></span> <span class='ocrx_word' id='word_1_417' title='bbox 706 4820 799 4888; x_wconf 80' lang='lat' dir='ltr'><strong>fol.</strong></span> <span class='ocrx_word' id='word_1_418' title='bbox 832 4834 1016 4873; x_wconf 77' lang='lat' dir='ltr'><strong>cum.</strong></span> 
     </span>
    </p>
   </div>
   <div class='ocr_carea' id='block_1_68' title="bbox 267 4908 1804 4981">
    <p class='ocr_par' dir='ltr' id='par_1_68' title="bbox 267 4908 1804 4981">
     <span class='ocr_line' id='line_1_68' title="bbox 267 4908 1804 4981; baseline 0.001 -16"><span class='ocrx_word' id='word_1_419' title='bbox 267 4910 671 4981; x_wconf 82' lang='lat' dir='ltr'><strong>Antiphonal.</strong></span> <span class='ocrx_word' id='word_1_420' title='bbox 710 4911 770 4964; x_wconf 89' lang='lat' dir='ltr'><strong>lli</strong></span> <span class='ocrx_word' id='word_1_421' title='bbox 822 4920 971 4979; x_wconf 86' lang='lat' dir='ltr'><strong>sunt,</strong></span> <span class='ocrx_word' id='word_1_422' title='bbox 1027 4908 1117 4979; x_wconf 89' lang='lat' dir='ltr'><strong>qui</strong></span> <span class='ocrx_word' id='word_1_423' title='bbox 1166 4909 1314 4964; x_wconf 88' lang='lat' dir='ltr'><strong>missi</strong></span> <span class='ocrx_word' id='word_1_424' title='bbox 1346 4917 1473 4964; x_wconf 91' lang='lat' dir='ltr'><strong>sunt</strong></span> <span class='ocrx_word' id='word_1_425' title='bbox 1500 4924 1595 4979; x_wconf 82' lang='lat' dir='ltr'><strong>per</strong></span> <span class='ocrx_word' id='word_1_426' title='bbox 1619 4911 1804 4967; x_wconf 90' lang='lat' dir='ltr'><strong>orbem</strong></span> 
     </span>
    </p>
   </div>
   <div class='ocr_carea' id='block_1_69' title="bbox 188 5001 1806 5073">
    <p class='ocr_par' dir='ltr' id='par_1_69' title="bbox 188 5001 1806 5073">
     <span class='ocr_line' id='line_1_69' title="bbox 188 5001 1806 5073; baseline -0.001 -13"><span class='ocrx_word' id='word_1_427' title='bbox 188 5008 509 5071; x_wconf 69' lang='lat' dir='ltr'><strong>terrarum,</strong></span> <span class='ocrx_word' id='word_1_428' title='bbox 566 5010 621 5057; x_wconf 87' lang='lat' dir='ltr'><strong>et</strong></span> <span class='ocrx_word' id='word_1_429' title='bbox 651 5002 1055 5071; x_wconf 73' lang='lat' dir='ltr'><strong>prostraverunt</strong></span> <span class='ocrx_word' id='word_1_430' title='bbox 1099 5017 1158 5058; x_wconf 88' lang='lat' dir='ltr'><strong>se</strong></span> <span class='ocrx_word' id='word_1_431' title='bbox 1187 5011 1311 5057; x_wconf 87' lang='lat' dir='ltr'><strong>ante</strong></span> <span class='ocrx_word' id='word_1_432' title='bbox 1336 5001 1570 5073; x_wconf 82' lang='lat' dir='ltr'><strong>Agnum,</strong></span> <span class='ocrx_word' id='word_1_433' title='bbox 1598 5001 1665 5062; x_wconf 89' lang='lat' dir='ltr'><strong>P.</strong></span> <span class='ocrx_word' id='word_1_434' title='bbox 1696 5005 1806 5060; x_wconf 83' lang='lat' dir='ltr'><strong>Ha-</strong></span> 
     </span>
    </p>
   </div>
   <div class='ocr_carea' id='block_1_70' title="bbox 189 5094 1807 5166">
    <p class='ocr_par' dir='ltr' id='par_1_70' title="bbox 189 5094 1807 5166">
     <span class='ocr_line' id='line_1_70' title="bbox 189 5094 1807 5166; baseline 0.001 -13"><span class='ocrx_word' id='word_1_435' title='bbox 189 5097 400 5154; x_wconf 79' lang='lat' dir='ltr'><strong>bentes</strong></span> <span class='ocrx_word' id='word_1_436' title='bbox 434 5095 656 5166; x_wconf 83' lang='lat' dir='ltr'><strong>phialas</strong></span> <span class='ocrx_word' id='word_1_437' title='bbox 687 5094 878 5151; x_wconf 75' lang='lat' dir='ltr'><strong>aureas</strong></span> <span class='ocrx_word' id='word_1_438' title='bbox 901 5096 1086 5165; x_wconf 87' lang='lat' dir='ltr'><strong>plenas</strong></span> <span class='ocrx_word' id='word_1_439' title='bbox 1116 5095 1363 5163; x_wconf 83' lang='lat' dir='ltr'><strong>incénsu,</strong></span> <span class='ocrx_word' id='word_1_440' title='bbox 1397 5112 1515 5166; x_wconf 62' lang='lat' dir='ltr'><strong>quae</strong></span> <span class='ocrx_word' id='word_1_441' title='bbox 1546 5106 1674 5152; x_wconf 83' lang='lat' dir='ltr'><strong>sunt</strong></span> <span class='ocrx_word' id='word_1_442' title='bbox 1694 5113 1807 5154; x_wconf 87' lang='lat' dir='ltr'><strong>me-</strong></span> 
     </span>
    </p>
   </div>
   <div class='ocr_carea' id='block_1_71' title="bbox 185 5188 1804 5260">
    <p class='ocr_par' dir='ltr' id='par_1_71' title="bbox 185 5188 1804 5260">
     <span class='ocr_line' id='line_1_71' title="bbox 185 5188 1804 5260; baseline -0.001 -13"><span class='ocrx_word' id='word_1_443' title='bbox 185 5191 396 5247; x_wconf 73' lang='lat' dir='ltr'><strong>moria:</strong></span> <span class='ocrx_word' id='word_1_444' title='bbox 432 5188 1087 5253; x_wconf 76' lang='lat' dir='ltr'><strong>Sanctorum,cantantes</strong></span> <span class='ocrx_word' id='word_1_445' title='bbox 1115 5189 1381 5245; x_wconf 74' lang='lat' dir='ltr'><strong>canticum</strong></span> <span class='ocrx_word' id='word_1_446' title='bbox 1412 5205 1627 5245; x_wconf 85' lang='lat' dir='ltr'><strong>novum.</strong></span> <span class='ocrx_word' id='word_1_447' title='bbox 1649 5191 1683 5260; x_wconf 67' lang='grc' dir='ltr'><strong><em>Ῡ</em></strong></span> <span class='ocrx_word' id='word_1_448' title='bbox 1711 5233 1723 5245; x_wconf 91' lang='grc'><strong>.</strong></span> <span class='ocrx_word' id='word_1_449' title='bbox 1748 5192 1804 5246; x_wconf 90' lang='lat' dir='ltr'><strong>lu</strong></span> 
     </span>
    </p>
   </div>
   <div class='ocr_carea' id='block_1_72' title="bbox 189 5279 1805 5340">
    <p class='ocr_par' dir='ltr' id='par_1_72' title="bbox 189 5279 1805 5340">
     <span class='ocr_line' id='line_1_72' title="bbox 189 5279 1805 5340; baseline 0 -2"><span class='ocrx_word' id='word_1_450' title='bbox 189 5299 428 5338; x_wconf 88' lang='lat' dir='ltr'><strong>omnem</strong></span> <span class='ocrx_word' id='word_1_451' title='bbox 468 5290 675 5336; x_wconf 86' lang='lat' dir='ltr'><strong>terram</strong></span> <span class='ocrx_word' id='word_1_452' title='bbox 696 5279 860 5336; x_wconf 80' lang='lat' dir='ltr'><strong>exivit</strong></span> <span class='ocrx_word' id='word_1_453' title='bbox 886 5296 1049 5337; x_wconf 88' lang='lat' dir='ltr'><strong>sonus</strong></span> <span class='ocrx_word' id='word_1_454' title='bbox 1075 5282 1261 5337; x_wconf 74' lang='lat' dir='ltr'><strong>ecirum</strong></span> <span class='ocrx_word' id='word_1_455' title='bbox 1298 5300 1309 5334; x_wconf 89' lang='lat'>:</span> <span class='ocrx_word' id='word_1_456' title='bbox 1336 5291 1389 5336; x_wconf 90' lang='lat' dir='ltr'><strong>et</strong></span> <span class='ocrx_word' id='word_1_457' title='bbox 1413 5282 1469 5336; x_wconf 88' lang='lat' dir='ltr'><strong>in</strong></span> <span class='ocrx_word' id='word_1_458' title='bbox 1500 5284 1631 5337; x_wconf 89' lang='lat' dir='ltr'><strong>lines</strong></span> <span class='ocrx_word' id='word_1_459' title='bbox 1659 5282 1805 5340; x_wconf 88' lang='lat' dir='ltr'><strong>orbis</strong></span> 
     </span>
    </p>
   </div>
   <div class='ocr_carea' id='block_1_73' title="bbox 186 5372 1802 5445">
    <p class='ocr_par' dir='ltr' id='par_1_73' title="bbox 186 5372 1802 5445">
     <span class='ocr_line' id='line_1_73' title="bbox 186 5372 1802 5445; baseline -0.001 -12"><span class='ocrx_word' id='word_1_460' title='bbox 186 5386 362 5433; x_wconf 81' lang='lat' dir='ltr'><strong>terrae</strong></span> <span class='ocrx_word' id='word_1_461' title='bbox 389 5374 569 5431; x_wconf 84' lang='lat' dir='ltr'><strong>verba</strong></span> <span class='ocrx_word' id='word_1_462' title='bbox 586 5374 832 5430; x_wconf 75' lang='lat' dir='ltr'><strong>.illdrum.</strong></span> <span class='ocrx_word' id='word_1_463' title='bbox 863 5373 932 5429; x_wconf 91' lang='lat' dir='ltr'><strong>P.</strong></span> <span class='ocrx_word' id='word_1_464' title='bbox 964 5375 1232 5431; x_wconf 82' lang='lat' dir='ltr'><strong>llabéutes</strong></span> <span class='ocrx_word' id='word_1_465' title='bbox 1254 5374 1478 5445; x_wconf 86' lang='lat' dir='ltr'><strong>phialas.</strong></span> <span class='ocrx_word' id='word_1_466' title='bbox 1501 5374 1535 5444; x_wconf 63' lang='grc' dir='ltr'><em>ᾗ</em></span> <span class='ocrx_word' id='word_1_467' title='bbox 1559 5413 1572 5428; x_wconf 94' lang='grc'><strong>.</strong></span> <span class='ocrx_word' id='word_1_468' title='bbox 1597 5372 1802 5443; x_wconf 81' lang='lat' dir='ltr'><strong>Gloria,</strong></span> 
     </span>
    </p>
   </div>
   <div class='ocr_carea' id='block_1_74' title="bbox 184 5454 920 5526">
    <p class='ocr_par' dir='ltr' id='par_1_74' title="bbox 184 5454 920 5526">
     <span class='ocr_line' id='line_1_74' title="bbox 184 5454 920 5526; baseline -0.008 0"><span class='ocrx_word' id='word_1_469' title='bbox 184 5481 245 5526; x_wconf 84' lang='lat' dir='ltr'><strong>et</strong></span> <span class='ocrx_word' id='word_1_470' title='bbox 273 5454 491 5525; x_wconf 71' lang='lat' dir='ltr'><strong>honer.</strong></span> <span class='ocrx_word' id='word_1_471' title='bbox 528 5465 596 5521; x_wconf 88' lang='lat' dir='ltr'><strong>P.</strong></span> <span class='ocrx_word' id='word_1_472' title='bbox 632 5466 920 5523; x_wconf 82' lang='lat' dir='ltr'><strong>Habéntes.</strong></span> 
     </span>
    </p>
   </div>
   <div class='ocr_carea' id='block_1_75' title="bbox 267 5560 1803 5634">
    <p class='ocr_par' dir='ltr' id='par_1_75' title="bbox 267 5560 1803 5634">
     <span class='ocr_line' id='line_1_75' title="bbox 267 5560 1803 5634; baseline -0.001 -15"><span class='ocrx_word' id='word_1_473' title='bbox 267 5564 507 5619; x_wconf 72' lang='grc' dir='ltr'><strong>Ονὰιίο.</strong></span> <span class='ocrx_word' id='word_1_474' title='bbox 548 5560 607 5615; x_wconf 85' lang='lat' dir='ltr'><strong>Hi</strong></span> <span class='ocrx_word' id='word_1_475' title='bbox 653 5571 798 5629; x_wconf 71' lang='lat' dir='ltr'><strong>sunt,</strong></span> <span class='ocrx_word' id='word_1_476' title='bbox 856 5560 1105 5628; x_wconf 72' lang='lat' dir='ltr'><strong>Demine,</strong></span> <span class='ocrx_word' id='word_1_477' title='bbox 1152 5572 1356 5631; x_wconf 62' lang='lat' dir='ltr'><strong>septem</strong></span> <span class='ocrx_word' id='word_1_478' title='bbox 1414 5562 1603 5620; x_wconf 63' lang='lat' dir='ltr'><strong>inculte</strong></span> <span class='ocrx_word' id='word_1_479' title='bbox 1650 5563 1803 5634; x_wconf 81' lang='lat' dir='ltr'><strong>hujus</strong></span> 
     </span>
    </p>
   </div>
   <div class='ocr_carea' id='block_1_76' title="bbox 186 5652 1803 5726">
    <p class='ocr_par' dir='ltr' id='par_1_76' title="bbox 186 5652 1803 5726">
     <span class='ocr_line' id='line_1_76' title="bbox 186 5652 1803 5726; baseline 0.001 -15"><span class='ocrx_word' id='word_1_480' title='bbox 186 5655 491 5726; x_wconf 65' lang='lat' dir='ltr'><strong>Hesperia:</strong></span> <span class='ocrx_word' id='word_1_481' title='bbox 543 5653 737 5708; x_wconf 78' lang='lat' dir='ltr'><strong>ﬁnibus</strong></span> <span class='ocrx_word' id='word_1_482' title='bbox 785 5652 968 5709; x_wconf 62' lang='lat' dir='ltr'><strong>indita</strong></span> <span class='ocrx_word' id='word_1_483' title='bbox 1012 5653 1077 5707; x_wconf 88' lang='lat' dir='ltr'><strong>ad</strong></span> <span class='ocrx_word' id='word_1_484' title='bbox 1135 5654 1475 5723; x_wconf 71' lang='lat' dir='ltr'><strong>ellttgaudam</strong></span> <span class='ocrx_word' id='word_1_485' title='bbox 1507 5655 1623 5724; x_wconf 85' lang='lat' dir='ltr'><strong>ejus</strong></span> <span class='ocrx_word' id='word_1_486' title='bbox 1653 5665 1803 5712; x_wconf 75' lang='lat' dir='ltr'><strong>tetra:</strong></span> 
     </span>
    </p>
   </div>
   <div class='ocr_carea' id='block_1_77' title="bbox 180 5746 1801 5819">
    <p class='ocr_par' dir='ltr' id='par_1_77' title="bbox 180 5746 1801 5819">
     <span class='ocr_line' id='line_1_77' title="bbox 180 5746 1801 5819; baseline -0.004 -12"><span class='ocrx_word' id='word_1_487' title='bbox 180 5753 374 5807; x_wconf 82' lang='lat' dir='ltr'><strong>noctis</strong></span> <span class='ocrx_word' id='word_1_488' title='bbox 424 5746 806 5803; x_wconf 74' lang='lat' dir='ltr'><strong>inﬁdelitatem</strong></span> <span class='ocrx_word' id='word_1_489' title='bbox 861 5746 1076 5803; x_wconf 70' lang='lat' dir='ltr'><strong>coalitus</strong></span> <span class='ocrx_word' id='word_1_490' title='bbox 1125 5748 1346 5802; x_wconf 72' lang='lat' dir='ltr'><strong>missae:</strong></span> <span class='ocrx_word' id='word_1_491' title='bbox 1392 5746 1458 5803; x_wconf 89' lang='lat' dir='ltr'><strong>ob</strong></span> <span class='ocrx_word' id='word_1_492' title='bbox 1487 5747 1643 5817; x_wconf 87' lang='lat' dir='ltr'><strong>hujus</strong></span> <span class='ocrx_word' id='word_1_493' title='bbox 1673 5764 1801 5819; x_wconf 79' lang='lat' dir='ltr'><strong>ergo</strong></span> 
     </span>
    </p>
   </div>
   <div class='ocr_carea' id='block_1_78' title="bbox 182 5841 1795 5914">
    <p class='ocr_par' dir='ltr' id='par_1_78' title="bbox 182 5841 1795 5914">
     <span class='ocr_line' id='line_1_78' title="bbox 182 5841 1795 5914; baseline 0.001 -18"><span class='ocrx_word' id='word_1_494' title='bbox 182 5861 396 5901; x_wconf 83' lang='lat' dir='ltr'><strong>munus</strong></span> <span class='ocrx_word' id='word_1_495' title='bbox 430 5842 630 5914; x_wconf 73' lang='lat' dir='ltr'><strong>gratiae</strong></span> <span class='ocrx_word' id='word_1_496' title='bbox 681 5842 709 5895; x_wconf 70' lang='grc' dir='ltr'><strong>ἐι</strong></span> <span class='ocrx_word' id='word_1_497' title='bbox 760 5852 809 5898; x_wconf 88' lang='lat' dir='ltr'><strong>te</strong></span> <span class='ocrx_word' id='word_1_498' title='bbox 842 5841 995 5898; x_wconf 79' lang='lat' dir='ltr'><strong>nobis</strong></span> <span class='ocrx_word' id='word_1_499' title='bbox 1045 5841 1271 5899; x_wconf 68' lang='lat' dir='ltr'><strong>conlata:</strong></span> <span class='ocrx_word' id='word_1_500' title='bbox 1328 5843 1529 5898; x_wconf 70' lang='lat' dir='ltr'><strong>reﬁciat</strong></span> <span class='ocrx_word' id='word_1_501' title='bbox 1561 5858 1657 5899; x_wconf 92' lang='lat' dir='ltr'><strong>nos</strong></span> <span class='ocrx_word' id='word_1_502' title='bbox 1688 5841 1795 5897; x_wconf 80' lang='lat' dir='ltr'><strong>fra-</strong></span> 
     </span>
    </p>
   </div>
   <div class='ocr_carea' id='block_1_79' title="bbox 1926 1960 3509 2038">
    <p class='ocr_par' dir='ltr' id='par_1_79' title="bbox 1926 1960 3509 2038">
     <span class='ocr_line' id='line_1_79' title="bbox 1926 1960 3509 2038; baseline 0.008 -26"><span class='ocrx_word' id='word_1_503' title='bbox 1926 1975 2149 2028; x_wconf 74' lang='lat' dir='ltr'><strong>qunrum</strong></span> <span class='ocrx_word' id='word_1_504' title='bbox 2178 1971 2301 2015; x_wconf 92' lang='lat' dir='ltr'><strong>sunt</strong></span> <span class='ocrx_word' id='word_1_505' title='bbox 2326 1960 2489 2029; x_wconf 80' lang='lat' dir='ltr'><strong>opera</strong></span> <span class='ocrx_word' id='word_1_506' title='bbox 2524 1965 2707 2018; x_wconf 89' lang='lat' dir='ltr'><strong>multa.</strong></span> <span class='ocrx_word' id='word_1_507' title='bbox 2743 1962 2809 2020; x_wconf 89' lang='lat' dir='ltr'><strong>P.</strong></span> <span class='ocrx_word' id='word_1_508' title='bbox 2864 1966 3115 2034; x_wconf 77' lang='lat' dir='ltr'><strong>chdsita</strong></span> <span class='ocrx_word' id='word_1_509' title='bbox 3137 1968 3275 2038; x_wconf 84' lang='lat' dir='ltr'><strong>apud</strong></span> <span class='ocrx_word' id='word_1_510' title='bbox 3308 1979 3379 2034; x_wconf 92' lang='lat' dir='ltr'><strong>te,</strong></span> <span class='ocrx_word' id='word_1_511' title='bbox 3406 1968 3509 2024; x_wconf 83' lang='lat' dir='ltr'><strong>Do-</strong></span> 
     </span>
    </p>
   </div>
   <div class='ocr_carea' id='block_1_80' title="bbox 1926 2051 3504 2123">
    <p class='ocr_par' dir='ltr' id='par_1_80' title="bbox 1926 2051 3504 2123">
     <span class='ocr_line' id='line_1_80' title="bbox 1926 2051 3504 2123; baseline 0.008 -18"><span class='ocrx_word' id='word_1_512' title='bbox 1926 2051 2090 2107; x_wconf 83' lang='lat' dir='ltr'><strong>mine.</strong></span> <span class='ocrx_word' id='word_1_513' title='bbox 2130 2053 2163 2121; x_wconf 67' lang='grc' dir='ltr'><strong><em>Ῡ</em></strong></span> <span class='ocrx_word' id='word_1_514' title='bbox 2194 2094 2207 2108; x_wconf 85' lang='grc'><strong>.</strong></span> <span class='ocrx_word' id='word_1_515' title='bbox 2229 2052 2330 2118; x_wconf 86' lang='lat' dir='ltr'><strong>Qui</strong></span> <span class='ocrx_word' id='word_1_516' title='bbox 2357 2054 2635 2109; x_wconf 89' lang='lat' dir='ltr'><strong>conlidunt</strong></span> <span class='ocrx_word' id='word_1_517' title='bbox 2668 2056 2719 2111; x_wconf 92' lang='lat' dir='ltr'><strong>in</strong></span> <span class='ocrx_word' id='word_1_518' title='bbox 2750 2055 2996 2123; x_wconf 78' lang='lat' dir='ltr'><strong>Domino,</strong></span> <span class='ocrx_word' id='word_1_519' title='bbox 3026 2058 3161 2116; x_wconf 88' lang='lat' dir='ltr'><strong>sicut</strong></span> <span class='ocrx_word' id='word_1_520' title='bbox 3188 2076 3341 2116; x_wconf 88' lang='lat' dir='ltr'><strong>mons</strong></span> <span class='ocrx_word' id='word_1_521' title='bbox 3375 2061 3504 2117; x_wconf 89' lang='lat' dir='ltr'><strong>Sion</strong></span> 
     </span>
    </p>
   </div>
   <div class='ocr_carea' id='block_1_81' title="bbox 1924 2144 3499 2219">
    <p class='ocr_par' dir='ltr' id='par_1_81' title="bbox 1924 2144 3499 2219">
     <span class='ocr_line' id='line_1_81' title="bbox 1924 2144 3499 2219; baseline 0.008 -25"><span class='ocrx_word' id='word_1_522' title='bbox 1924 2158 2030 2196; x_wconf 88' lang='lat' dir='ltr'><strong>non</strong></span> <span class='ocrx_word' id='word_1_523' title='bbox 2063 2144 2487 2200; x_wconf 75' lang='lat' dir='ltr'><strong>commovebitur</strong></span> <span class='ocrx_word' id='word_1_524' title='bbox 2512 2146 2564 2200; x_wconf 91' lang='lat' dir='ltr'><strong>in</strong></span> <span class='ocrx_word' id='word_1_525' title='bbox 2606 2148 2889 2211; x_wconf 67' lang='lat' dir='ltr'><strong>aeternum.</strong></span> <span class='ocrx_word' id='word_1_526' title='bbox 2932 2151 3020 2219; x_wconf 89' lang='lat' dir='ltr'><strong>qui</strong></span> <span class='ocrx_word' id='word_1_527' title='bbox 3051 2150 3258 2205; x_wconf 75' lang='lat' dir='ltr'><strong>habitat</strong></span> <span class='ocrx_word' id='word_1_528' title='bbox 3284 2152 3339 2206; x_wconf 88' lang='lat' dir='ltr'><strong>in</strong></span> <span class='ocrx_word' id='word_1_529' title='bbox 3370 2152 3499 2208; x_wconf 79' lang='lat' dir='ltr'><strong>Hie-</strong></span> 
     </span>
    </p>
   </div>
   <div class='ocr_carea' id='block_1_82' title="bbox 1924 2233 3501 2307">
    <p class='ocr_par' dir='ltr' id='par_1_82' title="bbox 1924 2233 3501 2307">
     <span class='ocr_line' id='line_1_82' title="bbox 1924 2233 3501 2307; baseline 0.01 -22"><span class='ocrx_word' id='word_1_530' title='bbox 1924 2234 2179 2288; x_wconf 79' lang='lat' dir='ltr'><strong>rusalem.</strong></span> <span class='ocrx_word' id='word_1_531' title='bbox 2214 2233 2282 2290; x_wconf 92' lang='lat' dir='ltr'><strong>P.</strong></span> <span class='ocrx_word' id='word_1_532' title='bbox 2314 2235 2591 2306; x_wconf 69' lang='lat' dir='ltr'><strong>Reposito.</strong></span> <span class='ocrx_word' id='word_1_533' title='bbox 2628 2239 2698 2307; x_wconf 62' lang='grc' dir='ltr'><strong>ᾖ.</strong></span> <span class='ocrx_word' id='word_1_534' title='bbox 2742 2238 2944 2307; x_wconf 82' lang='lat' dir='ltr'><strong>Gloria,</strong></span> <span class='ocrx_word' id='word_1_535' title='bbox 2976 2249 3030 2297; x_wconf 90' lang='lat' dir='ltr'><strong>et</strong></span> <span class='ocrx_word' id='word_1_536' title='bbox 3070 2240 3261 2297; x_wconf 87' lang='lat' dir='ltr'><strong>honor.</strong></span> <span class='ocrx_word' id='word_1_537' title='bbox 3292 2241 3361 2297; x_wconf 85' lang='lat' dir='ltr'><strong>P.</strong></span> <span class='ocrx_word' id='word_1_538' title='bbox 3395 2244 3501 2301; x_wconf 73' lang='lat' dir='ltr'><strong>lte-</strong></span> 
     </span>
    </p>
   </div>
   <div class='ocr_carea' id='block_1_83' title="bbox 1925 2327 2963 2397">
    <p class='ocr_par' dir='ltr' id='par_1_83' title="bbox 1925 2327 2963 2397">
     <span class='ocr_line' id='line_1_83' title="bbox 1925 2327 2963 2397; baseline 0.001 -16"><span class='ocrx_word' id='word_1_539' title='bbox 1925 2327 2119 2397; x_wconf 74' lang='lat' dir='ltr'><strong>pdsita.</strong></span> <span class='ocrx_word' id='word_1_540' title='bbox 2960 2394 2963 2397; x_wconf 19' lang='grc' dir='ltr'><em>Α</em></span> 
     </span>
    </p>
   </div>
   <div class='ocr_carea' id='block_1_84' title="bbox 1995 2418 3507 2502">
    <p class='ocr_par' dir='ltr' id='par_1_84' title="bbox 1995 2418 3507 2502">
     <span class='ocr_line' id='line_1_84' title="bbox 1995 2418 3507 2502; baseline 0.009 -30"><span class='ocrx_word' id='word_1_541' title='bbox 1995 2418 2197 2474; x_wconf 65' lang='lat' dir='ltr'><strong>Oratio.</strong></span> <span class='ocrx_word' id='word_1_542' title='bbox 2243 2421 2388 2476; x_wconf 90' lang='lat' dir='ltr'><strong>Deus</strong></span> <span class='ocrx_word' id='word_1_543' title='bbox 2428 2422 2527 2478; x_wconf 88' lang='lat' dir='ltr'><strong>Dei</strong></span> <span class='ocrx_word' id='word_1_544' title='bbox 2565 2422 2755 2492; x_wconf 83' lang='lat' dir='ltr'><strong>Filius,</strong></span> <span class='ocrx_word' id='word_1_545' title='bbox 2803 2425 2983 2483; x_wconf 92' lang='lat' dir='ltr'><strong>lumen</strong></span> <span class='ocrx_word' id='word_1_546' title='bbox 3014 2427 3507 2502; x_wconf 57' lang='lat' dir='ltr'><strong>astrdrumJulgor</strong></span> 
     </span>
    </p>
   </div>
   <div class='ocr_carea' id='block_1_85' title="bbox 1920 2510 3507 2585">
    <p class='ocr_par' dir='ltr' id='par_1_85' title="bbox 1920 2510 3507 2585">
     <span class='ocr_line' id='line_1_85' title="bbox 1920 2510 3507 2585; baseline 0.009 -22"><span class='ocrx_word' id='word_1_547' title='bbox 1920 2510 2182 2578; x_wconf 88' lang='lat' dir='ltr'><strong>siderum,</strong></span> <span class='ocrx_word' id='word_1_548' title='bbox 2215 2513 2368 2567; x_wconf 89' lang='lat' dir='ltr'><strong>stella</strong></span> <span class='ocrx_word' id='word_1_549' title='bbox 2400 2514 2678 2583; x_wconf 74' lang='lat' dir='ltr'><strong>splendida</strong></span> <span class='ocrx_word' id='word_1_550' title='bbox 2710 2526 2766 2572; x_wconf 89' lang='lat' dir='ltr'><strong>et</strong></span> <span class='ocrx_word' id='word_1_551' title='bbox 2802 2520 3085 2585; x_wconf 85' lang='lat' dir='ltr'><strong>matutina,</strong></span> <span class='ocrx_word' id='word_1_552' title='bbox 3118 2520 3337 2575; x_wconf 73' lang='lat' dir='ltr'><strong>claritas</strong></span> <span class='ocrx_word' id='word_1_553' title='bbox 3361 2535 3507 2576; x_wconf 86' lang='lat' dir='ltr'><strong>sem-</strong></span> 
     </span>
    </p>
   </div>
   <div class='ocr_carea' id='block_1_86' title="bbox 1923 2601 3500 2677">
    <p class='ocr_par' dir='ltr' id='par_1_86' title="bbox 1923 2601 3500 2677">
     <span class='ocr_line' id='line_1_86' title="bbox 1923 2601 3500 2677; baseline 0.007 -22"><span class='ocrx_word' id='word_1_554' title='bbox 1923 2601 2151 2670; x_wconf 82' lang='lat' dir='ltr'><strong>pi:é;na,</strong></span> <span class='ocrx_word' id='word_1_555' title='bbox 2178 2612 2230 2657; x_wconf 76' lang='lat' dir='ltr'><strong>ct</strong></span> <span class='ocrx_word' id='word_1_556' title='bbox 2251 2605 2560 2659; x_wconf 83' lang='lat' dir='ltr'><strong>sanctorum</strong></span> <span class='ocrx_word' id='word_1_557' title='bbox 2593 2606 2824 2660; x_wconf 85' lang='lat' dir='ltr'><strong>eruditio</strong></span> <span class='ocrx_word' id='word_1_558' title='bbox 2855 2609 3092 2677; x_wconf 78' lang='lat' dir='ltr'><strong>copidsa,</strong></span> <span class='ocrx_word' id='word_1_559' title='bbox 3146 2610 3357 2672; x_wconf 82' lang='lat' dir='ltr'><strong>erudiat</strong></span> <span class='ocrx_word' id='word_1_560' title='bbox 3380 2626 3500 2677; x_wconf 84' lang='lat' dir='ltr'><strong>nos,</strong></span> 
     </span>
    </p>
   </div>
   <div class='ocr_carea' id='block_1_87' title="bbox 1920 2696 3499 2770">
    <p class='ocr_par' dir='ltr' id='par_1_87' title="bbox 1920 2696 3499 2770">
     <span class='ocr_line' id='line_1_87' title="bbox 1920 2696 3499 2770; baseline 0.008 -24"><span class='ocrx_word' id='word_1_561' title='bbox 1920 2709 2252 2764; x_wconf 66' lang='lat' dir='ltr'><strong>quwsumus,</strong></span> <span class='ocrx_word' id='word_1_562' title='bbox 2279 2696 2499 2765; x_wconf 63' lang='lat' dir='ltr'><strong>justitiaa</strong></span> <span class='ocrx_word' id='word_1_563' title='bbox 2525 2709 2629 2753; x_wconf 67' lang='lat' dir='ltr'><strong>tuae</strong></span> <span class='ocrx_word' id='word_1_564' title='bbox 2659 2700 2804 2770; x_wconf 77' lang='lat' dir='ltr'><strong>virga</strong></span> <span class='ocrx_word' id='word_1_565' title='bbox 2838 2715 2933 2770; x_wconf 87' lang='lat' dir='ltr'><strong>per</strong></span> <span class='ocrx_word' id='word_1_566' title='bbox 2954 2703 3261 2757; x_wconf 78' lang='lat' dir='ltr'><strong>sanctorum</strong></span> <span class='ocrx_word' id='word_1_567' title='bbox 3286 2704 3499 2760; x_wconf 73' lang='lat' dir='ltr'><strong>tudrum</strong></span> 
     </span>
    </p>
   </div>
   <div class='ocr_carea' id='block_1_88' title="bbox 1918 2787 3499 2859">
    <p class='ocr_par' dir='ltr' id='par_1_88' title="bbox 1918 2787 3499 2859">
     <span class='ocr_line' id='line_1_88' title="bbox 1918 2787 3499 2859; baseline 0.004 -17"><span class='ocrx_word' id='word_1_568' title='bbox 1918 2787 2173 2858; x_wconf 74' lang='lat' dir='ltr'><strong>Torquati</strong></span> <span class='ocrx_word' id='word_1_569' title='bbox 2196 2800 2249 2845; x_wconf 90' lang='lat' dir='ltr'><strong>et</strong></span> <span class='ocrx_word' id='word_1_570' title='bbox 2272 2790 2554 2846; x_wconf 80' lang='lat' dir='ltr'><strong>Sociorum</strong></span> <span class='ocrx_word' id='word_1_571' title='bbox 2584 2793 2700 2859; x_wconf 69' lang='lat' dir='ltr'><strong>ejus</strong></span> <span class='ocrx_word' id='word_1_572' title='bbox 2725 2793 3164 2849; x_wconf 79' lang='lat' dir='ltr'><strong>intercessionem</strong></span> <span class='ocrx_word' id='word_1_573' title='bbox 3192 2795 3459 2851; x_wconf 85' lang='lat' dir='ltr'><strong>assiduam</strong></span> <span class='ocrx_word' id='word_1_574' title='bbox 3488 2814 3499 2849; x_wconf 92' lang='lat'>:</span> 
     </span>
    </p>
   </div>
   <div class='ocr_carea' id='block_1_89' title="bbox 1918 2881 3502 2953">
    <p class='ocr_par' dir='ltr' id='par_1_89' title="bbox 1918 2881 3502 2953">
     <span class='ocr_line' id='line_1_89' title="bbox 1918 2881 3502 2953; baseline 0.006 -20"><span class='ocrx_word' id='word_1_575' title='bbox 1918 2881 2128 2949; x_wconf 86' lang='lat' dir='ltr'><strong>sicque,</strong></span> <span class='ocrx_word' id='word_1_576' title='bbox 2183 2881 2325 2950; x_wconf 89' lang='lat' dir='ltr'><strong>quod</strong></span> <span class='ocrx_word' id='word_1_577' title='bbox 2376 2882 2803 2951; x_wconf 66' lang='lat' dir='ltr'><strong>prmdicavéruut</strong></span> <span class='ocrx_word' id='word_1_578' title='bbox 2859 2884 3138 2953; x_wconf 76' lang='lat' dir='ltr'><strong>splendide</strong></span> <span class='ocrx_word' id='word_1_579' title='bbox 3180 2887 3502 2953; x_wconf 76' lang='lat' dir='ltr'><strong>inluminati,</strong></span> 
     </span>
    </p>
   </div>
   <div class='ocr_carea' id='block_1_90' title="bbox 1920 2974 3505 3048">
    <p class='ocr_par' dir='ltr' id='par_1_90' title="bbox 1920 2974 3505 3048">
     <span class='ocr_line' id='line_1_90' title="bbox 1920 2974 3505 3048; baseline 0.005 -22"><span class='ocrx_word' id='word_1_580' title='bbox 1920 2974 2129 3044; x_wconf 76' lang='lat' dir='ltr'><strong>agendo</strong></span> <span class='ocrx_word' id='word_1_581' title='bbox 2159 2974 2456 3030; x_wconf 62' lang='lat' dir='ltr'><strong>existAmus</strong></span> <span class='ocrx_word' id='word_1_582' title='bbox 2486 2976 2684 3037; x_wconf 88' lang='lat' dir='ltr'><strong>corde;</strong></span> <span class='ocrx_word' id='word_1_583' title='bbox 2720 2985 2775 3029; x_wconf 91' lang='lat' dir='ltr'><strong>ut</strong></span> <span class='ocrx_word' id='word_1_584' title='bbox 2815 2976 2880 3030; x_wconf 87' lang='lat' dir='ltr'><strong>ad</strong></span> <span class='ocrx_word' id='word_1_585' title='bbox 2930 2976 3079 3041; x_wconf 90' lang='lat' dir='ltr'><strong>illud,</strong></span> <span class='ocrx_word' id='word_1_586' title='bbox 3112 2978 3253 3047; x_wconf 92' lang='lat' dir='ltr'><strong>quod</strong></span> <span class='ocrx_word' id='word_1_587' title='bbox 3284 2980 3422 3048; x_wconf 88' lang='lat' dir='ltr'><strong>apud</strong></span> <span class='ocrx_word' id='word_1_588' title='bbox 3454 2991 3505 3033; x_wconf 83' lang='lat' dir='ltr'><strong>to</strong></span> 
     </span>
    </p>
   </div>
   <div class='ocr_carea' id='block_1_91' title="bbox 1918 3066 3503 3137">
    <p class='ocr_par' dir='ltr' id='par_1_91' title="bbox 1918 3066 3503 3137">
     <span class='ocr_line' id='line_1_91' title="bbox 1918 3066 3503 3137; baseline 0.006 -18"><span class='ocrx_word' id='word_1_589' title='bbox 1918 3066 2216 3135; x_wconf 83' lang='lat' dir='ltr'><strong>repositum</strong></span> <span class='ocrx_word' id='word_1_590' title='bbox 2250 3074 2332 3121; x_wconf 86' lang='lat' dir='ltr'><strong>est</strong></span> <span class='ocrx_word' id='word_1_591' title='bbox 2377 3068 2538 3137; x_wconf 91' lang='lat' dir='ltr'><strong>(quod</strong></span> <span class='ocrx_word' id='word_1_592' title='bbox 2570 3068 2757 3123; x_wconf 68' lang='lat' dir='ltr'><strong>Oculus</strong></span> <span class='ocrx_word' id='word_1_593' title='bbox 2789 3085 2893 3124; x_wconf 88' lang='lat' dir='ltr'><strong>non</strong></span> <span class='ocrx_word' id='word_1_594' title='bbox 2926 3070 3075 3137; x_wconf 85' lang='lat' dir='ltr'><strong>vidit,</strong></span> <span class='ocrx_word' id='word_1_595' title='bbox 3109 3085 3207 3126; x_wconf 90' lang='lat' dir='ltr'><strong>nec</strong></span> <span class='ocrx_word' id='word_1_596' title='bbox 3236 3073 3378 3127; x_wconf 91' lang='lat' dir='ltr'><strong>auris</strong></span> <span class='ocrx_word' id='word_1_597' title='bbox 3405 3088 3503 3128; x_wconf 83' lang='lat' dir='ltr'><strong>au-</strong></span> 
     </span>
    </p>
   </div>
   <div class='ocr_carea' id='block_1_92' title="bbox 1919 3157 3499 3229">
    <p class='ocr_par' dir='ltr' id='par_1_92' title="bbox 1919 3157 3499 3229">
     <span class='ocr_line' id='line_1_92' title="bbox 1919 3157 3499 3229; baseline 0.004 -17"><span class='ocrx_word' id='word_1_598' title='bbox 1919 3159 2072 3227; x_wconf 79' lang='lat' dir='ltr'><strong>divit)</strong></span> <span class='ocrx_word' id='word_1_599' title='bbox 2105 3167 2218 3227; x_wconf 89' lang='lat' dir='ltr'><strong>post</strong></span> <span class='ocrx_word' id='word_1_600' title='bbox 2254 3157 2457 3213; x_wconf 77' lang='lat' dir='ltr'><strong>obitum</strong></span> <span class='ocrx_word' id='word_1_601' title='bbox 2492 3160 2812 3215; x_wconf 70' lang='lat' dir='ltr'><strong>accedamus</strong></span> <span class='ocrx_word' id='word_1_602' title='bbox 2854 3161 3154 3229; x_wconf 75' lang='lat' dir='ltr'><strong>indemnes,</strong></span> <span class='ocrx_word' id='word_1_603' title='bbox 3201 3172 3255 3217; x_wconf 88' lang='lat' dir='ltr'><strong>et</strong></span> <span class='ocrx_word' id='word_1_604' title='bbox 3289 3162 3319 3216; x_wconf 76' lang='lat' dir='ltr'><strong>a</strong></span> <span class='ocrx_word' id='word_1_605' title='bbox 3362 3178 3499 3218; x_wconf 77' lang='lat' dir='ltr'><strong>nexu</strong></span> 
     </span>
    </p>
   </div>
   <div class='ocr_carea' id='block_1_93' title="bbox 1924 3250 2861 3321">
    <p class='ocr_par' dir='ltr' id='par_1_93' title="bbox 1924 3250 2861 3321">
     <span class='ocr_line' id='line_1_93' title="bbox 1924 3250 2861 3321; baseline 0.002 -16"><span class='ocrx_word' id='word_1_606' title='bbox 1924 3250 2292 3320; x_wconf 77' lang='lat' dir='ltr'><strong>peccaminum</strong></span> <span class='ocrx_word' id='word_1_607' title='bbox 2340 3250 2515 3305; x_wconf 90' lang='lat' dir='ltr'><strong>liberi.</strong></span> <span class='ocrx_word' id='word_1_608' title='bbox 2564 3252 2638 3321; x_wconf 65' lang='grc' dir='ltr'><strong>ἡ.</strong></span> <span class='ocrx_word' id='word_1_609' title='bbox 2671 3255 2861 3307; x_wconf 81' lang='lat' dir='ltr'><strong>Amen.</strong></span> 
     </span>
    </p>
   </div>
   <div class='ocr_carea' id='block_1_94' title="bbox 1990 3340 2562 3396">
    <p class='ocr_par' dir='ltr' id='par_1_94' title="bbox 1990 3340 2562 3396">
     <span class='ocr_line' id='line_1_94' title="bbox 1990 3340 2562 3396; baseline 0.002 -1"><span class='ocrx_word' id='word_1_610' title='bbox 1990 3340 2091 3395; x_wconf 80' lang='lat' dir='ltr'><strong>Per</strong></span> <span class='ocrx_word' id='word_1_611' title='bbox 2118 3340 2562 3396; x_wconf 76' lang='lat' dir='ltr'><strong>misericdrdiam.</strong></span> 
     </span>
    </p>
   </div>
   <div class='ocr_carea' id='block_1_95' title="bbox 2004 3431 3501 3503">
    <p class='ocr_par' dir='ltr' id='par_1_95' title="bbox 2004 3431 3501 3503">
     <span class='ocr_line' id='line_1_95' title="bbox 2004 3431 3501 3503; baseline 0 -13"><span class='ocrx_word' id='word_1_612' title='bbox 2004 3431 2041 3490; x_wconf 62' lang='grc' dir='ltr'><strong>ἢ</strong></span> <span class='ocrx_word' id='word_1_613' title='bbox 2066 3472 2081 3487; x_wconf 91' lang='grc'><strong>.</strong></span> <span class='ocrx_word' id='word_1_614' title='bbox 2111 3431 2317 3498; x_wconf 88' lang='lat' dir='ltr'><strong>Sancti,</strong></span> <span class='ocrx_word' id='word_1_615' title='bbox 2350 3435 2436 3503; x_wconf 90' lang='lat' dir='ltr'><strong>qui</strong></span> <span class='ocrx_word' id='word_1_616' title='bbox 2466 3432 2517 3486; x_wconf 91' lang='lat' dir='ltr'><strong>in</strong></span> <span class='ocrx_word' id='word_1_617' title='bbox 2546 3432 2750 3502; x_wconf 70' lang='lat' dir='ltr'><strong>justitia</strong></span> <span class='ocrx_word' id='word_1_618' title='bbox 2796 3433 3102 3489; x_wconf 71' lang='lat' dir='ltr'><strong>erudierunt</strong></span> <span class='ocrx_word' id='word_1_619' title='bbox 3150 3434 3361 3502; x_wconf 83' lang='lat' dir='ltr'><strong>multos,</strong></span> <span class='ocrx_word' id='word_1_620' title='bbox 3399 3435 3501 3490; x_wconf 53' lang='lat' dir='ltr'><strong>lui.</strong></span> 
     </span>
    </p>
   </div>
   <div class='ocr_carea' id='block_1_96' title="bbox 1917 3523 3494 3596">
    <p class='ocr_par' dir='ltr' id='par_1_96' title="bbox 1917 3523 3494 3596">
     <span class='ocr_line' id='line_1_96' title="bbox 1917 3523 3494 3596; baseline 0.003 -17"><span class='ocrx_word' id='word_1_621' title='bbox 1917 3524 2133 3596; x_wconf 82' lang='lat' dir='ltr'><strong>gébunt,</strong></span> <span class='ocrx_word' id='word_1_622' title='bbox 2166 3524 2308 3581; x_wconf 91' lang='lat' dir='ltr'><strong>sicut</strong></span> <span class='ocrx_word' id='word_1_623' title='bbox 2337 3524 2587 3595; x_wconf 81' lang='lat' dir='ltr'><strong>Splendor</strong></span> <span class='ocrx_word' id='word_1_624' title='bbox 2618 3523 2959 3580; x_wconf 75' lang='lat' dir='ltr'><strong>firmamenti.</strong></span> <span class='ocrx_word' id='word_1_625' title='bbox 2992 3525 3061 3583; x_wconf 87' lang='grc' dir='ltr'><strong>Ρ.</strong></span> <span class='ocrx_word' id='word_1_626' title='bbox 3086 3528 3148 3581; x_wconf 87' lang='lat' dir='ltr'><strong>Et</strong></span> <span class='ocrx_word' id='word_1_627' title='bbox 3174 3529 3494 3583; x_wconf 73' lang='lat' dir='ltr'><strong>sicutstella:</strong></span> 
     </span>
    </p>
   </div>
   <div class='ocr_carea' id='block_1_97' title="bbox 1915 3618 3495 3689">
    <p class='ocr_par' dir='ltr' id='par_1_97' title="bbox 1915 3618 3495 3689">
     <span class='ocr_line' id='line_1_97' title="bbox 1915 3618 3495 3689; baseline 0.002 -16"><span class='ocrx_word' id='word_1_628' title='bbox 1915 3619 2040 3674; x_wconf 74' lang='lat' dir='ltr'><strong>cmli</strong></span> <span class='ocrx_word' id='word_1_629' title='bbox 2074 3620 2122 3671; x_wconf 91' lang='lat' dir='ltr'><strong>in</strong></span> <span class='ocrx_word' id='word_1_630' title='bbox 2149 3619 2401 3688; x_wconf 77' lang='lat' dir='ltr'><strong>perpetua</strong></span> <span class='ocrx_word' id='word_1_631' title='bbox 2433 3618 2746 3674; x_wconf 67' lang='lat' dir='ltr'><strong>aeternitate.</strong></span> <span class='ocrx_word' id='word_1_632' title='bbox 2796 3619 2827 3689; x_wconf 59' lang='grc' dir='ltr'><em>ᾗ</em></span> <span class='ocrx_word' id='word_1_633' title='bbox 2855 3659 2867 3672; x_wconf 92' lang='grc'><strong>.</strong></span> <span class='ocrx_word' id='word_1_634' title='bbox 2902 3618 2990 3673; x_wconf 91' lang='lat' dir='ltr'><strong>Isti</strong></span> <span class='ocrx_word' id='word_1_635' title='bbox 3032 3629 3156 3674; x_wconf 88' lang='lat' dir='ltr'><strong>sunt</strong></span> <span class='ocrx_word' id='word_1_636' title='bbox 3180 3620 3276 3675; x_wconf 85' lang='lat' dir='ltr'><strong>viri</strong></span> <span class='ocrx_word' id='word_1_637' title='bbox 3306 3622 3495 3685; x_wconf 86' lang='lat' dir='ltr'><strong>sancti,</strong></span> 
     </span>
    </p>
   </div>
   <div class='ocr_carea' id='block_1_98' title="bbox 1916 3710 3497 3781">
    <p class='ocr_par' dir='ltr' id='par_1_98' title="bbox 1916 3710 3497 3781">
     <span class='ocr_line' id='line_1_98' title="bbox 1916 3710 3497 3781; baseline 0.004 -20"><span class='ocrx_word' id='word_1_638' title='bbox 1916 3727 2051 3781; x_wconf 73' lang='lat' dir='ltr'><strong>quos</strong></span> <span class='ocrx_word' id='word_1_639' title='bbox 2078 3712 2239 3781; x_wconf 77' lang='lat' dir='ltr'><strong>elegit</strong></span> <span class='ocrx_word' id='word_1_640' title='bbox 2288 3710 2546 3765; x_wconf 81' lang='lat' dir='ltr'><strong>Dominus</strong></span> <span class='ocrx_word' id='word_1_641' title='bbox 2577 3712 2633 3765; x_wconf 89' lang='lat' dir='ltr'><strong>in</strong></span> <span class='ocrx_word' id='word_1_642' title='bbox 2681 3710 2943 3767; x_wconf 76' lang='lat' dir='ltr'><strong>charitate</strong></span> <span class='ocrx_word' id='word_1_643' title='bbox 2990 3727 3095 3766; x_wconf 92' lang='lat' dir='ltr'><strong>non</strong></span> <span class='ocrx_word' id='word_1_644' title='bbox 3147 3710 3299 3777; x_wconf 89' lang='lat' dir='ltr'><strong>licta;</strong></span> <span class='ocrx_word' id='word_1_645' title='bbox 3340 3723 3393 3767; x_wconf 88' lang='lat' dir='ltr'><strong>et</strong></span> <span class='ocrx_word' id='word_1_646' title='bbox 3429 3713 3497 3767; x_wconf 86' lang='lat' dir='ltr'><strong>ab</strong></span> 
     </span>
    </p>
   </div>
   <div class='ocr_carea' id='block_1_99' title="bbox 1918 3801 3492 3870">
    <p class='ocr_par' dir='ltr' id='par_1_99' title="bbox 1918 3801 3492 3870">
     <span class='ocr_line' id='line_1_99' title="bbox 1918 3801 3492 3870; baseline 0 -13"><span class='ocrx_word' id='word_1_647' title='bbox 1918 3804 2106 3857; x_wconf 73' lang='lat' dir='ltr'><strong>cdrum</strong></span> <span class='ocrx_word' id='word_1_648' title='bbox 2131 3801 2381 3858; x_wconf 77' lang='lat' dir='ltr'><strong>doctrina</strong></span> <span class='ocrx_word' id='word_1_649' title='bbox 2416 3801 2581 3870; x_wconf 73' lang='lat' dir='ltr'><strong>fulget</strong></span> <span class='ocrx_word' id='word_1_650' title='bbox 2626 3801 2888 3868; x_wconf 77' lang='lat' dir='ltr'><strong>Ecclesia,</strong></span> <span class='ocrx_word' id='word_1_651' title='bbox 2917 3812 2974 3856; x_wconf 97' lang='lat' dir='ltr'><strong>ut</strong></span> <span class='ocrx_word' id='word_1_652' title='bbox 2996 3802 3111 3868; x_wconf 91' lang='lat' dir='ltr'><strong>Sol,</strong></span> <span class='ocrx_word' id='word_1_653' title='bbox 3146 3812 3199 3858; x_wconf 88' lang='lat' dir='ltr'><strong>et</strong></span> <span class='ocrx_word' id='word_1_654' title='bbox 3230 3801 3399 3858; x_wconf 87' lang='lat' dir='ltr'><strong>Luna.</strong></span> <span class='ocrx_word' id='word_1_655' title='bbox 3426 3801 3492 3858; x_wconf 86' lang='lat' dir='ltr'><strong>P.</strong></span> 
     </span>
    </p>
   </div>
   <div class='ocr_carea' id='block_1_100' title="bbox 1918 3892 3501 3966">
    <p class='ocr_par' dir='ltr' id='par_1_100' title="bbox 1918 3892 3501 3966">
     <span class='ocr_line' id='line_1_100' title="bbox 1918 3892 3501 3966; baseline 0.001 -16"><span class='ocrx_word' id='word_1_656' title='bbox 1918 3896 1984 3950; x_wconf 85' lang='lat' dir='ltr'><strong>Et</strong></span> <span class='ocrx_word' id='word_1_657' title='bbox 2036 3897 2175 3952; x_wconf 88' lang='lat' dir='ltr'><strong>sicut</strong></span> <span class='ocrx_word' id='word_1_658' title='bbox 2222 3895 2412 3952; x_wconf 58' lang='lat' dir='ltr'><strong>stellas.</strong></span> <span class='ocrx_word' id='word_1_659' title='bbox 2475 3896 2551 3966; x_wconf 69' lang='grc' dir='ltr'><strong>Ῡ.</strong></span> <span class='ocrx_word' id='word_1_660' title='bbox 2603 3894 2809 3962; x_wconf 79' lang='lat' dir='ltr'><strong>Gloria,</strong></span> <span class='ocrx_word' id='word_1_661' title='bbox 2858 3906 2911 3952; x_wconf 89' lang='lat' dir='ltr'><strong>et</strong></span> <span class='ocrx_word' id='word_1_662' title='bbox 2938 3894 3129 3951; x_wconf 84' lang='lat' dir='ltr'><strong>honor.</strong></span> <span class='ocrx_word' id='word_1_663' title='bbox 3176 3892 3243 3949; x_wconf 86' lang='grc' dir='ltr'><strong>Ρ.</strong></span> <span class='ocrx_word' id='word_1_664' title='bbox 3271 3895 3336 3950; x_wconf 84' lang='grc' dir='ltr'><strong>Ει</strong></span> <span class='ocrx_word' id='word_1_665' title='bbox 3364 3895 3501 3951; x_wconf 87' lang='lat' dir='ltr'><strong>sicut</strong></span> 
     </span>
    </p>
   </div>
   <div class='ocr_carea' id='block_1_101' title="bbox 1915 3988 2103 4043">
    <p class='ocr_par' dir='ltr' id='par_1_101' title="bbox 1915 3988 2103 4043">
     <span class='ocr_line' id='line_1_101' title="bbox 1915 3988 2103 4043; baseline 0 0"><span class='ocrx_word' id='word_1_666' title='bbox 1915 3988 2103 4043; x_wconf 72' lang='lat' dir='ltr'><strong>stellre.</strong></span> 
     </span>
    </p>
   </div>
   <div class='ocr_carea' id='block_1_102' title="bbox 1992 4078 3497 4149">
    <p class='ocr_par' dir='ltr' id='par_1_102' title="bbox 1992 4078 3497 4149">
     <span class='ocr_line' id='line_1_102' title="bbox 1992 4078 3497 4149; baseline 0 -15"><span class='ocrx_word' id='word_1_667' title='bbox 1992 4080 2189 4134; x_wconf 80' lang='lat' dir='ltr'><strong>Unitio.</strong></span> <span class='ocrx_word' id='word_1_668' title='bbox 2220 4079 2456 4143; x_wconf 90' lang='lat' dir='ltr'><strong>Christe,</strong></span> <span class='ocrx_word' id='word_1_669' title='bbox 2489 4079 2582 4134; x_wconf 82' lang='lat' dir='ltr'><strong>Dei</strong></span> <span class='ocrx_word' id='word_1_670' title='bbox 2616 4078 2805 4145; x_wconf 84' lang='lat' dir='ltr'><strong>Filius,</strong></span> <span class='ocrx_word' id='word_1_671' title='bbox 2841 4079 2929 4149; x_wconf 90' lang='lat' dir='ltr'><strong>qui</strong></span> <span class='ocrx_word' id='word_1_672' title='bbox 2960 4079 3183 4134; x_wconf 87' lang='lat' dir='ltr'><strong>Sauctos</strong></span> <span class='ocrx_word' id='word_1_673' title='bbox 3207 4087 3327 4135; x_wconf 89' lang='lat' dir='ltr'><strong>tuos</strong></span> <span class='ocrx_word' id='word_1_674' title='bbox 3359 4094 3497 4149; x_wconf 79' lang='lat' dir='ltr'><strong>pra:-</strong></span> 
     </span>
    </p>
   </div>
   <div class='ocr_carea' id='block_1_103' title="bbox 1917 4172 3493 4241">
    <p class='ocr_par' dir='ltr' id='par_1_103' title="bbox 1917 4172 3493 4241">
     <span class='ocr_line' id='line_1_103' title="bbox 1917 4172 3493 4241; baseline -0.001 -13"><span class='ocrx_word' id='word_1_675' title='bbox 1917 4175 2115 4239; x_wconf 89' lang='lat' dir='ltr'><strong>sciens,</strong></span> <span class='ocrx_word' id='word_1_676' title='bbox 2147 4182 2271 4229; x_wconf 91' lang='lat' dir='ltr'><strong>ante</strong></span> <span class='ocrx_word' id='word_1_677' title='bbox 2300 4172 2483 4227; x_wconf 88' lang='lat' dir='ltr'><strong>mundi</strong></span> <span class='ocrx_word' id='word_1_678' title='bbox 2524 4172 2964 4226; x_wconf 79' lang='lat' dir='ltr'><strong>constitutidnem</strong></span> <span class='ocrx_word' id='word_1_679' title='bbox 2996 4188 3088 4225; x_wconf 87' lang='lat' dir='ltr'><strong>eos</strong></span> <span class='ocrx_word' id='word_1_680' title='bbox 3132 4172 3304 4241; x_wconf 72' lang='lat' dir='ltr'><strong>eligis,</strong></span> <span class='ocrx_word' id='word_1_681' title='bbox 3357 4183 3409 4227; x_wconf 92' lang='lat' dir='ltr'><strong>et</strong></span> <span class='ocrx_word' id='word_1_682' title='bbox 3442 4173 3493 4227; x_wconf 89' lang='lat' dir='ltr'><strong>in</strong></span> 
     </span>
    </p>
   </div>
   <div class='ocr_carea' id='block_1_104' title="bbox 1918 4261 3497 4334">
    <p class='ocr_par' dir='ltr' id='par_1_104' title="bbox 1918 4261 3497 4334">
     <span class='ocr_line' id='line_1_104' title="bbox 1918 4261 3497 4334; baseline -0.003 -13"><span class='ocrx_word' id='word_1_683' title='bbox 1918 4264 2236 4334; x_wconf 73' lang='lat' dir='ltr'><strong>exemplum</strong></span> <span class='ocrx_word' id='word_1_684' title='bbox 2262 4274 2500 4317; x_wconf 90' lang='lat' dir='ltr'><strong>nostrum</strong></span> <span class='ocrx_word' id='word_1_685' title='bbox 2548 4262 2633 4315; x_wconf 84' lang='lat' dir='ltr'><strong>hic</strong></span> <span class='ocrx_word' id='word_1_686' title='bbox 2678 4277 2773 4317; x_wconf 87' lang='lat' dir='ltr'><strong>eos</strong></span> <span class='ocrx_word' id='word_1_687' title='bbox 2816 4263 3131 4325; x_wconf 84' lang='lat' dir='ltr'><strong>constituis;</strong></span> <span class='ocrx_word' id='word_1_688' title='bbox 3177 4263 3256 4314; x_wconf 88' lang='lat' dir='ltr'><strong>lae</strong></span> <span class='ocrx_word' id='word_1_689' title='bbox 3298 4276 3393 4315; x_wconf 91' lang='lat' dir='ltr'><strong>nos</strong></span> <span class='ocrx_word' id='word_1_690' title='bbox 3423 4261 3497 4316; x_wconf 89' lang='lat' dir='ltr'><strong>ita</strong></span> 
     </span>
    </p>
   </div>
   <div class='ocr_carea' id='block_1_105' title="bbox 1919 4353 3495 4426">
    <p class='ocr_par' dir='ltr' id='par_1_105' title="bbox 1919 4353 3495 4426">
     <span class='ocr_line' id='line_1_105' title="bbox 1919 4353 3495 4426; baseline -0.004 -11"><span class='ocrx_word' id='word_1_691' title='bbox 1919 4358 2238 4415; x_wconf 72' lang='lat' dir='ltr'><strong>Sanctérum</strong></span> <span class='ocrx_word' id='word_1_692' title='bbox 2297 4355 2714 4426; x_wconf 81' lang='lat' dir='ltr'><strong>praedicaménto</strong></span> <span class='ocrx_word' id='word_1_693' title='bbox 2766 4353 3075 4409; x_wconf 85' lang='lat' dir='ltr'><strong>obediéntes</strong></span> <span class='ocrx_word' id='word_1_694' title='bbox 3120 4353 3374 4421; x_wconf 81' lang='lat' dir='ltr'><strong>existere,</strong></span> <span class='ocrx_word' id='word_1_695' title='bbox 3434 4364 3495 4409; x_wconf 90' lang='lat' dir='ltr'><strong>ut</strong></span> 
     </span>
    </p>
   </div>
   <div class='ocr_carea' id='block_1_106' title="bbox 1917 4446 3495 4519">
    <p class='ocr_par' dir='ltr' id='par_1_106' title="bbox 1917 4446 3495 4519">
     <span class='ocr_line' id='line_1_106' title="bbox 1917 4446 3495 4519; baseline 0 -15"><span class='ocrx_word' id='word_1_696' title='bbox 1917 4448 2207 4519; x_wconf 74' lang='lat' dir='ltr'><strong>adoptione</strong></span> <span class='ocrx_word' id='word_1_697' title='bbox 2249 4448 2480 4503; x_wconf 76' lang='lat' dir='ltr'><strong>lilidrum</strong></span> <span class='ocrx_word' id='word_1_698' title='bbox 2527 4457 2645 4517; x_wconf 87' lang='lat' dir='ltr'><strong>post</strong></span> <span class='ocrx_word' id='word_1_699' title='bbox 2693 4457 2935 4501; x_wconf 88' lang='lat' dir='ltr'><strong>nostrum</strong></span> <span class='ocrx_word' id='word_1_700' title='bbox 2964 4446 3163 4501; x_wconf 83' lang='lat' dir='ltr'><strong>obitum</strong></span> <span class='ocrx_word' id='word_1_701' title='bbox 3196 4448 3495 4504; x_wconf 74' lang='lat' dir='ltr'><strong>mereamur</strong></span> 
     </span>
    </p>
   </div>
   <div class='ocr_carea' id='block_1_107' title="bbox 1837 4538 2998 4623">
    <p class='ocr_par' dir='ltr' id='par_1_107' title="bbox 1837 4538 2998 4623">
     <span class='ocr_line' id='line_1_107' title="bbox 1837 4538 2998 4623; baseline -0.002 -28"><span class='ocrx_word' id='word_1_702' title='bbox 1837 4560 1891 4623; x_wconf 77' lang='grc' dir='ltr'><strong>ι)</strong></span> <span class='ocrx_word' id='word_1_703' title='bbox 1918 4542 2194 4611; x_wconf 74' lang='lat' dir='ltr'><strong>cumpotes</strong></span> <span class='ocrx_word' id='word_1_704' title='bbox 2213 4555 2353 4596; x_wconf 89' lang='lat' dir='ltr'><strong>esse.</strong></span> <span class='ocrx_word' id='word_1_705' title='bbox 2379 4539 2649 4613; x_wconf 75' lang='lat' dir='ltr'><strong>[ccum]</strong></span> <span class='ocrx_word' id='word_1_706' title='bbox 2697 4538 2732 4605; x_wconf 56' lang='lat' dir='ltr'><strong>ti</strong></span> <span class='ocrx_word' id='word_1_707' title='bbox 2756 4579 2770 4592; x_wconf 95' lang='lat'><strong>.</strong></span> <span class='ocrx_word' id='word_1_708' title='bbox 2809 4538 2998 4593; x_wconf 84' lang='lat' dir='ltr'><strong>Arnen.</strong></span> 
     </span>
    </p>
   </div>
   <div class='ocr_carea' id='block_1_108' title="bbox 1990 4629 2558 4688">
    <p class='ocr_par' dir='ltr' id='par_1_108' title="bbox 1990 4629 2558 4688">
     <span class='ocr_line' id='line_1_108' title="bbox 1990 4629 2558 4688; baseline -0.007 0"><span class='ocrx_word' id='word_1_709' title='bbox 1990 4632 2092 4688; x_wconf 87' lang='lat' dir='ltr'><strong>Per</strong></span> <span class='ocrx_word' id='word_1_710' title='bbox 2114 4629 2558 4687; x_wconf 78' lang='lat' dir='ltr'><strong>misericdrdiam.</strong></span> 
     </span>
    </p>
   </div>
   <div class='ocr_carea' id='block_1_109' title="bbox 2514 4717 2893 4773">
    <p class='ocr_par' dir='ltr' id='par_1_109' title="bbox 2514 4717 2893 4773">
     <span class='ocr_line' id='line_1_109' title="bbox 2514 4717 2893 4773; baseline 0 -1"><span class='ocrx_word' id='word_1_711' title='bbox 2514 4718 2581 4772; x_wconf 82' lang='lat' dir='ltr'><strong>In</strong></span> <span class='ocrx_word' id='word_1_712' title='bbox 2612 4717 2893 4773; x_wconf 75' lang='lat' dir='ltr'><strong>Ldudibus.</strong></span> 
     </span>
    </p>
   </div>
   <div class='ocr_carea' id='block_1_110' title="bbox 1986 4810 3497 4881">
    <p class='ocr_par' dir='ltr' id='par_1_110' title="bbox 1986 4810 3497 4881">
     <span class='ocr_line' id='line_1_110' title="bbox 1986 4810 3497 4881; baseline -0.001 -13"><span class='ocrx_word' id='word_1_713' title='bbox 1986 4813 2066 4868; x_wconf 79' lang='lat' dir='ltr'><strong>Ad</strong></span> <span class='ocrx_word' id='word_1_714' title='bbox 2109 4812 2399 4867; x_wconf 80' lang='lat' dir='ltr'><strong>Cdnticum.</strong></span> <span class='ocrx_word' id='word_1_715' title='bbox 2448 4811 2768 4881; x_wconf 81' lang='lat' dir='ltr'><strong>Antiphona.</strong></span> <span class='ocrx_word' id='word_1_716' title='bbox 2817 4810 2915 4877; x_wconf 90' lang='lat' dir='ltr'><strong>Qui</strong></span> <span class='ocrx_word' id='word_1_717' title='bbox 2964 4810 3175 4881; x_wconf 71' lang='lat' dir='ltr'><strong>propria</strong></span> <span class='ocrx_word' id='word_1_718' title='bbox 3220 4811 3497 4867; x_wconf 71' lang='lat' dir='ltr'><strong>voluntiite</strong></span> 
     </span>
    </p>
   </div>
   <div class='ocr_carea' id='block_1_111' title="bbox 1914 4901 3496 4969">
    <p class='ocr_par' dir='ltr' id='par_1_111' title="bbox 1914 4901 3496 4969">
     <span class='ocr_line' id='line_1_111' title="bbox 1914 4901 3496 4969; baseline -0.002 -10"><span class='ocrx_word' id='word_1_719' title='bbox 1914 4905 2181 4960; x_wconf 86' lang='lat' dir='ltr'><strong>obtulistis</strong></span> <span class='ocrx_word' id='word_1_720' title='bbox 2229 4918 2325 4959; x_wconf 91' lang='lat' dir='ltr'><strong>vos</strong></span> <span class='ocrx_word' id='word_1_721' title='bbox 2371 4902 2693 4969; x_wconf 88' lang='lat' dir='ltr'><strong>discrimini,</strong></span> <span class='ocrx_word' id='word_1_722' title='bbox 2722 4903 3022 4958; x_wconf 87' lang='lat' dir='ltr'><strong>benedicite</strong></span> <span class='ocrx_word' id='word_1_723' title='bbox 3058 4901 3342 4958; x_wconf 71' lang='lat' dir='ltr'><strong>Detniuum</strong></span> <span class='ocrx_word' id='word_1_724' title='bbox 3371 4919 3496 4959; x_wconf 76' lang='lat' dir='ltr'><strong>nar-</strong></span> 
     </span>
    </p>
   </div>
   <div class='ocr_carea' id='block_1_112' title="bbox 1913 4994 3414 5066">
    <p class='ocr_par' dir='ltr' id='par_1_112' title="bbox 1913 4994 3414 5066">
     <span class='ocr_line' id='line_1_112' title="bbox 1913 4994 3414 5066; baseline -0.003 -12"><span class='ocrx_word' id='word_1_725' title='bbox 1913 4998 2099 5054; x_wconf 73' lang='lat' dir='ltr'><strong>rantes</strong></span> <span class='ocrx_word' id='word_1_726' title='bbox 2116 4994 2350 5066; x_wconf 90' lang='lat' dir='ltr'><strong>justitias</strong></span> <span class='ocrx_word' id='word_1_727' title='bbox 2377 4995 2493 5064; x_wconf 90' lang='lat' dir='ltr'><strong>ejus</strong></span> <span class='ocrx_word' id='word_1_728' title='bbox 2521 5003 2577 5050; x_wconf 87' lang='lat' dir='ltr'><strong>et</strong></span> <span class='ocrx_word' id='word_1_729' title='bbox 2604 4994 2943 5051; x_wconf 76' lang='lat' dir='ltr'><strong>clementiam</strong></span> <span class='ocrx_word' id='word_1_730' title='bbox 2972 4998 3022 5049; x_wconf 92' lang='lat' dir='ltr'><strong>in</strong></span> <span class='ocrx_word' id='word_1_731' title='bbox 3048 4996 3209 5051; x_wconf 89' lang='lat' dir='ltr'><strong>lortes</strong></span> <span class='ocrx_word' id='word_1_732' title='bbox 3234 4996 3414 5051; x_wconf 81' lang='lat' dir='ltr'><strong>lsraél.</strong></span> 
     </span>
    </p>
   </div>
   <div class='ocr_carea' id='block_1_113' title="bbox 1985 5072 3262 5158">
    <p class='ocr_par' dir='ltr' id='par_1_113' title="bbox 1985 5072 3262 5158">
     <span class='ocr_line' id='line_1_113' title="bbox 1985 5072 3262 5158; baseline -0.005 -12"><span class='ocrx_word' id='word_1_733' title='bbox 1985 5090 2279 5146; x_wconf 71' lang='lat' dir='ltr'><strong>comicum.</strong></span> <span class='ocrx_word' id='word_1_734' title='bbox 2304 5090 2405 5157; x_wconf 89' lang='lat' dir='ltr'><strong>Qui</strong></span> <span class='ocrx_word' id='word_1_735' title='bbox 2429 5088 2623 5158; x_wconf 75' lang='lat' dir='ltr'><strong>sponte</strong></span> <span class='ocrx_word' id='word_1_736' title='bbox 2643 5072 2931 5144; x_wconf 76' lang='lat' dir='ltr'><strong>obtulistis.</strong></span> <span class='ocrx_word' id='word_1_737' title='bbox 2955 5086 3049 5158; x_wconf 77' lang='lat' dir='ltr'><strong>fol.</strong></span> <span class='ocrx_word' id='word_1_738' title='bbox 3078 5102 3262 5143; x_wconf 78' lang='lat' dir='ltr'><strong>cum.</strong></span> 
     </span>
    </p>
   </div>
   <div class='ocr_carea' id='block_1_114' title="bbox 1984 5179 3487 5251">
    <p class='ocr_par' dir='ltr' id='par_1_114' title="bbox 1984 5179 3487 5251">
     <span class='ocr_line' id='line_1_114' title="bbox 1984 5179 3487 5251; baseline -0.002 -14"><span class='ocrx_word' id='word_1_739' title='bbox 1984 5186 2062 5237; x_wconf 82' lang='lat' dir='ltr'><strong>Ad</strong></span> <span class='ocrx_word' id='word_1_740' title='bbox 2085 5182 2415 5237; x_wconf 80' lang='lat' dir='ltr'><strong>Benedictus.</strong></span> <span class='ocrx_word' id='word_1_741' title='bbox 2442 5183 2761 5251; x_wconf 73' lang='lat' dir='ltr'><strong>Antipliona.</strong></span> <span class='ocrx_word' id='word_1_742' title='bbox 2780 5182 2958 5237; x_wconf 84' lang='lat' dir='ltr'><strong>Sancti</strong></span> <span class='ocrx_word' id='word_1_743' title='bbox 2982 5189 3036 5235; x_wconf 85' lang='lat' dir='ltr'><strong>el</strong></span> <span class='ocrx_word' id='word_1_744' title='bbox 3058 5179 3285 5235; x_wconf 77' lang='lat' dir='ltr'><strong>humiles</strong></span> <span class='ocrx_word' id='word_1_745' title='bbox 3305 5180 3487 5246; x_wconf 80' lang='lat' dir='ltr'><strong>corde,</strong></span> 
     </span>
    </p>
   </div>
   <div class='ocr_carea' id='block_1_115' title="bbox 1912 5270 3484 5349">
    <p class='ocr_par' dir='ltr' id='par_1_115' title="bbox 1912 5270 3484 5349">
     <span class='ocr_line' id='line_1_115' title="bbox 1912 5270 3484 5349; baseline -0.006 -15"><span class='ocrx_word' id='word_1_746' title='bbox 1912 5278 2132 5349; x_wconf 82' lang='lat' dir='ltr'><strong>spiritus</strong></span> <span class='ocrx_word' id='word_1_747' title='bbox 2160 5285 2215 5332; x_wconf 88' lang='lat' dir='ltr'><strong>et</strong></span> <span class='ocrx_word' id='word_1_748' title='bbox 2253 5275 2445 5331; x_wconf 74' lang='lat' dir='ltr'><strong>anitna:</strong></span> <span class='ocrx_word' id='word_1_749' title='bbox 2488 5276 2777 5346; x_wconf 80' lang='lat' dir='ltr'><strong>justorutn,</strong></span> <span class='ocrx_word' id='word_1_750' title='bbox 2830 5270 3127 5329; x_wconf 83' lang='lat' dir='ltr'><strong>benedicite</strong></span> <span class='ocrx_word' id='word_1_751' title='bbox 3179 5270 3484 5326; x_wconf 69' lang='lat' dir='ltr'><strong>Deminum.</strong></span> 
     </span>
    </p>
   </div>
   <div class='ocr_carea' id='block_1_116' title="bbox 1928 5361 3488 5444">
    <p class='ocr_par' dir='ltr' id='par_1_116' title="bbox 1928 5361 3488 5444">
     <span class='ocr_line' id='line_1_116' title="bbox 1928 5361 3488 5444; baseline -0.004 -17"><span class='ocrx_word' id='word_1_752' title='bbox 1928 5376 1961 5444; x_wconf 65' lang='grc' dir='ltr'><em>ᾖ</em></span> <span class='ocrx_word' id='word_1_753' title='bbox 1988 5416 1999 5427; x_wconf 91' lang='grc'><strong>.</strong></span> <span class='ocrx_word' id='word_1_754' title='bbox 2028 5370 2185 5439; x_wconf 75' lang='lat' dir='ltr'><strong>lusu,</strong></span> <span class='ocrx_word' id='word_1_755' title='bbox 2216 5380 2268 5426; x_wconf 89' lang='lat' dir='ltr'><strong>et</strong></span> <span class='ocrx_word' id='word_1_756' title='bbox 2293 5370 2601 5426; x_wconf 71' lang='lat' dir='ltr'><strong>sacerdiites</strong></span> <span class='ocrx_word' id='word_1_757' title='bbox 2629 5366 2797 5424; x_wconf 90' lang='lat' dir='ltr'><strong>sancti</strong></span> <span class='ocrx_word' id='word_1_758' title='bbox 2831 5376 2886 5421; x_wconf 89' lang='lat' dir='ltr'><strong>et</strong></span> <span class='ocrx_word' id='word_1_759' title='bbox 2916 5363 3148 5419; x_wconf 79' lang='lat' dir='ltr'><strong>humiles</strong></span> <span class='ocrx_word' id='word_1_760' title='bbox 3176 5361 3359 5431; x_wconf 84' lang='lat' dir='ltr'><strong>corde,</strong></span> <span class='ocrx_word' id='word_1_761' title='bbox 3392 5363 3488 5420; x_wconf 84' lang='lat' dir='ltr'><strong>be-</strong></span> 
     </span>
    </p>
   </div>
   <div class='ocr_carea' id='block_1_117' title="bbox 1915 5463 2481 5522">
    <p class='ocr_par' dir='ltr' id='par_1_117' title="bbox 1915 5463 2481 5522">
     <span class='ocr_line' id='line_1_117' title="bbox 1915 5463 2481 5522; baseline -0.011 0"><span class='ocrx_word' id='word_1_762' title='bbox 1915 5466 2145 5522; x_wconf 90' lang='lat' dir='ltr'><strong>nedicite</strong></span> <span class='ocrx_word' id='word_1_763' title='bbox 2173 5463 2481 5519; x_wconf 82' lang='lat' dir='ltr'><strong>Dominum.</strong></span> 
     </span>
    </p>
   </div>
   <div class='ocr_carea' id='block_1_118' title="bbox 1983 5545 3482 5625">
    <p class='ocr_par' dir='ltr' id='par_1_118' title="bbox 1983 5545 3482 5625">
     <span class='ocr_line' id='line_1_118' title="bbox 1983 5545 3482 5625; baseline -0.011 -10"><span class='ocrx_word' id='word_1_764' title='bbox 1983 5558 2275 5625; x_wconf 63' lang='lat' dir='ltr'><strong>Canticum.</strong></span> <span class='ocrx_word' id='word_1_765' title='bbox 2313 5551 2630 5611; x_wconf 86' lang='lat' dir='ltr'><strong>Benedictus</strong></span> <span class='ocrx_word' id='word_1_766' title='bbox 2679 5564 2757 5616; x_wconf 90' lang='lat' dir='ltr'><strong>es,</strong></span> <span class='ocrx_word' id='word_1_767' title='bbox 2803 5547 3045 5603; x_wconf 72' lang='lat' dir='ltr'><strong>Domine.</strong></span> <span class='ocrx_word' id='word_1_768' title='bbox 3090 5548 3182 5617; x_wconf 74' lang='lat' dir='ltr'><strong>fol.</strong></span> <span class='ocrx_word' id='word_1_769' title='bbox 3234 5545 3287 5601; x_wconf 82' lang='lat'><strong>6.</strong></span> <span class='ocrx_word' id='word_1_770' title='bbox 3320 5545 3482 5607; x_wconf 82' lang='lat' dir='ltr'><strong>Sono.</strong></span> 
     </span>
    </p>
   </div>
   <div class='ocr_carea' id='block_1_119' title="bbox 1913 5641 3487 5713">
    <p class='ocr_par' dir='ltr' id='par_1_119' title="bbox 1913 5641 3487 5713">
     <span class='ocr_line' id='line_1_119' title="bbox 1913 5641 3487 5713; baseline -0.008 -6"><span class='ocrx_word' id='word_1_771' title='bbox 1913 5653 2158 5707; x_wconf 82' lang='lat' dir='ltr'><strong>Alleluia.</strong></span> <span class='ocrx_word' id='word_1_772' title='bbox 2190 5649 2247 5705; x_wconf 90' lang='lat' dir='ltr'><strong>In</strong></span> <span class='ocrx_word' id='word_1_773' title='bbox 2270 5663 2483 5704; x_wconf 88' lang='lat' dir='ltr'><strong>omnem</strong></span> <span class='ocrx_word' id='word_1_774' title='bbox 2514 5657 2730 5699; x_wconf 85' lang='lat' dir='ltr'><strong>terram.</strong></span> <span class='ocrx_word' id='word_1_775' title='bbox 2778 5645 2960 5710; x_wconf 68' lang='lat' dir='ltr'><strong>Quare</strong></span> <span class='ocrx_word' id='word_1_776' title='bbox 2992 5643 3119 5696; x_wconf 79' lang='lat' dir='ltr'><strong>retro</strong></span> <span class='ocrx_word' id='word_1_777' title='bbox 3161 5644 3212 5697; x_wconf 86' lang='lat' dir='ltr'><strong>in</strong></span> <span class='ocrx_word' id='word_1_778' title='bbox 3248 5641 3487 5713; x_wconf 74' lang='lat' dir='ltr'><strong>Vésperis</strong></span> 
     </span>
    </p>
   </div>
   <div class='ocr_carea' id='block_1_120' title="bbox 1911 5748 2328 5824">
    <p class='ocr_par' dir='ltr' id='par_1_120' title="bbox 1911 5748 2328 5824">
     <span class='ocr_line' id='line_1_120' title="bbox 1911 5748 2328 5824; baseline -0.019 -19"><span class='ocrx_word' id='word_1_779' title='bbox 1911 5748 2328 5824; x_wconf 78' lang='lat' dir='ltr'><strong>prwcedéntibus.</strong></span> 
     </span>
    </p>
   </div>
   <div class='ocr_carea' id='block_1_121' title="bbox 1984 5828 3485 5899">
    <p class='ocr_par' dir='ltr' id='par_1_121' title="bbox 1984 5828 3485 5899">
     <span class='ocr_line' id='line_1_121' title="bbox 1984 5828 3485 5899; baseline -0.011 -1"><span class='ocrx_word' id='word_1_780' title='bbox 1984 5842 2183 5899; x_wconf 82' lang='lat' dir='ltr'><strong>Lauda.</strong></span> <span class='ocrx_word' id='word_1_781' title='bbox 2218 5840 2451 5896; x_wconf 65' lang='lat' dir='ltr'><strong>Laudine</strong></span> <span class='ocrx_word' id='word_1_782' title='bbox 2473 5836 2756 5893; x_wconf 69' lang='lat' dir='ltr'><strong>Demittunt</strong></span> <span class='ocrx_word' id='word_1_783' title='bbox 2787 5835 2851 5891; x_wconf 78' lang='lat' dir='ltr'><strong>tle</strong></span> <span class='ocrx_word' id='word_1_784' title='bbox 2878 5836 3024 5891; x_wconf 75' lang='lat' dir='ltr'><strong>cmlis</strong></span> <span class='ocrx_word' id='word_1_785' title='bbox 3074 5832 3323 5899; x_wconf 74' lang='lat' dir='ltr'><strong>Alleluia,</strong></span> <span class='ocrx_word' id='word_1_786' title='bbox 3355 5828 3485 5883; x_wconf 69' lang='lat' dir='ltr'><strong>alle&lt;</strong></span> 
     </span>
    </p>
   </div>
  </div>
