3948 6378
204 376 331 429 ΗΠ

1313 370 1794 426 SANCTOl’tALE.
1828 401 1896 411 —
1935 372 2154 430 FESTA
2199 377 2361 431 ΜΛΙΙ.

3328 395 3462 452 ms

195 493 472 561 feliciaque
503 487 594 561 [Ρ.
627 485 905 559 felicitate]
946 487 1062 542 sine
1106 487 1209 542 fine
1243 487 1574 544 laetabundus
1620 487 1767 542 oblo-
1797 490 1847 544 A
1875 487 2002 544 sita
2035 493 2194 546 rectis
2224 493 2428 548 sémitis
2453 496 2708 565 deviare;
2755 501 2853 567 Qui
2902 519 3030 575 ergo
3073 520 3178 562 non
3222 521 3320 563 suo
3365 511 3458 566 sed

192 596 318 643 ctet.
365 586 401 653 (ἢ
422 622 439 639 .
470 585 665 638 Amen.

261 680 360 734 Per
383 674 808 732 misericordiam
839 668 1029 743 ipsius.

258 769 459 824 Lauda.
493 766 740 822 Alleluia.
772 762 1080 820 Benedictio
1101 763 1214 832 ejus
1238 764 1374 818 sicut
1397 763 1588 817 fluvius
1612 761 1768 816 intin-

190 870 321 924 dans
349 867 402 922 in
435 865 627 920 throno
652 863 897 918 honoris.
924 861 995 914 P.
1039 858 1228 914 Docuit
1259 860 1610 926 sapientiam;
1653 857 1769 912 hzec

189 960 528 1030 omniajusto
554 959 608 1013 in
635 959 796 1012 bono.
830 954 1077 1010 Alleluia.
1122 955 1191 1023 ᾗ.
1240 953 1378 1006 Ecce
1420 951 1498 1007 sic
1545 951 1767 1004 benedi-

188 1058 336 1111 catur
363 1054 543 1118 homo,
577 1051 668 1122 qui
698 1051 848 1105 timet
880 1049 1186 1103 Dominum.
1217 1045 1282 1101 P.
1314 1045 1505 1100 Docuit
1547 1042 1764 1110 sapien-

188 1149 336 1204 tiam.
372 1148 408 1216 ᾖ
433 1187 446 1199 .
479 1144 684 1210 Gloria,
716 1152 771 1198 et
799 1145 968 1198 honor
994 1141 1159 1196 Patri.
1208 1139 1274 1192 P.
1317 1138 1507 1194 Docuit
1547 1135 1764 1192 sauiéu-

189 1240 336 1294 tiam.

255 1330 454 1388 Orétio.
478 1327 624 1382 Felix
647 1333 849 1396 martyr
868 1333 1008 1388 tuus,
1035 1323 1277 1386 Domine,
1301 1335 1458 1391 quem
1481 1319 1665 1387 utique
1691 1317 1766 1370 fe-

182 1423 339 1480 licem
352 1436 470 1478 esse
486 1431 541 1476 et
565 1417 782 1474 nomine
805 1415 1015 1472 voluisti
1039 1425 1093 1472 et
1117 1414 1328 1480 merito,
1345 1428 1442 1467 suo
1460 1428 1557 1466 nos
1576 1409 1764 1464 suffra-

181 1516 265 1586 gio
303 1514 510 1570 tueatur
538 1512 589 1566 in
619 1510 849 1574 saeculo;
878 1519 934 1562 ut
959 1509 1079 1563 cum
1107 1506 1317 1562 tristitia
1347 1505 1507 1559 animi
1531 1515 1584 1557 et
1607 1505 1648 1556 si
1670 1503 1766 1556 fuit

183 1605 549 1675 temporaliter
574 1617 694 1674 qua:
737 1600 1038 1666 accideret,
1066 1615 1170 1654 non
1200 1607 1376 1653 tamen
1406 1595 1609 1660 extitit,
1643 1608 1763 1663 qua:

181 1699 440 1753 noceret:
485 1695 750 1750 tristitiam
807 1694 1104 1749 nocituram
1161 1689 1194 1745 a
1260 1689 1457 1744 nostris
1509 1686 1763 1742 cordibus

178 1789 274 1844 sua
305 1785 621 1844 submoveat
647 1800 837 1856 prece;
867 1792 944 1850 ut,
976 1784 1064 1855 qui
1096 1783 1244 1838 illum
1279 1781 1496 1837 nomine
1547 1780 1761 1836 heredi-

1879 590 1968 636 tuo
1997 585 2219 640 munere
2252 584 2516 642 felicitatis
2541 588 2699 659 hujus
2741 598 3037 662 promeruit
3082 599 3303 665 donum,
3338 618 3461 658 nos-

1878 681 1972 725 tra-
1996 671 2324 731 infelicitatis
2354 677 2465 732 suis
2495 680 2743 748 precibus
2770 685 3014 758 detérgat
3058 690 3406 760 opprobrium
3445 713 3454 745 :

1874 765 2000 834 quo,
2030 768 2158 821 tanti
2187 767 2437 839 Martyris
2487 771 2682 828 ducatu
2731 776 2785 831 in
2835 781 3028 836 saacula
3077 782 3376 849 gubernati,
3405 796 3458 839 et

1875 856 2202 915 voluntatem
2225 863 2478 932 peccandi
2503 867 2808 924 nesciamus
2833 870 3052 938 habere,
3078 883 3132 928 et
3161 885 3457 946 transgres-

1875 949 2043 1004 siOnis
2074 953 2256 1022 eulpas
2289 956 2590 1023 ignoremus
2623 961 2898 1029 perficere.
2937 964 2975 1032 (ἢ
2997 1001 3012 1018 .
3047 966 3238 1022 Amen.

1949 1042 2046 1100 Per
2076 1045 2495 1102 misericordiam
2530 1060 2696 1117 tuam,
2719 1063 2825 1108 etc.

1963 1134 1994 1199 ιζ
2021 1175 2035 1188 .
2064 1135 2204 1190 Felix
2235 1139 2333 1204 vir,
2366 1143 2452 1208 qui
2489 1141 2732 1196 inventus
2754 1144 2970 1200 estsine
3002 1146 3208 1202 macula
3235 1167 3247 1202 :
3281 1161 3334 1204 et
3363 1151 3456 1221 qui

1876 1239 1994 1298 post
2034 1246 2222 1285 aurum
2250 1248 2354 1287 non
2386 1234 2545 1301 abiit,
2578 1253 2678 1290 nec
2724 1240 2958 1307 speravit
3005 1241 3055 1294 in
3104 1244 3356 1310 pecunias
3405 1253 3460 1298 et

1875 1324 2173 1380 thesauros.
2207 1325 2273 1381 Ρ.
2305 1327 2435 1392 Quis
2479 1338 2562 1385 est
2611 1329 2718 1396 hic,
2753 1331 3087 1389 laudabimus
3134 1351 3279 1400 eum,
3334 1335 3460 1390 fecit

1874 1416 2134 1470 mirabilia
2159 1418 2210 1471 in
2238 1418 2341 1473 vita
2372 1435 2511 1474 sua:
2560 1425 2630 1490 Ῡ.
2687 1422 2810 1478 Ideo
2861 1426 3096 1480 stabilita
3143 1436 3269 1482 sunt
3315 1428 3454 1482 dona

1873 1507 1990 1580 ejus
2015 1509 2066 1563 in
2094 1510 2202 1565 Deo
2223 1526 2344 1577 suo,
2370 1521 2425 1566 et
2452 1513 2824 1586 eleémosynas
2857 1518 2998 1571 illius
3039 1520 3313 1573 enarravit
3357 1519 3461 1574 Ec-

1873 1602 2032 1656 clésia
2058 1604 2386 1658 sanctorum.
2418 1605 2484 1660 Ρ.
2519 1606 2647 1672 Quis
2671 1619 2772 1664 est.
2816 1611 2846 1678 Ῡ
2874 1647 2889 1663 .
2938 1610 3140 1676 Gloria,
3165 1622 3218 1666 et
3260 1613 3452 1668 honor.

1873 1693 1940 1749 P.
1974 1695 2103 1763 Quis
2131 1706 2233 1751 est.

1949 1789 2152 1844 Oratio.
2207 1791 2348 1847 Deus
2397 1801 2586 1847 auctor
2638 1792 2906 1850 felicitatis
2963 1795 3210 1860 mtérnre,
3261 1797 3351 1865 qui
3401 1796 3452 1851 in

179 1881 298 1938 tosti
339 1879 563 1946 aeterno,
609 1892 730 1944 nos,
758 1892 828 1934 ne
858 1877 1160 1947 pereamus,
1213 1873 1477 1946 supplicio
1526 1873 1763 1945 digneris
1801 1861 1848 1920 Β
1877 1889 2077 1936 tantum
2109 1881 2280 1936 fecisti
2306 1883 2537 1938 Felicem
2573 1883 2864 1954 martyrem
2897 1895 3042 1938 tuum
3069 1900 3190 1939 esse
3220 1861 3451 1951 felicem,

177 1973 404 2030 liberare
434 1971 712 2042 perpetuo.
754 1971 790 2040 (ἢ
812 2008 826 2023 .
859 1973 1052 2025 Amen.

242 2065 350 2119 Per
370 2061 794 2117 misericordiam
833 2071 998 2116 tuam.

245 2153 304 2210 In
332 2152 550 2209 nomine
573 2151 785 2206 Domini
814 2151 983 2205 nostri
1013 2151 1140 2207 Jesu
1165 2150 1386 2206 Christi.

745 2242 826 2296 Ad
857 2240 1192 2296 Matutinum.

242 2339 566 2408 Antiphoua.
616 2335 783 2391 Labia
825 2350 963 2400 mea,
1021 2333 1276 2399 Domine,
1330 2333 1558 2402 apéries.
1610 2333 1764 2386 Psal-

174 2448 286 2485 mus
335 2445 388 2484 ι.
440 2428 642 2483 Oratio.
696 2427 993 2494 Exultent,
1050 2426 1300 2496 Domine,
1360 2427 1496 2482 labia
1553 2436 1758 2481 nostra.

176 2521 303 2590 [alio
333 2520 422 2576 60.

242 2613 544 2682 Antiphona
575 2613 623 2666 i.
658 2613 806 2668 Felix
838 2613 889 2667 in
922 2611 1090 2682 gloria
1121 2619 1206 2667 est
1254 2611 1544 2665 imitandus
1589 2611 1640 2665 in
1697 2611 1762 2664 ti-

173 2707 324 2760 mure
352 2705 598 2772 Domini;
631 2702 700 2760 P.
729 2703 860 2774 Quia
889 2705 942 2760 in
974 2704 1232 2772 bonitate,
1255 2714 1307 2760 et
1337 2704 1615 2758 alacritate
1641 2703 1758 2758 ani-

173 2798 240 2852 mi
268 2797 818 2868 placuitDeolsraél.
883 2799 956 2866 Ῡ.
1007 2797 1062 2851 In
1105 2796 1361 2851 memoria
1414 2796 1613 2851 aeterna
1661 2797 1762 2850 erit

169 2892 348 2959 justus
379 2908 392 2943 :
423 2898 478 2946 et
505 2891 571 2945 ab
603 2890 784 2945 auditu
814 2890 955 2944 malo
1005 2904 1112 2944 non
1155 2891 1379 2945 timebit.
1427 2889 1493 2944 Ρ.
1527 2889 1657 2955 Quia
1707 2890 1756 2942 in

169 2983 431 3038 bonitate.
477 2983 551 3053 Ῡ.
582 2982 764 3039 Gloria
785 3026 798 3050 ,
835 2993 886 3038 et
917 2983 1109 3037 honor.
1144 2982 1211 3036 P.
1243 2983 1373 3050 Quia
1415 2984 1466 3036 in
1498 2984 1754 3038 bonitate.

240 3075 448 3129 Ortitio.
481 3074 829 3144 Omnipotens
858 3075 1088 3140 Christe,
1119 3075 1284 3130 Filius
1321 3076 1410 3129 Dei
1444 3075 1616 3130 Patris
1667 3075 1758 3129 Ai-

169 3168 388 3236 tissimi,
412 3169 500 3238 qui
530 3168 581 3222 in
603 3184 762 3223 sensu
795 3167 988 3224 Felicis
1019 3168 1269 3238 martyris
1312 3170 1753 3237 circumSpectio-

1871 1983 1927 2026 ut
1958 1988 2056 2028 nec
2090 1982 2207 2042 post
2235 1988 2424 2028 aurum
2454 1975 2646 2040 abiret,
2673 1991 2772 2030 nec
2801 1977 2854 2030 in
2883 1975 3167 2031 thesauros
3197 1986 3250 2032 et
3291 1979 3450 2046 pecu-

1869 2065 1987 2120 nias
2016 2063 2256 2132 speraret
2282 2083 2293 2118 :
2321 2064 2440 2119 cum
2467 2064 2582 2120 sine
2613 2066 2854 2120 avaritia:
2894 2065 3144 2136 contagio
3195 2065 3452 2136 margari-

1869 2167 1950 2211 tas
2001 2157 2206 2227 fulgens
2263 2157 2605 2227 praedicando
2658 2159 2952 2213 seminaret
2998 2159 3050 2212 in
3104 2157 3334 2226 populo;
3385 2159 3450 2212 da

1866 2249 2054 2313 nobis,
2104 2259 2158 2304 ut
2206 2250 2365 2304 totius
2409 2249 2648 2304 avaritiae
2698 2249 2990 2305 retinacula
3046 2248 3447 2318 perhorréutes,

1859 2340 2080 2409 jnstitim
2106 2341 2326 2394 verbum
2353 2342 2404 2395 in
2438 2357 2532 2397 ore
2558 2341 2828 2411 portemus
2863 2361 2875 2395 :
2908 2341 3012 2410 quo
3042 2342 3210 2411 legem
3253 2351 3308 2397 et
3348 2345 3445 2396 mi-

1864 2430 2216 2485 sericordiam
2252 2432 2301 2485 in
2333 2432 2507 2501 lingua
2540 2431 2822 2499 habentes,
2846 2431 3216 2500 infelicitatem
3263 2432 3446 2487 ὅπουιὶ

1866 2522 2082 2578 Felicis
2117 2524 2189 2577 tui
2232 2525 2426 2578 merito
2471 2525 2812 2593 superemus,
2856 2535 2910 2580 et
2967 2524 3275 2579 felicitatem
3328 2525 3451 2580 vita:

1865 2613 2081 2669 actorum
2109 2613 2336 2668 feliciori
2366 2615 2480 2685 ejus
2506 2616 2764 2686 suffragio
2792 2617 3086 2687 capiamus.
3133 2616 3171 2685 ἡ
3193 2655 3206 2670 .
3254 2615 3447 2672 Amen.

1937 2705 2038 2762 I-‘er
2069 2705 2518 2762 misericOrdiam.

2465 2801 2529 2857 In
2568 2802 2853 2858 Laudibus.

1935 2895 2014 2948 Ad
2043 2893 2331 2950 Crinticum.
2360 2896 2673 2962 Auriphoua.
2702 2895 2975 2949 Thronum
3007 2894 3193 2964 gloriae
3237 2891 3453 2949 heredi-

1863 2997 1980 3042 tans
2002 2987 2077 3041 illi
2104 3005 2116 3039 :
2139 2987 2232 3040 dat
2254 2995 2433 3041 votum
2456 2986 2683 3055 optanti,
2703 2995 2755 3040 et
2777 2987 3076 3042 benedicite
3105 2998 3276 3040 annos
3291 2984 3444 3052 justi.

1934 3076 2222 3133 Canticum.
2253 3077 2640 3133 Confirmatum
2666 3087 2752 3132 est
2778 3093 2872 3132 cor
2897 3093 3096 3132 meum.
3143 3076 3328 3142 Quaere
3365 3075 3450 3144 fd-

1863 3175 1932 3228 lio
1965 3189 2178 3228 Lxxxvt.
2203 3159 2495 3242 Canticum.
2527 3174 2848 3229 Benedictus
2893 3190 2974 3239 es,
3010 3173 3235 3227 Domine
3283 3172 3448 3228 Deus.

168 3277 258 3317 nes
298 3221 666 3327 tutis-dedisti,
699 3260 999 3330 adimplens
1033 3221 1183 3315 illuni
1215 3221 1416 3330 spiritu
1434 3221 1752 3329 sapientiae,
1785 3221 1831 3284 ρ

166 3363 216 3408 et
243 3351 481 3407 vestiens
507 3350 646 3406 stola
673 3350 859 3421 gloria:
903 3350 1245 3420 Sempitérnaa
1279 3369 1291 3406 :
1321 3352 1426 3423 quo
1476 3352 1757 3408 infelicita-

167 3455 270 3502 tem
303 3443 491 3499 saeculi
519 3443 746 3499 feliciter
786 3445 1029 3512 vincens,
1063 3445 1330 3500 felicitatis
1377 3445 1516 3499 illius
1555 3457 1755 3501 sanctas

167 3539 504 3594 Hierusalem
528 3540 798 3593 mereatur
819 3537 965 3594 ‘éffici
995 3539 1182 3603 heres;
1208 3538 1274 3593 da
1301 3538 1454 3594 nobis
1477 3539 1616 3596 felici
1639 3541 1755 3607 ejus

168 3631 366 3686 merito
398 3629 745 3700 triumphare,
778 3639 834 3683 ut
862 3629 1206 3685 infelicitates
1247 3638 1443 3684 nostrae
1472 3627 1609 3683 felici
1641 3629 1756 3699 ejus

164 3724 420 3795 suffragio
439 3722 832 3794 propellantur,
861 3730 917 3780 et
939 3724 1042 3778 vita
1072 3723 1184 3792 ipsa
1214 3722 1265 3776 in
1294 3722 1486 3778 melius
1517 3737 1756 3778 corruun-

165 3818 327 3874 tétur.
379 3816 414 3884 u‘,
427 3855 453 3870 ..
482 3816 675 3872 Amen.

229 3909 339 3966 Per
370 3904 810 3972 misericordiam,
838 3915 946 3961 etc.

232 4000 535 4069 Autiphona
558 3999 612 4053 2.
646 3999 815 4066 Felix,
844 4002 933 4068 qui
961 4015 1067 4055 non
1096 3999 1281 4055 habuit
1311 4002 1473 4056 animi
1505 4001 1586 4055 sui
1633 3999 1754 4055 tris-

159 4095 357 4161 titiam,
383 4100 438 4148 et
466 4107 571 4147 non
593 4091 788 4146 excidit
815 4092 878 4148 ab
907 4105 1004 4159 spe
1043 4106 1160 4146 sua.
1211 4091 1278 4146 P.
1326 4091 1661 4146 Jocunditate
1701 4101 1758 4146 et

160 4186 494 4242 exultatione
519 4184 894 4240 thesaurizavit
925 4198 1086 4250 super
1107 4200 1229 4238 eum
1264 4184 1540 4250 Dominus,
1571 4195 1622 4237 et
1653 4184 1750 4237 no-

159 4281 304 4336 mine
337 4279 540 4333 aeterno
563 4277 880 4334 hereditavit
906 4276 1398 4349 illum.[ccxxxvm]
1438 4278 1470 4345 ir
1497 4317 1510 4331 .
1542 4278 1752 4331 (libavit

158 4372 312 4427 illum
347 4384 481 4438 pane
507 4369 633 4424 vitae
653 4377 707 4423 et
733 4365 1058 4432 intellectus,
1092 4376 1146 4420 et
1174 4367 1313 4436 aqua
1342 4365 1622 4436 sapientia:
1666 4381 1752 4420 sa-

159 4463 358 4520 lutaris
385 4462 588 4530 potavit
618 4459 770 4515 illum
805 4479 818 4513 :
852 4458 917 4512 P.
947 4458 1302 4516 JocunditaIe.
1350 4460 1383 4528 ir
1411 4500 1424 4514 .
1459 4459 1664 4528 Gloria,
1697 4471 1750 4517 et

157 4557 357 4611 honor.
384 4553 451 4607 Ρ.
483 4553 842 4608 Jocuuditate.

230 4647 442 4702 omne.
478 4645 624 4700 Felix
659 4656 797 4710 tuus,
825 4644 1065 4700 Domine.
1102 4645 1286 4711 Quaere
1311 4649 1443 4702 retro
1473 4648 1526 4700 in
1563 4646 1748 4719 Vespe-

155 4743 228 4796 νὴ
261 4738 691 4811 praecedentibus.

230 4833 529 4903 Antiphoua
578 4832 632 4887 ὃ.
665 4832 844 4897 Felix,
869 4832 956 4901 qui
990 4832 1161 4901 potuit
1192 4832 1516 4902 transgredi,
1539 4843 1593 4889 et
1640 4852 1746 4890 non

155 4937 243 4982 est
275 4924 684 4995 transgressus;
719 4933 772 4978 et
803 4924 982 4979 facere
1005 4925 1166 4989 mala,
1198 4935 1252 4978 et
1282 4941 1386 4980 non
1435 4927 1560 4981 fecit
1612 4945 1624 4979 :
1679 4927 1745 4983 P.

155 5019 289 5077 Ideo
320 5016 556 5073 stabilita
587 5026 712 5071 sunt
753 5015 915 5085 opera
959 5015 1076 5085 ejus
1118 5017 1170 5070 iu
1219 5015 1463 5081 Domino,
1505 5027 1560 5072 et
1605 5019 1749 5074 eleé—

155 5111 425 5181 mosynas
471 5110 615 5165 illius
662 5110 933 5166 enarrabit
986 5110 1221 5165 Ecclesia
1270 5112 1599 5166 sanctorum.
1673 5114 1743 5181 ἢν.

153 5206 436 5276 Benignus
461 5205 560 5272 vir,
595 5204 683 5275 qui
732 5203 1014 5258 miseretur
1052 5211 1106 5258 et
1147 5203 1471 5270 commodat,
1502 5204 1749 5275 dispénct

153 5297 447 5356 sermones
477 5313 604 5353 suos
627 5299 678 5352 in
700 5297 900 5365 judicio
931 5316 944 5350 :
977 5298 1099 5368 quia
1129 5297 1179 5352 in
1203 5298 1460 5354 teter-num
1480 5316 1582 5354 non
1607 5315 1747 5354 com-

153 5394 491 5454 movebitur.
525 5394 592 5448 P.
625 5393 749 5449 ideo
791 5393 1046 5449 stabilita.
1111 5394 1182 5463 ᾗ.
1233 5393 1438 5459 Gloria,
1481 5403 1535 5449 et
1579 5397 1747 5450 honor

153 5491 334 5549 Patri.
369 5490 436 5546 P.
464 5487 591 5543 Ideo
612 5488 842 5543 stabilita
864 5497 1008 5542 sunt.

233 5584 446 5638 Oratio.
491 5581 636 5636 Felix
662 5589 766 5647 est,
793 5579 1035 5644 Domine,
1067 5595 1222 5649 quem
1275 5581 1343 5633 ita
1392 5587 1480 5632 tuo
1524 5580 1746 5635 munere

151 5674 295 5730 facis
324 5688 445 5730 esse
473 5673 716 5737 felicem,
751 5682 808 5725 ut
858 5672 1297 5740 transgressionis
1345 5671 1551 5726 nesciat
1595 5673 1745 5728 volu-

151 5767 338 5838 ptates
370 5785 380 5819 :
415 5776 491 5832 ut,
525 5766 644 5819 cum
675 5763 843 5834 possit
883 5761 1211 5834 transgredi,
1249 5765 1635 5835 transgressum
1686 5783 1743 5822 se

151 5875 289 5917 esse
311 5874 415 5916 non
442 5858 652 5914 noverit
679 5877 688 5909 :
727 5871 824 5914 nec
853 5855 993 5912 male
1021 5856 1196 5912 facere
1215 5900 1229 5926 ,
1258 5858 1378 5913 cum
1411 5860 1594 5930 utique
1623 5875 1742 5930 pos-

1934 3360 2097 3414 Sono.
2131 3358 2344 3428 Séptiés
2373 3357 2424 3414 in
2456 3359 2543 3414 die
2573 3358 2783 3413 laudem
2807 3358 2914 3412 dixi
2944 3357 3061 3422 tibi,
3096 3355 3320 3411 Domine
3349 3355 3448 3412 Al-

1861 3449 2039 3513 leluia,
2065 3451 2280 3506 alleluia
2308 3470 2318 3504 :
2361 3452 2393 3521 ᾖ
2419 3490 2433 3504 .
2459 3451 2629 3520 Super
2649 3449 2846 3518 judicia
2875 3447 3096 3518 justitire
3138 3456 3263 3502 tuae.
3293 3445 3444 3502 Alle-

1860 3545 1986 3608 luia,
2014 3545 2253 3599 alleluia.

1931 3637 2135 3692 Lauda.
2163 3637 2398 3692 Laudate
2424 3637 2711 3692 Dominum
2735 3636 2802 3692 de
2829 3635 3004 3691 cmlis.
3038 3631 3288 3699 Alleluia,
3311 3631 3446 3686 alle-

1861 3730 1966 3784 luia
1999 3749 2011 3784 :
2045 3730 2262 3784 laudate
2305 3745 2428 3785 eum
2481 3730 2533 3784 in
2593 3729 2844 3794 excelsis,
2898 3726 3151 3791 Alleluia,
3207 3723 3443 3779 alleluia.

1860 3821 2101 3875 Psalmus
2123 3836 2343 3876 chvnt.

1934 3915 2103 3969 Léclio
2133 3916 2248 3969 libri
2280 3915 2562 3985 Sapientia:
2589 3911 2885 3968 Salomonis
2923 3909 3072 3982 (Cap.
3110 3924 3226 3976 XIV,
3257 3907 3372 3976 xv).

1943 4009 1980 4073 (ἢ
2006 4048 2020 4062 .
2053 4009 2162 4061 Deo
2195 4006 2412 4077 gratias.

1933 4100 2125 4154 Beatus
2154 4099 2256 4166 vir,
2284 4100 2374 4169 qui
2399 4114 2504 4153 non
2531 4107 2613 4154 est
2640 4097 2818 4166 lapsus
2859 4094 3021 4150 verbo
3069 4108 3134 4148 ex
3179 4106 3274 4147 ore
3318 4107 3442 4156 suo,

1857 4203 1909 4245 et
1941 4207 2045 4245 non
2085 4200 2169 4245 est
2193 4190 2503 4244 stimulatus
2531 4189 2749 4242 tristitia
2773 4187 2974 4242 delicti.
3011 4185 3182 4249 Felix,
3215 4182 3305 4250 qui
3336 4198 3439 4236 non

1859 4281 2041 4334 habuit
2072 4281 2124 4334 in
2166 4280 2347 4334 animo
2375 4294 2472 4334 suo
2506 4278 2798 4341 tristitiam,
2829 4287 2882 4331 et
2914 4292 3017 4328 non
3048 4273 3252 4327 excidit.
3292 4273 3320 4326 ὁ
3343 4287 3440 4340 spe

1856 4390 1973 4428 sua.
2007 4373 2201 4426 Beatus
2234 4372 2337 4438 vir,
2369 4370 2534 4441 quiin
2563 4369 2825 4438 sapiéutia
2847 4383 2943 4421 sua
2975 4366 3237 4430 moratur,
3264 4371 3320 4418 et
3344 4363 3439 4433 qui

1859 4470 1908 4522 iu
1929 4466 2131 4538 justitia
2155 4480 2249 4520 sua
2282 4464 2588 4531 meditatur,
2618 4472 2672 4518 et
2699 4464 2749 4517 in
2773 4477 2934 4517 sensu
2955 4458 3207 4528 cogitavit
3232 4458 3439 4525 inspec-

1776 4563 1828 4624 D
1858 4565 2056 4618 tionem
2099 4561 2216 4618 Dei.
2269 4560 2368 4629 Qui
2412 4559 2563 4614 timet
2617 4559 2802 4621 Deum,
2854 4555 3013 4609 faciet
3057 4553 3254 4608 bonum
3316 4569 3328 4604 :
3385 4561 3440 4606 et

1852 4661 1940 4728 qui
1995 4657 2280 4712 continens
2334 4664 2418 4711 est
2462 4653 2707 4723 justitiae,
2759 4649 3124 4719 apprehéndet
3177 4648 3326 4715 illud,
3384 4655 3438 4701 et

1852 4750 2087 4806 obviabit
2145 4750 2219 4804 illi
2282 4749 2432 4820 quasi
2489 4757 2660 4802 mater
2723 4744 3114 4810 honorificata,
3177 4753 3231 4798 et
3281 4742 3433 4812 quasi

1852 4842 2097 4898 similiter
2173 4840 2204 4894 a
2277 4837 2582 4908 virginitate
2652 4834 2910 4905 suscipiet
2977 4835 3149 4889 illum.
3225 4832 3434 4888 (libabit

1853 4937 2002 4992 illum
2059 4933 2210 5005 panis
2256 4935 2381 4987 vita:
2433 4939 2488 4986 et
2532 4928 2854 4994 intellectus,
2887 4937 2941 4983 et
2976 4941 3112 4996 aqua
3154 4925 3433 4996 sapientia:

1851 5025 2104 5081 salutaris
2132 5023 2336 5094 potabit
2364 5022 2532 5076 illtnn.
2568 5020 2634 5073 Et
2661 5019 2962 5074 firmabitnr
3010 5019 3063 5072 in
3104 5017 3216 5084 illo,
3245 5025 3297 5070 et
3326 5030 3430 5070 non

1852 5120 2091 5177 ﬂectetur
2127 5127 2212 5172 :et
2247 5114 2544 5171 continebit
2571 5114 2755 5179 illum,
2783 5123 2836 5168 et
2879 5126 2984 5166 non
3032 5105 3388 5165 confundetur
3417 5124 3426 5156 :

1850 5228 1903 5271 et
1932 5211 2189 5270 exaltabit
2216 5211 2364 5264 illum
2394 5209 2529 5278 apud
2560 5207 2836 5278 praximos
2873 5218 3021 5270 suos,
3052 5212 3106 5258 et
3151 5203 3202 5257 in
3253 5200 3430 5257 medio

1849 5308 2104 5365 Ecclesiae
2133 5305 2337 5374 aperiet
2365 5319 2425 5358 os
2451 5301 2568 5371 ejus
2608 5320 2618 5355 :
2657 5297 2966 5368 adimplébit
3007 5297 3153 5350 illum
3208 5293 3430 5364 spiritus

1849 5401 2126 5471 sapientia:
2153 5409 2207 5452 et
2235 5395 2558 5460 intelléctus,
2587 5405 2638 5450 et
2662 5393 2796 5448 stola
2825 5390 3008 5461 gloria:
3038 5388 3233 5443 vestiet
3256 5385 3425 5440 illum.

1849 5493 2244 5549 iucundiu’uem
2293 5501 2347 5546 et
2389 5488 2774 5544 exultatiénem
2837 5481 3209 5539 thesaurizavit
3268 5495 3429 5550 super

1848 5603 1994 5655 eum,
2024 5597 2078 5640 et
2103 5585 2318 5640 nomine
2347 5581 2548 5637 θειότηο
2577 5579 2900 5635 hereditavit
2921 5577 3090 5631 illum.
3134 5577 3170 5644 (ἢ
3195 5616 3207 5630 .
3234 5577 3426 5631 Amen.

1924 5679 2178 5749 Hymnus.
2213 5678 2350 5730 Deus
2380 5674 2591 5729 tuorum
2622 5673 2873 5727 militum.
2905 5671 3024 5724 Fat.
3056 5684 3238 5724 cum.
3288 5671 3428 5740 Sup-

1849 5771 2076 5840 plicdtio.
2102 5766 2331 5824 (ti-emus
2361 5765 2798 5834 ltedemptorem.
2834 5764 3087 5832 Capitula.
3117 5764 3260 5819 Felix
3295 5780 3428 5817 mar-

1851 5873 1930 5932 lyr
1958 5873 2096 5916 tuus.
2131 5860 2330 5914 Lauda.
2367 5857 2612 5914 Alleluia.
2646 5858 2953 5914 Βεηεῖάίριίο
2984 5857 3096 5927 ejus
3145 5858 3281 5913 sicut
3325 5858 3425 5911 uu-
