1974 3189
268 158 335 185 1119
694 154 697 157 ί
864 153 1047 182 BREVIARIU

694 154 697 157 ί
864 153 1075 182 BREVIARIUM
1097 152 1284 182 GOTIIICUM.

267 217 332 243 vius.
365 215 518 241 Benedictio.
553 212 673 239 Cliri~tus
703 213 845 244 Dt'nninus,
861 213 904 246 qui
929 212 1048 239 bratissi-
1065 213 1089 243 Δ

267 268 348 288 unum.
361 261 450 293 Qume
465 261 489 286 in
507 259 625 293 Vésperis
640 259 846 292 pra-cedentibus.
858 258 972 284 Ercunte
987 256 1053 284 νέε-

267 307 325 341 pmi
341 306 438 332 Lauda.
451 305 572 339 Sperhvit
596 305 683 331 innima
708 311 776 331 utea.
802 303 866 338 [alio
886 311 943 330 ccv.
970 302 1052 330 Sono.

268 351 322 378 Fac
337 358 452 382 mecum,
467 351 546 382 Beus,
560 351 663 383 signum
676 350 702 376 in
719 351 797 376 bono.
816 349 906 382 Qua-re
920 349 966 382 [οι.
981 355 1052 375 cux.

302 397 459 431 Antipltonu.
475 396 555 422 Orate
571 396 603 422 ad
617 396 770 427 Durninnm,
784 395 833 421 viri
847 395 939 425 sancti,
952 398 1055 420 utcon~

266 442 342 469 cedat
357 442 456 476 pépulo
469 449 517 469 suo
528 443 639 469 salutem
655 452 660 474 ;
688 440 719 467 Ρ.
744 441 777 467 Ει
800 441 886 467 omnis
916 440 1054 467 inﬁrmitas

266 488 400 514 auferetur
415 487 430 513 Ii
444 487 529 514 nobis.
556 488 571 520 ᾖ
584 507 590 513 .
605 487 772 513 Conlitémini
787 486 915 518 Domino,
929 485 1053 520 qm'miam

266 532 352 559 bonus
369 540 374 557 :
391 531 516 567 quoniam
532 532 557 558 in
579 532 706 559 smculum
729 531 911 559 misericérdia
934 531 1002 566 ejus.
1020 529 1053 558 Ρ.

267 577 302 604 Et
324 577 423 605 omnis.
445 577 481 611 γ.
507 576 609 604 CIéria.
624 577 658 604 P.
685 577 718 604 Et
741 577 839 604 omnis.

303 621 434 650 Dominus
445 622 490 650 sit.
512 622 530 650 ti
543 642 549 649 .
564 622 679 650 Etcum.

305 669 407 698 Lauda.
423 669 540 704 corpora
556 669 709 697 sanctérum
730 668 924 704 quiescéntium
947 668 974 696 in
996 650 1079 695 locon

270 716 403 752 [ccxxxtx]
421 717 481 748 isto,
498 716 573 743 orate
588 724 636 750 pro
651 715 729 743 nobis
742 716 775 743 ad
792 716 953 748 Déminum;
972 715 1005 744 P.
1021 715 1057 743 Ut

270 764 350 790 donet
366 771 456 797 pacem
472 770 552 796 super
576 768 674 790 terram
697 767 726 790 et
749 762 868 797 réquiem
893 762 1057 797 temporibus

271 808 380 834 nostris.
409 807 532 840 Alleluia,
548 807 664 834 alleluia.
695 808 732 842 γ.
759 806 877 834 Laudine
901 807 1055 842 Dominum,

269 860 363 880 omnes
374 853 473 880 Gentes
487 860 494 879 :
510 857 538 880 et
550 852 710 879 conlaudato
724 859 785 879 eum
799 859 892 880 omnes
903 851 1005 887 populi.
1021 852 1054 880 Ρ.

269 897 305 926 Ut
319 897 409 925 donet.
433 898 450 932 ᾗ
461 917 467 924 .
487 897 588 924 Gloria.
604 897 638 925 P.
656 898 690 925 Ut
701 898 792 925 donet.

305 942 435 978 Hymnus.
456 942 526 970 Deus
543 942 650 969 tu6rum
671 942 794 970 militum.
817 943 864 978 fol.
888 949 975 970 cum.
991 941 1060 976 Sup-

269 989 382 1023 plicdtio.
398 989 522 1016 Oremus.
542 987 670 1023 Capitula.
691 988 764 1015 Felix
779 994 878 1023 martyr
892 992 965 1015 tuus.
979 986 1059 1013 Bene-

269 1034 357 1061 dictio.
366 1034 491 1064 Christus
500 1036 638 1064 Déminus.
651 1035 753 1062 Lauda.
767 1034 894 1063 Alleluia.
907 1032 1061 1061 Benedictio

269 1077 338 1114 ejus.
361 1079 462 1108 Ονάιὶο.
488 1081 561 1109 Felix
582 1086 660 1114 tuus,
677 1081 800 1109 Démine.
827 1080 919 1115 ουτω-ε
942 1080 1012 1107 mro
1033 1079 1060 1105 in

270 1124 395 1157 proximis
417 1125 532 1161 Vésperir
546 1126 755 1161 prwredéntibus.

617 1195 672 1223 DIE
690 1195 732 1222 111.

388 1257 413 1277 ιτ(
433 1257 517 1277 ι-Ὲδτο
536 1257 702 1277 ιΝνεΝτιοΜδ
721 1256 830 1277 ΞΔΝΩΤΒ
849 1255 950 1277 CRUCIS.

565 1305 604 1331 Ad
624 1304 771 1340 Vésperum.

308 1349 410 1377 Lauda.
422 1349 608 1377 Laudavérunt
619 1354 655 1382 te,
667 1350 791 1383 Dumine,
803 1356 896 1377 omnes
907 1347 1002 1384 Angeli
1012 1348 1063 1382 tui,

272 1401 300 1422 ct
315 1397 442 1431 hymnum
454 1396 594 1429 dixérunt,
615 1396 678 1423 dum
693 1395 836 1430 perliceres
850 1395 976 1423 fabricam
991 1393 1063 1422 coeli.

273 1442 345 1469 Tuus
359 1446 400 1469 est
413 1441 482 1475 dies,
498 1445 525 1469 et
538 1446 580 1468 tua
593 1445 635 1469 est
648 1448 701 1468 nox
716 1450 722 1467 :
739 1440 773 1469 P.
784 1440 824 1468 Tu
835 1440 921 1468 fecisti
935 1440 1025 1469 Solem
1039 1445 1065 1468 et

274 1487 387 1514 Lunam.
406 1487 441 1521 ᾖ.
465 1486 504 1514 Tu
528 1486 690 1514 conﬁrmasti
718 1486 745 1514 in
770 1486 869 1514 virtute
892 1491 934 1513 tua
959 1493 1034 1514 mare
1057 1494 1063 1512 :

273 1531 456 1560 contribulasti
475 1531 562 1568 capita
573 1532 718 1559 dract‘mum
729 1539 811 1567 super
820 1539 910 1575 aquas.
925 1531 960 1559 Ρ.
972 1531 1012 1559 Tu
1025 1531 1065 1559 {ev

273 1579 342 1606 cisti.

308 1625 440 1653 Dominus
453 1626 497 1653 sit.
521 1625 540 1659 ἢ
551 1645 559 1653 .
572 1625 606 1653 Et
619 1632 692 1653 cum.
952 1646 955 1649 .

309 1672 392 1700 Sono.
409 1673 432 1701 0
446 1673 514 1701 bona
529 1673 615 1705 Crux,
631 1680 690 1708 qua
705 1672 832 1701 decdrem
847 1677 874 1700 et
888 1671 1065 1707 pulchritudi-

274 1725 336 1746 nem
350 1719 384 1746 de
395 1718 518 1746 manibus
533 1718 638 1746 Domini
652 1718 810 1753 suscepisti,
823 1718 886 1753 quia
900 1718 947 1746 dit‘t
961 1718 1066 1747 deside-

274 1766 344 1798 rata,
360 1764 463 1792 solicité
476 1765 577 1798 amata,
594 1766 653 1792 sine
668 1764 867 1793 intermissiéne
878 1763 1000 1799 quaesita.
1016 1764 1065 1792 ΔΙ-

275 1810 364 1837 leluia.
385 1811 403 1845 Ῡ
416 1829 422 1837 .
435 1810 533 1838 Sancta
548 1809 635 1844 Crux,
658 1810 799 1846 antequam
821 1815 847 1839 te
870 1810 1000 1839 Dominus
1020 1811 1068 1838 ad-

274 1856 417 1884 scénderet
428 1874 436 1889 ,
452 1856 578 1885 timdrem
594 1856 728 1884 terrenum
743 1857 875 1889 habuisti;
890 1856 969 1884 modo
984 1856 1048 1883 vero
1058 1874 1065 1888 ,

275 1903 337 1937 quia
353 1903 459 1930 inventa
472 1910 502 1931 es
515 1903 636 1932 amérem
648 1903 786 1932 creléstem
797 1902 932 1936 Obtinens,
944 1909 993 1939 pro
1004 1906 1067 1930 voto

275 1948 430 1983 susciperis.
447 1948 573 1977 Alleluia.

314 1993 442 2021 Dominus
456 1995 501 2022 sit.
522 1995 558 2028 ιῆ.
577 1995 689 2022 Etcum.

297 2039 470 2074 ‘Antipltona.
488 2039 615 2068 Alleluia.
629 2038 782 2067 Gloriémur
806 2038 833 2066 in
855 2038 942 2067 Cruce
962 2039 1068 2067 Domini

277 2085 361 2112 nostri
375 2084 439 2113 Jesu
451 2085 569 2119 Christi;
583 2085 615 2112 P.
628 2085 680 2113 Per
691 2093 772 2120 quem
787 2085 864 2113 nobis
880 2085 994 2113 mundus
1007 2093 1069 2113 cru-

276 2130 372 2158 ciﬁxus
385 2135 436 2163 est,
452 2138 554 2166 nosque
569 2131 677 2158 mundo.
700 2131 717 2166 ᾗ
730 2151 737 2158 .
748 2131 861 2160 Cantme
875 2130 990 2159 Domino
1003 2131 1068 2159 cau-

279 2175 359 2203 ticum
375 2184 474 2204 novum
486 2185 493 2203 :
508 2177 568 2211 quia
582 2177 714 2204 mirabilia
729 2177 803 2205 fecit.
819 2176 852 2203 P.
864 2177 915 2204 Per
925 2182 1005 2211 quem
1019 2184 1069 2206 no-

279 2221 331 2249 bis.
353 2222 370 2257 ᾖ
384 2242 390 2249 .
409 2222 512 2255 Gléria,
523 2226 551 2249 et
565 2221 659 2250 honor.
674 2221 709 2249 P.
723 2223 775 2250 Per
788 2230 870 2258 quem
885 2222 972 2251 nobis.

316 2266 443 2295 Dominus
455 2267 500 2294 sit.
519 2267 538 2301 ti
549 2286 557 2293 .
572 2266 686 2294 Etcum.
840 2276 842 2279 ·

289 2331 292 2335 -
316 2312 419 2340 Lauda.
442 2311 594 2340 Paciﬁcivit
617 2312 706 2339 Omnia
730 2320 778 2347 per
800 2312 956 2348 sanguinem
976 2314 1069 2342 Crucis

282 2366 348 2392 sua,
363 2359 419 2387 sive
433 2366 493 2393 qua:
507 2358 534 2386 in
547 2358 635 2391 castis,
647 2358 704 2387 sive
720 2366 780 2394 quae
790 2359 817 2387 in
832 2360 912 2387 terris
925 2364 1000 2393 sunt,
1016 2360 1070 2388 Do-

282 2405 371 2433 minus
393 2405 470 2433 Iesus
489 2404 611 2433 Christus
623 2414 630 2432 :
644 2404 676 2433 P.
698 2404 830 2439 Quoniam
851 2406 877 2433 in
893 2407 952 2440 ipso
965 2405 1070 2433 habitat

279 2451 370 2479 omnis
384 2451 522 2486 plenitudo
536 2451 688 2479 Divinitatis
701 2451 878 2486 corporaliter
890 2460 898 2479 :
913 2451 949 2480 Ρ.
964 2452 1016 2486 Qui
1028 2457 1070 2480 est

283 2502 362 2532 caput
374 2497 461 2525 omnis
484 2497 662 2533 principatus.
675 2497 807 2532 Alleluia,
820 2498 937 2527 alleluia.
957 2499 974 2533 ᾗ
988 2518 996 2526 .
1008 2499 1072 2526 0m—

285 2551 331 2571 nes
352 2548 445 2579 gentes
466 2544 584 2579 plaudite
604 2544 744 2572 manibus:
758 2544 873 2579 jubiléte
893 2544 950 2573 Deo
965 2546 991 2572 in
1006 2553 1071 2574 voce

283 2589 465 2617 exultatidnis.
480 2588 515 2617 P.
531 2589 664 2623 Quoniam
678 2589 706 2618 in
719 2589 787 2624 ipso.
807 2589 825 2624 ᾗ
837 2609 844 2616 .
856 2590 947 2619 Gloria
958 2610 966 2625 ,
979 2595 1007 2619 et
1022 2591 1071 2619 ho-

284 2642 344 2662 nor.
357 2634 390 2662 P.
402 2635 452 2669 Qui
466 2639 508 2664 est
517 2639 605 2669 caput.

615 2692 744 2728 Hymnus.

430 2738 530 2774 Pange,
543 2737 631 2772 lingua
646 2737 757 2772 gloriési

393 2785 516 2812 Pretium
531 2784 698 2818 certaminis,

395 2831 429 2857 Et
442 2838 521 2865 super
530 2830 625 2858 Crucis
640 2831 788 2866 tropha-um

394 2877 441 2903 Dic
452 2877 614 2912 triumphum
631 2877 750 2905 nobilem
763 2886 768 2903 :

1208 210 1326 243 Qualiter
1340 208 1501 244 Redemptor
1513 208 1586 236 orbis

1209 255 1361 282 lmmolfitus
1375 253 1481 281 vicerit.
1519 279 1527 287 ,

1245 302 1281 329 De
1295 301 1411 336 paréutis
1422 301 1579 336 protoplitstt

1210 346 1313 374 Fraude
1327 346 1423 373 Factor
1438 345 1596 378 cé'udolens,

1210 392 1320 426 Quando
1333 393 1403 428 pomi
1417 392 1532 420 noxiélis

1208 438 1291 465 Morte
1306 446 1394 466 morsu
1409 438 1509 466 corruit
1525 447 1533 464 :

1208 484 1265 518 Ipse
1277 484 1375 519 lignum
1391 489 1452 511 tunc
1463 484 1578 516 nothvit,

1214 530 1314 556 Damna
1326 530 1388 565 ligni
1402 534 1430 556 ut
1442 529 1568 557 solveret.

1203 584 1205 586 ί
1245 573 1302 601 Hoc
1315 583 1382 609 opus
1396 580 1495 602 nostra:
1509 575 1603 603 salutis

1208 620 1280 647 Ordo
1294 619 1502 654 depoposcerat,

1214 665 1381 693 Multifdrmis
1397 666 1539 700 prodituris

1217 712 1266 737 Ars
1282 716 1309 737 ut
1323 717 1405 738 artem
1418 711 1521 738 falleret
1528 732 1534 742 .

1214 757 1244 782 Et
1258 756 1388 783 medélatn
1405 756 1487 784 ferret
1499 756 1572 787 intlé.

1215 802 1304 829 llostis
1319 804 1387 830 unde
1403 804 1518 830 heserat.

1252 847 1361 880 Quando
1377 849 1448 875 venit
1462 857 1527 884 ergo
1539 850 1607 877 sacri

1218 893 1354 920 Plenitudo
1371 894 1511 928 temporis,

1216 938 1310 965 MiSsus
1324 943 1364 965 est
1379 939 1412 965 ab
1426 947 1486 967 arcc
1503 940 1586 968 Patris

1218 984 1298 1010 Natus
1314 984 1385 1011 orbis
1401 985 1538 1018 C(nlditor,

1228 1031 1313 1064 Atque
1328 1037 1418 1058 ventre
1434 1031 1555 1066 virginali

1221 1076 1306 1103 Carne
1320 1078 1402 1104 iactus
1418 1078 1527 1112 prédiit.

1256 1122 1333 1157 Vagit
1347 1123 1432 1150 infans
1448 1124 1518 1150 inter
1528 1128 1600 1151 arcta

1220 1167 1347 1195 Conditus
1363 1168 1490 1203 prarsépia
1507 1178 1513 1196 :

1220 1213 1336 1241 Membra
1350 1214 1446 1247 pannis
1461 1214 1580 1241 involuta

1221 1259 1300 1293 Virgo
1316 1264 1400 1286 mater
1414 1260 1519 1295 alligat;

1222 1305 1254 1331 Et
1269 1312 1372 1338 manus,
1386 1305 1530 1340 pedesque,
1547 1312 1624 1333 crura

1223 1351 1319 1378 Stricta
1335 1351 1416 1385 cingit
1430 1351 1523 1379 fascia.

1257 1396 1352 1424 Lustra
1366 1405 1413 1425 sex
1426 1398 1471 1433 qui
1482 1398 1538 1433 jam
1554 1399 1661 1433 peracta

1225 1442 1341 1477 Tempus
1355 1444 1469 1479 implens
1483 1444 1613 1479 corporis,

1222 1487 1257 1515 Se
1270 1488 1377 1516 volente
1391 1494 1470 1516 natus
1482 1489 1515 1517 ad
1532 1491 1593 1523 hoc,

1223 1532 1344 1560 Passiéni
1357 1533 1475 1566 deditus,

1226 1579 1318 1614 Agnus
1331 1578 1357 1606 in
1368 1578 1454 1607 Crucc
1469 1579 1571 1607 levetur

1222 1624 1403 1653 lmmolitndus
1416 1625 1518 1661 stipite.

1261 1670 1309 1698 Hic
1322 1671 1439 1704 acetum,
1451 1671 1498 1705 fel,
1512 1672 1625 1707 arundo,

1228 1715 1322 1751 Sputa,
1338 1716 1416 1750 clavi,
1433 1716 1525 1744 liticea

1225 1763 1289 1790 Mite
1301 1770 1398 1798 corpus
1412 1763 1579 1798 performur:

1225 1810 1339 1845 Sanguis
1351 1810 1421 1837 unda
1436 1810 1545 1845 proﬂuit
1558 1820 1564 1837 :

1223 1857 1317 1891 Terra,
1329 1862 1435 1892 pontus,
1449 1861 1532 1892 astra,
1544 1859 1658 1886 mundus

1225 1904 1283 1937 Quo
1296 1904 1418 1932 lavantur
1433 1905 1560 1934 ﬂumine!

1260 1950 1331 1977 Crux
1347 1950 1432 1979 lidélis
1449 1951 1518 1979 inter
1530 1958 1623 1979 omnes

1229 1996 1315 2023 Arbor
1328 2003 1381 2022 una
1397 1996 1493 2024 nubilis
1508 2006 1513 2023 :

1224 2041 1300 2069 Nulla
1316 2043 1394 2070 taletn
1407 2042 1474 2070 silva
1488 2043 1587 2078 profert

1226 2087 1340 2122 Fronde,
1357 2088 1432 2122 ﬂore,
1448 2092 1475 2116 et
1487 2089 1608 2123 germine
1620 2097 1627 2121 ;

1228 2134 1308 2162 Dulce
1322 2134 1434 2170 lignum,
1449 2134 1554 2162 dulcem
1567 2134 1673 2162 clavom

1228 2180 1310 2208 Dulce
1322 2180 1425 2215 pondus
1440 2180 1562 2208 sustinet.

1263 2227 1354 2254 Flecte
1368 2233 1468 2260 ramos,
1485 2227 1564 2254 arbor
1575 2227 1640 2260 alta,

1226 2271 1315 2300 Tensa
1330 2273 1389 2299 laxa
1402 2272 1504 2300 viscera
1514 2282 1523 2306 ;

1226 2318 1261 2346 Et
1273 2319 1346 2354 rigor
1359 2318 1489 2346 lente’scat
1500 2318 1556 2351 ille,

1231 2365 1316 2397 Quem
1331 2363 1404 2391 dedit
1415 2364 1551 2397 nativitas,

1226 2410 1262 2438 Ut
1274 2409 1384 2446 superni
1397 2410 1515 2438 membra
1528 2410 1609 2445 Regis

1228 2457 1315 2495 [con]
1331 2457 1393 2485 Mite
1405 2457 1498 2485 tentias
1511 2457 1610 2492 stipite.

1263 2504 1327 2532 Sola
1341 2503 1421 2538 digna
1438 2508 1465 2530 tu
1481 2502 1554 2531 fuisti

1227 2551 1310 2580 Ferre
1324 2550 1437 2586 pretium
1449 2550 1541 2578 saeculi
1553 2558 1560 2583 ;

1226 2599 1315 2632 Atque
1329 2600 1432 2631 portum
1447 2596 1602 2631 pra‘parare

1226 2644 1317 2671 Nautac
1333 2643 1423 2670 mundi
1438 2642 1577 2678 naufrago,

1230 2690 1314 2722 Quem
1329 2695 1406 2716 sacer
1419 2695 1499 2716 cruor
1514 2689 1643 2723 perunxit

1231 2734 1301 2763 Fuso
1313 2734 1380 2771 Agni
1392 2734 1532 2769 sanguine.

1265 2780 1366 2814 Gldria,
1380 2784 1407 2808 et
1418 2780 1504 2807 honor
1518 2780 1573 2808 Deo

1232 2827 1425 2862 Usquequaque
1436 2826 1577 2859 altissimo,

1230 2874 1285 2901 Una
1296 2873 1377 2907 Patri,
1396 2873 1526 2908 Filioque,

1819 150 1879 178 “20
