3948 6378
195 445 323 501 “il

402 551 605 621 lnclyto
635 546 935 606 Paraclito,

399 645 495 701 Cui
522 646 657 707 laus,
685 651 741 697 et
773 639 1028 710 pctéstas,

400 740 503 796 Per
528 748 727 795 aeterna
757 734 976 791 saecula.

260 835 871 995 δυρριὶεὰᾕῗῖθὲτὲωιιε
914 912 1332 981 Redemptorem
1375 906 1557 964 mundi
1588 907 1767 962 Domi-

190 1037 315 1076 num
347 1028 583 1074 nostrum
614 1013 798 1068 Jesum
828 1009 1123 1074 Christum,
1148 1021 1270 1062 cum
1312 1003 1457 1059 omni
1499 1001 1771 1071 supplica-

192 1114 337 1167 tione
366 1109 643 1177 rcgémus;
673 1112 731 1157 ut
761 1117 860 1156 nos
889 1098 1089 1154 vexillo
1128 1096 1317 1152 Crucis
1360 1108 1472 1149 sua:
1510 1092 1770 1162 propitius

182 1200 479 1272 justiticﬁre
505 1195 770 1266 dignetur.
821 1191 857 1259 ti)
882 1230 895 1245 .
927 1190 1124 1246 Praesta
1144 1230 1159 1255 ,
1191 1186 1393 1242 :ntérne
1423 1182 1768 1253 omnipotens

188 1293 350 1347 Deus.
1492 1294 1493 1297 “

257 1383 425 1454 Ky‘rie
448 1382 652 1437 eléisou
677 1420 692 1445 ,
742 1379 779 1445 ii
803 1415 818 1433 .
846 1376 1061 1432 Christe
1094 1373 1298 1429 eléison
1315 1416 1329 1439 ,
1353 1370 1518 1442 Kyrie
1539 1369 1763 1425 eléison.

257 1475 523 1547 Capitula.
559 1472 782 1527 Domine
812 1469 938 1526 Jesu
966 1467 1181 1523 Christe
1209 1474 1392 1520 noster
1428 1461 1690 1517 conditor
1715 1469 1770 1514 et

188 1567 538 1634 Redémptor,
569 1564 659 1635 qui
690 1563 827 1617 nosti
856 1577 956 1617 nos
988 1560 1251 1615 cecidisse
1289 1558 1506 1613 saucios
1545 1556 1599 1609 in
1630 1554 1767 1609 deli-

186 1661 318 1725 ctis;
346 1658 493 1727 orige
514 1669 613 1711 nos
640 1657 693 1709 in
717 1653 915 1708 virtute
952 1663 1006 1707 et
1044 1649 1266 1706 victoria
1305 1658 1506 1704 sancta:
1534 1645 1719 1703 Crucis
1751 1661 1765 1698 :

185 1753 254 1807 da
284 1749 442 1805 nobis
467 1747 657 1802 salotis
687 1760 806 1801 esse
837 1744 1115 1813 praemium
1137 1784 1152 1808 ,
1187 1740 1330 1809 quod
1363 1740 1456 1794 tibi
1488 1753 1584 1808 pro
1614 1736 1770 1791 nobis

188 1842 292 1897 fuit
321 1840 534 1910 poenale
563 1837 888 1908 supplicium
915 1855 928 1889 :
953 1845 1011 1890 ut
1037 1849 1102 1890 eo
1141 1833 1281 1904 quod
1325 1842 1379 1886 tu
1423 1838 1649 1886 mortem
1680 1845 1769 1884 su-

1300 426 1775 486 SANCTDRALE.
1816 452 1888 465 --
1924 424 2144 481 FESTA
2184 423 2349 481 MAII.

1792 538 1847 597 Α
1946 536 2147 592 0rdtio.
2173 537 2385 594 Christe
2413 536 2507 593 Dei
2538 538 2726 595 Filius.
2759 541 2941 605 Quare
2968 543 3018 596 iu
3057 538 3293 613 Véspem
3315 559 3449 613 pra--

3311 427 3448 485 “22

1869 633 2179 689 cudentibus.

1942 723 2238 794 Antiphona
2256 724 2311 779 ‘2.
2335 723 2582 780 Christus
2604 722 2781 788 Iesus,
2804 725 2914 794 qui,
2938 726 3057 779 cum
3086 726 3140 780 in
3162 726 3447 781 forma'Dui

1870 824 2037 881 esset,
2071 831 2175 871 non
2201 815 2443 886 rapinam
2468 816 2759 871 arbitratus
2798 827 2901 881 est,
2924 831 3046 873 esse
3082 832 3140 873 se
3186 818 3447 886 :equhlem

1869 907 2010 972 Deo,
2040 908 2136 964 sed
2166 908 2512 978 semetipsum
2558 908 2851 965 exinanivit
2873 949 2888 973 ,
2932 908 3002 963 P.
3032 909 3279 964 Formam
3307 912 3445 964 servi

1868 999 2156 1069 accipiens,
2188 999 2488 1055 humiliavit
2528 1015 2589 1055 se
2630 1014 2799 1069 usque
2827 999 2893 1054 ad
2924 1008 3151 1054 mortem
3174 1042 3188 1063 .
3219 1009 3446 1057 mortem

1868 1099 2047 1146 autem
2072 1090 2279 1146 Crucis.
2328 1091 2401 1160 ᾗ.
2436 1091 2554 1160 Ipse
2594 1090 2720 1145 fecit
2746 1104 2866 1154 nos,
2913 1097 2970 1145 et
3008 1103 3112 1145 non
3159 1090 3259 1158 ipsi
3308 1103 3448 1155 nos;

1870 1198 1972 1239 nos
1994 1191 2175 1239 autem
2200 1182 2427 1252 populus
2447 1185 2587 1252 ejus,
2607 1191 2661 1238 et
2681 1196 2809 1236 oves
2832 1180 3042 1251 poscam
3063 1180 3201 1250 ejus.
3230 1180 3294 1235 P.
3316 1181 3452 1236 For-

1870 1290 2012 1331 mam
2043 1275 2183 1331 servi
2212 1276 2503 1346 accipiens.
2551 1277 2582 1345 ᾗ
2608 1312 2623 1329 .
2653 1275 2833 1331 Gloria
2852 1315 2868 1341 ,
2896 1284 2951 1331 et
2984 1275 3154 1329 honor
3184 1274 3346 1329 Patri.
3384 1273 3452 1330 Ρ.

1850 1392 1851 1395 η
1872 1367 2117 1423 Formam
2148 1367 2316 1422 servi.

1944 1456 2145 1513 Oratio.
2200 1458 2411 1514 Christe
2465 1457 2625 1528 Jesu,
2692 1456 2813 1525 qui,
2866 1457 3202 1511 mortalitatis
3259 1464 3457 1511 nostra:

1869 1550 2041 1607 forma
2094 1547 2365 1618 suscopta,
2420 1549 2609 1605 mortis
2650 1557 2848 1603 nostrre
2895 1556 2950 1602 et
3006 1548 3193 1603 Crucis
3241 1546 3456 1602 voluisti

1869 1641 2137 1698 sustinere
2163 1641 2444 1710 injiiriam;
2476 1641 2543 1695 da
2574 1641 2749 1704 nobis,
2781 1648 2840 1693 ut
2862 1639 3050 1695 Crucis
3073 1646 3178 1694 tua;
3199 1637 3455 1693 munimi-

1872 1748 1939 1790 ne
1967 1731 2687 1802 c‘rcumséptirdovineamus
2734 1746 2920 1788 omnes
2966 1730 3184 1801 laqueos
3229 1728 3454 1786 inimici.

1889 1825 1926 1895 ἡ
1948 1862 1963 1878 .
1997 1826 2187 1878 Amen.

185 1934 388 1991 stulisti
420 1932 485 1987 ad
511 1933 697 1987 mortis
728 1929 1025 1994 victoriam,
1051 1942 1148 1983 nos
1174 1927 1466 1981 habeamus
1486 1923 1550 1980 ad
1578 1937 1768 1994 pecca-
1801 1892 1849 1951 Β
1946 1920 2048 1975 Per
2077 1918 2519 1975 misericordiam.

191 2024 369 2079 uirum
402 2022 640 2087 veniam,
671 2029 725 2076 et
750 2021 908 2074 vitam
932 2018 1211 2075 aatérnam.

260 2115 426 2170 Pater
453 2122 654 2169 noster.
690 2112 922 2166 Liberali
949 2110 978 2164 Ξι
1004 2110 1162 2165 malo.
1196 2109 1291 2179 fol.
1314 2108 1370 2162 2.
1402 2110 1407 2113 ’

188 2278 191 2289 Ι
259 2206 581 2262 Beuediczio.
606 2204 850 2259 Christus
883 2204 975 2258 Dei
1002 2203 1191 2267 Filius,
1212 2202 1301 2272 qui
1332 2199 1630 2271 pacilioévit
1657 2198 1775 2253 om-

188 2301 276 2357 nia
306 2316 402 2369 per
427 2300 763 2371 sanguinem.
788 2296 977 2352 Crui-is
1000 2311 1133 2361 suae,
1157 2296 1286 2349 vera
1309 2308 1407 2348 nos
1430 2292 1776 2349 cruciﬁxiOne

186 2394 478 2450 mortiﬁcet
512 2412 524 2448 ε
574 2394 609 2460 ἡ
636 2430 650 2447 .
684 2393 874 2447 Amen.
901 2388 1152 2446 Uterécti
1183 2403 1398 2458 semper
1421 2390 1471 2441 in
1495 2386 1773 2442 victoriam

186 2484 414 2551 Crucis,
464 2481 678 2537 devicto
718 2495 934 2549 semper
979 2479 1195 2535 diobolo
1223 2478 1647 2547 triumphémus;
1696 2477 1770 2544 ft}.

188 2577 386 2630 Amen.
400 2572 518 2640 Quo
538 2572 845 2628 venerabile
862 2570 1047 2626 Crucis
1070 2570 1263 2625 festum
1282 2570 1572 2625 devotione
1595 2583 1776 2639 prom-

188 2667 434 2736 ptissima
463 2664 819 2731 celebrantes,
852 2671 906 2719 et
935 2664 1019 2721 hic
1036 2662 1160 2719 etin
1176 2660 1437 2718 aeternum
1470 2662 1776 2718 meredmur

188 2774 311 2816 esse
342 2757 545 2815 felices.
590 2756 628 2825 1i)
652 2793 667 2810 .
693 2757 878 2810 Amen.

260 2855 366 2911 Per
394 2851 840 2909 misericordiam.

260 2946 467 3000 ιαααα.
495 2944 750 2998 Dominus
775 2941 931 2997 .Iesus
958 2939 1223 3004 Christus,
1245 2937 1334 3007 qui
1355 2946 1439 2992 est
1467 2935 1618 2991 testis
1646 2934 1776 2989 iide-

190 3038 291 3107 lis,
322 3035 708 3108 primogénitus
763 3032 1138 3095 mortuorum,
1184 3037 1240 3085 et
1287 3027 1539 3098 princeps
1584 3039 1773 3093 regum

190 3142 374 3189 terrai.
410 3128 473 3182 P.
499 3129 616 3198 Ipse
654 3125 840 3181 dilexit
886 3139 1005 3189 nos,
1056 3130 1112 3177 et
1164 3120 1294 3175 lavit
1337 3134 1434 3174 nos
1477 3117 1508 3171 a
1539 3114 1773 3186 peccatis

190 3220 394 3277 nostris
437 3217 693 3289 sanguine
738 3231 855 3270 suo.
892 3213 1141 3271 Alleluia.
1185 3212 1259 3282 ᾇ.
1286 3208 1538 3280 Lapidem
1564 3249 1581 3274 ,
1612 3223 1768 3276 quem

189 3312 615 3383 reprobavérunt
656 3308 1012 3371 aediﬁcantes,
1069 3306 1154 3359 hic
1208 3303 1378 3357 Iactus
1416 3310 1499 3358 est
1524 3300 1577 3355 in
1609 3308 1767 3369 caput

187 3403 395 3475 anguli.
425 3401 492 3458 P.
520 3401 636 3473 Ipse
664 3400 851 3456 dilexit
879 3413 997 3454 nos.
1036 3398 1072 3467 ᾗ
1096 3435 1111 3451 .
1142 3394 1325 3452 Gloria
1350 3435 1365 3460 ,
1394 3400 1450 3449 et
1479 3393 1669 3448 honor.
1704 3390 1771 3445 Ρ.

190 3497 316 3568 Ipse
340 3492 549 3549 dilexit.

266 3607 475 3663 Ordtio.
519 3604 730 3661 Christe
772 3603 863 3658 Dei
905 3601 1103 3665 Filius,
1136 3600 1188 3655 in
1229 3597 1382 3668 cujus
1411 3596 1631 3652 nomine
1682 3610 1777 3665 per

186 3701 382 3758 Crucis
407 3696 719 3771 mystorium
750 3711 911 3752 omne
940 3710 1076 3766 genu
1113 3692 1362 3748 ﬂectetur
1390 3708 1405 3757 ;
1437 3690 1503 3744 da
1534 3688 1689 3743 nobis
1722 3687 1773 3741 in

188 3794 368 3849 Cruee
393 3801 479 3847 tua
502 3789 770 3860 copiosius
798 3789 1040 3844 exultare
1060 3829 1073 3852 ,
1111 3794 1168 3840 ut
1199 3785 1252 3838 in
1280 3784 1400 3853 ejus
1434 3781 1655 3838 victoria
1678 3788 1781 3847 ,,et

188 3885 357 3940 illmsi
396 3882 751 3939 maresteculi
800 3882 1165 3945 transeamus,
1206 3888 1261 3932 et
1290 3876 1354 3930 ad
1387 3885 1439 3930 te
1475 3872 1768 3930 coronandi

188 3985 318 4047 post
343 3981 584 4029 nostrum
607 3970 883 4027 transitum
909 3969 1247 4026 accedamus.
1298 3967 1334 4036 ii)
1360 4009 1372 4021 .
1402 3966 1597 4021 Amen.

270 4068 372 4124 Per
391 4065 834 4123 misericordiam.

270 4163 329 4219 In
363 4161 580 4218 nomine
604 4159 841 4215 Domini.

787 4276 855 4328 4d
886 4273 937 4326 Μ
945 4273 1216 4326 alutinum.

269 4392 587 4463 Antiphone.
634 4390 744 4460 Ego
784 4385 1052 4444 dormivi:
1082 4394 1136 4441 et
1177 4380 1480 4448 resurréxi,
1514 4377 1770 4451 quoniam

188 4486 459 4544 Dominus
481 4481 760 4538 suscitavit
780 4493 887 4535 me.
923 4476 1161 4531 Psalmus
1190 4488 1270 4529 in.

1944 2012 2235 2082 Αηείρὴοηα
2264 2012 2318 2065 5.
2355 2010 2507 2066 Justé
2530 2009 2778 2079 judicans
2816 2008 3030 2077 peccata
3072 2015 3251 2063 nostra
3278 2008 3455 2077 porta-

1875 2104 1951 2160 vit
1976 2105 2204 2174 corpore
2235 2119 2333 2159 suo
2374 2120 2538 2174 super
2583 2103 2816 2174 lignum;
2857 2102 2920 2158 P.
2955 2102 3022 2158 Ut
3052 2103 3079 2157 a
3110 2103 3261 2156 malis
3304 2114 3455 2171 sepa-

1877 2196 1981 2251 τέιιί
2030 2211 2152 2251 cum
2191 2196 2394 2266 iustitia
2431 2196 2691 2249 vivdmus.
2753 2195 2825 2252 θ.
2864 2179 3096 2249 iunium
3130 2193 3241 2248 Deo
3281 2193 3457 2246 omnis

1876 2297 2054 2343 terra:
2084 2290 2282 2342 servite
2311 2287 2542 2341 Domino
2582 2286 2635 2341 in
2679 2286 2879 2341 laetitia.
2918 2284 2984 2339 Ρ.
3014 2284 3081 2340 Ut
3108 2284 3136 2338 ὲ
3158 2283 3331 2339 malis.
3380 2284 3452 2352 7.

1877 2382 2078 2449 Gloria,
2107 2390 2162 2438 et
2189 2384 2361 2437 honor
2390 2383 2554 2437 Patri.
2584 2381 2650 2437 Ρ.
2683 2382 2753 2437 Ut
2773 2381 2804 2436 a
2835 2382 3007 2437 malis.

1951 2476 2149 2530 Oratio.
2192 2475 2340 2530 Justo
2363 2476 2574 2546 quidem
2596 2517 2611 2543 ,
2642 2475 2896 2541 Domine,
2940 2476 3185 2546 judicans
3234 2474 3452 2544 pecclta

1877 2576 2057 2623 nostra
2087 2570 2140 2622 in
2163 2567 2394 2637 corpore
2419 2577 2508 2623 tuo
2528 2570 2688 2638 super
2710 2569 2904 2636 lignum
2934 2567 3178 2637 por'asti,
3202 2567 3323 2620 cum
3346 2565 3460 2620 dio~

1878 2661 2056 2718 bolum
2104 2677 2209 2717 non
2262 2662 2561 2732 potestdte,
2602 2662 2695 2716 sed
2740 2661 2951 2732 justitia
2981 2658 3458 2726 devicistizutqui

1878 2768 1972 2823 per
1993 2752 2227 2809 déhitam
2255 2763 2482 2808 mortem
2508 2760 2747 2807 nostram
2774 2747 3027 2807 servituti
3048 2748 3165 2818 ejus
3187 2746 3457 2817 subjugati

1875 2842 2126 2907 eratnus,
2160 2857 2254 2911 per
2287 2842 2580 2897 indébitam
2618 2851 2846 2898 mortem
2892 2849 3036 2895 tuam
3082 2838 3149 2893 ad
3194 2838 3460 2895 libertatis

1872 2932 2099 3003 gratiam
2125 2932 2433 2998 redeamus;
2466 2933 2550 3005 [cc
2562 2929 2671 3003 xu]
2694 2931 2776 2986 iac
2798 2944 2896 2986 nos
2921 2944 3047 2999 ergo
3069 2940 3127 2983 ut
3155 2929 3206 2983 in
3235 2936 3287 2983 te
3315 2941 3461 2983 sem-

1876 3041 1970 3096 per
1999 3025 2152 3082 liberi
2181 3041 2300 3080 esse
2333 3027 2617 3095 possimus,
2651 3025 2881 3094 quoliter
2912 3033 3086 3081 tecum
3111 3033 3165 3080 et
3194 3025 3281 3079 hic
3314 3032 3369 3080 et
3396 3023 3451 3078 in

1876 3116 2132 3173 mtérnum
2154 3116 2270 3171 sine
2296 3116 2400 3171 line
2425 3117 2685 3170 vivemus.
2735 3116 2770 3184 ri;
2794 3154 2810 3170 .
2840 3116 3028 3170 Amen.

1950 3205 2052 3261 Per
2077 3205 2518 3261 misericordiam.

1965 3300 2001 3369 ii}
2024 3338 2039 3353 .
2080 3299 2264 3355 Jesum
2309 3299 2638 3353 Nazarénum
2658 3335 2675 3365 ,
2704 3312 2866 3367 quem
2896 3296 3045 3351 unxit
3086 3296 3226 3351 Deus
3255 3295 3457 3364 Spiritu

1879 3391 2094 3458 Sancto,
2120 3401 2172 3446 et
2216 3389 2440 3455 virtute,
2467 3404 2623 3458 quem
2672 3387 2838 3442 Judaei
2876 3386 3207 3455 repulerunt,
3235 3394 3290 3442 et
3319 3388 3462 3443 occi-

1878 3481 2072 3537 dér‘unt
2099 3478 2490 3549 suspendéntes
2522 3479 2571 3531 in
2620 3478 2762 3546 ligno
2786 3495 2798 3529 :
2818 3476 2981 3543 Ilunc
3012 3477 3151 3531 Deus
3186 3477 3463 3533 suscitavit

1876 3585 1998 3647 post
2042 3575 2185 3630 diem
2230 3574 2441 3630 tértium
2467 3614 2482 3638 ,
2510 3581 2565 3627 et
2590 3572 2737 3626 dedit
2776 3571 2924 3625 illum
2969 3567 3312 3623 manifestum
3342 3566 3463 3625 ﬁeri

1880 3681 1986 3721 non
2017 3667 2159 3721 omni
2183 3664 2406 3734 populo;
2436 3663 2539 3719 sed.
2560 3663 2713 3718 nobis
2742 3660 3140 3733 prmdestinz’itis
3169 3661 3236 3714 ab
3259 3674 3349 3724 eo,
3368 3661 3460 3730 qui

1850 3808 1854 3812 Α
1881 3772 2000 3813 cum
2054 3758 2170 3827 ipso
2216 3753 2660 3821 manducavimus
2684 3795 2698 3819 ,
2730 3761 2784 3806 et
2812 3750 3111 3806 conversati
3156 3764 3361 3804 sumus.
3396 3746 3462 3803 P.

1883 3846 2143 3918 Posqnam
2167 3845 2458 3901 resurrétit
2475 3845 2502 3899 ἐι
2524 3842 2773 3901 mortuis.
2805 3842 2838 3911 Ῡ
2864 3880 2877 3894 .
2904 3842 3160 3911 Apparuit
3184 3839 3462 3907 Dominus,

1879 3938 2054 4009 jimuis
2080 3937 2293 4002 clausis,
2313 3935 2586 4005 discipulis
2612 3933 2742 3989 suis.
2772 3931 2839 3985 P.
2872 3930 3179 4000 Postquam.
3219 3929 3253 3999 ᾗ
3278 3966 3294 3983 .
3326 3926 3456 3984 Glo—

1884 4031 1978 4091 ria,
2014 4037 2069 4083 et
2096 4029 2263 4082 honor
2291 4027 2454 4081 Patri.
2487 4024 2554 4079 P.
2588 4022 2903 4093 Postquam.

1958 4119 2155 4173 Oratio.
2205 4119 2329 4174 .Iesu
2361 4116 2633 4171 Nazarene
2654 4156 2668 4181 ,
2699 4117 2788 4185 qui
2814 4115 2844 4168 ἐι
2873 4114 3070 4169 Judaeis
3097 4113 3388 4182 suspensus
3412 4112 3464 4167 iu

1885 4212 2047 4281 ligno,
2079 4225 2268 4280 magno
2296 4208 2706 4263 resurrectionis
2726 4205 2933 4259 devicto
2966 4188 3139 4257 morte
3168 4202 3462 4269 triumpha-

1850 4362 1851 4365 η
1885 4303 1951 4358 sti
1983 4299 2274 4365 miraculo;
2307 4298 2525 4367 dignare
2549 4306 2599 4350 te
2622 4294 2963 4351 mauil'e'stum
2991 4292 3105 4347 Iieri
3129 4293 3179 4346 in
3212 4290 3464 4344 cordibus

1887 4392 2084 4448 nostris
2112 4408 2125 4443 :
2156 4397 2241 4454 et,
2277 4388 2366 4458 qui
2396 4394 2516 4457 post
2543 4392 2769 4458 mortem
2795 4382 2984 4437 Crucis
3026 4381 3336 4448 resurgens,
3361 4378 3462 4433 tuis

1889 4498 1947 4538 es
1974 4457 2340 4536 manifesratus
2369 4457 2678 4548 discipulis;
2708 4484 2826 4543 post
2864 4472 3079 4529 volnera
3122 4481 3317 4526 nostra:
3344 4484 3463 4525 cor-

275 4532 885 4631 desii
915 4568 1126 4626 Christe
1145 4606 1161 4631 ,
1194 4564 1284 4635 qui
1310 4578 1405 4632 pro
1436 4532 1588 4616 noliis
1618 4560 1775 4628 sopo-

1896 4573 2188 4645 ruptiouis,
2238 4580 2337 4625 tum
2381 4583 2479 4623 nos
2526 4563 2915 4634 subsequantur
2960 4563 3179 4617 munera
3227 4561 3460 4631 pietatis.

194 4684 315 4727 rem
363 4665 550 4722 mortis
577 4662 700 4719 ideo
730 4660 1009 4730 suscepisti
1034 4700 1048 4722 .
1092 4674 1160 4713 ne
1187 4671 1286 4712 nos
1329 4654 1559 4723 amplius
1586 4651 1781 4706 obdor-

198 4759 465 4815 mirémus
515 4758 567 4811 in
610 4762 871 4817 mortem;
904 4752 1042 4805 dona
1065 4791 1080 4815 ,
1114 4758 1171 4803 ut
1212 4747 1301 4818 qui
1331 4756 1383 4801 te
1413 4743 1672 4800 moriénte
1700 4757 1784 4796 re-

199 4850 495 4914 nascimur,
543 4854 597 4902 te
643 4845 803 4902 etiam
848 4840 1153 4898 viviﬁcante
1195 4839 1224 4892 ξι
1256 4838 1597 4907 peccatorum
1650 4838 1787 4890 lecto

199 4940 528 5012 surgémus:
559 4952 658 4993 nec
688 4936 824 4992 ultra
864 4936 976 5006 jam
1022 4933 1314 4988 obruamur
1359 4930 1515 4998 ρωηέ
1549 4928 1746 4998 peccati
1768 4967 1785 4994 ,

201 5038 298 5104 qui
330 5045 427 5086 nos
447 5029 751 5098 redemptos
779 5025 1177 5096 congaudémus
1207 5021 1378 5093 prétio
1396 5020 1544 5083 sacri
1569 5020 1788 5091 sangui-

204 5128 295 5183 nis
324 5124 422 5178 tui.
464 5124 501 5191 ἠ
525 5161 540 5175 .
575 5122 765 5176 Amen.

283 5216 390 5272 Per
414 5209 860 5268 misericordiam.

283 5324 582 5394 Antiphone
613 5324 667 5378 i.
695 5321 753 5377 In
781 5320 999 5377 nomine
1026 5317 1240 5373 Domini
1263 5330 1421 5371 omne
1438 5328 1576 5384 genu
1606 5310 1789 5367 ﬂecta-

209 5431 303 5477 tur
332 5417 653 5483 cmléstium,
684 5413 1016 5471 terrestrium
1051 5418 1107 5467 et
1146 5408 1513 5470 infernorum;
1557 5403 1623 5459 Ρ.
1654 5403 1788 5471 Quia

210 5514 474 5569 Dominus
503 5508 757 5565 obédiens
783 5518 950 5575 usque
972 5502 1035 5556 ad
1065 5511 1322 5561 mortem,
1356 5506 1583 5552 mortem
1611 5503 1791 5548 autem

210 5604 423 5659 Crucis.
451 5601 518 5656 Ρ.
550 5600 673 5655 Ideo
696 5598 952 5652 Dominus
972 5596 1133 5650 Iesus
1155 5592 1400 5646 Christus
1426 5589 1478 5643 in
1509 5586 1682 5657 gloria
1711 5593 1792 5639 est

214 5695 316 5751 Dei
350 5693 534 5748 Patris.
578 5691 653 5761 ᾗ.
684 5690 874 5744 Audite
923 5686 1037 5739 hmc
1078 5696 1268 5737 omnes
1317 5688 1545 5751 gentes:
1576 5676 1792 5731 auribus

218 5786 512 5857 percipite,
560 5784 647 5852 qui
695 5780 942 5835 habitatis
973 5775 1154 5827 orbem
1184 5789 1197 5827 :
1232 5771 1296 5825 P.
1330 5771 1461 5837 Quia
1513 5767 1787 5823 Dominus.

242 5878 313 5947 ᾗ.
337 5874 537 5944 Gloria,
571 5882 626 5930 et
654 5873 840 5927 honor.
876 5868 936 5925 P.
973 5866 1094 5922 Ideo
1125 5865 1401 5919 Dominus.
1499 5922 1505 5929 ,

1904 4666 1940 4735 ἠ
1963 4706 1976 4719 .
2010 4668 2196 4720 Arnen.

1960 4756 2060 4810 Per
2088 4749 2533 4809 misericordiam.

2526 4861 2589 4915 In
2616 4832 2899 4915 Ldudibus.

1958 4979 2038 5033 Ad
2067 4977 2353 5033 Cénticum.
2384 4974 2696 5046 Antiphone.
2747 4972 3035 5027 Cantemus
3064 4969 3287 5025 Domino
3312 4986 3326 5023 :
3350 4969 3463 5039 glo-

1888 5066 2033 5126 riose
2061 5067 2201 5124 enim
2233 5065 2615 5121 honoriﬁcatus
2643 5072 2743 5120 est.
2820 5084 2821 5087 η

1961 5184 2244 5239 Cdnticum.
2278 5178 2561 5235 Cantemus
2592 5176 2848 5232 Domino:
2872 5173 3118 5247 glorioso.
3155 5174 3335 5239 Quare
3363 5171 3460 5242 fol.

1891 5275 2013 5332 569.

1963 5390 2039 5442 Ad
2067 5388 2388 5443 Benedictus.
2423 5383 2741 5453 Antiphone.
2772 5379 2888 5435 Tibi
2920 5378 3016 5433 soli
3050 5376 3155 5429 Deo
3188 5375 3380 5440 honor,
3411 5381 3463 5427 et

1890 5482 2082 5551 gloria,
2110 5481 2297 5544 virtus,
2331 5490 2383 5532 et
2414 5476 2650 5545 potestas
2684 5478 2733 5527 in
2761 5471 2952 5527 smcula
2983 5468 3320 5522 surculorum.

1961 5577 2246 5630 Canticum.
2278 5569 2594 5625 Benedictus
2618 5581 2675 5619 es
2703 5563 2928 5617 Domine
2968 5562 3125 5615 Deus.
3161 5560 3258 5629 [οι.
3288 5560 3341 5615 6.

1962 5671 2124 5724 Sana.
2158 5670 2198 5720 0
2229 5667 2363 5719 houa
2392 5663 2553 5716 Crux.
2605 5660 2784 5726 Qua're
2811 5657 2864 5710 in
2906 5654 3136 5723 Vespéris
3179 5652 3464 5723 preceden-

1894 5764 2048 5816 tibus.

1966 5852 2164 5906 Lauda.
2200 5847 2431 5904 Laudine
2466 5842 2742 5896 Dominum
2778 5840 2843 5894 de
2874 5818 3037 5893 leis
3066 5834 3290 5891 Alleluia
3316 5852 3329 5889 :
3356 5833 3463 5888 qu-
