3948 6378
243 339 381 395 “25

381 451 623 509 Férvidis
649 450 953 514 conatibus,

383 543 618 599 Artubus
648 541 801 598 fessis
827 539 1030 596 mederi
1051 583 1068 608 ,

382 635 664 706 Conligare
693 634 975 688 vulnerum

381 725 566 781 Inditis
597 725 777 794 plagas
805 723 1079 791 fomentis,

388 822 481 877 Vel
510 819 734 875 medelis
763 817 1016 888 congruis

451 910 703 966 Sérviens
733 924 916 974 manu,
944 908 1028 964 vel
1059 922 1154 963 ore

384 1004 674 1074 Martyrum
705 1001 1024 1066 discrimini,

385 1096 515 1152 Fert
536 1095 616 1150 eis
636 1093 879 1149 consulta
910 1093 1074 1162 pacis,

384 1187 514 1243 Fert
539 1186 717 1242 cibum
743 1185 1053 1252 salaminis;

384 1280 696 1349 Obsequens
725 1278 911 1334 effecta
941 1278 1147 1334 cunctis
1165 1318 1182 1345 ,

383 1370 644 1427 Pléctitur
675 1370 728 1425 in
756 1369 979 1441 singulis
1002 1389 1017 1436 ;

460 1467 591 1532 Quae
614 1473 791 1520 tamen
821 1465 918 1520 viri
946 1465 1146 1520 corona

385 1559 485 1613 Per
514 1556 816 1627 triumphos
846 1557 1076 1624 réddita,

387 1653 520 1707 Dum
549 1667 704 1708 suum
734 1667 932 1721 corpus
960 1653 1175 1723 piorum

383 1746 558 1802 lnlinit
579 1745 882 1813 cruoribus,

378 1837 464 1894 Nil
491 1838 667 1893 minus
694 1837 894 1908 perfert
923 1837 992 1894 ab
1016 1838 1141 1902 illis,

381 1934 438 1989 In
464 1933 654 2003 quibus
686 1933 801 1988 haec
824 1933 1035 1988 vicerit.

452 2026 497 2081 0
523 2041 737 2081 sacrum
763 2026 888 2082 vere
917 2025 1200 2083 honestum

380 2116 661 2172 Vinculum
693 2116 944 2172 connubii
966 2119 980 2172 ι

381 2208 428 2263 0
451 2223 626 2264 novus
653 2223 844 2264 cursus
873 2207 1122 2264 laborum

384 2302 687 2359 Junctionis
717 2302 889 2357 unica:
909 2301 923 2356 !

380 2393 558 2450 Ambo
590 2400 834 2457 currunt,
856 2392 1017 2449 ambo
1046 2391 1298 2458 vincunt;

376 2485 476 2542 Est
501 2486 740 2555 utrisque
767 2485 959 2554 gloria.

452 2577 579 2633 Haec
607 2586 716 2643 tua,
747 2577 942 2634 Custos
970 2578 1246 2649 Supérne,

375 2669 661 2724 Mt’tnerum
688 2667 998 2738 diversitas,

378 2757 688 2825 Pértrahas,
717 2761 900 2829 signes
928 2760 994 2816 ad
1019 2759 1168 2816 illam

379 2851 731 2909 Laureandos
756 2851 1013 2920 Patriam,

379 2943 498 3012 Qua
527 2943 622 2999 tibi
647 2943 834 3000 laudes
863 2943 1040 3014 Beati,

375 3036 509 3093 Post
536 3037 738 3109 agones
764 3039 1040 3094 insonant.

450 3127 638 3185 Clarus
665 3129 757 3187 ille
786 3128 873 3186 hic
899 3129 1147 3186 coruscat

379 3219 607 3277 Michael
637 3221 1038 3293 Arcbangelus,

383 3312 580 3384 Utpote
609 3314 748 3371 Deus
772 3314 1048 3385 patrandis

380 3404 638 3462 Eminens
667 3406 986 3464 virtotibus:

383 3496 486 3553 Dat
513 3497 690 3554 locum
719 3513 917 3556 nomen
947 3499 1153 3571 vigoris

385 3589 462 3646 De
490 3590 672 3647 favore
701 3592 963 3649 muneris.

456 3683 626 3754 Hujus
649 3698 777 3755 ergo
803 3684 1126 3755 imprecatu,

388 3776 485 3832 Vel
517 3777 729 3833 tuOrum
762 3776 1081 3850 martyrum,

389 3868 551 3924 Ferto
572 3869 727 3926 nobis
749 3868 889 3926 hanc
917 3868 1204 3936 medelam,

385 3959 502 4027 Qua
526 3960 732 4016 reatum
761 3959 959 4031 diluas,

387 4048 683 4105 Criminum
718 4051 889 4108 nodos
919 4052 1154 4120 resolve,

387 4141 464 4197 Da
496 4140 789 4199 fomentum
817 4143 1004 4213 gratia:
1030 4164 1047 4209 ;

460 4233 578 4300 Quo
599 4235 875 4291 treménda
898 4234 1187 4306 judicéntis

389 4327 524 4385 Cum
553 4329 668 4385 dies
694 4329 968 4396 inloxerit,

391 4418 576 4487 Festa,
605 4435 828 4491 quorum
859 4421 1240 4493 praedicémus.

391 4513 712 4570 Miscehmur
738 4513 979 4585 gaudiis;

390 4606 459 4662 Et
486 4606 679 4676 quibus
707 4621 813 4661 non
841 4617 924 4663 est
953 4607 1154 4663 corOna
1173 4647 1190 4676 ,

388 4698 473 4755 Sit
502 4699 633 4754 fides
661 4700 727 4753 ad
758 4699 1004 4770 gloriam.

463 4789 704 4862 [casuri]
734 4789 871 4846 Laus
899 4791 988 4846 tibi
1018 4805 1113 4861 per
1138 4805 1298 4848 omne
1325 4800 1536 4863 tempus

389 4882 629 4939 Trinitas
659 4884 992 4950 indiil‘erens,

391 4976 555 5044 Laus,
582 4977 772 5044 honor,
808 4978 1082 5050 virtosque
1109 4993 1339 5048 summa,

389 5070 690 5142 Singuloris
715 5071 882 5142 gloria
909 5091 926 5139 ;

389 5160 523 5229 Quae
553 5161 835 5218 Dominum
866 5173 918 5218 te
937 5163 1284 5233 saeculorum,

389 5253 650 5311 Pérsonet
678 5255 729 5311 in
760 5257 977 5313 sarcula.

535 5348 729 5404 Amen.

1857 3182 1908 3248 C

1861 4549 1916 4611 Β
1955 4551 1958 4553 _

1337 334 1811 394 SANCTORALE.
1852 365 1925 378 —-
1964 330 2179 388 FESTA
2219 330 2412 386 JUNII.

1964 330 2179 388 FESTA
2219 330 2412 386 JUNII.
3375 335 3515 393 “26

1850 451 1900 508 Α
1927 443 2055 500 dum
2106 449 2164 497 et
2209 441 2354 496 illum
2402 440 2901 512 robore'patiéndi,
2946 454 2999 501 et
3042 446 3199 503 istam
3249 455 3516 518 praevenis

1928 536 2102 608 gratia
2127 536 2498 607 obsequendi:
2531 535 2652 590 cum
2682 549 2735 593 et
2765 554 2859 608 per
2886 539 3036 594 illum
3063 542 3366 599 subslérnis
3391 545 3517 600 tldei

1928 629 2142 694 hostes,
2165 638 2222 684 et
2264 644 2358 700 per
2382 629 2519 684 hanc
2547 629 2751 685 vinctos
2783 645 2877 700 pro
2922 641 2973 688 te
2999 633 3179 689 réiicis
3210 634 3476 707 martyres
3500 653 3515 700 ;

1927 721 1995 775 da
2030 719 2206 790 nobis,
2252 721 2478 790 utraque
2503 720 2698 776 virtote
2727 735 2883 790 posse
2919 724 3217 794 adipisci-re
3247 727 3388 796 quod
3421 742 3518 799 op-

1929 814 2126 881 thmus,
2174 821 2228 869 et
2271 812 2498 868 evadere
2523 814 2667 883 quod
2709 813 3040 883 pave'scimus
3089 835 3103 870 :
3149 826 3229 884 ut,
3265 821 3514 876 vitiOrum

1925 908 2219 964 carnalium
2267 909 2497 964 victores
2522 909 2717 977 effecti,
2766 909 3028 966 bonorum
3055 911 3386 970 exbibitiOne
3415 917 3514 970 ob-

1926 1003 2234 1074 sequiorum
2263 1017 2443 1059 coram
2472 1015 2524 1058 te
2551 1003 2848 1058 efﬁcIAmur
2871 1005 3049 1060 idonei
3081 1023 3097 1061 :
3124 1018 3179 1061 et
3206 1012 3294 1078 qui
3322 1011 3517 1079 corpo-

1927 1096 2004 1152 rei
2032 1095 2306 1167 sanguinis
2333 1096 2592 1153 effusione
2623 1112 2731 1153 non
2759 1099 3027 1155 meremur
3056 1101 3332 1168 coronam,
3364 1106 3516 1157 voto-

1928 1204 2044 1242 rum
2069 1188 2404 1257 impensione
2435 1189 2784 1258 perducemur
2805 1189 2871 1243 ad
2903 1190 3133 1246 veniam.

2000 1281 2160 1337 Pater
2185 1290 2388 1337 noster.
2418 1281 2652 1337 Liberati
2683 1283 2713 1337 s
2745 1284 2907 1339 malo.
2939 1285 3032 1355 fol.
3065 1283 3121 1339 2.

2000 1373 2316 1429 Benedictio.
2367 1374 2610 1430 Christus
2661 1373 2938 1439 Dominus,
2985 1376 3075 1445 qui
3122 1388 3338 1433 sanctos
3392 1393 3519 1432 suos

1930 1465 2223 1521 Adrianum
2253 1476 2414 1537 atque
2456 1468 2716 1522 Nataliam
2761 1467 2969 1523 alterna
3012 1469 3322 1525 decertandi
3353 1471 3517 1526 deco-

1931 1564 2071 1618 ravit
2101 1565 2313 1630 virtute,
2347 1564 2685 1620 devotionem
2727 1575 2958 1621 vestram
3003 1567 3205 1622 unione
3241 1567 3517 1622 charitétis

1931 1655 2198 1722 exornet;
2248 1656 2285 1721 ἡ
2306 1695 2321 1712 .
2351 1657 2541 1713 Amen.
2587 1657 2792 1728 Quique
2825 1657 3102 1728 potentiali
3149 1659 3406 1730 obséquio
3437 1661 3512 1715 fa-

1933 1750 2092 1805 mulze
2132 1765 2242 1805 suae
2282 1749 2499 1805 Natalia:
2553 1750 2810 1821 Martyres
2859 1750 3198 1821 refrigeravit
3237 1752 3290 1805 in
3321 1755 3519 1821 pomis,

1931 1842 2092 1900 corda
2118 1855 2292 1900 vestra
2335 1842 2590 1912 justificet
2618 1842 2646 1897 ὸ
2675 1842 2904 1912 delictis,
2955 1856 3008 1899 et
3047 1858 3165 1900 rora
3215 1848 3519 1901 remonerct

1931 1947 2030 2003 pro
2068 1936 2406 2005 susceptione
2461 1935 2616 2004 hujus
2667 1932 3020 1990 festivitatis:
3078 1937 3152 2007 ri.
3205 1937 3398 1994 Arnen.
3455 1937 3521 1993 Ut

1930 2041 2026 2096 per
2052 2041 2210 2096 quem
2258 2026 2468 2083 Sanctis
2520 2028 2842 2083 minisrravit
2882 2028 3061 2083 solatii
3114 2029 3334 2084 verbum
3363 2073 3378 2099 ,
3427 2044 3521 2100 por

1929 2132 2054 2174 eum
2084 2117 2238 2174 nobis
2268 2127 2530 2188 prmroget
2559 2117 2828 2186 petitionis
2851 2117 3120 2174 effectum.
3170 2119 3206 2187 ιῆ
3229 2156 3245 2172 .
3271 2123 3462 2174 Amen.

2003 2210 2109 2266 Per
2138 2211 2584 2267 misericordiam.

2000 2303 2203 2358 Lauda.
2237 2303 2466 2373 ,CorOna
2511 2303 2832 2360 Sanctorum
2865 2305 3022 2360 timor
3050 2304 3264 2360 Domini
3292 2323 3305 2372 ;
3341 2305 3519 2376 'gratia

1928 2401 2106 2449 autem
2138 2393 2380 2463 mulieris
2407 2393 2610 2450 sédulac
2641 2395 2926 2450 delectabit
2955 2399 3127 2451 virum
3155 2413 3334 2453 suum.
3378 2398 3521 2452 Alle—

1927 2485 2036 2542 h’tia
2081 2504 2096 2542 :
2143 2485 2211 2542 P.
2244 2487 2376 2553 Quia
2421 2487 2671 2542 mandata
2719 2489 2932 2543 Domini
2968 2491 3019 2543 in
3065 2489 3227 2545 corde
3278 2491 3523 2546 mulieris

1927 2586 2150 2633 sanctae.
2200 2579 2449 2643 Alleloia,
2481 2578 2717 2634 alleluia.
2744 2639 2750 2645 _
2773 2581 2806 2649 ᾗ
2832 2618 2844 2631 .
2877 2578 3040 2634 Beota
3067 2594 3220 2650 gens,
3251 2581 3407 2648 cujus
3437 2594 3520 2636 εει

1927 2667 2193 2723 Dominus
2217 2667 2361 2724 Deus
2391 2669 2539 2738 ejus;
2589 2669 2842 2738 populus,
2874 2685 3032 2740 quem
3073 2672 3231 2741 elegit
3264 2671 3523 2726 Dominus

1928 2758 1985 2814 in
2014 2759 2366 2814 hereditatem
2393 2759 2517 2816 sibi.
2553 2759 2619 2816 Ρ.
2651 2761 2784 2828 Quia
2809 2762 3075 2817 mandata.
3121 2763 3156 2829 ᾗ
3181 2801 3196 2817 .
3234 2761 3442 2831 Gloria,
3469 2777 3521 2818 et

1929 2851 2124 2907 honor.
2148 2849 2216 2905 P.
2252 2851 2408 2918 Quia.

2003 2943 2207 2998 Oratio.
2262 2942 2496 3011 Christe,
2525 2944 2617 3014 qui
2644 2943 2865 3001 diversis
2891 2945 3170 3002 beatorum
3215 2946 3521 3001 certamini-

1929 3035 2052 3103 bus,
2072 3033 2293 3090 Adriani
2319 3034 2524 3091 scilicet
2543 3044 2704 3106 atque
2728 3035 2970 3103 Nataliae,
2996 3049 3049 3093 et
3083 3038 3373 3110 martyrum
3402 3057 3519 3095 Ille-

1933 3127 2077 3185 déris
2120 3128 2437 3196 discrimini,
2480 3137 2534 3185 et
2583 3127 2882 3199 exemplum
2935 3132 3202 3185 secutura:
3255 3147 3522 3202 prmrogas

1937 3219 2078 3290 plebi
2110 3236 2125 3274 :
2157 3219 2281 3274 dum
2312 3229 2365 3275 et
2389 3219 2468 3274 illi
2501 3234 2700 3289 corpus
2736 3220 2802 3275 ad
2853 3221 3052 3292 agones
3095 3223 3436 3290 corroboras,
3469 3237 3525 3279 et

1933 3311 2095 3382 hujus
2123 3325 2185 3367 os
2210 3309 2602 3367 beneficiéntize
2632 3311 3001 3367 satisfactione
3027 3313 3325 3370 inﬂammas
3353 3335 3366 3382 ;
3407 3326 3525 3372 esto

1933 3401 2270 3459 inluminatio
2295 3409 2475 3458 nostra
2494 3442 2510 3468 ,
2543 3409 2598 3457 et
2628 3401 2773 3458 salus
2805 3421 2819 3455 :
2851 3401 3022 3458 valeat
3052 3418 3248 3472 corpus
3278 3415 3522 3460 nostrqu

1932 3494 2208 3550 servitutis
2252 3501 2358 3548 ture
2408 3492 2611 3549 docere
2651 3492 2839 3563 iugum
2884 3510 2899 3548 :
2941 3507 3004 3548 os
3029 3494 3216 3550 salutis
3263 3497 3526 3552 meditare

1933 3584 2264 3658 praeconium
2298 3602 2312 3638 :
2364 3584 2496 3639 nihil
2523 3585 2693 3654 possit
2719 3600 2864 3650 caro,
2896 3585 3039 3656 quod
3071 3587 3164 3641 tibi
3193 3587 3476 3657 displiceat
3509 3608 3520 3642 :

1933 3679 2080 3737 nulla
2125 3694 2189 3736 os
2233 3678 2506 3749 praedicet,
2535 3693 2652 3748 quae
2700 3679 2730 3734 ει
2775 3687 2863 3734 tua
2911 3680 3276 3749 praeceptione
3312 3681 3522 3738 disséu-
3556 3715 3583 3736 .

1935 3773 2110 3839 tiant;
2155 3771 2361 3826 exultet
2392 3784 2521 3841 ergo
2559 3786 2651 3826 cor
2698 3782 2938 3827 nostrum
2965 3813 2981 3840 ,
3014 3781 3068 3827 et
3095 3787 3223 3829 caro
3254 3783 3435 3831 nostra
3467 3775 3520 3831 in

1937 3872 1990 3920 te
2029 3863 2198 3922 Deum
2233 3862 2452 3919 vivum:
2481 3872 2538 3919 ut
2561 3872 2613 3920 te
2641 3864 2939 3934 Opitulante
2965 3864 3072 3920 illis
3090 3865 3376 3936 iungamur
3405 3876 3528 3935 post

1935 3955 2243 4024 transitum,
2275 3955 2466 4026 quibus
2497 3955 2584 4011 hic
2628 3954 2864 4011 vivéntes
2905 3955 3258 4026 dependimus
3299 3956 3528 4013 famula-

1939 4057 2072 4103 tum.
2116 4047 2153 4115 ἡ)
2179 4087 2192 4100 .
2227 4049 2420 4102 Amen.

2006 4137 2112 4192 Per
2140 4136 2587 4192 misericordiam.

2007 4228 2065 4285 in
2096 4228 2316 4286 nomine
2345 4227 2581 4284 Domini.

2540 4319 2622 4374 Ad
2642 4319 2974 4375 Mammium.

2007 4414 2321 4486 Antiphona.
2355 4414 2431 4470 Da
2458 4414 2611 4470 nobis
2633 4414 3139 4470 lzetitiam.Psalmus
3171 4431 3222 4470 ι..

2013 4507 2213 4562 Oratio.
2248 4506 2433 4564 Redde
2460 4508 2635 4563 nobis.
2665 4505 2788 4563 Fat.
2818 4522 2998 4562 cum.

2011 4601 2314 4672 Antiphona
2359 4601 2411 4655 i.
2456 4600 2585 4656 Pars
2615 4599 2776 4669 bona,
2825 4601 3019 4656 mulier
3057 4602 3214 4670 bona,
3271 4603 3323 4658 in
3373 4614 3526 4675 parte

1940 4691 2081 4748 bona
2126 4692 2428 4747 timentium
2475 4692 2664 4747 Deum.
2714 4691 2784 4747 P.
2835 4692 3058 4749 Dabitur
3087 4696 3202 4750 viro
3250 4711 3347 4766 pro
3378 4697 3528 4756 factis

1939 4785 2113 4841 bonis.
2159 4785 2436 4857 9.,Beati,
2467 4785 2555 4855 qui
2587 4784 2892 4840 custodiunt
2909 4786 3170 4856 judicium
3192 4831 3206 4854 ,
3249 4799 3302 4842 et
3333 4789 3528 4846 faciunt

1937 4877 2170 4948 justitias
2194 4878 2250 4933 in
2279 4877 2422 4933 omni
2454 4877 2717 4948 tempore.
2747 4876 2816 4934 P.
2848 4877 3090 4934 Dabitur.
3138 4880 3171 4948 ᾗ
3195 4918 3211 4933 .
3241 4878 3444 4950 Gloria,
3474 4891 3529 4938 et

1941 4971 2135 5026 honor.
2167 4969 2235 5024 P.
2268 4969 2512 5025 Dabitur.

2015 5061 2215 5116 οτάιίο.
2275 5059 2513 5127 Christe,
2563 5061 2655 5132 qui
2707 5061 2932 5118 tlivérsis
2984 5061 3288 5119 beatorum.
3343 5062 3526 5131 Quen

1941 5152 2075 5210 retro
2103 5151 2157 5206 in
2195 5150 2428 5222 Vésperis
2457 5153 2884 5224 prmedéntibus.

2014 5245 2313 5317 Antiphoni:
2356 5245 2410 5298 2.
2455 5245 2512 5300 in
2553 5245 2966 5316 congregatione
3008 5244 3327 5300 Sanctorum
3367 5247 3527 5301 muita

1944 5337 2134 5410 gloria,
2184 5336 2253 5392 P.
2303 5337 2371 5393 Et
2397 5338 2486 5392 iex
2523 5338 2823 5395 clementia
2850 5338 2901 5393 in
2927 5339 3104 5408 lingua
3137 5340 3376 5396 mulieris
3401 5355 3528 5396 san-

310 5439 671 5508 Supplicdtio.
699 5439 924 5496 Oremus
959 5440 1405 5512 Redemptorem,
1429 5441 1640 5496 mutatis
1670 5443 1836 5496 nomi-
1943 5448 2064 5495 etas.
2110 5439 2146 5508 7
2170 5475 2187 5495 .
2231 5437 2385 5494 Salus
2409 5445 2588 5493 autem
2617 5437 2882 5505 justdrum
2923 5435 2952 5490 ὲ
2980 5436 3209 5491 Βόηιίηο
3259 5455 3274 5492 :
3325 5447 3378 5491 et
3404 5452 3526 5507 pro-

191 5536 417 5601 nibus,
447 5534 542 5604 fol.
573 5549 846 5589 cuum.
1819 5567 1830 5579 ο
1943 5530 2114 5588 téctor
2142 5529 2330 5586 eorum
2355 5539 2437 5585 est
2477 5531 2529 5585 in
2563 5527 2804 5598 tempore
2833 5526 3215 5582 tribulatiOnis.
3246 5525 3316 5584 Ρ.
3346 5529 3408 5584 Et
3437 5544 3525 5584 rex

309 5626 583 5698 Capitula.
621 5627 854 5693 Christe,
885 5628 972 5697 qui
1005 5626 1284 5697 multiplici
1321 5627 1638 5683 diversitAte
1666 5629 1836 5683 virtu.
1943 5623 2263 5680 cleméntize.
2310 5624 2344 5693 Ῡ
2367 5659 2382 5676 .
2415 5620 2618 5690 Gloria,
2650 5629 2707 5676 et
2737 5620 2930 5676 honor.
2958 5618 3025 5672 Ρ.
3057 5618 3124 5673 Et
3147 5619 3253 5675 lex.

187 5733 384 5784 tum,
415 5727 470 5773 et
496 5718 715 5788 copioso
742 5718 1038 5775 certamine
1069 5716 1374 5787 passionum
1420 5718 1604 5773 beatos
1635 5717 1838 5790 mariy-
2020 5720 2216 5774 Onitio.
2261 5718 2420 5786 Deus,
2453 5717 2541 5788 qui
2593 5715 2870 5772 BeatOrum
2911 5713 3104 5784 gaudio
3149 5723 3310 5785 atque
3354 5716 3531 5774 conli-

187 5826 335 5877 rcs
363 5809 658 5868 AdriAnum
687 5821 849 5882 atque
873 5811 1131 5867 Natéliam
1161 5810 1447 5883 provexisti
1474 5810 1540 5867 ad
1568 5827 1790 5884 regnum
1816 5832 1828 5867 :
1945 5812 2074 5870 mini
2123 5820 2304 5867 votum
2346 5807 2570 5866 Adriani
2602 5807 2674 5864 tui
2726 5806 2976 5879 martyris
3005 5805 3285 5876 miscuisti,
3325 5805 3452 5866 dum
3473 5815 3529 5862 ct
