3948 6378
191 394 324 448 H29
1278 393 1592 448 SAMITOR
1603 392 1689 447 Al;
1700 391 1764 444 Ε.

183 512 381 587 quéudi
431 509 744 579 gloriﬁcavit
790 523 855 562 cx
901 507 1114 577 gratia;
1181 508 1254 575 Ii.
1307 511 1499 562 Amen.
1562 506 1775 560 ΙΙΙὸτιιιιι

182 619 397 674 quoque
419 619 515 658 nos
541 601 795 672 suffragio
826 603 1039 656 tueatur
1065 643 1079 668 ,
1121 617 1346 671 quorum
1381 602 1550 670 plagis
1572 599 1775 655 Natalia

186 696 471 751 {annuimus
519 694 599 746 sui
642 693 896 761 dependit
946 693 1282 759 obsequium.
1343 693 1418 761 ἡ.
1465 695 1656 746 Amen.
1711 691 1778 746 Ut

186 784 463 854 pratse’ntis
491 783 596 837 diéi
629 783 968 838 solemnitate
997 782 1220 836 ovantes
1243 793 1298 837 et
1321 783 1406 837 hic
1429 791 1483 838 et
1512 783 1564 836 in
1597 783 1776 836 futuro

183 881 368 933 ceram
399 877 606 948 gaudiis
640 876 954 931 mercantiui
983 891 1102 931 esse
1132 876 1441 947 participes.
1483 876 1520 942 ιῆ
1543 915 1556 928 .
1582 875 1772 930 Amen.

256 974 358 1025 Per
380 970 826 1026 misericordiam.

257 1067 457 1120 Laudo.
493 1064 604 1118 Lux
631 1064 900 1132 iustorum
925 1063 1156 1118 laetiﬁcat
1183 1075 1278 1118 eos
1312 1079 1324 1114 :
1353 1059 1565 1131 sapiens
1596 1069 1774 1115 autem

183 1157 250 1212 P.
277 1157 465 1211 mulier
492 1156 720 1210 aediﬁcat
747 1154 966 1208 domum
996 1169 1169 1208 suam.
1202 1153 1454 1208 Alleluia.
1477 1153 1510 1220 ᾖ
1536 1191 1549 1205 .
1581 1151 1777 1205 Potens

181 1252 234 1302 in
259 1258 400 1303 terra
424 1247 532 1301 erit
558 1261 741 1300 semen
768 1247 883 1312 ejus
909 1264 920 1298 :
954 1245 1230 1314 generatio
1259 1245 1528 1300 rectorum
1558 1243 1776 1298 benedi-

179 1339 352 1393 retur.
387 1336 457 1390 P.
482 1337 674 1392 Mulier
702 1336 953 1391 aediﬁcat.
993 1337 1065 1406 ᾗ.
1105 1335 1289 1391 Gloria
1314 1377 1333 1402 ,
1380 1344 1436 1390 et
1481 1340 1670 1390 honor.
1709 1334 1773 1390 Ρ.

181 1433 377 1488 Miilier
403 1432 650 1486 aediﬁcat.

252 1525 457 1578 υνάιὶο.
481 1522 715 1589 Christe,
746 1524 834 1594 qui
879 1526 1126 1582 diversis.
1159 1526 1346 1594 Quane
1375 1527 1426 1579 in
1455 1527 1637 1595 primis
1673 1523 1777 1579 Vé«

175 1619 343 1686 aperis
373 1618 791 1689 prwcedéntibus.

834 1709 945 1764 DIE
978 1709 1120 1764 XIX.

175 1817 228 1855 IN
256 1815 426 1855 FBSTO
450 1815 761 1856 SANCTORUI
791 1816 1031 1856 ϐειινιιδιι
1061 1817 1124 1854 ΕΤ
1154 1816 1394 1854 ΡΒΟΤΑΒξΙ
1418 1839 1434 1865 ,
1462 1817 1770 1857 ιιΑιιτγιιυιι.

249 1893 443 1947 Omnia
482 1895 722 1946 dicdutur
759 1895 1100 1961 plurimorum
1136 1893 1464 1962 Martyrum,
1497 1911 1672 1951 novem
1697 1897 1775 1950 le-

171 1985 440 2047 ctidnum,
473 1986 685 2052 excepto
715 1985 924 2054 hymno,
955 1986 1044 2054 qui
1081 1996 1153 2040 est
1182 1986 1278 2039 iste
1307 2002 1327 2038 ,ο

397 2074 586 2129 Grates
617 2077 711 2130 tibi
738 2077 866 2131 Jesu
898 2092 1062 2132 novas

321 2168 471 2224 Novo
497 2168 714 2236 reperto
735 2169 976 2235 munere,

316 2260 554 2314 Protasio
578 2269 634 2315 et
655 2259 910 2315 Gervasio

321 2352 644 2423 Martyribns
669 2351 917 2417 inventis,
948 2366 1104 2408 cano.

392 2445 498 2499 Pia:
524 2444 758 2499 latebant
790 2444 1004 2511 hostiae,

317 2537 424 2592 Sed
454 2552 558 2592 non
585 2537 858 2603 late’bant;
889 2553 1010 2591 nam
1041 2540 1206 2594 Sacer

315 2629 509 2683 Latere
537 2631 752 2699 sanguis
781 2647 885 2685 non
913 2641 1108 2702 potest,

311 2719 414 2786 Qui
444 2721 637 2775 clamat
661 2723 728 2776 ad
761 2724 926 2778 Deum
951 2725 1193 2779 Patrem.

369 2811 536 2868 Caelo
561 2813 834 2882 refulgens
866 2816 1035 2886 gratia

320 2905 483 2958 Arms
506 2905 762 2958 revelavit
788 2920 972 2960 sacros
1010 2925 1025 2959 ε

316 2995 606 3065 Nequimus
635 3011 755 3051 esse
783 2998 1072 3070 martyres,

314 3087 419 3143 Sed
445 3089 740 3157 reperimus
763 3090 1049 3160 martyres.

391 3178 483 3232 llis
505 3180 594 3248 qui
631 3181 866 3248 requirat
895 3180 1110 3235 testium

319 3268 506 3333 Voces,
537 3270 625 3325 ubi
659 3271 795 3325 facta
824 3281 908 3326 est
935 3271 1069 3326 ﬁdes
1096 3290 1111 3335 ς

315 3360 552 3416 Sanatur
579 3363 750 3432 impos
781 3365 996 3429 mentis,

309 3454 427 3522 Ope
457 3453 656 3509 fatetur
682 3455 970 3527 martyres.

388 3546 583 3602 Caecus
614 3531 829 3616 recepto
854 3549 1079 3614 lumine,

318 3637 612 3709 Martisque
640 3653 807 3696 sacrae
839 3639 1090 3695 méritum
1123 3641 1310 3710 probat
1341 3659 1356 3696 ι

316 3731 549 3786 Severus
578 3741 660 3786 est
685 3748 880 3788 nomen
909 3733 1008 3786 viri
1035 3749 1052 3800 ;

321 3821 476 3877 Visus
503 3821 733 3878 ministri
767 3825 984 3893 publici.

390 3914 460 3971 Ut
485 3915 733 3987 martyris
760 3927 965 3973 vestem
989 3917 1196 3988 adtigit,

318 4012 383 4066 Et
409 4027 503 4066 ora
536 4015 688 4068 tersit
717 4016 920 4080 nubila,

315 4104 518 4159 Lumen
551 4105 778 4176 refulget
808 4107 975 4175 illico,

313 4199 593 4268 Fugitque.
606 4200 754 4270 pulsa
783 4202 1019 4258 cmcitas.

382 4292 564 4348 Solt‘ita
593 4295 746 4348 turba
769 4294 1019 4360 vinculis.

313 4383 482 4450 Spiris
510 4385 761 4441 dracdnis
789 4387 954 4441 libera

319 4474 526 4528 Emissa
555 4477 678 4530 totis
707 4476 929 4530 urbibus

317 4565 540 4620 Domum
571 4565 708 4620 redit
724 4582 844 4621 cum
875 4566 1087 4637 gaudio.

393 4655 610 4711 Vetusta
637 4658 790 4710 saecla
817 4657 1067 4724 vidimus,

317 4745 627 4816 laetataque
653 4746 946 4811 daemonia,

319 4838 595 4906 Tactuque
622 4847 676 4893 ct
705 4840 889 4894 umbra
920 4854 1200 4909 corporum

319 4931 498 4999 tigris
528 4931 753 4986 salutem
781 4931 1060 4987 redditam.

399 5023 507 5077 Deo
537 5021 678 5076 Patri
705 5023 772 5075 sit
802 5022 994 5091 gloria,

319 5113 556 5185 Eiusque
583 5113 686 5168 soli
716 5114 874 5177 Filio,

320 5207 519 5263 Sancto
543 5205 699 5262 simul
731 5206 1019 5273 Paraclito,

322 5300 378 5352 ln
403 5297 725 5368 sempiterna
748 5297 964 5353 saecula.

394 5390 588 5443 Amen.

203 5504 264 5543 IN
294 5501 544 5541 DOIINICO
566 5501 665 5541 ΡΙιο
697 5501 938 5541 Αιινειιτυ
969 5501 1153 5545 SANCTI
1182 5505 1399 5547 JOANNIS
1434 5505 1725 5546 DAPTISTJJ.

753 5581 831 5632 Ad
869 5579 1171 5652 vesperum.

241 5672 447 5728 Lauda.
460 5672 559 5728 Die
573 5671 844 5728 mandavit
866 5671 1125 5725 Dt'iminus
1144 5672 1568 5727 misericordiam
1591 5690 1764 5738 suam,

159 5767 241 5822 Ρ.
281 5767 347 5821 Ει
374 5773 529 5821 nocte
557 5764 867 5821 declaravit.
915 5764 947 5830 i‘
973 5800 987 5816 .
1017 5764 1167 5831 Apud
1194 5779 1280 5817 me
1308 5766 1481 5818 oratio
1510 5765 1619 5822 Deo
1644 5767 1764 5822 vitae

150 5877 332 5926 meae,
360 5859 532 5914 dicam
557 5858 667 5912 Deo
697 5872 816 5912 meo
853 5875 863 5907 :
892 5854 1179 5924 Suscéptor
1211 5872 1362 5912 mens
1393 5872 1475 5915 es.

547 5961 816 6018 PA‘I‘ROL.
863 5956 964 6016 LX
979 5955 1030 6014 Χ
1048 5956 1094 6015 Χ
1111 5957 1215 6018 Η.

1805 344 2142 446 ζ-ἚΕΞΤΑ
2187 391 2381 446 ιιιΝιι.
3336 394 3473 449 1150

1807 503 1857 561 Α
1958 502 2158 559 Oratio.
2195 504 2338 560 Deus
2364 549 2378 573 ,
2405 506 2498 576 qui
2528 515 2668 560 luam
2701 506 2754 560 in
2785 508 2873 563 die
2903 508 3126 562 mandas
3160 508 3473 564 misericor-

1878 601 2060 665 diam;
2094 611 2150 658 et
2195 605 2244 657 iu
2279 613 2438 658 nocte
2481 603 2729 657 declaras
2777 621 2787 655 :
2834 620 3145 674 quaesumus
3172 653 3184 672 ,
3222 614 3278 659 ιιι
3304 605 3355 657 ἰιι
3386 604 3476 659 die

1879 707 1976 747 nos
2001 694 2251 764 protegas
2283 695 2349 748 ad
2378 694 2632 760 salutem;
2657 695 2786 749 etin
2822 705 2978 750 nocte
3007 696 3269 751 defendas
3297 695 3365 749 ad
3394 697 3478 750 rc-

1878 787 2081 854 quiem.
2123 786 2158 853 Ii}
2183 827 2198 842 .
2229 787 2417 842 Amen.
2449 786 2552 841 Per
2579 785 3033 842 misericérdiam.

1950 876 2114 932 Sono.
2143 879 2279 933 Deus
2304 879 2583 948 praecinxit
2608 894 2694 933 me
2723 879 2920 934 virtute
2952 896 2965 931 :
2995 888 3050 934 et
3077 879 3255 944 posuit
3284 881 3474 934 imma-

1876 971 2110 1026 culalam
2143 973 2280 1026 viam
2324 987 2521 1025 meam.
2551 971 2802 1025 Alleluia.
2828 971 3056 1026 Dextera
3087 983 3172 1024 tua
3199 970 3427 1025 Domine
3453 1013 3470 1038 ,

1876 1064 2113 1133 suscépit
2142 1079 2229 1118 me
2259 1081 2274 1117 :
2306 1072 2360 1118 et
2382 1063 2664 1134 discip'lna
2690 1072 2776 1118 tua
2802 1063 2914 1132 ipsa
2944 1077 3031 1116 me
3057 1062 3259 1117 docuit.

1952 1157 2208 1212 Dominus
2237 1159 2325 1212 sit.
2373 1158 2410 1213 ti
2434 1197 2447 1210 .
2475 1157 2702 1211 Etcum.

1950 1251 2267 1321 Antipliona.
2311 1248 2564 1304 Alleluia.
2609 1248 2930 1304 Benedicam
2969 1255 3023 1302 te
3064 1245 3293 1303 deiue
3335 1246 3473 1301 Deus

1879 1356 2032 1396 meus
2067 1359 2079 1395 :
2133 1341 2198 1394 P.
2231 1342 2293 1395 Et
2325 1340 2552 1394 laudabo
2590 1356 2784 1394 nomen
2817 1351 2986 1400 tuum,
3019 1339 3139 1408 quia
3166 1349 3219 1392 ιιι
3251 1355 3308 1393 es
3333 1378 3350 1404 ,
3382 1341 3471 1408 qui

1877 1431 2011 1486 facis
2028 1433 2294 1487 mirabilia
2313 1433 2478 1488 solus.
2502 1433 2536 1502 ᾗ
2559 1431 2850 1486 .Exultabo
2865 1442 2914 1486 te
2934 1431 3156 1485 Dumine
3175 1433 3283 1486 Rex
3302 1447 3480 1497 meus.

1878 1533 1933 1578 et
1964 1525 2103 1580 Deus
2134 1539 2288 1579 meus
2334 1540 2347 1575 :
2391 1532 2449 1578 et
2489 1523 2801 1578 hcnedicam
2847 1521 3049 1575 nomini
3080 1532 3170 1575 tuo
3213 1524 3266 1575 in
3306 1537 3481 1576 saecu—

1878 1617 1988 1671 lum
2015 1657 2030 1681 ,
2079 1623 2135 1671 et
2161 1616 2215 1671 in
2244 1616 2501 1671 saeculum
2549 1616 2734 1671 saeculi
2766 1614 2997 1688 [cum]
3028 1615 3092 1670 Ρ.
3127 1618 3192 1670 tit
3221 1617 3476 1672 laudabo.

1895 1710 1926 1776 9
1955 1747 1969 1762 .
2003 1707 2209 1774 Gldria,
2241 1719 2294 1761 ct
2326 1711 2516 1762 honor.
2549 1707 2612 1761 Ρ.
2649 1709 2715 1763 Ει.
2744 1707 2990 1762 ΙειιιιΙΔιιο.

1959 1797 2210 1852 Dominus
2234 1798 2321 1852 sit.
2370 1799 2408 1866 ἡ
2433 1839 2446 1852 .
2475 1798 2540 1851 Et
2569 1815 2710 1852 cum.

1810 1865 1854 1922 Β
1961 1892 2161 1946 Lauda.
2214 1865 2448 1947 Laudem
2497 1893 2709 1947 Domini
2734 1893 2985 1963 loquetur
3009 1907 3072 1948 os
3099 1909 3302 1949 meum.
3335 1897 3479 1951 Alle-

1885 1986 1990 2041 lt'iia
2023 2005 2036 2040 :
2074 1985 2138 2040 Ρ.
2174 1986 2241 2041 Ει
2282 1987 2568 2043 benedicet
2607 1989 2786 2043 omnis
2825 2003 2954 2042 caro
3007 2004 3200 2044 nomen
3231 1999 3476 2045 sanctum

1880 2077 2022 2145 ejus.
2057 2078 2310 2145 Alleh'iia,
2343 2078 2578 2145 alleluia,
2616 2079 2852 2134 alleluia.
2900 2081 2935 2148 ᾖ
2963 2117 2977 2132 .
3006 2081 3228 2149 Propter
3253 2083 3353 2136 hoc
3379 2084 3475 2138 de-

1883 2169 2136 2224 lectiltum
2165 2179 2251 2224 est
2277 2185 2372 2224 cor
2402 2186 2604 2237 meum,
2639 2182 2688 2222 et
2717 2171 2978 2226 exultavit
3005 2173 3181 2242 lingua
3207 2189 3322 2228 mea
3351 2192 3362 2226 :
3394 2180 3477 2228 in.

1877 2275 2049 2330 super
2072 2270 2128 2314 et
2148 2275 2277 2315 caro
2299 2276 2416 2316 mea
2450 2262 2738 2331 requiescit
2763 2263 2814 2317 in
2844 2277 2960 2330 spe.
2986 2262 3053 2317 Ρ.
3090 2265 3148 2318 Et
3171 2266 3473 2322 benedicet.

1896 2352 1929 2418 Ῠ
1956 2390 1968 2403 .
1994 2350 2196 2418 Gloria,
2227 2362 2284 2407 et
2313 2353 2502 2408 honor.
2537 2353 2602 2406 Ρ.
2639 2355 2701 2408 Et
2729 2355 3031 2410 benedicet.

1955 2443 2219 2513 Hymnus.
2253 2444 2298 2500 0
2328 2445 2416 2499 lux
2447 2445 2599 2499 beata
2625 2445 2877 2500 Trinitas.
2911 2448 3005 2516 fol.
3041 2447 3164 2503 H5.

1955 2537 2309 2603 Supplicdtio.
2343 2536 2575 2591 Orémus
2614 2536 3028 2606 Redemptdrcm
3051 2540 3258 2593 mundi
3292 2539 3474 2595 Domi-

1875 2642 2010 2680 nem
2044 2636 2288 2681 nostrum
2328 2629 2512 2683 Jesum
2544 2627 2834 2693 Christum,
2871 2645 2992 2684 cum
3023 2632 3165 2683 omni
3200 2631 3472 2700 supplica-

1883 2721 2028 2774 tione
2077 2722 2370 2790 rogemus;
2429 2729 2486 2774 ut.
2531 2721 2700 2791 gratia
2743 2721 3001 2776 adventus
3042 2723 3212 2777 sancti
3253 2722 3476 2780 Joannis

1880 2812 2133 2880 Baptista:
2157 2822 2213 2868 et
2239 2816 2593 2884 praecurséris
2624 2816 2704 2870 sui
2737 2815 2889 2870 nobis
2915 2816 3287 2872 remissiduem
3338 2834 3472 2889 pec-

1873 2902 2118 2956 catorum
2167 2911 2222 2957 et
2271 2914 2458 2971 pacem
2512 2905 2775 2974 propitius
2834 2905 3013 2976 largiri
3065 2907 3332 2977 dignetur.
3398 2910 3474 2977 ιῆ.

1881 2991 2102 3058 Praesta,
2135 2994 2336 3049 :etérne
2361 2996 2701 3064 omnipotens
2736 2997 2899 3055 Deus.

1947 3081 2115 3153 Kyrie
2144 3083 2373 3152 eléison,
2423 3087 2458 3153 [ἢ
2484 3127 2496 3139 .
2521 3087 2730 3142 Christe
2760 3089 2988 3155 eléison,
3020 3092 3183 3161 Kyrie
3207 3093 3434 3149 eléison.

1953 3173 2214 3246 Capitula.
2251 3175 2390 3231 Deus
2421 3190 2609 3234 auctor
2633 3181 2880 3249 luminis,
2912 3181 3162 3239 conditor
3190 3187 3473 3257 claritAtis,

1879 3269 1968 3337 qui
1993 3269 2315 3323 submoviin
2347 3269 2526 3326 omnia
2557 3270 2718 3340 opera
2752 3275 3119 3342 tenebrarum,
3153 3286 3211 3332 ut
3237 3277 3288 3332 in
3318 3279 3477 3334 nobis

1878 3358 2015 3414 lucis
2054 3369 2158 3416 tua:
2199 3361 2480 3430 plenitudo
2518 3365 2811 3434 regnaret;
2861 3365 3090 3436 réspice,
3143 3383 3471 3436 quaesumus.

1877 3465 2041 3520 super
2067 3451 2169 3505 hoc
2197 3455 2378 3530 lumen
2410 3454 2718 3521 accensum,
2750 3465 2806 3511 et
2836 3457 2970 3513 hanc
2995 3458 3220 3527 gratiam
3255 3461 3476 3517 benedi-

1877 3542 2074 3596 ctionis
2116 3542 2144 3596 Ξι
2178 3545 2331 3598 nobis
2362 3545 2612 3600 Omnibus
2659 3550 2912 3604 exoratus
2957 3549 3176 3605 infunde
3208 3569 3220 3604 ε
3253 3563 3311 3606 ιιι
3340 3554 3479 3608 sicut

1872 3635 1992 3690 haec
2014 3635 2234 3690 ﬂamma
2265 3638 2331 3692 ad
2360 3639 2544 3694 altaris
2575 3640 2650 3694 tui
2679 3641 3000 3711 obsequium
3043 3645 3333 3698 constituta
3357 3644 3476 3698 vin-

1872 3727 1949 3780 cit
1976 3726 2223 3783 tenebras
2246 3744 2308 3784 ac
2332 3729 2579 3799 repéllit;
2611 3725 2680 3787 ita
2705 3731 3019 3788 illuminatio
3044 3745 3133 3789 tua
3160 3736 3189 3789 ξι
3218 3736 3467 3792 sensibus

1872 3822 2076 3875 nostris
2101 3824 2319 3892 superet
2347 3840 2562 3880 omnem
2586 3824 2831 3881 fomitem
2863 3827 3147 3883 vitiorum.

1946 3913 2107 3968 Pater
2135 3925 2342 3970 noster.
2370 3915 2611 3972 Liberali
2639 3917 2672 3971 a
2704 3919 2865 3972 malo.
2900 3919 2994 3985 fol.
3025 3918 3082 3973 2.

1948 4006 2274 4064 Benedictio.
2304 4009 2549 4065 Christus
2577 4009 2837 4066 Duminus
2864 4026 2959 4066 vos
2985 4012 3254 4067 custodiat
3289 4013 3474 4082 propi-

1875 4102 1982 4155 tius
2007 4147 2023 4170 ,
2074 4113 2128 4157 et
2176 4104 2454 4160 benedicat
2497 4106 2740 4173 placatus
2774 4125 2786 4159 :
2832 4108 2866 4164 ii
2893 4147 2906 4159 .
2944 4109 3140 4161 Amen.
3172 4107 3471 4163 Clementia

1871 4209 1972 4247 sua
2001 4209 2102 4249 vos
2134 4198 2376 4266 prétegat
2401 4238 2416 4262 ,
2447 4206 2504 4251 et
2531 4199 2561 4250 Ξι
2590 4201 2800 4254 cunctis
2829 4199 2985 4253 malis
3012 4199 3350 4253 incessanter
3378 4202 3473 4254 de-

1873 4285 2080 4340 féndat.
2137 4287 2209 4354 ri}.
2259 4290 2451 4342 Amen.
2504 4288 2635 4357 Ejus
2667 4305 2766 4345 vos
2807 4291 3081 4358 gaudeatis
3133 4292 3355 4345 munere
3392 4293 3473 4346 di-

1871 4391 2028 4444 gnos,
2060 4375 2150 4443 qui
2181 4378 2522 4447 peccatdrum
2552 4378 2764 4434 veniam
2793 4380 3036 4436 concedit
3064 4380 3345 4450 benignus.
3388 4383 3425 4451 ιῆ
3454 4422 3471 4437 .

1878 4471 2069 4523 Amen.

1800 4580 1856 4642 Β
1953 4558 2074 4613 Per.

1947 4651 2148 4706 Lauda.
2183 4651 2322 4708 Misit
2362 4671 2448 4710 me
2478 4657 2670 4714 sanare
2707 4657 3099 4714 contribulatos
3125 4662 3287 4717 corde
3321 4664 3464 4719 Alle-

1876 4744 2018 4797 luia:
2051 4745 2116 4799 P.
2152 4745 2450 4803 Praedicare
2487 4749 2707 4817 captivis
2738 4750 3189 4818 redemptidnem,
3216 4763 3272 4807 et
3299 4759 3462 4809 caecis

1875 4836 2105 4892 reddere
2155 4839 2360 4894 lumen.
2406 4840 2667 4904 Alleluia,
2709 4841 2945 4896 alleluia.
3010 4844 3079 4912 ἢν.
3115 4844 3265 4898 'l‘unc
3310 4847 3463 4902 dixi:

1875 4928 2016 4984 Ecce
2061 4929 2219 4984 véuio
2252 4949 2263 4982 :
2299 4932 2351 4984 in
2381 4931 2559 4999 capite
2607 4931 2726 4986 libri
2776 4932 3033 5002 scriptum
3065 4945 3147 4989 est
3176 4938 3242 4990 de
3272 4952 3378 5003 me,
3409 4945 3469 4990 ut

1873 5021 2065 5077 faciam
2099 5025 2429 5080 volunthtetn
2458 5035 2626 5094 tuam,
2656 5027 2797 5083 Deus
2821 5045 2990 5094 meus,
3018 5040 3071 5084 et
3099 5031 3268 5100 legem
3294 5041 3463 5097 tuam,

1874 5116 1926 5170 in
1977 5116 2154 5171 medio
2203 5119 2383 5173 cordis
2431 5122 2559 5176 mei.
2600 5121 2662 5176 P.
2705 5123 3022 5180 i'raxdirare.
3067 5125 3137 5182 ι.
3172 5121 3376 5192 Gloria,
3407 5135 3464 5182 ct

1873 5207 2061 5262 honor.
2103 5208 2167 5261 Ρ.
2199 5209 2522 5266 Ρτωάιρέιινο.

1945 5301 2146 5357 Oratio.
2196 5303 2422 5360 Domine
2454 5306 2617 5375 Deus,
2653 5308 2742 5377 qui
2773 5307 2838 5362 ad
2868 5310 3157 5364 adventum
3189 5310 3456 5380 Uuigéniti

1873 5394 1991 5448 Filii
2025 5396 2096 5448 tui
2147 5395 2407 5450 Joannem
2460 5399 2681 5466 puerum
2732 5402 3063 5467 pra-currere
3104 5402 3350 5465 voluisti,
3401 5415 3460 5458 ut

1870 5487 2068 5542 missus
2099 5486 2128 5541 ἐι
2185 5497 2236 5542 te
2288 5490 2428 5543 viam
2485 5490 2699 5543 Christo
2750 5492 3143 5546 incredulorum
3200 5494 3458 5552 cordibus

1872 5589 2162 5650 pra-paret,
2187 5581 2434 5636 sanando
2461 5582 2852 5638 contribulatos
2883 5583 3070 5650 corde,
3100 5595 3155 5640 et
3185 5587 3342 5640 czrcis
3375 5605 3461 5643 re-

1872 5671 2142 5728 stituéudo
2174 5672 2392 5727 luminis
2441 5674 2776 5741 claritatem;
2811 5676 3066 5747 suffragio
3107 5678 3224 5749 ejus
3267 5691 3319 5735 et
3348 5697 3460 5736 ca:-

1870 5765 2086 5818 cilatem
2115 5765 2293 5819 cordis
2327 5765 2493 5818 nostri
2525 5765 2807 5834 inlumina,
2837 5778 2891 5822 et
2920 5771 3291 5828 trihulatiénes
3324 5773 3459 5826 cor-

1873 5859 2018 5913 dium
2050 5859 2356 5915 uostrdrum
2384 5858 2433 5914 in
2467 5859 2724 5916 :etérnum
2757 5863 3008 5934 gaudium
3041 5877 3183 5921 muta
3212 5883 3224 5919 :
3254 5877 3333 5932 ut,
3361 5864 3453 5936 qui

2953 5964 3028 6021 3i}

1798 3223 1848 3286 ε
