3948 6378
219 361 353 428 H35

1302 361 1780 422 SANCTORALE.
1824 366 1892 416 4——
1932 360 2149 417 FESTA
2192 360 2381 416 JUNII.

3347 363 3482 418 1158

218 485 408 539 mantis
437 483 490 535 in
519 480 735 536 deserto
766 497 777 531 :
815 478 1003 533 Parate
1051 477 1191 530 viam
1225 475 1476 539 Domino,
1504 486 1679 532 rectas
1709 473 1789 528 ra-
1819 476 1871 533 Α
1972 472 2228 526 Dominus
2252 474 2341 525 sit.
2391 471 2425 537 ἃ
2449 508 2464 525 .
2492 469 2723 525 Etcum.

217 577 318 630 cite
348 572 565 628 semitas
606 570 700 624 Dei
763 569 930 622 nostri
964 569 1014 621 in
1048 567 1358 621 solitodine.
1411 567 1598 620 Omnis
1638 565 1795 618 vallis

217 666 562 726 exaltabitur.
590 673 644 718 et
673 664 851 717 omnis
875 678 1027 715 mons
1055 703 1069 724 ,
1103 669 1155 713 et
1189 662 1345 714 collis
1370 657 1746 714 humiliahitur
1776 693 1792 721 ,

215 766 268 810 et
298 765 453 809 erunt
502 765 662 820 prava
716 751 766 805 in
801 751 1035 814 directa,
1065 760 1118 804 ct
1147 750 1336 818 impera
1371 752 1421 802 in
1451 750 1565 801 vias
1588 749 1792 817 planas.

217 850 278 902 Et
302 845 622 901 revelabitur
654 843 818 913 gloria
849 844 1079 907 Diirnini,
1113 854 1166 895 et
1195 842 1398 896 videbit
1440 842 1617 894 omnis
1669 854 1798 894 caro

195 938 417 1006 poriter
446 937 587 1004 quod
621 950 680 988 os
712 933 927 986 Domini
959 936 1192 986 loculum
1228 941 1329 985 cst.
1374 931 1489 984 Vox
1529 931 1754 984 dicentis
1781 947 1792 981 :

214 1030 416 1085 Clama.
449 1027 512 1080 Et
539 1027 657 1080 dixi
686 1045 696 1078 :
731 1025 867 1091 Quid
901 1025 1186 1078 clamabo?
1215 1023 1399 1076 Omnis
1419 1037 1546 1076 caro
1572 1023 1793 1086 lanium,

216 1133 268 1177 et
295 1121 471 1176 omnis
503 1120 671 1189 gloria
701 1120 818 1187 ejus
847 1119 998 1188 quasi
1030 1120 1129 1172 ﬂos
1171 1119 1304 1187 agri.
1333 1118 1396 1170 Et
1424 1117 1620 1170 siccam
1635 1133 1683 1170 ni
1715 1124 1800 1170 est

214 1212 440 1275 fenum,
498 1222 548 1265 et
599 1211 796 1265 cecidit
854 1211 991 1274 llos;
1041 1209 1260 1263 verbum
1308 1219 1485 1262 autem
1521 1206 1796 1279 [cchvnI]

217 1305 426 1357 Domini
454 1303 548 1356 Dei
584 1305 746 1354 nosm
777 1302 940 1354 stabit
973 1304 1023 1354 in
1055 1301 1340 1353 aeternum.
1389 1301 1424 1363 Ii)
1448 1339 1460 1352 .
1490 1302 1682 1353 Anien.

285 1396 546 1466 Hymnus.
581 1395 846 1464 Splendor
878 1394 1135 1462 patérnm.
1167 1393 1262 1462 fol.
1311 1393 1400 1448 (i7.
1446 1393 1794 1462 Supplicdtio.

211 1486 460 1548 Orémus,
493 1495 546 1538 ut
576 1487 757 1552 supra.

285 1577 544 1646 Capitula.
590 1577 706 1630 Jam
751 1574 918 1644 fulget
956 1574 1157 1638 oriens,
1204 1575 1313 1643 jnm
1345 1574 1597 1644 properat
1643 1573 1793 1627 dics:

209 1667 323 1737 jam
379 1666 569 1736 iugatis
623 1667 863 1721 ténehris
895 1669 1086 1719 aurora
1122 1667 1358 1720 rubescit
1405 1669 1455 1718 in
1491 1669 1604 1719 luce
1642 1684 1652 1717 :
1683 1664 1796 1734 jam

209 1760 383 1813 claret
414 1759 528 1812 luce
560 1758 845 1827 purissima
869 1758 1087 1819 malum,
1115 1767 1166 1809 et
1189 1757 1282 1810 Sol
1313 1757 1588 1825 refulgens
1616 1756 1799 1807 radios

211 1864 354 1904 suos
384 1850 539 1903 infert
564 1847 762 1901 mundo
793 1865 803 1900 :
833 1857 1022 1902 cuncta
1060 1847 1387 1914 properant,
1422 1860 1618 1901 cuncta
1647 1845 1796 1900 festi-
1827 1829 1876 1890 Β

214 1949 350 1994 nant
385 1957 398 1992 :
426 1949 614 2007 optant
644 1948 697 1993 te
729 1936 1014 1992 Dominum
1045 1937 1242 1993 habere
1273 1937 1585 2006 prouitium,
1639 1952 1800 2006 quem

211 2046 372 2087 suum
403 2031 673 2085 auctérem
719 2043 931 2099 semper
978 2029 1278 2099 agnoscunt
1308 2028 1508 2098 pariter
1534 2036 1590 2083 et
1618 2027 1802 2083 defen-

210 2125 418 2179 aerem.

285 2215 446 2270 Pater
476 2223 680 2269 noster.
705 2213 937 2268 Liberoti
970 2213 1000 2268 ὸ
1031 2213 1191 2268 malo.
1225 2212 1320 2282 [οι.
1351 2213 1408 2266 2-.

284 2309 492 2363 Lauda.
525 2311 773 2363 Alleloia.
823 2311 934 2377 Ego
985 2327 1100 2362 sum
1143 2325 1244 2362 vox
1301 2307 1586 2363 clamantis
1615 2308 1668 2362 in
1702 2307 1802 2362 de-

213 2397 366 2455 serto
408 2417 421 2451 :
457 2397 524 2453 P.
559 2399 754 2453 Parate
784 2401 924 2453 viam
951 2398 1204 2465 Domino,
1235 2405 1406 2452 rectas
1439 2395 1597 2451 facile
1637 2396 1804 2451 semi-

214 2500 303 2545 tas
353 2492 490 2560 ejus.
542 2492 794 2556 Alleloia,
839 2491 1075 2544 alleluia.
1124 2490 1152 2543 θ
1179 2527 1193 2542 .
1231 2488 1340 2542 Vox
1374 2487 1588 2542 Domini
1616 2486 1670 2541 in
1702 2487 1807 2540 vir-

215 2584 338 2636 tute
371 2599 384 2634 :
416 2596 515 2635 vox
548 2580 762 2635 Domini
794 2581 846 2635 in
878 2577 1296 2649 magnificentia.
1328 2577 1397 2631 P.
1434 2576 1622 2630 Partite
1644 2590 1802 2628 Viam.

229 2670 269 2738 9
297 2707 313 2722 .
341 2668 545 2733 Gloria,
577 2679 631 2725 et
660 2670 851 2724 honor.
882 2668 946 2721 Ι).
978 2669 1186 2723 Parate.

289 2762 612 2817 Benedictio.
636 2762 878 2816 Christus
912 2761 1192 2815 Dominus.
1246 2758 1429 2826 Quare
1469 2760 1521 2812 in
1574 2757 1810 2827 Vésperis

225 2855 653 2922 praecedentibus.

851 2943 960 2996 DIE
992 2942 1182 2996 XXIV.

402 3050 455 3090 ια
495 3050 818 3090 Μτινιτλτε
857 3049 1042 3088 εΑΝοτι
1082 3047 1293 3087 ιοΑΝΝιε
1331 3045 1625 3086 ΒΑΡΤΙΞΤᾸΞ.

814 3127 894 3182 Ad
928 3127 1231 3194 Vésperum.

289 3222 503 3276 Lauda.
530 3221 778 3287 Sperévit
806 3221 983 3275 anima
1016 3234 1155 3274 mea.
1189 3216 1348 3272 Fo’lio
1377 3232 1516 3274 cun.

295 3313 495 3369 Sanus.
534 3314 853 3381 Priusquam
879 3323 929 3366 te
954 3311 1242 3365 lorinorem
1276 3310 1328 3362 in
1362 3308 1538 3373 utero,
1571 3308 1690 3361 novi
1725 3317 1803 3360 te:

210 3414 273 3458 et
307 3404 608 3470 antequam
637 3403 814 3458 cxircs
847 3402 915 3457 de
944 3411 1150 3465 ventre,
1184 3398 1512 3454 δέδηειίῐίρὰνὶ
1539 3408 1610 3460 te,
1644 3396 1712 3450 P.
1744 3397 1811 3452 Et

210 3495 544 3565 prophetam
598 3495 649 3547 in
700 3493 953 3564 gentibus
1001 3491 1153 3560 posui
1202 3501 1275 3548 te.
1306 3489 1554 3544 Alleluia.
1605 3489 1677 3557 ᾖ.
1707 3488 1812 3542 Ex-

209 3588 397 3644 téndit
451 3586 712 3641 Dominus
769 3599 985 3640 manum
1040 3597 1190 3637 suam
1222 3582 1289 3635 ad
1321 3597 1430 3645 me,
1462 3591 1516 3634 et
1548 3579 1721 3649 tetigit
1747 3566 1811 3631 os

209 3693 412 3734 meum
440 3696 452 3731 :
479 3690 528 3733 et
562 3679 693 3731 dixit
722 3677 853 3731 mihi
889 3695 900 3728 :
937 3677 1078 3730 Ecce
1108 3674 1230 3729 dedi
1262 3673 1541 3728 sermones
1573 3675 1723 3726 meos
1757 3673 1807 3724 in

205 3784 312 3825 ore
341 3781 435 3824 tuo
462 3787 474 3822 :
509 3777 566 3823 et
590 3768 843 3823 constitui
881 3779 932 3822 te
965 3767 1019 3820 in
1051 3763 1311 3820 bodiérna
1339 3763 1426 3817 die
1478 3779 1638 3831 snpcr
1683 3778 1811 3830 gen-

204 3871 323 3925 tes,
347 3871 609 3930 etiegna.
642 3858 707 3913 P.
742 3859 810 3913 Et
843 3859 1178 3927 prephétam.

290 3950 562 4005 Dominus
583 3951 670 4003 sit.
720 3950 755 4009 ιῆ
782 3990 794 4002 .
826 3949 1060 4003 Etcum.

203 4109 206 4112 Α
288 4043 599 4112 Antiphonti
624 4042 841 4097 LMulti
875 4041 926 4095 in
965 4042 1240 4096 nativitate
1287 4040 1405 4111 ejus
1455 4039 1805 4110 gaudebunt:

205 4143 322 4196 erit
352 4141 499 4194 enim
533 4153 756 4207 magnus
783 4152 966 4192 coram
998 4136 1230 4190 Domino
1263 4153 1273 4187 :
1307 4145 1362 4189 et
1390 4135 1592 4203 Spiritu
1624 4141 1810 4188 sancto

207 4231 571 4301 replebitur:
611 4230 673 4283 ιι.
718 4231 778 4285 Et
811 4230 1008 4284 multos
1040 4227 1272 4281 ﬁliorum
1318 4226 1483 4280 lsraél
1532 4224 1811 4279 convertet

197 4325 277 4380 ad
316 4321 604 4378 Dominum
630 4322 796 4376 Deum
821 4322 1078 4392 ipsorum.
1121 4320 1153 4389 ᾗ
1183 4359 1195 4370 .
1228 4317 1426 4372 Potens
1457 4320 1508 4371 in
1545 4327 1682 4372 terra
1710 4318 1811 4371 erit

194 4430 409 4471 semen
437 4412 556 4483 ejus
585 4430 598 4467 :
633 4413 910 4482 generatio
941 4398 1211 4465 rectorum
1262 4409 1628 4464 benedicétur.
1652 4407 1716 4462 P.
1747 4408 1810 4462 Et

195 4507 444 4560 multos.
474 4503 542 4557 P.
576 4503 782 4570 Gloria,
815 4513 867 4558 et
896 4504 1066 4558 honor
1095 4502 1259 4558 Patri.
1301 4503 1332 4569 ᾖ
1363 4542 1375 4555 .
1405 4501 1467 4554 Ει
1499 4501 1714 4555 multos.

287 4604 497 4659 Oratio.
537 4604 694 4666 Deus,
728 4603 818 4672 qui
870 4617 968 4656 nos
1021 4604 1072 4659 in
1123 4600 1408 4655 Nativitate
1453 4597 1809 4653 Prmeurséris

197 4696 285 4751 tui
323 4694 552 4751 Joannis
581 4695 792 4748 voluisti
841 4692 1112 4762 gaudere;
1146 4689 1236 4744 fac
1278 4705 1373 4744 nos
1411 4687 1623 4758 plenum
1679 4685 1812 4756 gau-

195 4790 370 4844 dium
401 4787 430 4842 ὲ
456 4798 506 4842 te
532 4787 585 4841 in
633 4789 806 4841 intora
848 4786 1247 4841 examinatione
1268 4785 1545 4853 percipere
1573 4799 1587 4835 ε
1618 4792 1675 4836 ιιι
1701 4781 1815 4836 mo-

194 4882 344 4936 ritis
376 4877 517 4950 ejus,
553 4877 640 4948 qui
671 4879 956 4933 adventum
989 4887 1140 4932 tuum
1191 4877 1244 4930 in
1297 4876 1486 4944 spiritu
1537 4885 1591 4928 ct
1616 4875 1813 4928 virtote

195 4974 395 5030 Helice
427 4973 768 5043 praecessisse
799 4971 1126 5040 agnoscitur,
1163 4980 1219 5025 et
1265 4970 1352 5025 hic
1388 4981 1439 5023 et
1470 4969 1520 5022 in
1551 4968 1810 5022 :elérnum

188 5065 461 5136 copiosis
487 5063 694 5134 gaudiis
715 5063 1090 5119 conluctamur.
1141 5062 1177 5126 ii}
1203 5099 1216 5114 .
1241 5064 1433 5115 Amen.

289 5160 422 5213 Per.

286 5247 599 5319 Antiphone
643 5246 699 5300 2.
751 5245 826 5300 De
869 5254 1056 5300 ventre
1090 5243 1274 5297 matris
1303 5258 1437 5297 more
1467 5240 1683 5295 voebvit
1727 5257 1813 5296 ine

195 5339 496 5400 DOminus
525 5339 742 5395 nomine
773 5353 913 5393 meo.
966 5338 1033 5393 Et
1077 5337 1258 5407 posuit
1286 5350 1347 5391 os
1376 5351 1553 5390 meum
1593 5344 1651 5388 ut
1694 5334 1810 5404 gm-

189 5436 376 5490 dium
399 5432 651 5485 acutum:
687 5429 754 5483 P.
801 5430 913 5484 Sub
961 5429 1262 5483 velamento
1304 5427 1494 5480 manus
1533 5440 1645 5479 sua:
1689 5441 1812 5494 pro-

187 5526 361 5584 tésit
391 5538 478 5577 me
506 5523 723 5591 :posuit
753 5539 838 5578 me
865 5525 1015 5592 quasi
1044 5524 1290 5593 sagittam
1317 5519 1564 5576 electam.
1607 5521 1640 5586 ir
1663 5556 1679 5572 .
1708 5519 1810 5573 Be-

181 5616 470 5676 nedictus
491 5615 748 5670 Dominus
767 5616 908 5671 Deus
932 5629 1104 5677 meus,
1130 5616 1217 5683 qui
1247 5613 1404 5666 docet
1437 5627 1630 5666 manus
1659 5626 1807 5666 meas

179 5712 267 5766 ad
319 5707 549 5775 bellum,
597 5708 792 5778 digitos
840 5721 990 5763 meos
1020 5706 1086 5759 ad
1118 5705 1384 5774 praelium.
1419 5704 1484 5757 P.
1520 5704 1633 5759 Sub
1662 5706 1804 5758 vcla-

191 5799 434 5871 niénto.
475 5799 506 5868 9
534 5839 547 5854 .
581 5797 783 5868 Gloria,
809 5810 863 5854 et
890 5799 1083 5852 honor.
1117 5795 1179 5850 P.
1209 5796 1319 5850 Sub
1350 5793 1674 5850 velamento.

1974 564 2174 616 Lauda.
2236 563 2345 615 Vox
2398 561 2679 616 clamantis
2710 561 2764 616 in
2794 561 3049 618 d'csérto:
3095 559 3283 619 Paréte
3333 563 3474 618 Viam

1901 654 2154 718 DOmino,
2181 651 2247 706 Ρ.
2285 655 2479 707 [tectas
2505 651 2663 706 facile
2692 651 2914 706 semitas
2963 653 3055 708 Dei
3113 657 3300 710 vestri.
3335 657 3479 710 Alle-

1900 745 2026 810 lt‘iia,
2074 746 2307 800 alleluia.
2353 745 2562 813 i7.Vox
2620 742 2838 798 Domini
2886 759 3049 813 super
3103 761 3291 816 aquas,
3345 747 3484 802 Deus

1901 838 2200 907 nlajestmis
2234 837 2502 892 intonuit:
2538 836 2797 891 Dominus
2840 852 3001 906 super
3054 853 3220 908 aquas
3267 841 3483 895 multas.

1903 930 1969 985 P.
2001 932 2109 988 Vox
2140 931 2368 986 Domini.
2413 934 2443 1002 Ῡ
2473 975 2486 988 .
2519 932 2724 996 Gloria,
2761 941 2816 986 et
2848 932 3038 988 honor.
3093 932 3161 990 Ρ.
3213 935 3327 990 Vox
3381 935 3486 990 Do-

1905 1040 2056 1076 1111Ιὶ1.

2561 1116 2819 1188 Hymnus.

2335 1206 2673 1262 Nutivilatetn
2719 1209 2873 1264 l’t’teri
2906 1238 2923 1273 =,

2252 1297 2679 1371 Prophetarnque
2711 1303 2968 1358 Altissinii

2260 1397 2391 1462 lgsse
2416 1393 2563 1461 dicit,
2591 1411 2746 1464 quem
2777 1395 2969 1449 merito

2263 1482 2434 1538 Corde
2463 1485 2736 1549 canamus,
2765 1494 2818 1539 et
2839 1491 2951 1540 ore.

2333 1571 2640 1642 Vctulisque
2673 1573 2985 1628 Parentibus
3011 1616 3024 1636 .

2258 1664 2392 1717 Alvo
2420 1663 2707 1730 COttCéptus
2739 1664 2912 1719 sterili
2942 1707 2960 1730 ,

2267 1755 2514 1807 Extrema
2545 1755 2723 1809 Mundi
2751 1755 3014 1824 tempora,

2266 1847 2479 1901 Partum
2512 1849 2786 1917 prmcéssit
2815 1849 3067 1920 Virginis.

2339 1941 2406 1994 Ut
2434 1956 2538 1994 vox
2561 1942 2798 1996 clamans
2829 1943 2878 1996 in
2909 1943 3050 1997 invio
3074 1985 3086 2005 .

2264 2031 2607 2086 Adnoncians
2631 2031 2922 2091 Justitiam.

2263 2119 2462 2175 Christi
2493 2123 2672 2177 clarus
2704 2124 2976 2191 praeconio

2275 2210 2426 2264 Viam
2460 2215 2673 2279 parAret
2701 2214 2976 2271 cordibus.

2340 2303 2482 2357 Intra
2511 2307 2737 2360 materni
2761 2308 3004 2376 COrporis

2267 2394 2455 2449 Adhuc
2485 2396 2690 2452 locatus
2721 2399 2922 2454 viscera
2942 2443 2958 2463 ,

2273 2487 2509 2555 Accepto
2532 2490 2704 2543 sensit
2731 2491 2919 2558 Spiritu
2945 2535 2959 2556 ,

2273 2579 2448 2631 Mundi
2472 2579 2711 2635 salutans
2746 2582 3052 2637 D6minuni.

2347 2671 2562 2724 Exultat
2593 2669 2771 2726 Infans
2802 2673 3019 2741 gaudio,

2274 2763 2345 2818 Et
2375 2765 2545 2818 lucem
2573 2765 2708 2819 lucis
2738 2766 2931 2820 Filium

2270 2856 2410 2910 Intra
2442 2858 2650 2913 natt'mn
2681 2859 2924 2914 tenebras

2276 2950 2385 3005 Nec
2403 2951 2528 3004 dum
2555 2951 2870 3022 progressus
2893 2955 3107 3009 indicat.

2346 3043 2513 3095 Mater
2539 3061 2550 3095 ;
2577 3043 2840 3112 Propheta
2869 3048 3094 3104 nuntiat.

2274 3133 2351 3187 Te
2372 3148 2491 3187 esse
2515 3136 2723 3202 plenam
2750 3135 2953 3204 gratia;

2277 3224 2390 3278 Non
2422 3241 2485 3279 ex
2517 3224 2651 3279 virili
2675 3227 3020 3292 commercio,

2271 3318 2375 3372 Sed
2407 3319 2498 3372 Dei
2529 3319 2710 3373 fretam
2737 3321 3014 3392 mysterio.

2342 3408 2418 3462 Ac
2446 3410 2523 3463 sic
2553 3409 2605 3463 in
2636 3411 2776 3464 diem
2806 3414 2984 3466 sreculi

2270 3498 2503 3553 Verbum
2530 3502 2844 3560 ructandum
2877 3503 2935 3558 tit
2966 3505 3093 3570 Dei;

2268 3589 2426 3644 Facta
2455 3590 2623 3646 Mater
2650 3593 2765 3648 haec
2789 3593 3009 3656 stérilis.

2276 3680 2525 3736 Fructum
2555 3684 2806 3752 prmségit
2840 3684 3070 3755 Virginis
3093 3728 3108 3750 ,

2347 3774 2514 3828 Matre
2535 3777 2793 3844 majorem
2815 3777 3008 3831 Filium
3033 3822 3048 3844 ,

2276 3867 2530 3923 Sanctum
2559 3869 2859 3925 Ministrum
2893 3871 3146 3942 Baptismi
3174 3893 3184 3925 :

2270 3959 2360 4014 Sic
2384 3974 2443 4013 se
2467 3960 2700 4028 priorem
2725 3970 2847 4030 post
2867 3973 3048 4018 natum
3071 4006 3088 4030 ,

2272 4049 2475 4104 Lumen
2504 4053 2734 4120 perfudit
2760 4051 3064 4108 Dominum.

2343 4140 2507 4195 Deum
2538 4143 2748 4196 Patrem
2775 4158 2895 4197 cum
2928 4145 3086 4208 Filio,

2272 4229 2511 4302 {ccxux}
2551 4231 2720 4286 Simul
2752 4247 2874 4287 cum
2902 4246 3086 4288 sancto
3115 4235 3312 4303 Spiritu
3334 4279 3346 4299 ,

2276 4324 2447 4378 linum
2481 4324 2747 4392 potentem
2779 4325 2996 4381 nomine

2273 4417 2424 4472 Fusis
2452 4418 2667 4473 oremus
2697 4419 2964 4486 precibus.

1837 4541 1890 4600 Β
2003 4597 2020 4600 Α
2150 4598 2156 4600 Α
2353 4513 2539 4600 tamen.

1988 4597 2574 4670 Supplicatio.0réiuus
2593 4600 3024 4671 Redemptbrem,
3051 4608 3246 4659 muttito
3270 4611 3496 4679 ηόηεήε,

1914 4692 2007 4760 fol.
2037 4707 2307 4746 cuxxvn.

1988 4781 2246 4850 Capitula.
2297 4783 2525 4849 Adsunt,
2574 4784 2821 4849 Domine,
2876 4788 3132 4859 principia
3177 4791 3498 4850 Christiana:

1915 4873 2135 4939 lzetitite,
2164 4876 2356 4945 quibus
2390 4877 2540 4942 olim,
2587 4879 2914 4934 nascittirum
2958 4880 3009 4934 in
3045 4898 3228 4948 carne,
3264 4884 3494 4940 Verbum

1915 4981 2014 5019 vox
2060 4967 2385 5022 sanctilicéta
2431 4969 2724 5038 praecessit,
2770 4983 2823 5026 et
2853 4973 3094 5028 Luminis
3122 4984 3295 5028 ortum
3333 4970 3496 5032 Lu'cis

1917 5061 2234 5128 proleStator
2263 5063 2538 5131 insigniter
2577 5065 2850 5119 nunciévit
2874 5085 2886 5118 :
2925 5082 2989 5119 ex
3019 5081 3126 5136 quo
3152 5077 3205 5121 et
3233 5067 3499 5122 Christia-

1916 5170 1998 5209 nte
2026 5155 2146 5210 ﬁdei
2186 5157 2544 5222 sacramenta,
2582 5169 2637 5212 et
2665 5160 2914 5214 salutaris
2951 5159 3146 5215 lavacri
3181 5163 3496 5230 prodierunt

1916 5248 2143 5317 insignia
2175 5265 2189 5302 :
2221 5251 2373 5319 cujus
2400 5251 2690 5321 conceptus
2715 5253 3053 5317 miroculum,
3078 5254 3228 5323 cujus
3250 5255 3498 5312 nativitas

1914 5338 2163 5407 gaudium
2198 5343 2552 5410 approbatur;
2601 5357 2908 5412 quaesumus
2936 5356 3087 5412 ergo,
3132 5354 3185 5397 ut
3216 5347 3301 5415 qui
3345 5329 3494 5401 nata?

1915 5429 2018 5483 lem
2060 5447 2201 5486 nunc
2250 5431 2606 5490 Przecursoris
2649 5436 2722 5487 tui
2765 5432 2992 5488 ovantes
3036 5436 3399 5503 suscipimus,
3432 5439 3497 5493 ad

1914 5520 2106 5578 festum
2137 5541 2349 5595 quoque
2381 5527 2568 5580 natalis
2597 5526 2669 5580 tui
2701 5524 2936 5596 purgatis
2975 5527 3225 5584 cordibus
3266 5532 3493 5587 acceda-

1913 5630 2068 5677 mus:
2099 5633 2156 5676 ut
2198 5637 2319 5686 vox,
2345 5637 2463 5692 qum
2486 5632 2538 5676 te
2571 5623 2879 5690 pradicant
2905 5623 2958 5678 in
2987 5624 3191 5688 eremo.
3225 5639 3321 5680 nos
3359 5642 3498 5695 pur-

1910 5725 1998 5784 get
2029 5714 2079 5768 in
2107 5714 2340 5778 sazculo;
2372 5723 2426 5767 et
2455 5714 2544 5783 qui
2587 5715 2724 5767 viam
2755 5716 2982 5768 ventoro
3017 5714 3240 5769 Domino
3281 5732 3496 5786 prrepa.

1913 5820 2056 5859 raus.
2107 5802 2330 5876 corpora
2378 5802 2669 5859 viventium
2719 5821 2816 5862 suo
2857 5805 2982 5861 lavit
3024 5807 3364 5878 baptismate,
3401 5824 3496 5862 no-
