3948 6378
207 398 340 453 H55
1264 390 1737 460 StNC’l‘UltALE.
1795 415 1860 426 --

1818 511 1869 569 Δ

275 517 528 570 Demimts
561 519 646 571 sit.
698 518 732 582 ti
754 558 767 571 .
805 518 866 569 lit
897 534 1038 572 cum.

273 610 580 678 Antiphone.
604 608 882 663 Benedicta
900 618 952 661 tu
974 609 1082 663 Deo
1095 607 1374 671 altissimo,
1411 620 1515 673 pra:
1531 603 1778 658 Omnibus

203 701 526 757 mulieribus.
565 701 626 756 P.
661 701 886 771 Propter
914 701 1016 756 hoc
1043 717 1145 754 non
1188 700 1431 755 discedet
1459 700 1572 752 laus
1598 707 1683 752 tua
1707 700 1778 753 ab

201 812 296 850 ore
318 796 591 850 hominum
616 811 781 864 usque
803 798 854 848 in
885 796 1158 849 sarculum.
1207 795 1240 861 ᾖ
1265 833 1280 848 .
1313 793 1428 847 Non
1445 793 1532 846 det
1558 792 1609 846 in
1631 805 1780 845 com-

203 879 491 942 motionem
507 888 693 957 pedem
720 897 894 941 tuum:
927 903 1097 957 neque
1127 885 1426 940 obddrmiet
1442 885 1526 953 qui
1549 876 1781 938 custédi't

200 967 274 1035 te.
303 978 368 1035 P.
394 982 636 1049 Propter.
683 982 716 1047 ᾗ
741 1021 754 1035 .
789 981 990 1046 Gléria,
1024 989 1077 1034 et
1099 981 1290 1035 honor.
1329 978 1390 1034 Ρ.
1436 978 1681 1047 Propter.

278 1071 537 1126 Déminus
559 1073 647 1126 sit.
697 1072 731 1139 πῆ
757 1113 781 1124 .,
807 1073 868 1125 Et
897 1088 1039 1126 cum.

214 1231 220 1236 ι
273 1155 591 1230 Αηιίρὴοηα.
640 1164 965 1218 Hierusalem
997 1161 1183 1217 civitas
1232 1170 1416 1216 sancta
1468 1157 1784 1215 ornamento

202 1245 368 1311 Justaa
406 1256 678 1318 decorata,
713 1253 775 1310 P.
804 1255 968 1323 Cujus
1001 1253 1190 1322 platea:
1215 1253 1466 1306 resonant
1493 1252 1675 1305 laudes
1705 1252 1775 1304 de

203 1349 293 1403 die
319 1349 368 1401 in
395 1336 558 1402 diem.
597 1349 628 1414 ᾖ
655 1387 669 1402 .
699 1345 938 1402 Gloriosa
969 1343 1107 1401 dieta
1121 1344 1242 1401 sunt
1267 1346 1334 1400 de
1358 1355 1428 1410 te,
1451 1346 1638 1400 civitas
1663 1345 1774 1400 Dei.

205 1436 273 1492 P.
304 1438 486 1507 Cujus.
541 1442 574 1500 Ῡ
600 1479 615 1494 .
647 1438 853 1504 Gléria,
886 1447 938 1492 et
969 1438 1159 1493 honor.
1197 1437 1261 1489 P.
1292 1435 1474 1506 Cujus.
1808 1425 1814 1430 ’

279 1529 537 1583 Dominus
566 1531 652 1582 sit.
698 1531 733 1597 ti}
757 1570 769 1584 .
807 1530 1039 1584 Etcum.

277 1619 484 1674 Lauda.
517 1621 762 1675 Alleluia.
793 1622 974 1676 Gaude
1004 1621 1106 1674 lilia
1131 1621 1290 1677 Sion:
1325 1622 1504 1673 ltetare
1526 1629 1580 1673 et
1608 1615 1785 1673 exulta

206 1713 257 1768 in
291 1714 436 1768 omni
463 1717 625 1770 corde
649 1717 751 1770 lilia
787 1716 1151 1771 Hierusalem:
1182 1716 1248 1771 P.
1271 1715 1534 1783 Quoniam
1566 1713 1786 1768 abstulit

207 1806 453 1862 inimicos
484 1817 601 1861 tuos
631 1824 722 1862 rex
757 1810 914 1863 lsraél
964 1810 1238 1864 Dominus.
1268 1808 1515 1869 Alleluia,
1547 1806 1781 1860 alleluia.

219 1899 253 1966 Ῡ
283 1941 295 1950 .
334 1899 512 1952 Lauda
561 1901 889 1954 lliert’tsalem
940 1900 1262 1954 Dominum:
1307 1898 1567 1954 conlauda
1623 1898 1785 1951 Deum
1824 1873 1867 1933 ⁸

204 2001 355 2043 tuum
389 1990 538 2044 Sion.
572 1991 638 2045 P.
664 1992 924 2057 Quuuiam
955 1993 1192 2046 abstulit.
1234 1990 1306 2058 ἲ.
1340 1990 1520 2045 Gloria
1555 2029 1571 2056 ,
1599 1997 1654 2044 ct
1683 1991 1778 2042 ho-

203 2098 326 2136 nor.
360 2081 422 2137 ι».
448 2067 730 2149 Queniam.

919 2173 1179 2244 Hymnus.

571 2286 801 2356 Virginis
831 2302 997 2341 sacrae
1029 2276 1356 2355 trit'tmpltmn

499 2378 655 2433 Plebs
678 2379 890 2432 alumna
920 2379 1071 2448 parili

494 2467 768 2523 Concéntu
791 2469 954 2524 iusta:
984 2469 1191 2525 ctelésti

494 2557 739 2612 Paratum
766 2576 827 2613 es
861 2559 1054 2629 gratia,

493 2649 748 2716 Resonet,
782 2651 984 2720 piisque
1013 2651 1208 2715 modis,

489 2741 658 2795 Almis
684 2742 880 2811 pandat
903 2742 1173 2797 cantibus.

559 2833 737 2888 Cliens
757 2851 820 2888 ex
853 2845 925 2898 te.
957 2835 1196 2903 Christe,
1221 2845 1393 2890 curtus

496 2927 652 2981 Addit
683 2937 800 2982 vota
833 2927 1086 2982 dédicatts

490 3020 755 3091 Martyris,
787 3031 840 3074 ut
875 3037 1030 3088 prece
1061 3029 1220 3090 queat

493 3115 746 3185 Pt-apt’tis,
773 3125 831 3170 ut
855 3115 1075 3184 piaculis

495 3205 782 3260 Ilorréudis
810 3222 1021 3274 semper
1047 3207 1254 3270 carere,

494 3297 722 3351 Munitus
748 3297 1037 3366 sull‘ragiis.

570 3388 693 3442 llaec
721 3387 863 3454 saepe
887 3387 1162 3454 mundum,
1197 3384 1508 3455 hostemque

493 3478 628 3532 Vicit
647 3478 803 3532 simul
834 3478 1050 3546 impium
1085 3498 1097 3529 :

485 3567 563 3623 Te
591 3567 768 3623 cordis
789 3568 972 3622 amere
995 3583 1226 3637 sequens

489 3658 708 3713 Tetrum
738 3659 908 3714 calcat
934 3659 1171 3714 zabulon
1200 3678 1209 3711 ς

496 3747 732 3804 Gemélla
762 3758 902 3804 serta
932 3749 1130 3804 cortina

504 3838 652 3893 Caelo
680 3840 843 3908 pollet
873 3840 1152 3910 pérpet‘nn.

565 3929 732 3999 Hujus
758 3930 990 3984 incolatu
1021 3933 1191 4001 magis

496 4018 620 4074 ilzec
649 4035 766 4074 sors
787 4022 951 4075 claret
980 4021 1226 4078 occidens

507 4107 768 4164 ltécinens
796 4127 1004 4178 semper
1036 4113 1360 4181 triumphum

503 4201 658 4255 Locis
687 4211 902 4269 praestet
930 4201 1139 4255 cteteris
1168 4221 1181 4268 ;

510 4293 722 4363 Céspite
752 4310 958 4348 sacrum
987 4296 1232 4348 crudrem

498 4385 646 4438 Caalo
671 4384 881 4437 arrltam
915 4384 1212 4439 vindicans.

571 4475 832 4544 lntrépida
859 4475 968 4528 Deo
993 4475 1139 4543 εωρό

495 4566 801 4631 Fatnulans,
831 4566 1146 4620 comminuit

495 4656 721 4712 Tenacis
749 4657 1036 4726 mundique
1068 4658 1255 4720 vitam,

494 4750 848 4804 Simulacrum
883 4751 1214 4819 prophauuut
1249 4768 1262 4813 ;

499 4839 644 4894 illico
684 4840 843 4909 Regis
869 4840 1195 4894 tremendam

500 4928 701 4985 Patitur
725 4929 1068 4984 sententiam.

577 5020 747 5075 variis
769 5021 960 5074 afﬂicta
993 5021 1189 5090 poenis,

506 5111 692 5166 Mentis
715 5112 897 5166 calens
926 5112 1135 5183 ignibus
1168 5132 1183 5179 ;

504 5202 690 5257 Gladio
710 5204 956 5258 confessa
981 5207 1148 5259 hostis
1186 5245 1201 5270 ,

503 5295 649 5350 Ccelo
687 5290 858 5348 reddit
888 5294 1131 5363 spiritum
1168 5316 1179 5349 :

501 5384 633 5439 Hinc
661 5385 778 5438 loco
809 5386 1044 5438 mutatur
1071 5400 1263 5456 corpus

497 5471 693 5528 Vivens
720 5472 826 5525 Deo
855 5472 1131 5540 pérpetim.

571 5565 747 5620 Sacris
774 5563 1046 5632 Virginum
1070 5562 1314 5636 superuis

489 5659 666 5713 Accita
695 5656 1004 5723 consértiis,

500 5748 771 5820 sanguine
793 5747 1086 5804 contemnit
1114 5751 1342 5818 hostem,

498 5841 669 5896 Mente
689 5840 811 5895 vicit
839 5840 1076 5895 zabulon
1113 5861 1123 5894 :

1823 4590 1871 4647 D

1905 391 2125 450 ηςτΑ
2167 396 2352 452 IUL“.

2173 513 2396 569 Gemina
2423 516 2643 584 proinde
2667 519 2798 573 cluit

2171 605 2425 660 Laureata
2456 607 2646 677 gloria.

2244 699 2366 753 llzcc
2396 701 2630 769 supértto
2656 704 2754 758 soli
2777 703 2908 776 Regi

2167 787 2364 854 Ovans,
2387 791 2462 843 sic
2492 793 2760 860 perpetuis

2171 881 2492 948 Angelorum
2520 884 2680 937 mixta
2708 885 2908 949 choris.

2176 968 2378 1021 Novum
2413 972 2590 1042 pangit
2613 973 2876 1030 canticum
2915 997 2926 1031 :

2179 1060 2495 1130 Triumphat
2519 1067 2683 1133 polita
2711 1083 2876 1138 regno

2172 1150 2523 1220 Sempitérna‘
2549 1156 2759 1224 glérim.

2247 1246 2372 1299 Inde
2394 1245 2576 1302 cérnui
2613 1253 2769 1317 preca
2781 1267 2892 1306 mut
2907 1294 2924 1319 ,

2179 1335 2287 1389 Rex
2319 1339 2541 1403 Serene,
2578 1342 2795 1408 servuli,

2179 1430 2244 1481 Et
2261 1429 2419 1484 simul
2453 1434 2785 1499 piaculOrum

2176 1518 2476 1598 Paudéntes
2515 1525 2745 1579 facinora
2779 1544 2795 1592 ;

2176 1609 2289 1665 Jatn
2320 1614 2542 1669 medelis
2571 1617 2688 1672 fove
2717 1619 2894 1685 Pater,

2174 1701 2318 1768 Quos
2345 1705 2634 1761 treméutes
2667 1708 2956 1778 cattSpicis.

2250 1795 2415 1864 llujus
2444 1814 2598 1852 sacro
2619 1800 2903 1868 impetratu

2179 1891 2351 1959 Terge
2381 1905 2557 1947 nostra
2591 1896 2814 1952 crimina
2842 1938 2856 1960 ,

2171 1981 2345 2036 Scéiet
2361 2000 2446 2035 utu
2478 1985 2644 2040 nodos
2673 1986 2917 2052 resolve;

2173 2073 2244 2126 Da
2286 2073 2514 2128 futttéttta
2541 2076 2724 2144 gratia:
2752 2095 2766 2144 ;
2931 2135 2934 2137 _

2177 2164 2243 2217 Et
2271 2176 2441 2220 tecum
2472 2183 2687 2237 semper
2711 2171 2898 2226 victuri

2177 2258 2485 2315 Gloriémur
2514 2263 2668 2332 Agie.

2248 2351 2392 2406 Pelle
2423 2353 2578 2418 iram,
2612 2369 2735 2410 arce
2774 2367 2975 2425 pestem

2175 2445 2212 2495 Α
2241 2446 2438 2497 nostris
2461 2446 2760 2501 conﬁnibus
2790 2465 2803 2501 :

2176 2533 2425 2588 Gladium
2457 2537 2624 2591 hostis
2653 2539 2876 2593 rett'tude

2172 2623 2340 2693 Hujus
2371 2641 2527 2694 prece
2554 2627 2809 2698 martyris
2835 2646 2850 2692 ;

2179 2717 2244 2771 Et
2271 2717 2556 2787 supérnam
2588 2731 2781 2787 praesta
2809 2721 3073 2792 quietem,

2172 2808 2300 2863 Tuis
2325 2810 2535 2864 Christe
2578 2811 2810 2867 famulis.
3071 2824 3080 2831 ‘

2248 2899 2488 2955 Gloriam
2532 2902 2672 2955 Patri
2694 2906 2966 2972 canamus,

2174 2991 2495 3061 Christdque
2528 2992 2786 3061 perpetuo
2819 3013 2833 3058 ;

2181 3084 2352 3136 Etiam
2381 3099 2500 3137 cum
2528 3084 2726 3139 Sancto
2751 3087 2913 3142 simul

2180 3174 2466 3244 Utriusque
2486 3175 2684 3244 Spiritu
2714 3194 2728 3241 ;

2179 3267 2278 3333 Qui
2303 3266 2443 3320 Deus
2474 3282 2608 3322 unus
2638 3267 2870 3324 actérnus

2177 3355 2383 3426 Reguat
2411 3365 2535 3412 ante
2569 3358 2791 3412 smeula.

2282 3450 2478 3503 Amen.

3325 410 3463 466 HM

1964 3563 2304 3633 Supplicdtio.
2329 3562 2576 3629 Oremus,
2607 3565 2801 3617 muttito
2829 3566 3056 3632 nomine,
3085 3568 3214 3634 Ῑόιέο
3240 3583 3429 3624 ccxxx.
3453 3617 3457 3620 .

1962 3653 2225 3723 Capitula.
2259 3653 2483 3708 Domine
2508 3653 2632 3708 Jesu
2665 3653 2897 3720 Christe,
2931 3658 3017 3724 qui
3046 3658 3223 3712 carnis
3252 3661 3470 3731 virgini-

1892 3745 2054 3799 tatem
2085 3743 2418 3798 servantibus
2449 3742 2675 3798 fructum
2705 3747 2971 3814 promitth
3002 3752 3288 3816 repensare
3336 3768 3462 3807 cen-

1893 3835 2191 3901 tesimum;
2247 3832 2540 3891 intercessu
2592 3835 2810 3906 virginis
2867 3849 2968 3892 tua:
3028 3837 3245 3913 [ccutt]
3303 3842 3472 3899 Justa

1893 3927 2192 3981 nostrarum
2229 3925 2436 3980 vincula
2477 3927 2622 3981 solve
2653 3929 2990 3994 peccatérum
3027 3941 3140 3993 :ut.
3179 3937 3265 4001 qui
3292 3937 3469 3989 carnis

1893 4017 2177 4088 lragilitAte
2207 4016 2508 4085 dejicimur,
2545 4017 2661 4085 ejus
2692 4018 2985 4087 patrocinio
3012 4021 3376 4078 subleventur.

1962 4108 2117 4161 Pater
2143 4117 2343 4161 noster.
2377 4107 2609 4161 Liberati
2649 4107 2678 4160 ξι
2709 4110 2871 4162 malo.
2922 4111 3016 4177 fol.
3051 4111 3103 4164 9..

1963 4196 2276 4249 Benedictio.
2309 4194 2565 4250 Dominus
2591 4197 2746 4251 Jesus
2771 4199 3035 4263 Christus,
3094 4201 3181 4268 qui
3210 4204 3464 4271 virginem

1892 4302 2042 4340 suam
2068 4286 2272 4340 .Ittstant
2301 4295 2449 4339 casto
2475 4287 2707 4340 servavit
2732 4290 2955 4355 pudere,
2976 4290 3236 4345 castitatis
3253 4309 3345 4347 vos
3368 4296 3469 4349 tlo-

1895 4394 1963 4430 no
1995 4377 2263 4431 muttilicet
2293 4393 2307 4431 :
2352 4376 2387 4443 ti
2414 4416 2426 4431 .
2455 4381 2642 4431 Amen.
2694 4378 2795 4443 Et,
2826 4381 2913 4447 qui
2944 4379 3083 4432 illam
3129 4384 3473 4441 subarrhavit

1893 4468 1994 4522 sibi
2022 4467 2220 4522 annulo
2252 4467 2396 4534 lidei,
2426 4483 2519 4521 vos
2546 4482 2655 4521 sua:
2713 4468 2997 4523 conuéctat
3024 4470 3468 4530 indissolubiliter

1895 4561 2138 4615 charitati
2169 4578 2183 4625 ;
2231 4561 2267 4628 ti}
2292 4600 2305 4614 .
2332 4563 2520 4614 Amen.
2567 4557 2635 4615 Ut
2654 4574 2772 4613 eam
2806 4577 2898 4626 pro
2929 4560 3077 4614 vobis
3107 4564 3245 4631 apud
3269 4576 3327 4620 se
3350 4566 3466 4620 sul-

1899 4655 2230 4723 {ragatricent
2262 4653 2528 4717 admittat,
2583 4667 2739 4722 quam
2774 4651 2871 4706 sibi
2931 4655 3240 4725 incorrupto
3285 4661 3471 4715 amere

1897 4747 2196 4814 adsumpsit
2223 4759 2494 4814 sponsam.
2545 4745 2581 4812 ti
2607 4784 2621 4799 .
2646 4744 2836 4799 Amen.

1968 4839 2067 4890 Per
2097 4837 2538 4891 miscricordiam.

1970 4926 2170 4981 Lauda.
2235 4928 2586 4982 Providéham
2621 4929 2901 4983 Dominum
2929 4931 2982 4985 itt
3032 4934 3319 5000 conspéctu
3351 4947 3471 4989 meo

1898 5037 2149 5089 semper:
2198 5021 2448 5090 queniam
2479 5021 2506 5074 ὲ
2538 5023 2740 5077 dextris
2788 5034 2868 5078 est
2897 5024 3024 5078 tnihi
3059 5068 3072 5090 ,
3131 5041 3197 5080 ne
3235 5029 3473 5083 commeo

1899 5127 2043 5166 vear.
2073 5111 2138 5167 P.
2172 5112 2394 5180 Propter
2419 5112 2517 5167 hoc
2537 5112 2881 5182 jocundatum
2929 5124 3010 5170 est
3035 5132 3128 5169 cor
3177 5133 3351 5173 meum
3378 5160 3392 5184 ,
3419 5133 3474 5176 et

1897 5205 2156 5258 exultavit
2184 5203 2359 5273 lingua
2389 5219 2529 5260 mea.
2577 5207 2823 5261 Alleluia.
2875 5208 2906 5272 ᾖ
2933 5245 2946 5258 .
2975 5209 3107 5261 Audi
3161 5208 3284 5273 lilia,
3314 5221 3368 5265 et
3397 5214 3472 5266 νίς

1895 5295 1984 5361 de,
2015 5306 2069 5350 et
2097 5295 2289 5350 inclina
2329 5310 2515 5352 aurem
2544 5305 2686 5350 tuam
2719 5315 2733 5351 :
2790 5306 2843 5350 et
2869 5296 3189 5353 obliviscere
3217 5300 3468 5369 populum

1897 5399 2066 5455 tuum,
2093 5401 2145 5443 et
2172 5390 2384 5443 domum
2414 5391 2578 5458 patris
2607 5392 2701 5445 tui.
2728 5387 2793 5442 P.
2829 5389 3075 5459 Propter.
3143 5392 3178 5461 ᾗ
3204 5432 3217 5446 .
3261 5391 3466 5464 Glaria,

1896 5494 1950 5538 et
1979 5485 2169 5538 honor.
2206 5484 2269 5537 Ρ.
2307 5485 2546 5554 Propter.

1968 5574 2168 5628 Oratio.
2203 5575 2363 5638 Deus,
2390 5573 2478 5642 qui
2505 5572 2774 5641 virginalis
2801 5571 3067 5642 pudicitia:
3101 5575 3251 5634 titulo
3267 5579 3472 5648 passio-

1895 5666 1979 5720 nis
2030 5664 2226 5720 vexillo
2253 5663 2433 5718 beatas
2479 5662 2712 5732 virgines
2741 5672 2793 5717 et
2823 5665 3086 5736 martyres
3119 5675 3235 5722 tuas
3264 5668 3467 5724 Justam

1895 5770 1950 5812 et
1972 5757 2212 5813 Ruﬁnam
2237 5753 2547 5828 gini-incesti
2581 5797 2593 5820 ,
2627 5753 2693 5808 da
2727 5755 2879 5810 nobis
2907 5757 2984 5814 sic
3015 5771 3182 5812 sacrae
3208 5761 3469 5815 castitatis

1895 5849 2117 5905 naribus
2143 5847 2388 5905 exernari
2422 5889 2435 5913 ,
2467 5855 2522 5901 ut
2575 5861 2695 5902 cum
2738 5847 2907 5904 fructu
2959 5849 3220 5905 bonarum
3248 5851 3467 5923 operum
