3984 6376
246 404 376 460 “8|

1268 396 1740 454 SANCTORALE.
1781 424 1851 440 -
1890 394 2108 456 FESTA
2147 398 2472 457 AUGUSTI.

3372 402 3519 459 μω

240 528 324 573 tos
368 530 519 572 meos
560 515 624 569 ad
658 513 919 582 praelium.
960 510 1024 565 P.
1060 510 1213 566 Dedit
1241 513 1394 567 mihi.
1437 514 1471 582 γ
1494 552 1509 567 .
1538 513 1743 582 Gloria,
1774 523 1827 568 et
1857 519 1903 573 Α
1934 514 2021 568 riti
2050 514 2164 583 ejus
2206 524 2409 579 partem
2437 515 2713 578 habentes,
2748 515 3090 582 praemidrutn
3124 532 3338 587 quoque
3370 518 3514 574 illius

241 611 415 665 bonor
445 608 609 664 Patri.
644 606 707 660 P.
743 606 901 660 Dedit
930 606 1087 661 mibi.

316 701 515 756 Orﬁlio.
554 698 776 754 Domine
807 697 933 754 Jcsu
978 695 1209 751 Christe.
1243 694 1462 768 Require
1486 708 1539 750 ut
1567 699 1745 769 supru,
1775 700 1826 751 in

250 792 507 859 Vésperis.

327 885 405 952 ii.
440 885 651 938 Manum
682 898 833 935 suam
881 880 1089 950 aperuit
1138 880 1302 949 in0pi,
1357 891 1410 934 et
1456 882 1659 949 palmas
1705 896 1831 935 suas

240 976 489 1031 extendit
516 976 582 1028 ad
613 974 897 1042 pauperes.
935 971 1002 1027 Ρ.
1037 971 1166 1028 Date
1195 972 1244 1028 ei
1276 968 1341 1025 de
1373 971 1546 1027 fructu
1574 971 1827 1025 manuum

240 1067 462 1121 suurum
496 1083 506 1117 :
538 1075 591 1119 et
620 1064 837 1118 laudent
863 1079 983 1117 eum
1016 1063 1067 1115 in
1098 1063 1275 1137 portis
1297 1060 1461 1130 opera
1496 1065 1632 1130 ejus.
1660 1061 1688 1129 ᾖ
1716 1098 1729 1113 .
1758 1061 1831 1114 Os

242 1171 402 1210 suum
437 1156 645 1225 ap'értiit
673 1153 971 1220 sapiéntiaa,
1023 1164 1077 1208 et
1109 1153 1193 1209 lex
1225 1153 1524 1209 clementiae
1557 1156 1607 1207 in
1651 1155 1828 1224 lingua

242 1247 379 1316 ejus.
419 1245 483 1298 P.
517 1245 649 1299 Date
670 1246 740 1300 ei.
788 1244 822 1311 ἱ
848 1286 862 1301 .
896 1243 1099 1308 Gloria,
1130 1255 1182 1297 el
1216 1245 1406 1299 honor.
1434 1241 1499 1296 P.
1531 1244 1659 1296 Date
1687 1245 1756 1297 ei.

321 1336 523 1390 Oratio.
556 1333 769 1389 Christe
802 1336 941 1388 Deus
972 1348 1173 1401 noster,
1204 1338 1290 1405 qui
1318 1351 1507 1390 manus
1536 1336 1828 1390 beatissimi

245 1427 503 1498 martyris
533 1428 607 1480 lui
640 1426 911 1481 Lauréntii
941 1438 995 1480 ιιι
1020 1429 1225 1497 palmas
1274 1427 1592 1497 paupéribus
1620 1430 1828 1483 voluisti

246 1519 550 1589 Ia'rgitiduis
575 1517 697 1588 jure
742 1534 864 1573 esse
894 1519 1201 1589 porrectas;
1235 1520 1299 1572 da
1332 1520 1485 1572 nobis
1511 1520 1578 1573 de
1628 1519 1827 1573 labori-

244 1610 343 1665 bus
373 1610 629 1664 manuum
659 1610 774 1678 ejus
804 1610 1033 1665 fructum
1066 1611 1315 1664 utilitatis
1356 1613 1406 1664 in
1437 1612 1613 1679 aliquo
1646 1627 1831 1679 repor-

238 1704 375 1766 tAre,
425 1714 481 1757 ut
530 1702 682 1757 labor
727 1703 980 1756 manuum
1023 1703 1139 1771 ejus
1184 1720 1287 1757 non
1328 1704 1502 1757 solum
1534 1706 1609 1758 illi
1646 1706 1741 1759 sed
1773 1715 1830 1758 et

236 1796 395 1852 nobis
437 1796 679 1865 proficiat
719 1796 887 1849 :dum
928 1805 984 1850 et
1025 1797 1097 1849 illi
1136 1796 1205 1850 de
1248 1794 1575 1865 perfectidue
1605 1796 1827 1865 operum

1931 607 2234 659 mereamur
2260 621 2381 660 esse
2406 604 2711 675 participes.
2756 608 2791 673 ti;
2818 647 2829 657 .
2864 612 3057 661 Amen.

2003 698 2104 752 Per
2136 698 2581 752 misericérdiam.

2017 792 2053 858 ιῆ
2078 831 2090 845 .
2124 791 2365 845 Probasti
2397 807 2503 854 me.
2554 791 2798 857 Domine,
2830 791 2964 847 sicut
3017 798 3272 861 probatur
3322 801 3517 871 argéuo

1933 890 2062 936 tum.
2117 882 2341 938 Posuisti
2376 882 2747 936 tribulationes
2789 885 2840 937 in
2871 884 3034 939 dorso
3075 903 3232 941 meo:
3289 892 3512 947 transivi

1932 992 2026 1044 per
2057 975 2231 1040 ignem
2262 986 2317 1030 et
2355 991 2571 1043 aquam,
2620 989 2673 1031 et
2706 978 2956 1031 induxisti
2988 996 3073 1031 me
3125 980 3174 1033 in
3228 982 3467 1049 rétluiem
3495 1002 3511 1039 :

1931 1067 2163 1120 introibu
2193 1068 2244 1121 in
2290 1068 2504 1121 domum
2538 1068 2787 1133 Domini;
2843 1069 2908 1123 P.
2941 1071 3072 1138 Quia
3124 1055 3393 1127 exaudivit
3419 1076 3517 1127 deo

1933 1158 2292 1227 precatidnem
2323 1174 2520 1215 meam.
2582 1161 2615 1230 ᾗ
2642 1201 2654 1213 .
2681 1156 2879 1216 Venite
2908 1176 2959 1215 et
2994 1164 3172 1218 audite
3204 1177 3255 1218 et
3288 1168 3518 1221 narrabo

1932 1251 2106 1317 vobis,
2132 1266 2340 1313 omnes,
2363 1253 2452 1322 qui
2485 1253 2681 1307 limétis
2717 1254 2905 1319 Deum,
2938 1264 3133 1322 quanta
3167 1257 3288 1309 fecit
3322 1256 3517 1313 animae

1933 1359 2087 1396 meae.
2124 1342 2189 1396 P.
2213 1344 2345 1412 Quia
2373 1348 2665 1401 exaudivit.
2733 1348 2766 1416 ᾗ
2792 1385 2806 1399 .
2850 1348 3056 1403 Uiuria.
3088 1348 3155 1404 P.
3193 1350 3323 1417 Quia
3355 1368 3518 1405 exau-

1932 1436 2085 1490 divit.

2006 1526 2206 1584 Oriitio.
2242 1528 2403 1596 Deus,
2454 1531 2542 1600 qui
2588 1532 2902 1601 probatidne
2931 1532 3090 1588 suum
3145 1533 3358 1602 pietatis
3390 1551 3517 1603 pro-

1931 1620 2043 1675 bari
2074 1632 2315 1675 sanctum
2349 1632 2494 1677 tuum
2530 1623 2868 1677 Laurentium
2899 1626 3187 1696 martyrem
3220 1628 3435 1682 voluisti
3459 1630 3512 1683 in

1933 1713 2090 1767 terris
2118 1731 2129 1765 :
2167 1730 2265 1768 nec
2298 1715 2414 1780 plus
2446 1731 2567 1770 eum
2602 1716 2795 1770 tentari
2842 1718 3128 1786 permittie,
3180 1720 3341 1785 quam
3372 1720 3513 1789 quod

1933 1806 1985 1859 in
2017 1822 2138 1860 eum
2171 1805 2369 1859 donum
2405 1806 2708 1861 tolerantia:
2738 1808 2927 1863 adesse
2974 1809 3241 1863 conlatum
3277 1818 3366 1863 tuo
3398 1812 3518 1865 ιιιὺ-

236 1895 449 1950 déderis
469 1893 718 1963 gloriam,
740 1904 792 1948 et
824 1908 920 1947 nus
949 1893 1282 1949 inuitamento
1310 1894 1425 1965 ejus
1449 1906 1503 1948 et
1526 1910 1682 1959 prece
1710 1910 1830 1964 per-
1864 1874 1907 1931 Β
1936 1911 2064 1950 nere
2091 1898 2364 1965 praespicis
2392 1915 2404 1949 :
2458 1895 2714 1969 [cccxxx]
2747 1897 2877 1952 érue
2923 1914 3018 1952 nos
3047 1901 3115 1953 ab
3163 1902 3305 1953 omni
3340 1912 3516 1955 tema-

238 1989 462 2043 dt’ixeris
490 1989 557 2041 ad
592 1988 887 2052 cortinam;
938 1988 1145 2056 sicque,
1192 1990 1316 2042 dum
1344 1990 1545 2056 justum
1579 2005 1829 2043 consum-

237 2084 368 2139 mati
415 2084 598 2153 operis
645 2083 902 2151 perfectio
949 2084 1271 2138 laudabilem
1319 2083 1447 2137 Sion
1501 2083 1738 2139 osténdit
1775 2086 1825 2136 iu

239 2184 433 2254 portis,
485 2183 795 2251 peccatores
825 2183 1075 2253 exemplo
1103 2182 1222 2253 ejus
1253 2182 1504 2239 meritum
1554 2184 1828 2239 obtineant

237 2276 557 2330 sanctitaus.
605 2275 641 2341 tit
666 2316 679 2328 .
712 2278 904 2329 Amen.

313 2368 415 2420 Per
438 2366 883 2422 misericdrdiatn.

313 2462 611 2527 Antiphona
640 2459 697 2514 4.
750 2460 991 2514 Probasti
1040 2475 1125 2515 me
1156 2459 1380 2515 Domine
1417 2460 1569 2527 quasi
1611 2474 1823 2514 aurum.

240 2550 475 2605 Posuisti
526 2550 901 2605 tribulationes
949 2551 1004 2604 in
1051 2552 1215 2605 dorso
1270 2567 1412 2605 meo.
1467 2550 1534 2606 P.
1583 2551 1826 2605 Trnnsivi

239 2659 336 2709 per
380 2643 553 2707 ignem
586 2656 634 2696 et
668 2658 858 2711 aquam
894 2660 907 2695 :
938 2653 993 2697 et
1043 2642 1301 2699 iuduxisti
1341 2658 1427 2696 me
1477 2644 1525 2694 in
1560 2643 1824 2711 requiem.

253 2736 288 2803 γ
312 2776 328 2790 .
357 2737 587 2789 lmroibu
618 2737 671 2788 in
699 2737 916 2789 domum
952 2746 1094 2790 tuam
1127 2750 1247 2789 cum
1278 2735 1606 2789 holocaustis
1641 2753 1652 2786 :
1705 2737 1827 2790 red-

239 2826 363 2879 dam
410 2826 501 2881 tibi
533 2837 653 2879 vota
684 2841 843 2893 mea,
877 2843 993 2897 quae
1025 2826 1387 2881 distinxerunt
1426 2825 1568 2881 labia
1601 2842 1740 2891 mea,
1768 2837 1827 2882 et

246 2918 482 2970 locutum
518 2928 600 2971 est
629 2932 690 2971 os
718 2932 891 2972 meum
924 2919 975 2971 in
1004 2920 1349 2974 tribulatidne
1381 2933 1519 2971 mea.
1549 2916 1611 2971 Ρ.
1630 2918 1826 2972 Trana-

243 3008 336 3061 ivi.
389 3009 423 3076 ᾖ
448 3048 461 3062 .
488 3008 688 3067 Gloria,
722 3021 776 3063 et
808 3010 979 3063 bonor
1010 3010 1172 3063 Patri.
1219 3009 1283 3064 Ρ.
1315 3009 1585 3063 Transivi.

312 3098 515 3152 Oratio.
570 3099 732 3163 Illius,
764 3100 1009 3163 Domine,
1036 3101 1242 3168 justitia
1273 3111 1453 3155 manet
1484 3101 1534 3154 iu
1566 3100 1819 3154 saeculum

1933 1987 2095 2043 tidne.
2130 2004 2247 2055 qua:
2280 1999 2516 2042 nostram
2559 1990 2728 2057 possit
2751 1991 2981 2045 obruere
3012 2001 3242 2046 mentem
3268 2009 3282 2043 :
3314 2001 3369 2045 ut
3401 1993 3517 2060 pla-

1931 2079 2040 2131 cito
2069 2078 2161 2130 tibi
2198 2077 2451 2131 famulatu
2480 2078 2705 2133 ﬁdeliter
2738 2079 3034 2135 servientes
3067 2084 3145 2135 sic
3192 2097 3287 2135 nos
3312 2082 3515 2137 tentari

1934 2173 2232 2239 permittas,
2287 2182 2340 2225 ut
2372 2172 2606 2227 tentatio
2638 2173 2748 2241 ipsa
2799 2189 2903 2227 non
2935 2191 3033 2230 nos
3063 2176 3114 2229 in
3145 2176 3514 2232 confusio“.

1930 2262 2153 2329 errdrie,
2201 2264 2294 2318 sed
2328 2264 2382 2318 in
2420 2264 2674 2334 amplexu
2727 2264 2965 2321 veritatis
3015 2266 3254 2323 valenter
3281 2266 3518 2323 adstrin-

1928 2360 2035 2423 gat.
2086 2355 2121 2423 ιῆ
2143 2394 2158 2409 .
2192 2358 2384 2409 Amen.

2002 2446 2104 2500 Per
2132 2446 2555 2502 tttiseriCOrdiam
2568 2487 2581 2503 .

2541 2540 2605 2592 In
2628 2539 2909 2595 Laudibus.

2001 2632 2083 2685 Ad
2110 2632 2402 2686 Cdnticum.
2470 2634 2788 2701 Antiphone.
2830 2635 3106 2688 Turonum
3137 2634 3344 2704 gloria.
3376 2634 3515 2690 Ceiu-

1930 2726 2106 2780 ticum.
2140 2725 2526 2779 Coullrmatum
2557 2738 2656 2780 est.
2690 2727 2783 2794 [οι.
2818 2725 2909 2780 55.
2938 2726 3017 2780 Ad
3049 2725 3372 2783 Benedictus.
3403 2731 3515 2782 An-

1931 2820 2164 2888 tiphonti.
2196 2819 2503 2874 Benedictio
2530 2819 2740 2875 Domini
2774 2822 2823 2874 in
2855 2822 3155 2877 mercédem
3188 2823 3318 2891 justi
3338 2825 3512 2878 testi-

1931 2923 2039 2962 lli“.

2001 3006 2288 3059 Cdnticum.
2343 3006 2663 3061 Benedictus
2707 3021 2768 3061 es
2813 3007 3039 3063 deine
3084 3008 3225 3064 Deus
3264 3008 3510 3064 Patrum.

1930 3094 2089 3149 Suno.
2122 3095 2402 3164 Dispérsit,
2450 3097 2617 3150 dedit.
2650 3098 2834 3161 Quaere
2862 3098 2916 3150 in
2954 3097 3191 3164 Vésperis
3221 3100 3515 3168 praeden-

236 3191 449 3251 smculi,
481 3191 632 3257 cujus
673 3191 1040 3247 misericordia
1073 3194 1124 3245 iu
1156 3192 1444 3261 pauperum
1476 3206 1536 3247 se
1564 3195 1819 3247 consola-
1848 3229 1895 3292 Β
1927 3187 2079 3240 tibus.
2114 3186 2318 3240 Lauda.
2349 3187 2588 3243 Laudate
2616 3189 2921 3243 Daminum.
2958 3189 3193 3244 Psalmus
3222 3206 3441 3246 cxuttt.

236 3281 389 3335 tione
419 3282 715 3334 diiiuderit.
768 3282 873 3336 Fac
907 3299 1003 3335 nos
1032 3282 1407 3336 Arcbidiacoui
1439 3284 1511 3336 tui
1544 3282 1819 3337 Laurentii

237 3372 538 3427 imitatores
574 3374 851 3430 existere:
890 3387 947 3429 ut
988 3376 1218 3441 primum
1262 3375 1608 3430 miseratores
1652 3380 1820 3431 nostri

233 3468 444 3532 eli'écti,
496 3469 682 3534 dignas
734 3485 828 3522 nos
879 3469 1257 3541 eleémosynas
1307 3470 1676 3537 prorogantes,
1709 3479 1761 3524 et
1790 3470 1820 3523 ὸ

240 3559 401 3612 nobis
455 3558 590 3613 male
631 3562 794 3628 gestis
835 3561 1133 3627 parcamnr,
1180 3571 1233 3613 et
1271 3561 1322 3613 in
1363 3560 1620 3629 prdit-imis
1658 3561 1819 3625 bona,

235 3666 364 3720 qua:
395 3650 667 3719 poscimus
698 3653 1092 3721 impeuttmuus.
1126 3652 1177 3721 ἢ
1200 3691 1213 3705 .
1240 3655 1433 3706 Amen.

313 3750 415 3803 l'er
446 3748 890 3804 tui-ericot'diam.

310 3842 608 3907 Antiphonti
654 3842 706 3896 5.
755 3840 1033 3896 Prutéetor
1084 3852 1206 3897 tuus
1254 3854 1355 3911 ego
1398 3855 1515 3895 sum
1550 3842 1702 3895 :-noli
1757 3842 1823 3895 ti-

232 3933 408 3996 mere,
437 3933 564 3985 dicit
604 3933 879 3986 Damiuus.
932 3934 987 3988 Si
1018 3934 1295 3988 transiers
1344 3948 1437 3999 per
1490 3932 1683 4001 ignem,
1717 3950 1820 3987 nun

233 4024 519 4077 comburet
550 4031 639 4076 te:
676 4021 744 4076 P.
771 4022 1017 4077 Ftumina
1072 4039 1174 4076 non
1213 4024 1536 4077 concludant
1576 4034 1661 4087 te;
1700 4024 1820 4091 quia

234 4113 435 4168 tenebo
468 4128 681 4166 manum
714 4124 882 4170 tuam.
931 4116 962 4179 ᾗ
989 4154 1002 4166 .
1032 4114 1132 4167 Per
1160 4114 1298 4167 diem
1332 4114 1422 4167 Sui
1453 4130 1559 4168 non
1587 4124 1707 4169 uret
1734 4124 1817 4167 te:

232 4223 414 4275 neque
444 4207 586 4261 Luna
629 4221 723 4274 per
753 4221 986 4261 noctem.
1021 4206 1085 4259 P.
1114 4206 1381 4260 Flumina.
1428 4207 1500 4274 y.
1533 4206 1736 4275 Gldria,
1766 4216 1823 4261 et

232 4302 429 4354 honor.
467 4298 529 4351 P.
563 4299 830 4352 Flt’tutina.

310 4392 516 4445 Oratio.
562 4389 698 4444 ‘Jesu
756 4391 894 4444 Deus
947 4398 1130 4443 noster
1172 4397 1229 4443 et
1261 4386 1507 4453 Domine,
1557 4388 1647 4456 qui
1678 4388 1820 4442 initi-

231 4496 404 4539 strem
448 4482 640 4538 mérito
688 4483 1031 4538 Laurentium
1061 4481 1510 4537 Art-bitliaemtutn
1546 4482 1614 4535 ita
1636 4482 1818 4536 iecisti

2016 3279 2190 3334 Léctio
2219 3281 2337 3333 libri
2359 3279 2705 3335 Ecclesidstt'ci
2728 3281 3024 3337 Salomonis
3052 3282 3204 3354 (Cap.
3239 3282 3410 3353 ιηι).

2010 3372 2046 3439 ἡ
2071 3413 2083 3425 .
2117 3371 2226 3427 Ι)ρο
2252 3372 2469 3442 gratias.

1998 3465 2120 3527 Fili,
2156 3467 2245 3534 qui
2274 3481 2463 3519 aurum
2493 3466 2687 3534 diligit,
2740 3483 2842 3519 non
2887 3466 3267 3535 justiiicabitur
3293 3484 3305 3519 :
3334 3475 3388 3519 et
3415 3465 3508 3535 qui

1924 3556 2222 3626 insequitur
2247 3560 2792 3622 consununattmietn,
2829 3558 3119 3625 replebitur
3148 3573 3210 3612 ex
3243 3573 3328 3611 ea.
3353 3557 3505 3610 Multi

1923 3650 2032 3703 dati
2065 3660 2191 3704 sunt
2220 3652 2271 3703 in
2303 3652 2417 3704 auri
2450 3666 2627 3714 casus,
2679 3660 2726 3705 et
2762 3650 2899 3704 facta
2948 3659 3028 3704 est
3059 3652 3110 3703 in
3158 3650 3292 3704 facie
3340 3652 3506 3719 ipsius

1926 3741 2155 3810 perditio
2186 3742 2424 3797 illdrum.
2480 3741 2703 3811 Lignum
2754 3742 3065 3795 uii'etwidnis
3095 3752 3178 3795 est
3202 3756 3387 3793 aurum
3415 3756 3504 3792 sa-

1922 3832 2273 3886 criﬁcantium
2300 3850 2312 3885 :
2350 3846 2428 3886 va!
2460 3831 2583 3897 illis,
2616 3833 2702 3900 qui
2729 3832 3026 3899 sequuntur
3055 3831 3205 3895 illud,
3234 3841 3288 3884 et
3312 3830 3498 3883 omnis

1925 3926 2242 3993 imprudens
2266 3925 2365 3986 disi
2385 3926 2525 3981 ériet
2554 3928 2605 3979 iu
2638 3926 2751 3980 illo.
2786 3927 2979 3981 Beatus
3004 3926 3082 3980 vir
3113 3928 3283 3991 dives,
3314 3927 3400 3994 qui
3426 3927 3499 3978 iu-

1929 4017 2117 4074 ventus
2143 4031 2223 4073 est
2254 4020 2372 4075 sine
2399 4019 2604 4074 macula
2635 4038 2647 4073 :
2674 4030 2725 4076 et
2752 4018 2839 4089 qui
2864 4030 2983 4088 post
3001 4037 3189 4074 aurum
3214 4037 3317 4074 non
3346 4022 3501 4085 abiit,

1924 4127 2023 4166 nec
2049 4114 2284 4179 speravit
2328 4130 2377 4166 in
2411 4114 2661 4181 pecunias
2690 4121 2745 4166 et
2776 4113 3078 4189 thesauros.
3112 4115 3253 4178 Quis
3278 4123 3361 4167 est
3390 4111 3500 4182 hic,

1922 4214 1976 4257 et
2002 4204 2339 4258 laudabimus
2361 4206 2518 4258 eum?
2550 4205 2677 4259 ferit
2705 4206 2846 4259 enim
2874 4206 3132 4260 mirabilia
3162 4207 3212 4257 iu
3246 4207 3353 4258 vita
3381 4221 3497 4259 sua.

1921 4295 2052 4360 Quis
2078 4298 2327 4363 probatus
2355 4296 2512 4349 estin
2546 4297 2660 4354 illo.
2692 4307 2745 4349 et
2777 4296 3045 4365 perfectus
3076 4305 3176 4359 est,
3209 4304 3264 4349 et
3297 4295 3399 4349 erit
3422 4296 3497 4348 illi

1922 4387 1974 4441 in
2002 4385 2172 4455 gloria
2200 4386 2396 4440 a'térua
2426 4404 2439 4439 :
2487 4388 2574 4455 qui
2607 4386 2776 4455 patuit
2820 4385 3141 4455 transgredi,
3184 4394 3233 4436 et
3264 4400 3368 4437 nun
3415 4396 3500 4438 est

1922 4478 2284 4548 transgressus
2310 4496 2324 4544 ;
2354 4488 2407 4533 et
2432 4478 2607 4533 facere
2636 4478 2794 4543 mala,
2824 4486 2878 4533 et
2908 4494 3012 4531 non
3037 4476 3162 4531 fecit
3190 4495 3201 4530 :
3236 4477 3355 4532 ideo
3381 4488 3498 4531 sta-

233 4574 551 4643 sapiéutiam
573 4575 865 4637 custodire,
899 4584 954 4628 ut
983 4575 1034 4627 in
1070 4573 1242 4643 gloria
1270 4574 1495 4640 Spiritus
1535 4575 1653 4642 ejus
1680 4586 1736 4628 et
1764 4576 1814 4628 in
1849 4580 1899 4640 ο
1924 4570 2068 4625 bilita
2100 4582 2223 4625 sunt
2255 4574 2388 4625 bona
2440 4570 2558 4641 ejus
2606 4572 2659 4625 in
2691 4571 2820 4638 Deo,
2868 4578 2923 4625 et
2950 4567 3321 4640 eleéutosynas
3354 4569 3497 4624 illius

228 4665 563 4733 jocunditéte
584 4666 937 4730 consisteret;
981 4667 1047 4719 da
1079 4667 1256 4732 nobis,
1300 4666 1553 4729 Domine.
1605 4668 1819 4737 sapien-

236 4762 329 4814 tim
376 4757 707 4813 intellectum
756 4768 813 4813 et
858 4769 1054 4812 sanctte
1091 4760 1420 4827 operatiOuis
1451 4761 1711 4827 studium,
1761 4770 1818 4815 ut

238 4850 561 4920 pauperibus
593 4850 954 4919 prmrngantes
984 4850 1356 4915 substantiam,
1384 4850 1688 4907 iaciuorum
1718 4862 1819 4906 no-

234 4945 470 4997 strorum
504 4943 792 4996 evadémns
815 4942 1128 4996 vindictam.
1179 4941 1213 5008 πῆ
1236 4979 1252 4994 .
1276 4941 1465 4996 Amen.

310 5035 414 5087 Per
442 5033 884 5088 misericordiam.

311 5126 605 5190 Antiphonti
634 5123 689 5177 6.
742 5124 925 5179 Justus
964 5125 1253 5180 miseretur
1293 5135 1345 5179 et
1375 5124 1718 5188 commodat;
1758 5133 1818 5178 et

232 5230 421 5271 semen
448 5217 567 5286 ejus
595 5217 649 5269 iu
682 5216 1052 5270 benedictione
1077 5218 1197 5281 erit,
1222 5215 1287 5268 P.
1312 5218 1375 5269 iit
1404 5216 1672 5271 bercdims
1702 5218 1817 5285 ejus

235 5310 293 5362 in
336 5309 617 5364 {etet-num.
661 5308 732 5377 ᾗ.
779 5307 1056 5362 Pota-asin
1103 5320 1241 5362 terra
1290 5309 1393 5362 erit
1422 5322 1603 5361 semen
1656 5308 1811 5375 ejus:

233 5402 510 5473 generatio
554 5402 823 5456 rectorum
873 5400 1234 5456 bcnedicétur.
1289 5399 1351 5452 P.
1410 5399 1474 5454 Et
1521 5400 1812 5455 hereditas.

249 5498 285 5567 9
314 5533 329 5547 .
359 5494 562 5560 Gloria,
587 5504 640 5549 et
669 5496 857 5548 honor.
894 5492 1053 5546 P.‘lit
1083 5493 1374 5549 hereditas.

313 5584 515 5638 Brdti‘o.
544 5585 678 5637 Tota
710 5584 818 5649 die,
869 5584 1115 5649 Dbmiue,
1153 5587 1328 5651 justus
1363 5593 1482 5636 tuus
1511 5581 1812 5646 miserétur,

228 5687 291 5730 et
314 5674 661 5730 commodat:
696 5676 786 5743 qui
818 5678 867 5729 in
911 5684 1023 5727 toto
1053 5676 1209 5743 hujus
1245 5676 1489 5729 mortalis
1515 5674 1639 5729 vita:
1687 5690 1814 5728 cur-

233 5768 410 5823 riculo
438 5767 748 5836 temporalia
780 5769 963 5831 donat,
996 5778 1055 5819 ut
1082 5767 1281 5821 mtérua
1314 5767 1538 5835 recipiat
1570 5784 1581 5818 :
1614 5766 1811 5821 Semen

231 5876 365 5932 ergo
387 5862 503 5932 ejus
533 5877 693 5933 super
722 5878 817 5919 nos
849 5862 1227 5918 benedictum.
1257 5862 1538 5918 lructlﬂcet
1568 5882 1577 5913 :
1610 5874 1664 5916 ut
1697 5862 1809 5920 mé-

1921 4664 2193 4718 enarrabit
2224 4664 2456 4720 Ecclesia
2481 4665 2807 4719 sanctarum.
2855 4664 2891 4730 ἡ
2913 4703 2928 4718 .
2962 4663 3153 4717 Amen.

1998 4755 2249 4827 Hymnus.
2283 4757 2359 4809 En
2391 4757 2639 4828 martyris
2664 4755 2952 4811 Laurentii.
2988 4754 3335 4825 Supplicdtio.
3363 4753 3492 4810 Ore-

1922 4863 2040 4903 mus
2084 4847 2515 4917 liedemptérem.
2568 4848 2751 4914 Quwre
2805 4849 2858 4902 in
2906 4846 3144 4918 Vesperi:
3188 4846 3494 4915 .pmedéu-

1921 4942 2072 4995 tibus.
2550 4978 2553 4981 ν

1991 5034 2247 5104 Capitula.
2280 5034 2505 5090 numine
2536 5034 2658 5091 Jesu
2689 5035 2923 5104 Christe,
2944 5036 3037 5103 ‘qui
3066 5033 3490 5103 corpus‘beatis-

1920 5127 2036 5179 simi
2071 5126 2335 5180 Laurentii
2387 5127 2759 5181 Arcititiiaroni
2808 5128 2879 5181 tui
2912 5126 3064 5197 riguis
3114 5126 3490 5181 cutubustititlte

1920 5218 2216 5280 deuectum,
2250 5219 2590 5287 purissimum
2616 5221 2705 5275 tibi
2729 5219 2901 5274 éiticis
2928 5217 3322 5282 holocaustum,
3346 5217 3485 5272 dum

1920 5309 2057 5361 idem
2091 5320 2290 5380 martyr
2339 5311 2575 5381 mysterii
2628 5310 2707 5363 sui
2745 5326 2849 5364 non
2901 5312 3207 5373 immemor,
3256 5308 3310 5363 in
3349 5309 3485 5363 oﬂe-

1919 5399 2087 5456 réudo
2115 5402 2461 5471 semetipsum
2507 5402 2735 5471 placitus
2785 5404 2874 5455 tibi
2905 5410 2960 5455 et
2997 5401 3264 5458 Sacerdos
3310 5401 3491 5457 e'xtitit

1917 5502 1970 5547 et
2000 5493 2237 5548 Minister
2267 5511 2281 5559 ;
2335 5494 2555 5547 adsistat
2601 5494 2717 5558 tibi,
2762 5495 3027 5561 rugAmus,
3060 5510 3156 5561 pro
3185 5494 3486 5548 salvatione

1918 5584 2171 5648 lidélium,
2205 5585 2293 5654 qui
2324 5583 2464 5638 inter
2493 5584 2734 5637 ﬂammas
2783 5585 3034 5637 membris
3064 5586 3482 5654 liquescéntibus

1917 5686 1969 5732 te
1998 5676 2303 5731 conlitéudo
2332 5676 2520 5743 spiritu
2555 5676 2834 5731 itetabatur
2862 5696 2873 5729 :
2906 5688 2984 5744 ut,
3017 5680 3105 5748 qui
3139 5681 3369 5735 humhna
3395 5696 3486 5733 su-

1916 5772 2121 5842 perarit
2150 5768 2431 5823 devmidue
2462 5767 2726 5834 incendia,
2758 5783 2913 5839 prece
2933 5770 3033 5824 sua
3064 5770 3245 5827 debita
3268 5772 3305 5826 il
3334 5772 3487 5827 nobis

1916 5861 2141 5932 repellat
2168 5857 2444 5928 supplicia.
