3984 6376
408 454 600 510 Clades
630 454 941 517 abscedant,
975 452 1162 521 iantes,
1196 462 1353 524 atque
1379 454 1604 526 languor
1635 474 1647 518 ;

555 546 723 601 Noxia
755 560 1000 616 quaeque.

475 639 665 693 Clerus
697 636 940 691 doctrina
971 636 1159 692 rotilet
1187 637 1410 692 corusca
1437 652 1449 691 :

411 733 657 788 Pontifex
682 731 883 787 celsum
916 730 1122 798 apicem
1156 730 1409 786 retentet

411 826 552 881 Labe
581 826 843 891 abstersa,
872 826 1233 896 operibusque
1262 827 1419 883 almis

548 916 673 973 Pbst
705 918 987 987 placitura.

479 1011 619 1065 Laus
649 1012 740 1066 libi
769 1012 987 1066 insultet
1008 1012 1183 1081 jubilo
1217 1012 1460 1080 peréuni,

408 1105 639 1160 Trinitas
669 1106 917 1175 simplex,
948 1106 1234 1174 Deitasque
1264 1121 1388 1172 una,

408 1199 605 1253 Cuncta
636 1199 725 1267 qui
757 1198 1017 1263 condens,
1046 1197 1222 1269 opiiex
1254 1200 1304 1251 iu
1337 1198 1560 1263 mthere,

547 1288 795 1344 Gréderis
826 1300 1033 1345 auctor.

624 1384 819 1436 Arnen.

498 1536 835 1612 FESTA
890 1535 1324 1610 SEPTEM
1338 1536 1605 1610 BRIS.

334 1667 602 1741 Jejiinium
657 1671 949 1724 observdtur
1008 1670 1167 1724 tribus
1236 1670 1415 1724 diebus
1469 1678 1588 1724 ante
1641 1668 1847 1723 Festum

258 1763 423 1817 structi
486 1762 752 1833 Cypridni.
818 1761 879 1816 Si
933 1761 1149 1815 volueris
1207 1763 1460 1827 recitare,
1526 1777 1695 1831 qurere
1751 1760 1844 1829 fol.

252 1852 388 1909 451.

916 1923 1025 1978 DIE
1062 1923 1196 1978 XlV.

551 2034 601 2072 IN
631 2032 802 2073 FESTO
829 2032 1014 2073 SANCTI
1041 2032 1278 2072 CYPRIANI
1308 2031 1563 2071 εριςοοιιι.

850 2109 931 2165 Ad
962 2108 1259 2178 Vésperum.

342 2204 546 2260 Lauda.
576 2202 781 2269 Gloria,
811 2213 864 2258 ct
895 2203 1087 2258 honor.

332 2293 493 2351 Sono.
530 2293 635 2348 Fac
665 2308 900 2349 mecum.
935 2293 1119 2358 Quare
1143 2295 1233 2363 fol.
1268 2309 1414 2349 cus.

327 2384 640 2454 Antiphone.
691 2385 943 2450 Posuisti,
1006 2384 1269 2449 Domine,
1314 2399 1477 2455 super
1525 2393 1689 2452 caput
1732 2386 1848 2453 ejus

244 2479 512 2531 eorénam
543 2476 612 2531 de
640 2476 816 2545 lapide
843 2474 1119 2545 pretioso:
1152 2476 1221 2531 P.
1246 2476 1482 2531 Gloriam
1510 2486 1564 2532 et
1595 2493 1845 2546 magnum

246 2571 506 2625 decdrem
538 2584 701 2640 super
729 2586 852 2625 eum
882 2570 1154 2641 impones.
1226 2572 1296 2640 ᾖ.
1354 2569 1527 2625 Vitam
1569 2569 1740 2640 petiit,
1795 2582 1847 2626 ct

247 2664 454 2720 dedisti
506 2663 558 2719 ei
598 2662 932 2733 longitudine
962 2661 1170 2719 dierum
1204 2662 1255 2717 in
1287 2662 1549 2719 :ete’rnum
1577 2672 1630 2717 ct
1670 2663 1721 2717 in
1748 2676 1844 2717 sa:-

246 2757 434 2810 culum
465 2755 669 2809 saeculi.
708 2755 771 2810 P.
807 2754 1045 2810 Gloriam
1075 2762 1129 2811 et
1159 2768 1415 2826 magnum
1444 2754 1720 2811 decorem.
1769 2756 1800 2824 γ
1830 2797 1842 2807 .

248 2846 461 2913 Gloria,
491 2858 543 2902 et
568 2846 762 2901 honor.
788 2845 857 2902 P.
890 2844 1150 2901 Gloriam.

326 2939 591 2995 Dominus
617 2940 690 2994 sit
716 2953 951 3009 semper.
1001 2940 1072 3008 ἢ.
1117 2939 1351 2993 Etcum.

322 3031 530 3087 Lauda.
563 3030 817 3087 Alleluia.
870 3031 1056 3085 Omnis
1083 3030 1174 3100 qui
1204 3031 1416 3095 vicerit,
1464 3027 1656 3084 faciant
1690 3030 1841 3085 illum

244 3123 448 3180 sedere
472 3123 527 3178 in
559 3122 754 3179 throno
791 3122 966 3178 Patris
996 3122 1101 3177 mei
1151 3120 1420 3177 Alleluia:
1473 3118 1541 3175 Ρ.
1594 3120 1744 3178 Sicut
1792 3131 1845 3177 et

243 3230 357 3287 ego
387 3215 510 3280 vici,
540 3224 597 3271 et
619 3216 781 3271 sedeo
832 3215 885 3271 in

244 3308 477 3375 Bestus,
511 3309 599 3379 qui
630 3308 878 3378 intelligit
919 3322 1083 3377 super
1115 3308 1373 3376 egenum,
1428 3316 1479 3360 et
1511 3306 1799 3375 pauperem
1828 3324 1839 3357 :

243 3402 302 3455 in
336 3400 427 3455 die
459 3401 596 3454 mala
644 3401 893 3456 liberabit
936 3416 1059 3456 eum
1118 3399 1398 3456 Dominus.
1432 3397 1495 3453 P.
1532 3398 1698 3454 Sicut.
1766 3399 1837 3467 ᾗ.

240 3491 458 3555 Gloria,
489 3499 543 3546 et
576 3493 767 3545 ltouor.
801 3491 867 3546 P.
903 3492 1071 3547 Sicut.

926 3606 1179 3678 Hymnus.

468 3700 627 3755 Urbis
658 3700 910 3770 magister
938 3700 1146 3754 Tasciee

393 3792 470 3845 'l'u
502 3789 771 3862 Cypriane
800 3790 1065 3855 Pontifex,

395 3883 503 3937 Fax
536 3883 822 3948 luminOsa,
859 3894 913 3937 ct
939 3881 1153 3949 éi'iicax,

400 3976 576 4031 Verbo
606 3977 830 4041 docens,
872 3986 924 4031 et
954 3976 1231 4045 sanguine.

475 4074 552 4126 Tu
583 4082 805 4144 martyr,
836 4087 889 4128 et
917 4072 1105 4128 doctor
1131 4073 1271 4144 pius,

398 4168 635 4237 Utrdque
664 4171 839 4222 clarus
868 4168 1115 4237 dogmate
1142 4185 1155 4221 :

395 4261 459 4313 Et
489 4260 666 4316 stultis
696 4261 856 4315 verba
886 4260 1103 4324 imbuis,

396 4353 461 4405 Et
491 4352 660 4407 doctis
686 4350 945 4418 exétuplis
976 4351 1141 4406 foves.

464 4442 712 4498 Caelestis
742 4442 832 4497 ille
858 4443 1107 4512 Spiritus,

394 4536 495 4602 Qui
528 4536 579 4590 in
611 4535 893 4604 Prophétis
926 4533 1158 4604 praefuit,

395 4626 471 4682 Te
499 4628 746 4696 inrigavit
773 4628 1007 4691 ccelitt‘ts,

396 4722 661 4791 implevit,
686 4722 812 4789 egit,
855 4721 1137 4789 compluit.

468 4812 705 4885 [comit]
738 4813 869 4866 llinc
897 4814 1045 4868 fonte
1073 4814 1221 4868 claro
1249 4813 1510 4868 luminum

396 4906 600 4961 Montes
634 4906 782 4961 i‘oves
805 4906 1039 4960 lidéiium
1064 4924 1077 4972 ;

394 5004 432 5052 Α
445 5010 555 5054 rtus
589 5018 600 5065 ι
619 5000 828 5055 erérras
856 5001 1054 5063 invios,

394 5090 538 5145 (libis
570 5090 804 5159 palétum
837 5090 1109 5145 recreans.

468 5184 546 5238 Tu
579 5182 843 5253 passionis
874 5184 1095 5253 gloriam

393 5280 609 5346 Qumstu
639 5276 822 5331 oblato
844 5276 1121 5342 distrabis,

395 5370 639 5427 Mercede
663 5377 887 5423 mortem
911 5368 1251 5435 comparans,

391 5462 525 5517 cum
558 5472 609 5516 te
641 5461 825 5515 feriret
852 5458 1109 5513 carnifex.

462 5553 553 5609 Sic
581 5554 659 5609 sic
684 5556 882 5607 docens
914 5553 1053 5621 quod
1087 5567 1271 5608 verum
1303 5561 1406 5617 est,

397 5646 599 5702 Fundis
629 5647 840 5701 bchtum
872 5644 1217 5713 sanguinem'

399 5738 545 5794 Ditas
573 5739 769 5793 cruore
800 5736 1055 5800 Africam,

404 5830 578 5887 Verbo
607 5831 808 5886 docens
841 5828 1167 5899 llespériam.

1230 338 1699 398 ςΑΝετοκΑιε.
1740 370 1808 384 -—
1846 338 2063 396 FESTA
2104 341 2547 399 SEPTEMBRIS.

3392 358 3524 415 £20!

2169 454 2247 508 Tu
2281 454 2474 510 Doctor
2503 458 2552 511 in
2587 467 2723 511 terra
2758 460 2899 528 pius,

2100 544 2176 599 Tu
2206 544 2403 617 Martyr
2426 546 2475 600 in
2501 547 2834 619 cmléstibus,

2098 640 2247 706 Quod
2268 641 2572 709 prwdicasti
2600 643 2849 713 dtigmate

2099 729 2203 784 Fac
2231 745 2327 785 nos
2359 732 2552 787 tenere.
2569 748 2661 803 per
2689 749 2939 799 precem-

2166 824 2277 879 Deo
2305 825 2445 879 Patri
2473 826 2542 880 sit
2570 827 2762 897 gloria,

2097 917 2331 988 Ejusque
2360 920 2457 975 soli
2485 920 2640 990 Filio,

2092 1007 2229 1065 Cum
2259 1011 2458 1079 Spiritu
2489 1012 2753 1070 Paraclito

2098 1101 2348 1173 Regnans
2380 1119 2472 1175 per
2501 1122 2658 1163 omne
2688 1108 2965 1163 saeculum.

2235 1198 2426 1253 Amen.

2026 1308 2371 1384 Sdppiicdtio.
2403 1316 2646 1383 Oremus,
2680 1320 2871 1371 muttito
2900 1320 3122 1384 nomine,
3159 1333 3210 1375 ut
3243 1326 3418 1394 supra.

2023 1428 2285 1515 Capitula.
2324 1428 2369 1485 0
2411 1431 2573 1486 decus
2602 1432 2767 1496 orbis,
2798 1433 2831 1489 ὸ
2863 1434 3051 1489 doctor
3075 1436 3253 1502 ouice,
3290 1439 3536 1493 veritatis

1955 1522 2211 1592 magister
2239 1524 2527 1591 catholice,
2559 1526 2962 1582 Catholi’cérum
2994 1530 3214 1583 ducAtor
3255 1531 3531 1600 Ecclesiae,

1950 1610 2221 1683 Cypriane
2252 1625 2455 1685 martyr
2485 1608 2856 1673 sanctissime!
2886 1619 2972 1686 qui
2998 1617 3267 1674 Christum
3310 1631 3365 1676 et
3408 1637 3537 1677 voce

1955 1702 2291 1771 praedicando
2318 1715 2371 1760 et
2399 1706 2678 1778 sanguine,
2711 1718 2765 1762 et
2795 1709 2971 1780 lingua
3020 1726 3284 1776 amamus,
3319 1720 3376 1766 et
3418 1728 3537 1780 pas-

1887 1827 1927 1883 “
1954 1795 2107 1850 sidue
2137 1798 2454 1853 monstraris
2484 1814 2603 1855 esse
2634 1802 2950 1870 conspicuus
2977 1820 2992 1856 :
3017 1804 3166 1865 dum.
3190 1820 3309 1874 qua:
3343 1806 3531 1869 doces,

1951 1890 2091 1959 agis,
2120 1898 2172 1943 et
2200 1906 2319 1961 qua:
2347 1893 2482 1961 agis,
2521 1893 2753 1963 posteris
2795 1894 3038 1950 docendo
3079 1898 3445 1965 derelinquis:
3482 1900 3532 1951 in

1954 1980 2215 2051 utrosque
2260 1983 2591 2040 admirabilis
2622 1995 2675 2040 et
2721 1988 3039 2055 praeclarus;
3072 1990 3196 2043 dum
3239 2002 3294 2044 et
3340 1989 3533 2044 Ductor

1954 2072 2229 2140 miriﬁcus,
2281 2082 2336 2129 et
2375 2085 2576 2147 martyr
2629 2076 2940 2146 agnosceris
2987 2080 3281 2149 gloriOsus;
3327 2080 3451 2135 dum
3481 2092 3535 2137 et

1952 2168 2195 2224 doctrina
2224 2169 2395 2226 clares
2428 2174 2482 2227 in
2511 2173 2729 2237 stcculo,
2753 2182 2808 2229 et
2836 2174 2903 2229 de
2928 2173 3097 2231 eﬂuso
3138 2174 3397 2245 sanguine
3441 2176 3521 2231 la-

1954 2261 2083 2316 taris
2112 2261 2165 2317 in
2192 2264 2331 2318 cmlo
2357 2281 2371 2317 :
2400 2275 2450 2319 te
2471 2279 2802 2335 quaesumus,
2833 2274 2885 2321 te
2912 2268 3186 2333 rogiimus,
3216 2280 3362 2337 rege,
3391 2266 3531 2330 fove,

1951 2353 2159 2408 instrue
2202 2367 2301 2409 nos
2331 2354 2437 2410 tuis
2465 2370 2677 2425 semper
2704 2356 2969 2427 suifragiis
2999 2357 3201 2427 pariter
3230 2368 3284 2411 et
3330 2359 3530 2411 doctri-

1954 2443 2035 2497 nis
2068 2461 2079 2495 :
2112 2442 2292 2499 imbue
2338 2459 2432 2498 ore
2476 2445 2709 2509 néscios,
2760 2445 3008 2516 precibus
3054 2448 3205 2502 tuere
3251 2448 3490 2502 iuiirmos
3519 2489 3534 2512 ,

1953 2537 2128 2591 verbis
2155 2536 2310 2604 doce,
2339 2537 2463 2608 quid
2508 2538 2687 2609 agere,
2735 2539 2937 2595 méritis
2968 2540 3171 2608 obtine,
3202 2557 3306 2612 quo
3355 2545 3531 2611 posst-

1954 2641 2072 2681 mus
2131 2627 2377 2683 introre:
2424 2628 2572 2684 illinc
2625 2631 2737 2700 riga
2786 2631 3136 2701 ignorantiam
3191 2633 3397 2698 verbis;
3454 2632 3536 2688 hic

1953 2723 2222 2778 continuis
2254 2723 2593 2795 fragilitatem
2640 2734 2875 2781 nostram
2921 2724 3098 2782 fovéto
3142 2722 3409 2796 suﬂragiis
3436 2742 3448 2777 ε
3479 2736 3535 2780 ut

1954 2828 2047 2882 per
2080 2814 2247 2871 Deum
2296 2832 2458 2871 unum
2508 2817 2560 2870 in
2593 2816 2855 2873 Trinitate
2907 2816 3164 2887 perfecta,
3194 2831 3353 2887 quem
3399 2825 3451 2870 ιιι
3482 2828 3536 2871 ot

1950 2905 2189 2960 doctrina
2245 2908 2546 2975 praedicasti
2580 2917 2635 2961 et
2688 2907 2969 2975 sanguine,
3027 2922 3123 2963 nos
3170 2916 3225 2964 et
3267 2907 3532 2963 dictdruut

1949 3000 2162 3053 tudrum
2203 2999 2404 3054 fructus
2435 3001 2519 3055 hic
2560 3001 3188 3067 Iibéntiushauriamus,
3224 3008 3280 3053 et
3306 2999 3529 3055 merito-

1950 3106 2068 3145 rum
2115 3091 2327 3147 tubrum
2376 3090 2583 3161 goudiis
2633 3102 2751 3159 post
2802 3092 3082 3146 transitum
3134 3091 3388 3147 satemur
3439 3106 3533 3159 per

928 3215 1077 3271 mum
1108 3232 1123 3269 ε
1171 3213 1426 3280 Auchi”,
1476 3213 1711 3268 amma-
1764 3213 1796 3281 ᾗ
1822 3252 1836 3267 ο
1868 3190 1914 3252 c
1950 3184 2148 3253 ipsum;
2178 3185 2268 3253 qui
2297 3198 2398 3238 nos
2424 3184 2786 3239 docuitorare
2814 3195 2868 3239 et
2896 3184 3115 3239 dicere:

2023 3273 2179 3330 Pater
2198 3286 2411 3329 uoster.
2446 3276 2677 3330 Liberali
2706 3276 2735 3330 it
2767 3277 2928 3331 malo.
2954 3276 3051 3345 (oi.
3083 3274 3139 3332 2.

2023 3386 2339 3443 Benedictio.
2390 3387 2635 3444 Christus
2684 3389 2963 3451 D.’.miuus,
3022 3389 3111 3456 qui
3167 3389 3530 3444 beatissimum

1949 3478 2271 3549 Cyprianum
2324 3480 2580 3536 Ecclesiae
2631 3496 2741 3535 sua:
2792 3481 3117 3551 Prmsulem,
3168 3490 3223 3536 ct
3277 3481 3533 3535 doctrina

1950 3572 2259 3639 magisterio
2304 3573 2529 3638 clarum,
2559 3582 2615 3628 et
2650 3573 2935 3646 Martyrcm
2985 3574 3107 3628 iecit
3154 3589 3273 3629 esse
3319 3573 3533 3641 conspi-

1951 3679 2144 3730 cuum;
2193 3664 2410 3734 impleat
2455 3681 2551 3721 vos
2597 3676 2653 3722 et
2697 3667 2864 3737 gratia
2912 3676 3108 3723 sanctas
3151 3666 3428 3733 doctrinae,
3479 3673 3533 3718 et

1948 3755 2144 3809 amdris
2171 3758 2249 3809 sui
2275 3758 2559 3824 opuléntite
2594 3758 2903 3823 dulcedine;
2952 3760 2987 3823 ἢ
3011 3799 3023 3812 .
3062 3761 3250 3813 Amen.
3298 3756 3366 3812 Ut
3397 3755 3526 3811 etin

1948 3847 2126 3901 verbis
2177 3847 2425 3919 martyris
2471 3849 2857 3905 correctionem
2888 3851 3011 3905 vita:
3056 3850 3316 3920 integram
3366 3848 3527 3903 adsu-

1948 3939 2126 4007 motis,
2170 3950 2221 3993 et
2276 3941 2328 3994 in
2375 3938 2636 4010 exemplis
2679 3941 2796 4011 ejus
2842 3942 3230 4012 adipiscamini,
3262 3940 3404 4012 quod
3433 3956 3528 3995 vos

1948 4031 2175 4086 heredes
2224 4032 2424 4087 efﬁciat
2476 4033 2528 4086 in
2578 4031 2887 4089 coelestibus
2940 4035 3163 4103 regnis:
3208 4033 3283 4098 ἡ.
3330 4034 3524 4087 Amen.

1946 4122 2062 4187 Quo
2082 4132 2135 4177 et
2159 4138 2251 4191 per
2276 4123 2391 4192 ejus
2415 4123 2712 4178 doctrinam
2740 4124 3074 4190 peccamrum
3099 4122 3128 4176 ἐι
3154 4123 3307 4177 vobis
3337 4122 3525 4190 rubigo

1946 4212 2181 4280 eii'ogiat,
2217 4222 2267 4267 et
2298 4227 2392 4280 per
2430 4213 2547 4282 ejus
2596 4213 2847 4283 suffragia
2882 4216 2985 4267 vita
3028 4213 3179 4267 vobis
3206 4213 3529 4269 concedetur

1944 4301 2163 4357 θειότητι.
2212 4302 2246 4370 ii)
2271 4342 2286 4355 .
2316 4306 2504 4358 Amen.

2018 4392 2119 4446 Per
2146 4393 2589 4448 misericordiam.

2016 4503 2218 4558 Lauda.
2253 4504 2450 4560 Belitus
2485 4505 2586 4570 vir,
2616 4506 2704 4576 qui
2737 4505 2885 4561 timet
2930 4504 3216 4560 Dominum
3253 4504 3477 4563 Alleluia
3511 4527 3523 4562 :

1949 4595 2017 4651 Ρ.
2051 4601 2103 4652 In
2134 4600 2396 4653 mandatis
2424 4600 2541 4670 ejus
2586 4600 2733 4669 cupit
2780 4598 2938 4654 nimis
2986 4598 3238 4667 Alleluia,
3284 4599 3526 4665 alleluia,

1947 4690 2181 4746 alleluia.
2227 4692 2262 4760 9
2288 4733 2302 4747 .
2334 4691 2531 4746 Potens
2564 4693 2614 4746 in
2648 4702 2785 4746 terra
2812 4694 2913 4747 erit
2958 4708 3140 4749 semen
3172 4692 3290 4763 ejus
3319 4709 3333 4747 :
3364 4708 3525 4763 gene-

1946 4784 2083 4838 ratio
2106 4786 2369 4839 rectérum
2403 4785 2759 4839 henedicétur.
2788 4784 2854 4840 P.
2886 4785 2941 4839 In
2973 4785 3258 4840 mandatis.
3298 4786 3329 4854 ’
3358 4825 3371 4839 .
3396 4785 3524 4842 Glo-

1947 4874 2044 4940 ria,
2076 4884 2130 4929 et
2157 4874 2347 4929 honor.
2380 4874 2442 4927 P.
2473 4875 2527 4928 lu
2558 4874 2844 4931 mandatis.

2020 4988 2220 5041 ()rdtio.
2286 4988 2498 5042 Debitos
2544 4989 2655 5053 tibi,
2709 4989 2933 5045 Domine
2981 4990 3198 5055 mtérne,
3245 4988 3524 5046 referimus

1943 5088 2137 5147 grates,
2168 5088 2221 5132 et
2244 5078 2371 5134 Jesu
2401 5078 2616 5135 Cbrism
2662 5080 2884 5136 Domino
2916 5092 3121 5145 nostro,
3173 5083 3223 5134 in
3266 5080 3420 5149 cujus
3452 5082 3523 5135 si-

1944 5173 2297 5228 militudinem
2330 5174 2667 5229 beatissimus
2696 5174 3011 5245 Cyprianus,
3041 5174 3165 5228 dum
3195 5172 3349 5227 oil‘ert
3372 5174 3524 5229 victi-

1944 5281 2105 5331 ruam,
2162 5266 2273 5334 ipse
2323 5274 2404 5320 est
2454 5266 2696 5331 victima;
2752 5266 2879 5319 dum
2932 5264 3294 5319 sacerdotium
3349 5265 3521 5336 eligit,

1942 5358 2253 5429 martyrium
2300 5358 2526 5414 devotus
2570 5358 2831 5427 implevit.
2884 5356 3134 5411 Obtiueat
3179 5357 3338 5427 igitur
3380 5356 3519 5426 apud

1943 5459 2012 5514 te,
2052 5451 2188 5505 Deus
2229 5465 2465 5515 summe;
2501 5460 2555 5505 ut
2586 5451 2682 5504 des
2730 5450 2940 5503 miseris
2991 5448 3370 5518 indulgentiam
3406 5460 3523 5519 post

1940 5542 2217 5606 delictum,
2250 5545 2340 5612 qui
2374 5542 2567 5599 méruit
2597 5549 2715 5611 post
2762 5540 3117 5596 sacerdotium
3163 5542 3342 5598 subire
3373 5557 3517 5596 mar.

1940 5636 2152 5705 tyrium.
2202 5635 2237 5703 ἢ
2264 5676 2275 5691 .
2304 5636 2493 5691 Amen.

2011 5729 2127 5785 Per.
