3984 6376
538 351 673 406 ηοῖι

1099 466 1177 519 Ad
1220 465 1551 518 Meuianum.

604 561 917 625 Autipliona.
962 558 1123 613 Labia
1156 572 1293 612 mea.
1345 555 1580 609 l’salmus
1622 572 1667 608 L.
1706 554 1905 608 Oriitio.
1946 554 2113 607 Exul-

532 661 665 718 tent,
694 652 935 707 Domine.
971 652 1065 714 fol.
1090 668 1263 706 cur:

601 744 895 815 Antiphona
945 746 994 797 1.
1031 744 1200 797 llomo
1248 741 1359 807 Dei,
1412 740 1645 797 osténdit
1704 739 1793 793 tibi
1848 736 2109 792 Duiiiiuus

529 838 926 892 sacramentum
969 837 1232 889 :mnliain
1282 834 1416 889 vidit
1462 835 1605 888 enim
1660 830 2109 900 perseverantiam

532 938 698 982 tuam.
734 928 800 983 P.
833 930 964 993 Quia
1014 928 1239 981 multum
1271 927 1511 979 lristlitus
1536 938 1593 979 es
1624 940 1718 993 pro
1751 924 1945 994 popqu
1991 938 2109 982 suo,

527 1035 582 1080 et
628 1024 822 1077 orabas
856 1040 949 1092 pro
982 1023 1139 1078 Israél
1166 1039 1179 1074 :
1226 1023 1259 1089 ᾖ
1286 1062 1299 1074 .
1330 1020 1443 1074 Νυη
1475 1020 1567 1073 det
1595 1019 1645 1073 in
1694 1017 2109 1073 commotionem

528 1114 717 1182 pedem
742 1122 921 1166 tuum:
950 1128 1122 1181 neque
1143 1111 1373 1165 dormiet
1395 1110 1484 1177 qui
1512 1109 1747 1165 custddil
1775 1119 1845 1162 te.
1875 1107 2107 1174 P.Quia.

542 1207 572 1274 ᾗ
601 1245 615 1259 .
645 1206 847 1267 Gio‘ria,
881 1216 932 1259 et
965 1205 1151 1257 honor.
1189 1201 1249 1255 P.
1284 1203 1438 1268 Quia.

602 1297 803 1351 Oratio.
856 1297 1069 1351 Déhitas
1109 1294 1225 1359 tibi,
1260 1293 1506 1349 DOmiue.
1543 1292 1725 1359 Quaere
1766 1294 1818 1345 in
1873 1290 2109 1363 Vesperi:

524 1388 938 1457 precedéntibus.

593 1500 886 1567 Antiphoua
912 1498 965 1551 Ξ.
1002 1497 1171 1553 lloiiio
1200 1498 1301 1553 istc
1330 1497 1552 1567 perfecit
1585 1498 1787 1563 omnia,
1819 1512 1939 1566 qua:
1967 1511 2105 1565 pra:-

522 1590 737 1658 céperat
766 1593 815 1644 ei
847 1589 986 1644 Deus
1018 1607 1030 1643 :
1064 1599 1116 1644 et
1144 1590 1278 1643 dixit
1320 1590 1385 1643 ad
1424 1605 1544 1643 eum
1582 1607 1593 1642 :
1625 1588 1908 1659 Ingredere
1936 1590 1987 1642 in
2017 1588 2102 1643 ré-

520 1680 697 1749 quiem
728 1694 924 1742 meum,
959 1678 1024 1735 P.
1060 1679 1189 1746 Quin
1224 1688 1276 1733 te
1306 1678 1443 1747 elegi
1469 1678 1672 1747 justum
1707 1693 1887 1732 coram
1921 1693 2006 1731 me
2040 1694 2104 1731 ex

520 1770 770 1825 Omnibus
808 1771 1073 1840 gentibus.
1120 1770 1153 1835 y
1180 1808 1194 1823 .
1242 1770 1433 1824 Bcétus
1464 1771 1562 1827 vir,
1595 1769 1683 1838 qui
1734 1770 1882 1823 timet
1915 1770 2105 1823 Demi-

1753 349 2176 405 BllEVlARIUM
2221 350 2567 405 in'l'lllllL‘M

3666 364 3788 421 520!

2816 461 2881 516 Iit
2923 464 3203 519 Ldudibus.

2290 554 2368 606 Ad
2396 552 2683 608 canticum.
2716 556 3029 623 Antiphone.
3057 556 3331 611 Tliroiium
3374 558 3580 623 glerir.
3620 559 3785 616 Cdmi.

2216 662 2351 699 cum.
2397 647 2778 701 Crinliririatum
2829 656 2930 702 est.
2963 652 3057 717 fol.
3216 651 3296 703 Ad
3327 650 3653 707 Benedictus.
3694 657 3784 709 An-

2218 741 2448 809 tiphonti.
2500 740 2806 794 Benedictio
2839 739 3048 795 Domini
3104 744 3153 794 in
3208 744 3509 799 mercedem
3564 745 3693 815 justi
3723 748 3784 803 le.

2216 833 2395 885 stluat.
2427 831 2715 885 canticum.
2751 832 3065 887 Benedictus
3096 850 3174 889 es.
3200 838 3295 905 fol.
3330 836 3361 888 6

2288 922 2447 977 Sana.
2476 924 2716 976 Alleluia.
2767 924 3008 977 Cautabu
3050 928 3154 977 virt
3198 937 3301 980 tein
3352 939 3516 992 tuam,
3549 931 3778 987 Dumine.

2220 1016 2462 1070 Alleluia.
2504 1017 2536 1084 ᾖ
2564 1056 2581 1070 .
2613 1017 2861 1070 Alleluia.
2894 1015 3143 1072 Salvator
3189 1035 3361 1084 meus,
3394 1024 3489 1077 tibi
3543 1025 3781 1089 psallam;

2215 1108 2334 1175 quia
2375 1108 2511 1159 Deus
2552 1110 2831 1175 susceptor
2876 1123 3025 1162 meus
3065 1120 3120 1163 et
3151 1109 3414 1180 refugium
3449 1116 3501 1165 in
3531 1114 3616 1167 die
3651 1131 3781 1183 pres-

2214 1196 2354 1250 sura:
2386 1212 2534 1250 mea.
2562 1198 2812 1251 Alleluia.

2286 1287 2483 1342 Lauda.
2531 1290 2763 1345 Laudate
2793 1290 3075 1345 Dominum
3106 1292 3173 1346 de
3203 1294 3357 1349 caelis
3387 1296 3615 1351 Alleluia
3641 1315 3655 1350 :
3685 1299 3779 1354 latio

2214 1381 2334 1434 date
2363 1396 2485 1434 eum
2514 1382 2564 1435 in
2589 1382 2821 1436 excelsis
2850 1383 3101 1438 Alleluia.
3128 1384 3369 1440 Psalmus
3398 1403 3617 1443 csum.

2344 1470 2517 1525 Lécu'o
2549 1474 2666 1526 libri
2696 1473 3045 1530 Ecclesiiiuici
3072 1476 3371 1533 Salomonis
3401 1480 3550 1551 (Cap.
3584 1483 3660 1551 ι).

2299 1564 2333 1627 ἡ
2358 1604 2369 1615 .
2409 1564 2516 1617 Deo
2544 1564 2762 1633 gratias.

2289 1656 2375 1709 Vir
2406 1658 2502 1711 iste
2531 1659 2869 1712 conservavit
2910 1659 3079 1727 legem
3123 1660 3218 1717 Dei
3250 1662 3469 1729 excélsi,
3507 1673 3560 1718 et
3594 1665 3650 1719 in
3684 1673 3776 1719 ten-

2213 1746 2414 1801 tutione
2472 1748 2716 1805 inventus
2764 1761 2846 1805 est
2875 1751 3064 1807 fidelis.
3119 1754 3183 1806 Et
3229 1754 3413 1808 statuit
3440 1755 3489 1809 ei
3539 1756 3778 1811 Dominus

518 1877 683 1915 num.
718 1862 770 1916 ει,
809 1826 1083 1915 inundans
1121 1826 1247 1929 'ejus
1303 1864 1450 1928 mp“
1505 1826 1685 1914 ηίίηξε,
1740 1860 1805 1914 ρ.
1863 1860 1996 1927 Quia
2031 1870 2100 1914 ιε,
2140 1826 2177 1881 Β
2212 1839 2585 1894 testamentum
2651 1842 2913 1897 aitérnum
2942 1886 2955 1905 .
3006 1856 3059 1899 et
3104 1844 3250 1899 dedit
3307 1847 3378 1900 illi
3435 1849 3775 1903 sacerdotium

535 1951 568 2015 ᾖ
594 1989 608 2004 .
636 1948 842 2019 Gléria,
875 1962 929 2004 et
959 1950 1129 2005 honor
1154 1952 1318 2005 Patri.
1354 1950 1422 2005 Ρ.
1456 1950 1587 2018 Quia
1624 1960 1692 2004 te.

593 2066 795 2120 omne.
820 2064 1106 2121 Etérnum
1140 2075 1241 2120 tuas
1272 2066 1486 2120 virtutis
1516 2080 1732 2130 nomen,
1765 2065 2104 2132 omnipotens

517 2156 681 2222 Deus,
704 2172 920 2210 oramus
945 2175 955 2209 :
981 2166 1037 2210 ut
1060 2172 1156 2211 nos
1184 2156 1434 2225 martyris
1467 2156 1540 2211 tui
1569 2156 1823 2226 Cypriani
1854 2156 2102 2223 Episcmii

496 2259 568 2302 .et
616 2247 856 2301 Omnium
890 2247 1211 2303 Sanctdrum
1258 2247 1463 2303 meritis
1511 2248 1727 2314 sdcios,
1771 2248 1873 2302 fide
1927 2262 2100 2316 pares,

514 2340 799 2395 devoiidue
825 2340 1094 2405 Stréuiios,
1126 2342 1376 2408 passiOne
1397 2341 1735 2405 consimiles,
1762 2350 1815 2393 et
1844 2340 1894 2394 in
1927 2356 2103 2395 resur-

492 2432 756 2486 .rectit‘me
782 2432 1012 2487 felicium
1044 2434 1209 2486 facias
1235 2434 1525 2502 cumquari.
1574 2435 1644 2500 ii.
1679 2436 1871 2489 Anien.

584 2526 684 2579 Per
714 2525 1137 2580 misericoi-diam

586 2635 881 2703 Antiphoua
913 2635 966 2689 ὃ.
1001 2634 1104 2689 Iste
1157 2636 1317 2688 homo
1364 2635 1745 2690 lionorilicaius
1796 2646 1877 2691 est
1922 2637 2097 2705 valde,

511 2733 565 2779 et
594 2724 853 2793 confregit
892 2724 1030 2778 Deus
1060 2740 1153 2777 cor
1204 2724 1543 2779 inimicdrum
1594 2726 1730 2794 ejus,
1766 2725 2002 2797 [ccxcrv]
2045 2737 2101 2782 et

524 2815 831 2884 properavit
863 2817 911 2868 iu
937 2816 1099 2869 duino
1131 2815 1340 2869 Domitii
1373 2815 1468 2869 Dei
1513 2817 1592 2869 sui
1645 2816 1880 2883 perfecto
1902 2818 2096 2881 corde;

512 2905 579 2959 Ρ.
630 2906 695 2959 Et
742 2906 989 2961 vidéruut
1034 2921 1253 2971 omnes,
1300 2922 1418 2975 qua:
1466 2908 1744 2961 manifesta
1786 2907 1909 2961 fecit
1956 2908 2098 2962 Deus

512 3012 610 3067 per
649 2998 845 3066 ipsum.
889 3000 925 3067 ᾖ
952 3038 964 3051 .
1008 2998 1233 3053 Maxima
1264 3007 1347 3053 est
1393 2998 1563 3066 gloria
1613 3000 1728 3068 ejus
1776 3000 1827 3053 in
1879 3002 2095 3056 salutari

509 3099 601 3144 tuo
637 3090 898 3161 :gloriam
947 3101 999 3145 et
1043 3105 1289 3158 magnum
1337 3091 1586 3143 decdreiu
1641 3090 1887 3160 iinp’mes
1936 3108 2097 3161 super

509 3198 653 3239 eum.
681 3182 745 3241 P.
781 3183 845 3237 Et
868 3182 1135 3237 viderunt.
1182 3184 1212 3251 ᾗ
1239 3223 1251 3236 .
1278 3183 1481 3247 Gléria,
1512 3193 1565 3237 et
1598 3183 1785 3237 honor.
1818 3183 1887 3241 Ρ.
1926 3187 1984 3239 Et
2018 3188 2093 3240 vi-
2125 3182 2172 3245 C

502 3275 714 3332 dérunt.

578 3390 777 3443 Orcilio.
807 3389 944 3444 Deus
977 3388 1236 3445 iiuménse
1265 3390 1516 3459 gloridse,
1549 3406 1705 3457 quem
1739 3408 1791 3445 in
1828 3392 2092 3459 passioni-

504 3483 602 3537 bus
633 3483 924 3555 martyrum
958 3483 1266 3547 iiictilimus,
1303 3484 1355 3537 in
1406 3484 1684 3537 beatdruin
1732 3485 2086 3541 solemnitati-

502 3575 601 3629 bus
630 3578 973 3643 venerémur,
1007 3584 1168 3643 atque
1217 3577 1268 3629 iii
1321 3578 1707 3631 certaminibus
1762 3579 2085 3633 vincentium

504 3665 917 3730 conlaudhmus;
951 3665 1141 3721 adésto
1172 3665 1416 3735 piécibus
1462 3669 1875 3737 supplicantium
1925 3674 2089 3726 inter-

500 3755 662 3812 véntu
702 3758 953 3829 martyris
995 3758 1066 3812 tui
1113 3757 1369 3826 Cypriani
1422 3759 1734 3815 Pontificis:
1772 3772 1847 3827 ut,
1900 3764 1988 3831 qui
2039 3773 2089 3818 te

500 3864 597 3917 pro
634 3850 887 3904 admissis
946 3850 1238 3904 terribilem
1292 3851 1605 3914 iiicti’iiiiius,
1664 3852 1781 3921 ejus
1840 3853 2088 3922 precibus

498 3943 749 3996 exoratus
828 3943 880 3994 in
953 3941 1319 3995 misericOrtlia
1394 3942 1643 4009 placitum
1724 3944 2081 3997 invenioiuus.

512 4036 547 4101 i‘q
573 4077 584 4088 .
620 4036 811 4089 Amen.

572 4129 671 4183 Per
700 4126 1145 4183 misericordiam.

582 4240 621 4307 ἢ
643 4277 658 4293 .
681 4239 841 4294 Labia
892 4240 1187 4293 sacerddtis
1221 4240 1531 4293 custodiunt
1577 4239 1881 4307 scientiam,
1916 4249 1970 4295 et
2000 4242 2077 4296 le-

495 4350 613 4405 gem
644 4335 936 4403 exquirunt
978 4332 1045 4387 de
1087 4348 1180 4386 ore
1225 4332 1341 4400 ejus
1376 4351 1385 4384 :
1418 4333 1539 4400 quia
1587 4333 1821 4401 Angelus
1870 4332 2079 4387 Demiui

498 4434 598 4480 est.
633 4423 697 4477 Ρ.
757 4424 866 4478 Lex
908 4424 1152 4477 veritatis
1196 4423 1249 4475 in
1294 4437 1389 4477 ore
1416 4425 1554 4491 ejus,
1589 4434 1643 4476 et
1675 4425 1923 4490 iniquitas
1975 4441 2078 4478 non

2210 1930 2381 1998 gentis
2420 1948 2431 1981 :
2480 1939 2534 1984 et
2578 1931 2901 1986 beatilii‘avit
2951 1934 3094 1987 illum
3148 1935 3199 1989 in
3250 1935 3439 2004 gloria,
3474 1947 3525 1992 et
3562 1944 3776 1993 circum-

2210 2019 2375 2072 ciuxit
2404 2018 2550 2072 illum
2582 2036 2768 2073 zonam
2797 2021 2999 2090 gldriae,
3028 2032 3082 2076 et
3130 2023 3304 2077 induit
3359 2025 3508 2079 illum
3554 2027 3607 2079 in
3658 2043 3775 2080 rasis

2212 2111 2494 2165 virtutum.
2526 2114 2624 2177 Qui
2656 2112 2863 2167 curavit
2902 2125 3113 2184 gentem
3157 2130 3329 2181 suam,
3362 2125 3416 2171 et
3448 2118 3692 2172 liberavit
3726 2121 3773 2172 il-

2210 2203 2310 2257 lam
2343 2203 2371 2256 ii
2415 2204 2666 2271 pernicie.
2713 2206 2812 2272 Qui
2856 2206 3135 2277 praevaluit
3173 2208 3441 2264 :edilicbre
3495 2212 3771 2274 civitatein,

2209 2296 2298 2364 qui
2328 2296 2551 2366 adeptus
2582 2307 2666 2352 est
2695 2297 2918 2367 gloriam
2966 2300 3018 2352 in
3057 2300 3467 2356 conversatione
3506 2306 3773 2369 geritiszet

2211 2392 2483 2461 ingressus
2540 2394 2733 2448 domos
2788 2406 2836 2447 ct
2894 2394 3016 2447 atrii
3071 2394 3423 2463 ampliﬁcﬁttts
3464 2403 3568 2449 est.
3631 2396 3768 2463 Quasi

2206 2486 2357 2537 stella
2385 2489 2642 2540 matutina
2672 2484 2723 2537 iu
2750 2487 2926 2539 tiié.lio
2955 2486 3187 2551 nebulae,
3211 2497 3265 2541 et
3287 2490 3434 2555 quasi
3458 2486 3605 2541 Luna
3637 2492 3768 2555 plena

2206 2574 2256 2628 iu
2288 2577 2475 2630 diebus
2507 2578 2619 2631 suis
2662 2578 2821 2632 lucet.
2859 2578 2917 2631 Ei
2957 2580 3107 2646 quasi
3143 2578 3235 2633 Sol
3278 2580 3559 2647 rel‘i'ilgens,
3598 2580 3677 2633 sic
3702 2578 3772 2633 ille

2206 2664 2413 2719 refulsit
2444 2668 2493 2721 in
2534 2668 2732 2735 templo
2765 2668 2877 2721 Dei.
2910 2670 2970 2721 Et
2997 2669 3146 2738 quasi
3175 2668 3272 2722 llos
3313 2670 3549 2722 rosarum
3589 2669 3642 2722 in
3670 2670 3769 2723 dié-

2205 2758 2301 2811 bus
2331 2759 2505 2822 verni,
2535 2759 2685 2826 quasi
2724 2759 2851 2822 lilia,
2892 2775 3010 2827 qua:
3039 2771 3163 2812 sunt
3191 2758 3243 2813 in
3285 2758 3505 2813 transitu
3531 2774 3701 2829 aquae,
3727 2770 3771 2813 et

2204 2849 2353 2917 quasi
2396 2852 2515 2901 thus
2546 2849 2793 2904 réduleus
2840 2851 2891 2904 iu
2942 2850 3130 2905 diebus
3172 2852 3396 2905 aestatis.
3441 2854 3602 2918 Quasi
3650 2854 3767 2923 ignis

2204 2942 2485 3011 effulgens,
2513 2952 2563 2997 et
2590 2944 2713 2995 thus
2734 2943 2929 2997 ardens
2953 2944 3082 3013 igni.
3108 2944 3267 3009 Quasi
3296 2959 3388 2998 vas
3412 2944 3522 2998 auri
3547 2944 3765 2998 solidum

2202 3035 2452 3087 ornatum
2484 3037 2626 3089 omni
2661 3035 2835 3103 lapide
2863 3035 3120 3103 pretioso.
3147 3035 3312 3101 Quasi
3354 3037 3489 3088 oliva
3520 3037 3765 3100 pullulans

2204 3137 2257 3180 et
2286 3126 2574 3194 cypressus
2618 3129 2667 3179 iii
2709 3128 3041 3181 altitudinem
3063 3130 3130 3181 'se
3155 3128 3370 3191 tollens,
3395 3130 3446 3181 in
3476 3128 3764 3197 accipiendo

2202 3217 2371 3285 ipsam
2410 3230 2585 3270 autem
2626 3219 2819 3271 stolam
2869 3218 3076 3289 gloriae,
3108 3233 3163 3274 et
3210 3220 3393 3273 vestiri
3441 3235 3764 3273 consumma.

2200 3308 2347 3362 tidne
2374 3310 2604 3363 virtutis.
2632 3308 2689 3362 In
2716 3308 2941 3364 ascensu
2972 3310 3156 3363 aliAris
3182 3311 3350 3364 sancti
3382 3312 3606 3379 gloriam
3634 3311 3760 3364 dedit

2196 3402 2495 3454 sanctitatis
2543 3401 2819 3468 amictum,
2853 3402 2904 3455 in
2936 3401 3247 3471 accipiendo
3286 3412 3463 3456 autem
3501 3416 3678 3471 partes
3701 3403 3757 3455 de

2198 3513 2354 3549 manu
2401 3498 2715 3560 sacerddtis,
2746 3507 2801 3551 et
2842 3499 2958 3563 ipse
2995 3506 3144 3551 stans
3170 3496 3317 3566 juxta
3347 3513 3515 3551 arani.
3543 3498 3607 3551 Et
3633 3500 3757 3551 circa

2196 3590 2344 3643 illum
2372 3591 2569 3644 cortina
2596 3590 2818 3643 fratrum
2849 3607 2865 3642 :
2889 3590 3035 3658 quasi
3067 3590 3319 3659 plantatio
3345 3590 3490 3643 cedri
3515 3593 3563 3642 in
3596 3602 3755 3643 monte

2195 3682 2430 3748 Libano,
2482 3686 2557 3736 sic
2606 3684 2744 3736 circa
2795 3682 2946 3736 iilum
3006 3682 3293 3736 steterunt.
3336 3682 3494 3749 Quasi
3539 3685 3666 3738 rami
3712 3684 3753 3736 iu

2197 3775 2390 3844 ρηιιιιει,
2425 3774 2664 3841 porrexit
2709 3790 2923 3828 manum
2975 3788 3124 3828 suam
3166 3776 3217 3827 iu
3268 3774 3521 3830 Iibutidne
3548 3794 3559 3827 :
3588 3776 3756 3829 libavit

2192 3869 2260 3923 de
2299 3868 2556 3938 sanguine
2590 3883 2725 3933 ure,
2768 3877 2822 3921 et
2865 3868 2999 3921 ludit
3040 3872 3091 3920 in
3139 3868 3544 3923 fundamentum
3589 3871 3753 3923 alteris

2191 3963 2407 4016 odorem
2463 3961 2652 4015 Divino
2694 3961 2911 4016 excelso
2945 3960 3190 4029 principi.
3240 3961 3392 4015 Tunc
3436 3961 3752 4015 exclamare-

2192 4062 2313 4105 runt
2344 4054 2433 4106 lilii
2462 4054 2661 4117 Aaron,
2690 4054 2738 4105 in
2766 4052 2905 4107 tubis
2930 4051 3316 4121 productilibus
3346 4055 3683 4117 soiiavéruiit,
3706 4064 3753 4106 et

2190 4145 2421 4197 auditam
2458 4145 2695 4199 fecerunt
2732 4160 2914 4199 vocem
2965 4146 3016 4197 in
3067 4144 3385 4199 memoriam
3415 4146 3593 4201 curam
3634 4147 3746 4200 Deo.

2204 4238 2241 4305 ιῆ
2264 4276 2277 4289 .
2315 4246 2501 4290 Anien.

2265 4328 2516 4399 Hymnus.
2556 4330 2710 4383 Urnis
2796 4341 3069 4400 magister.
3138 4332 3488 4400 Supplicitio.
3543 4330 3747 4387 Oremus

2190 4421 2621 4491 licdemptérein.
2652 4422 2909 4491 Capitula.
2940 4424 2984 4477 0
3011 4423 3175 4477 decus
3203 4424 3371 4478 orbis.
3402 4424 3599 4478 Lauda.
3630 4424 3749 4476 lica-

495 4525 578 4573 est
619 4516 835 4570 invénta
864 4515 917 4568 in
960 4515 1115 4569 labiis
1155 4513 1315 4583 ejus:
1351 4516 1403 4568 in
1442 4530 1569 4582 pace
1606 4516 1842 4585 dirigens
1885 4516 2076 4569 aiubu-
2115 4532 2158 4588 υ
2192 4523 2274 4565 tus
2324 4515 2427 4570 vir.
2460 4513 2767 4568 Benedictio.
2806 4516 3051 4569 Christus
3082 4514 3368 4577 Dominus.
3430 4528 3483 4569 ui
3536 4517 3678 4585 supra
3703 4516 3747 4565 iii

496 4610 643 4673 Iuvit,
673 4618 727 4664 et
748 4608 943 4661 inultos
962 4606 1229 4662 convertit
1252 4607 1319 4661 ab
1341 4608 1639 4676 iniquitate.
1683 4608 1714 4677 ᾗ
1744 4647 1756 4661 .
1787 4608 2077 4673 Sacerdos,

495 4701 587 4772 qui
617 4700 684 4754 de
711 4714 804 4753 ore
832 4713 930 4752 suo
957 4699 1159 4767 profert
1182 4697 1462 4766 justitiam,
1504 4708 1558 4751 et
1596 4699 1997 4768 exquiréntibus
2022 4714 2081 4755 se

493 4794 784 4849 annt'inciat
811 4791 1090 4845 veritétem
1119 4809 1131 4842 :
1165 4790 1403 4860 Angelus
1450 4792 1590 4844 enim
1621 4791 1710 4843 Dei
1742 4793 2080 4855 omnipoten-

494 4888 562 4941 tis
586 4894 688 4941 est.
726 4883 789 4937 P.
826 4883 953 4937 Lex.
1000 4882 1034 4949 ᾖ
1058 4918 1073 4934 .
1105 4879 1310 4947 Gloria,
1336 4890 1390 4936 et
1417 4880 1609 4936 honor.
1641 4880 1705 4936 P.
1740 4882 1868 4936 Lex.

570 4998 773 5053 Oratio.
832 4996 1003 5061 Deus,
1060 4994 1147 5065 qui
1198 5008 1259 5047 os
1325 4993 1617 5048 beatissimi
1669 4996 1920 5067 martyris
1974 4998 2079 5067 Cy-

494 5090 671 5160 priani
713 5088 959 5156 Episcopi
1003 5087 1074 5140 ita
1124 5085 1401 5154 sapientiae
1449 5087 1695 5142 ubermte
1744 5088 1995 5157 replesti,
2022 5100 2079 5143 ut

494 5181 809 5237 diversitate
848 5178 1107 5234 virtutum
1156 5177 1549 5243 circumseptus
1589 5179 1855 5249 apparens
1880 5181 2075 5251 jucun-

493 5274 675 5336 dimte,
708 5282 760 5325 et
790 5270 980 5325 decere
1011 5270 1155 5324 illum
1186 5267 1393 5324 cmlésti
1416 5268 1708 5338 glorii‘isnm
1739 5270 2073 5335 ostenderes;

492 5382 598 5437 quo
627 5376 682 5421 et
708 5364 865 5419 labiis
887 5362 1198 5417 custodiens
1228 5362 1526 5427 scientiam,
1562 5364 1730 5431 legem
1760 5363 1811 5417 iii
1838 5380 1932 5419 ore
1956 5364 2075 5435 ejus

490 5460 836 5529 exquireres;
890 5457 1100 5528 porrige
1148 5456 1227 5510 ori
1274 5464 1458 5511 nostro
1516 5455 1753 5510 sciéntiie
1802 5456 2076 5522 lucem,et

491 5550 764 5620 sapientia:
793 5563 932 5603 vene
963 5547 1349 5617 perfectiénem
1377 5564 1389 5600 :
1416 5555 1474 5600 ut
1523 5546 1575 5601 in
1620 5561 1685 5601 eo
1728 5561 1835 5616 quo
1866 5547 1957 5601 tibi
1992 5547 2076 5602 ille

495 5645 690 5699 multos
709 5639 974 5695 convertit
1003 5642 1069 5693 ab
1091 5641 1389 5709 iniquitate,
1424 5655 1523 5695 nos
1549 5640 1738 5709 iubeas
1770 5638 2075 5710 perénuiter

491 5731 725 5787 converti
756 5740 812 5787 et
836 5731 1136 5799 jocundi'iri.
1181 5733 1215 5799 ii
1244 5775 1250 5785 .
1288 5737 1477 5787 Auieu.

567 5823 665 5879 Per
692 5823 1128 5881 misnicbrdiam.

2200 4605 2431 4675 Vésperis
2463 4607 2885 4675 pra’cedéntibus.

2279 4808 2327 4845 l8
2369 4809 2712 4847 FESTIVITATE
2763 4808 2979 4847 ελκοτιε
3020 4808 3301 4847 ΕυΡιΙΕΙΙΑΞ
3342 4807 3558 4847 ῑίιιῦικις
3600 4805 3667 4843 ιτ

2842 4878 3118 4918 κλιιτῐιιιε.

2187 4956 2367 5008 Unmia
2421 4958 2658 5010 dicantur
2705 4958 2854 5010 unius
2897 4956 3140 5028 Virginis,
3173 4956 3268 5028 fol.
3302 4973 3517 5021 curis,
3554 4956 3745 5025 excepta

2858 5048 3084 5120 Hymno.

2401 5142 2477 5195 lin
2510 5142 2703 5196 festum
2736 5142 2931 5210 prodiit
2966 5144 3195 5213 Virginis
3216 5144 3425 5213 inclyta:

2321 5232 2518 5286 Mirans
2549 5233 2860 5303 Euphémite
2888 5235 3139 5304 martyris
3170 5235 3404 5304 Optima),

2416 5325 2635 5399 [ccacv]
2665 5327 2862 5383 Omnes
2893 5343 3030 5381 nunc
3058 5327 3236 5395 populi
3268 5328 3469 5396 psallite
3498 5323 3736 5379 moduiis.

2535 5420 2839 5475 Reddéiites
2870 5432 3001 5474 vota‘
3020 5419 3281 5490 gnaviter.

2392 5514 2695 5569 Occurrens
2727 5513 2983 5567 DOminus
3015 5524 3201 5581 purget
3231 5523 3286 5565 ut
3317 5512 3491 5565 intima

2323 5607 2569 5661 ulemeiis
2596 5606 2859 5660 adti'ibuui
2899 5608 3115 5660 munera
3146 5604 3335 5676 gratia:
3358 5644 3371 5668 ,

2324 5700 2420 5765 Qui
2454 5714 2510 5754 se
2541 5714 2680 5752 nunc
2708 5713 2761 5753 m
2786 5699 2934 5752 litum
2966 5697 3207 5751 carmina
3238 5694 3478 5765 premere

2540 5790 2858 5847 Sanctdrum
2889 5799 3048 5861 queat
3075 5790 3368 5846 Laudibus.
