3984 6376
569 325 697 379 lim

1747 324 1913 378 Βιιωκ
1929 322 2170 378 MRle
2208 322 2583 381 GOTIIICUM.

3608 343 3707 397 I208

558 441 755 508 piethte
782 439 1092 507 Apostoluni
1125 453 1276 490 suum
1309 438 1610 492 Matthaeum
1640 437 2030 506 Evangelistam
2062 451 2128 489 ex
2162 439 2203 493 Α
2235 452 2352 492 mus
2374 478 2387 502 ,
2419 439 2536 507 ejus
2568 438 2810 507 precibus
2840 440 3092 495 exorétus
3126 442 3175 495 in
3217 443 3542 503 misericordia
3580 456 3703 521 pisci.

554 531 833 601 publicano
881 530 1004 589 fecit
1051 529 1369 593 miriﬁcum,
1422 544 1519 584 nos
1568 530 1636 584 de
1682 528 1921 585 adversis
1970 530 2127 582 faciat

552 638 763 691 semper
793 621 1067 675 victoriam
1102 620 1393 689 promereri
1426 638 1438 672 :
1486 620 1522 686 ri}
1545 662 1557 673 .
1592 621 1783 675 Amen.
1821 620 1916 687 Et,
1948 622 2036 689 qui
2067 620 2124 673 il-

561 716 669 768 lum
703 714 956 768 exaltAvit
984 713 1264 767 vocatione
1296 713 1727 781 promptissima,
1760 713 1825 767 ab
1851 714 1995 766 omni
2028 727 2125 765 nos

558 804 839 859 mundanae
867 803 1289 859 conversationis
1320 804 1568 871 dignetur
1595 805 1785 858 eruere
1827 803 2075 872 contagio
2106 819 2119 859 :

572 898 606 963 Ii]
634 936 649 950 .
676 898 870 951 Amen.
914 898 1009 959 Et,
1040 898 1127 965 qui
1159 912 1289 950 voce
1335 897 1723 964 prmdicatidnis
1753 906 1807 950 et
1837 895 2119 964 Δροεόιὸ-

550 990 637 1041 tus
682 988 853 1052 gratia
897 988 1043 1041 illum
1088 988 1273 1041 ditavit
1302 988 1351 1041 in
1382 986 1613 1052 mundo,
1646 1001 1741 1039 nos
1771 986 2119 1054 spiritualium

544 1079 859 1149 gaudiorum
894 1080 1165 1134 munilicet
1196 1078 1543 1134 iucreme’nto.
1591 1080 1663 1146 ἡ.
1697 1078 1886 1133 Amen.

618 1171 723 1225 Per
754 1171 1175 1225 miscricordiam

619 1264 821 1318 Lauda.
860 1265 1077 1334 Diligam
1112 1279 1231 1319 eum
1264 1280 1329 1317 cx
1366 1274 1474 1317 toto
1500 1277 1661 1319 come
1690 1277 1828 1322 meo.
1859 1262 1985 1317 dicit
2017 1260 2118 1314 oo-

546 1359 719 1411 minus
750 1375 765 1423 ;
798 1357 859 1411 P.
892 1355 955 1409 Et
982 1357 1081 1411 erit
1111 1357 1249 1411 sicut
1276 1374 1366 1413 ros
1396 1358 1554 1412 lsraél
1586 1374 1599 1420 ;
1630 1358 1951 1427 germinabit
1980 1357 2118 1409 sicut

546 1450 712 1503 lilium
746 1457 797 1503 et
828 1449 1055 1503 llorébit.
1089 1447 1346 1511 Alleluia,
1381 1449 1613 1503 alle'uia.
1662 1449 1735 1517 ᾗ.
1772 1450 1831 1501 Et
1861 1446 1961 1502 erit
1992 1458 2117 1499 tam-

546 1556 706 1608 quam
754 1541 987 1610 lignum,
1034 1541 1174 1611 quod
1217 1540 1505 1611 plantatum
1548 1550 1629 1595 est
1668 1541 1821 1593 secus
1861 1540 2116 1593 decursus

546 1636 799 1702 aquarum
819 1676 833 1699 ,
862 1634 999 1704 quod
1034 1634 1257 1689 fructum
1287 1649 1439 1687 suum
1471 1635 1616 1687 dabit
1645 1634 1696 1687 in
1729 1633 1966 1703 tempore
1994 1648 2109 1687 suo.

544 1724 607 1777 P.
644 1725 708 1779 Et
737 1725 836 1779 erit
861 1726 1015 1780 sicut.
1059 1726 1093 1794 ᾗ
1118 1764 1131 1779 .
1163 1724 1373 1787 Gloria,
1406 1735 1459 1779 et
1487 1725 1673 1779 honor.
1710 1724 1774 1777 Ρ.
1811 1727 1871 1778 Et
1896 1726 2016 1780 erit.

2232 537 2340 581 tum
2384 529 2744 585 inveniamus.
2792 530 2862 597 ἢ.
2899 532 3087 586 Amen.

2302 619 2401 673 Per
2432 620 2885 675 misericdrdiam.

2298 710 2721 782 Respousdrium.
2760 713 2871 783 Ego
2898 729 3014 767 sum
3044 715 3155 768 lux.
3188 717 3279 785 fol.
3306 733 3473 775 cum.

2306 804 2510 859 Oratio.
2563 806 2735 870 Deus,
2781 808 2931 876 cujus
2975 807 3147 863 honor
3185 811 3421 867 sanctitas
3456 824 3552 881 est.
3589 834 3703 888 quem

2226 897 2446 968 diligere
2492 901 2637 954 solus
2678 911 2795 965 est,
2840 911 2896 957 et
2939 903 3123 956 amare
3154 904 3424 972 perfectio;
3453 907 3642 967 inlabere
3664 916 3699 969 in

2226 989 2480 1043 cordibus
2511 992 2711 1045 nostris
2741 1011 2752 1044 :
2800 992 2865 1045 da
2899 994 2950 1046 in
2980 996 3125 1047 omni
3159 994 3388 1050 Ecclesia
3417 1007 3493 1052 tua
3519 1002 3703 1071 martyris

2226 1083 2297 1135 tui
2330 1083 2561 1137 Matthxi
2594 1085 2837 1152 Apdstoli
2869 1094 2922 1139 et
2953 1086 3296 1155 Evangelistze
3324 1089 3484 1145 lucere
3508 1095 3700 1162 vestigia;

2228 1181 2319 1237 ut,
2355 1181 2406 1227 te
2438 1174 2655 1242 regente
2682 1173 2922 1228 dmnium
2952 1191 3195 1243 gressus,
3223 1192 3281 1231 ea
3310 1194 3397 1232 nos
3424 1182 3494 1233 via
3519 1185 3703 1249 perducat

2232 1264 2297 1316 ad
2329 1262 2519 1327 vitam,
2554 1280 2673 1334 quae
2705 1264 2987 1336 martyrem
3023 1276 3168 1321 tuum
3202 1268 3385 1323 extulit
3409 1270 3467 1324 ad
3490 1274 3701 1331 cortinam.

2239 1352 2273 1421 ἢ
2295 1391 2310 1406 .
2353 1354 2545 1409 Amen.

2643 1452 2897 1522 Lctzxcvu]
2950 1449 3015 1504 In
3080 1450 3361 1506 Mudibus.

2292 1542 2371 1595 Ad
2424 1540 2713 1596 Cdnticum.
2741 1544 3052 1613 Antiphona.
3084 1544 3163 1598 Tu
3194 1546 3334 1599 solus
3361 1545 3594 1615 Dominus,
3620 1550 3703 1617 quia

2220 1647 2323 1687 non
2355 1642 2436 1687 est
2460 1633 2624 1698 alius;
2668 1650 2843 1704 neque
2880 1635 3056 1700 justus
3088 1646 3279 1704 praeter
3330 1646 3398 1703 te,
3442 1653 3585 1708 neque
3620 1655 3703 1694 tan-

2218 1733 2333 1776 ctus
2373 1732 2571 1793 prater
2602 1725 2764 1779 Deum
2797 1734 3060 1780 nostrum.

616 1817 817 1872 Ordtio.
871 1817 1019 1871 Dona
1075 1818 1256 1880 uobis,
1311 1817 1567 1880 Domine.
1619 1817 1963 1885 sapientiam,
2018 1832 2110 1886 per
2143 1788 2188 1847 Β
2289 1815 2577 1870 Cdnlimm.
2616 1813 3001 1870 Conlirmétum
3042 1825 3125 1871 est
3156 1833 3271 1873 cor.

538 1928 695 1979 quam
751 1921 803 1965 et
850 1911 1166 1980 insipientia:
1217 1922 1413 1966 nostrae
1460 1912 1663 1981 ignavia
1715 1913 2003 1978 auferatur,
2059 1922 2108 1966 et

540 2006 880 2060 beatitudinis
918 2006 1089 2075 gldria
1132 2006 1478 2061 conferatur:
1523 2016 1612 2070 ut,
1657 2008 1781 2059 dum
1823 2006 2109 2077 martyrem

540 2110 684 2154 tuum
714 2099 1018 2153 Matlhzeum
1050 2098 1363 2167 Apustolum
1397 2109 1449 2153 et
1482 2099 1869 2168 Evangelistam
1897 2098 2109 2153 decdris

534 2192 670 2245 δὀιή
720 2191 1056 2257 circumdas,
1106 2191 1158 2244 in
1203 2190 1356 2245 nobis
1404 2192 1765 2245 indumentum
1812 2192 2104 2259 Baptismi,

532 2284 671 2350 quod
704 2282 974 2351 peccando
1006 2282 1309 2352 polluimus,
1341 2284 1533 2339 eddem
1566 2283 1951 2347 intercedente,
1987 2297 2107 2351 pro-

540 2379 699 2447 pitius
728 2379 913 2433 abluas
946 2398 955 2431 :
990 2388 1041 2432 ct
1067 2421 1081 2445 ,
1112 2378 1231 2431 cum
1265 2387 1479 2432 sanctus
1512 2379 1598 2431 ille
1629 2378 1822 2448 Martyr
1863 2388 1980 2430 tuus
2019 2390 2106 2431 co-

536 2472 757 2526 ronétur
797 2472 849 2524 iu
879 2470 1019 2524 vasis
1058 2471 1343 2538 virtutum,
1378 2485 1475 2523 nos
1502 2471 1776 2537 expiémur
1806 2470 1833 2522 ὸ
1863 2469 2106 2539 contagio

532 2562 919 2631 peccaminum.
970 2563 1006 2630 ἢ
1031 2604 1041 2614 .
1078 2562 1270 2617 Amen.

605 2655 720 2707 Per.

1095 2727 1173 2779 Ad
1217 2726 1545 2780 Maluliuum.

602 2818 916 2884 Antiphonti.
967 2817 1145 2871 Litbia.
1197 2817 1433 2872 Psalmus
1476 2836 1525 2872 ι..
1578 2819 1775 2873 υνίῐιὶο.
1830 2819 2097 2873 Exulteut.

528 2909 658 2976 folio
685 2924 893 2964 cum.

601 3001 897 3072 Antiphone
929 3003 978 3055 l.
1021 3002 1289 3056 Corduam
1320 3003 1501 3073 gldriae
1532 3018 1721 3073 ponam
1753 3019 1913 3074 super
1942 3015 2099 3074 caput

527 3095 676 3161 ejus,
709 3095 837 3149 dicit
879 3095 1176 3160 deinus;
1222 3106 1276 3150 et
1320 3098 1534 3151 induam
1579 3097 1727 3151 illum
1758 3099 1943 3153 stolam
1972 3099 2097 3153 can-

525 3187 703 3241 didam
733 3206 746 3241 :
783 3186 847 3243 P.
881 3189 1010 3255 Quia
1045 3190 1278 3243 servavit
1309 3192 1555 3245 mandata
1596 3206 1708 3247 mea
1730 3234 1745 3259 ,
1788 3201 1842 3247 et
1884 3205 2097 3261 prapter

531 3296 724 3333 nomen
768 3296 943 3335 meum
992 3281 1192 3336 ellusus
1234 3293 1315 3337 est
1343 3285 1557 3354 sanguis
1590 3285 1704 3354 ejus
1735 3286 1785 3339 in
1817 3294 1977 3342 terra.
2024 3289 2056 3355 ᾗ
2082 3330 2095 3343 .

529 3369 590 3421 lit
621 3369 818 3424 veritas
850 3387 965 3425 mea
996 3383 1046 3425 et
1078 3373 1444 3426 misericordia
1479 3389 1593 3427 mea
1626 3390 1743 3428 cmu
1776 3377 1892 3444 ipso
1921 3394 1934 3429 :
1966 3388 2017 3431 et
2050 3381 2097 3431 iu

522 3462 739 3516 nomine
771 3478 889 3518 meo
920 3464 1244 3519 exaltahitur
1274 3482 1437 3518 cornu
1471 3468 1587 3533 ejus
1615 3485 1628 3521 :
1658 3467 1725 3522 P.
1763 3468 1826 3523 Et
1860 3480 2094 3539 propter.

535 3559 566 3623 ἱ
594 3596 606 3608 .
642 3557 855 3622 Gloria,
889 3566 942 3612 et
972 3558 1158 3611 honor.
1200 3557 1260 3609 P.
1301 3559 1363 3611 Et
1396 3572 1628 3628 propter.

600 3651 801 3705 Oratio.
837 3651 911 3705 Da
944 3651 1121 3715 nobis,
1154 3661 1208 3704 ut
1237 3652 1316 3704 hic
1344 3653 1520 3720 supra.

595 3743 892 3812 Antiphoua
933 3744 988 3796 ‘2.
1020 3743 1313 3797 Corouavit
1362 3760 1481 3797 eum
1542 3744 1815 3814 deinus,
1847 3758 1899 3802 et
1938 3750 2098 3805 boue-

520 3832 687 3897 dixit,
719 3844 776 3887 et
826 3834 1007 3887 tli’éxit
1055 3835 1224 3895 illum,
1258 3833 1322 3886 Ρ.
1358 3834 1422 3887 Et
1468 3850 1627 3905 supra
1660 3838 1825 3891 multa
1875 3841 2097 3894 munera

524 3925 815 3977 constituet
860 3925 1033 3977 illum.
1082 3925 1114 3991 ᾕ-
1143 3964 1153 3976 .
1185 3924 1283 3990 Qui
1317 3924 1606 3992 ingreditur
1634 3931 1751 3983 sine
1782 3930 1981 3984 macula
2003 3974 2016 3997 ,
2048 3942 2101 3985 et

524 4018 781 4084 operatur
807 4017 1067 4085 jmtitiam
1104 4036 1115 4069 ε
1153 4018 1239 4085 qui
1273 4016 1506 4085 loquitur
1550 4018 1826 4075 vetitatem
1856 4022 1908 4075 in
1939 4025 2099 4078 corde

519 4128 636 4168 suo.
686 4111 751 4166 P.
803 4113 870 4165 Et
910 4127 1089 4180 supra.
1140 4112 1209 4180 ᾗ.
1246 4112 1466 4178 Gldria,
1509 4124 1562 4168 et
1606 4114 1777 4169 honor
1818 4116 1980 4171 Patri.
2028 4117 2096 4172 Ρ.

530 4207 593 4260 Et
641 4224 821 4276 supra.

592 4299 791 4353 0rd’io.
828 4298 1106 4354 {Etérnum
1140 4309 1239 4352 tuzc
1272 4298 1481 4350 virtutis
1510 4313 1731 4361 nomen,
1760 4299 2098 4369 omnipotens

524 4391 685 4455 Deus,
718 4394 931 4445 oramus
964 4409 974 4443 :
1007 4401 1060 4444 ut
1090 4404 1184 4444 nos
1211 4390 1461 4461 martyris
1490 4392 1562 4443 tui
1598 4390 1825 4445 blatlhazi
1855 4391 2097 4460 Apdstoli

519 4493 572 4535 ct
604 4484 994 4550 Evangelistm,
1037 4492 1089 4536 et
1136 4482 1374 4536 omnium
1417 4483 1729 4537 Saoctdrum
1774 4484 1974 4539 meritis
2005 4485 2092 4539 so-
2124 4514 2177 4576 Β

518 4574 660 4637 cios,
698 4574 801 4627 lide
833 4588 984 4639 pares
1007 4615 1022 4636 ,
1055 4572 1339 4627 devotidne
1371 4570 1622 4625 strénuos
1642 4613 1655 4637 ,
1690 4574 1933 4642 passione
1963 4592 2091 4631 con-

518 4664 760 4727 similes;
827 4673 880 4717 et
930 4665 979 4717 in
1051 4664 1445 4719 resurretlidne
1508 4664 1738 4719 felicium
1788 4666 1949 4722 facias
1996 4684 2091 4724 co-

519 4757 739 4827 :equari.
763 4758 799 4823 ἢ
823 4795 836 4808 .
868 4758 1058 4812 Amen.

601 4851 888 4921 Antiphone
934 4850 987 4905 5.
1033 4849 1317 4905 Certamen
1366 4854 1563 4908 bonum
1593 4853 1827 4916 eertiwi,
1879 4868 2091 4909 cursum

520 4944 889 5000 consummavi
919 4961 931 4999 :
960 4944 1029 4998 P.
1060 4944 1133 4999 De
1159 4944 1340 5001 cetero
1368 4948 1599 5016 reposita
1628 4958 1707 5003 est
1737 4949 1865 5002 mihi
1897 4951 2091 5003 cortina

514 5036 734 5105 iustitia:
760 5053 774 5099 ;
821 5034 856 5096 Ῡ
882 5074 897 5089 .
928 5035 1061 5099 Quia
1095 5036 1358 5089 custodivi
1388 5038 1499 5091 vias
1530 5038 1772 5103 Dutnini,
1808 5054 1905 5093 uec
1933 5040 2093 5107 impie

519 5128 659 5197 gessi
691 5128 720 5181 ὲ
750 5128 858 5182 Deo
888 5142 1030 5181 meo.
1068 5126 1131 5180 P.
1168 5128 1241 5181 De
1282 5131 1483 5185 cetero.
1531 5131 1565 5198 ᾗ
1591 5168 1604 5185 .
1639 5131 1817 5185 Gloria
1842 5175 1855 5198 ,
1905 5146 1958 5188 et
2000 5134 2091 5187 ho-

519 5238 636 5276 nor.
674 5220 738 5273 P.
774 5221 849 5273 De
877 5219 1074 5274 cetero.

592 5312 793 5365 Urdtio.
832 5311 966 5365 Deus
997 5312 1257 5368 imméuse
1285 5324 1341 5369 et
1368 5314 1605 5384 gloridsc
1626 5355 1642 5379 ,
1673 5331 1827 5384 quem
1874 5316 1923 5371 in
1970 5334 2089 5387 pas-

522 5402 767 5458 sidnibus
798 5403 1091 5473 martyrum
1119 5404 1378 5470 colimus,
1410 5406 1464 5460 in
1510 5406 1791 5461 Beatdrum
1838 5411 2062 5464 solemni

522 5496 718 5551 tatibus
761 5497 1104 5563 veneramur,
1149 5507 1307 5565 atque
1354 5500 1404 5551 in
1448 5500 1830 5554 certaminibus
1869 5502 2089 5557 vincéu-

520 5591 652 5641 tium
693 5589 1116 5651 conlaudamus;
1159 5590 1343 5645 adésto
1388 5592 1634 5657 precibus
1678 5593 2089 5661 supplicantium

521 5676 823 5731 interventu
871 5680 1124 5750 martyris
1167 5680 1240 5734 tui
1286 5682 1519 5735 Matthzei
1566 5681 1804 5749 Apostoli
1836 5692 1889 5738 et
1923 5686 2091 5740 Evano

519 5766 720 5836 gelistzc
756 5785 766 5818 :
799 5779 847 5821 ut
873 5811 889 5831 ,
923 5772 1007 5838 qui
1044 5780 1093 5825 te
1136 5786 1231 5839 pro
1274 5772 1521 5828 admissis
1567 5774 1857 5831 terribilem
1904 5776 2091 5833 metui?

2125 3151 2173 3215 ϐ

2289 1910 2367 1962 Ad
2418 1909 2742 1962 Benedictus.
2814 1910 3139 1979 Antiphane.
3198 1908 3487 1965 Benedictio
3532 1909 3703 1965 Domini.

2216 1998 2508 2053 Canticum,
2555 2000 2872 2053 Benedictus
2916 2014 2994 2054 es.
3029 2000 3127 2067 fol.
3156 1998 3211 2052 6.

2286 2092 2445 2146 Sono.
2493 2092 2704 2159 Séptics
2742 2094 2792 2145 in
2819 2092 2926 2147 die.
2963 2092 3165 2145 Lauda.
3204 2091 3430 2147 Laudéte
3470 2092 3703 2147 Dominum.

2211 2184 2304 2252 fol.
2336 2198 2463 2237 cu.
2502 2182 2641 2236 Psal.
2677 2199 2899 2238 chvm.
2946 2182 3250 2253 Pr0phetia.
3296 2185 3465 2240 Justus
3502 2185 3541 2238 si
3579 2194 3703 2239 morte

2210 2277 2632 2346 praeoccupatus.
2681 2276 2774 2343 fol.
2823 2276 2914 2331 53.

2876 2370 3135 2440 Hymnus.

2417 2462 2670 2517 Solémue
2718 2464 2899 2517 rutilat
2948 2480 3010 2516 ac
3060 2464 3363 2517 venerabile

2349 2553 2498 2607 Nunc
2528 2553 2723 2609 festum
2754 2573 2765 2607 :
2827 2554 3037 2621 Pupuli,
3069 2553 3284 2622 pectora
3317 2552 3541 2621 pandite:

2348 2642 2564 2700 Caelesti
2602 2645 2827 2699 Doinino
2854 2647 3073 2700 munera
3113 2643 3329 2709 solvite,

2567 2737 2631 2790 Et
2656 2745 2833 2806 grates
2862 2736 2947 2805 pié
2977 2736 3208 2789 réddite.

2420 2827 2633 2881 Electus
2682 2828 2892 2881 Domini
2944 2842 3176 2896 namque
3219 2826 3493 2895 discipulus

2347 2916 2625 2971 Matthteas
2655 2919 2873 2971 vocatus
2917 2918 3073 2971 nimis
3104 2928 3159 2969 et
3204 2918 3445 2988 inclytus,

2345 3006 2616 3063 Coléndus
2646 3007 2859 3077 populis
2887 3008 3037 3062 ἐσυίι
3066 3008 3319 3062 Omnibus
3350 3026 3362 3059 :

2557 3100 2770 3154 Claréte
2800 3099 2936 3153 bene
2967 3098 3233 3153 moribus.

2422 3191 2518 3245 Hic
2557 3191 2753 3245 Chrisu
2785 3190 2985 3257 secius,
3023 3190 3195 3243 lactus
3226 3188 3513 3258 Apostolus,

2349 3284 2447 3337 Dat
2481 3294 2662 3338 sancta
2700 3283 2907 3352 pupulis
2938 3284 3164 3337 munera
3199 3281 3422 3345 litteris;

2349 3377 2413 3430 Et
2438 3376 2612 3429 clarus
2636 3376 2801 3442 Opere
2832 3373 3011 3428 ﬂdruit
3041 3374 3261 3427 aetheris

2558 3465 2860 3521 Osténdens
2884 3465 3024 3519 bona
3051 3466 3286 3519 meritis.

2414 3559 2635 3615 Clarcns
2661 3557 2856 3611 ol‘ticiis
2882 3557 2983 3611 iste
3016 3557 3251 3611 Deilicus

2349 3651 2568 3705 \‘idétur
2614 3650 2776 3719 regiis
2822 3648 3060 3718 imperiis
3108 3648 3253 3703 Deus

2351 3747 2405 3797 lu
2442 3742 2637 3797 mundo
2688 3741 2893 3811 positus
2922 3742 3096 3795 celsus
3128 3741 3459 3805 hominibus;

2560 3838 2626 3893 Ut
2658 3838 2818 3891 vitam
2865 3837 3019 3890 daret
3048 3837 3324 3889 omnibus.

2416 3932 2549 3985 Dum
2577 3931 2810 3985 membra
2842 3929 3043 3983 rélevat
3077 3928 3162 3982 hic
3187 3929 3406 3999 puerilia
3437 3942 3451 3979 :

2345 4022 2661 4078 Gubérnans
2694 4021 2887 4075 dicitur
2933 4030 3120 4073 cuncta
3154 4021 3376 4089 polllera
3406 4037 3417 4071 :

2347 4114 2459 4169 Rex
2488 4115 2615 4168 dare
2658 4113 2731 4165 illi
2765 4112 2915 4181 jubet
2944 4111 3088 4164 illico
3119 4113 3346 4165 munera

2555 4204 2841 4260 Admiratus
2869 4203 2967 4257 sibi
3002 4203 3215 4271 placita.

2421 4301 2527 4354 Sed
2552 4299 2779 4353 Sanctus
2806 4310 2958 4366 negat
2985 4297 3109 4350 hinc
3136 4313 3193 4350 se
3227 4298 3341 4351 fore
3365 4308 3480 4349 mox
3504 4291 3658 4347 Deum,

2339 4396 2575 4462 Seséque
2605 4394 2809 4447 intonat
2839 4390 3056 4444 omnino
3094 4390 3364 4444 sérvulum

2340 4488 2584 4542 Crcantis
2636 4484 2916 4537 minimum
2953 4482 3125 4552 plebis
3180 4480 3489 4550 Apostolum

2552 4576 2843 4631 Tenénteni
2868 4589 3077 4643 quoque
3101 4575 3375 4628 saeculum.

2407 4673 2509 4727 Sed
2541 4672 2734 4724 cwlum
2766 4667 3031 4735 aspiciens
3064 4668 3274 4721 terrena
3317 4662 3546 4731 despicit,

2340 4765 2404 4817 Et
2433 4763 2570 4815 celsa
2603 4760 2858 4814 résonaus
2900 4758 3079 4811 intima
3121 4758 3325 4825 réspuit
3352 4774 3365 4809 :

2341 4858 2609 4912 Temnens
2642 4853 2915 4923 pestifera,
2950 4851 3232 4921 magniﬁca
3267 4848 3483 4917 appetit,

2550 4946 2617 4999 Et
2636 4944 2853 4998 Christo
2892 4952 3006 4997 rata
3034 4944 3295 5013 suggerit.

2416 5042 2609 5095 Pudica
2665 5041 2890 5108 cupiens
2950 5037 3151 5105 optima
3208 5035 3480 5101 praedicat,

2341 5137 2404 5191 Et
2434 5135 2647 5188 Christo
2678 5132 2902 5185 Domino
2936 5131 3013 5185 sic
3045 5128 3130 5197 pie
3160 5130 3444 5197 uiancipat,

2337 5228 2478 5294 Quas
2509 5226 2581 5279 illi
2608 5225 2833 5278 liuuulas
2878 5222 3033 5275 antea
3066 5219 3309 5281 noverat,

2548 5316 2623 5372 Ac
2648 5326 2764 5369 vota
2793 5318 2875 5385 pia
2907 5318 3163 5371 cumulat.

2406 5412 2502 5479 Qui
2536 5411 2835 5467 sacerdotio
2863 5412 2990 5466 dum
3018 5412 3151 5467 bene
3182 5411 3432 5479 fungitur,

2250 5504 2255 5511 '
2339 5503 2588 5557 Mucrone
2617 5502 2777 5571 gladii
2804 5502 2981 5558 subito
3005 5502 3207 5565 feritur,

2341 5600 2415 5650 Ac
2441 5596 2637 5651 sanctis
2669 5596 2879 5665 pdpulis
2925 5599 3125 5653 aethere
3151 5596 3409 5666 jungitur,

2556 5690 2618 5743 Et
2646 5689 2783 5745 cmlo
2827 5689 2945 5758 pius
2975 5690 3192 5743 inditur.

2410 5782 2502 5835 llic
2536 5782 2673 5850 talis,
2724 5797 3046 5851 quaesumus,
3080 5779 3332 5837 Cdnditor
3360 5776 3481 5848 incl}
