3984 6376
237 353 365 408 H09

371 463 601 518 Adsistat
641 464 870 527 miseris,
902 480 963 518 ac
991 467 1107 518 sine
1138 464 1361 518 crimine

368 556 467 610 an
499 556 589 611 tibi
620 554 789 610 societ
817 556 1046 611 mthérea
1102 556 1152 608 in
1183 558 1330 617 sede,

580 649 678 714 Qui
707 656 892 701 cuncta
940 649 1080 717 regis
1108 647 1323 714 inclyte.

432 743 536 797 Nos
566 742 682 811 ejus
730 742 935 797 méritis
986 739 1147 796 facito
1190 742 1507 808 compares;

363 835 467 890 Nec
496 850 600 888 non
632 834 967 902 precantibus
992 833 1200 890 reddito
1244 834 1459 888 caalihes
1493 850 1505 885 :

367 929 439 982 Ac
466 927 624 983 celsis
670 926 879 994 populis
907 929 1106 981 :ethere
1138 926 1363 995 pariles,

571 1020 886 1074 Sanctorum
933 1034 1143 1089 quoque
1169 1018 1464 1084 compotes.

434 1109 529 1173 Te,
563 1110 793 1173 Christe,
842 1109 1112 1165 celebrent
1143 1109 1317 1163 omnia
1366 1106 1580 1162 condita

364 1201 563 1270 Telluri
593 1200 868 1271 imposita,
903 1202 1091 1265 maria,
1125 1210 1179 1267 et
1202 1201 1403 1268 abdita,

369 1293 460 1347 Vel
485 1304 675 1348 cuncta
710 1294 940 1348 modulis
983 1303 1036 1348 et
1065 1294 1333 1349 reboantia

585 1384 686 1439 Per
715 1395 901 1439 cuncta
941 1385 1036 1440 tibi
1074 1385 1295 1440 saecula.

575 1482 765 1533 Amen.

292 1570 639 1638 Supplicdtio.
717 1571 964 1626 Oremus.
1030 1570 1291 1641 Capitula.
1358 1568 1584 1624 Domine
1660 1568 1787 1623 Jesu

223 1662 454 1725 Christe,
495 1662 604 1731 qui.
653 1661 850 1715 Lauda.
887 1662 1105 1732 Diligam
1139 1677 1280 1715 eum.
1325 1661 1637 1714 Benedictio.
1688 1660 1790 1712 Do-

1179 343 1646 403 SANCTOIHLE.
1687 372 1757 382 —-
1799 342 2017 397 FESTA
2059 343 2498 405 SEPTEMBRIS.

3320 360 3445 417 1210

2251 464 2527 520 Possidére
2571 468 2814 535 potriam.

2313 555 2449 610 Laus
2481 558 2570 610 tihi
2606 575 2699 625 per
2727 575 2885 615 omne
2919 572 3146 630 tempus,

2244 647 2473 702 'l‘rinitas
2506 648 2815 705 indiderens
2843 670 2855 716 ;

2247 740 2402 804 Laus,
2453 722 2643 807 honor,
2674 743 2949 812 virtusque
2981 760 3206 812 summa,

2250 833 2547 903 Singularis
2580 836 2775 903 gloria,

2243 928 2371 996 Qua:
2403 939 2452 985 te
2484 927 2643 983 Deum
2676 930 2992 984 saeculorum

2247 1022 2500 1077 Personet
2524 1024 2575 1077 in
2614 1024 2830 1079 saecula.

2316 1112 2505 1166 Amen.

1964 1220 2304 1289 Supph’cdlio.
2352 1223 2576 1277 Oremus
2608 1224 3021 1291 redemptorem,
3049 1237 3101 1279 ut
3133 1229 3309 1290 supra.

1962 1308 2217 1377 Capitula.
2281 1312 2503 1368 Domine
2531 1314 2656 1369 Jesu
2688 1315 2918 1379 Christe,
2961 1317 3049 1385 qui
3097 1317 3454 1371 beatissimum

1890 1400 2146 1458 Joannem
2196 1404 2480 1471 Baptistam
2517 1416 2660 1460 tuum
2691 1417 2743 1461 et
2772 1408 3081 1478 martyrem,
3113 1418 3166 1463 et
3196 1420 3299 1463 tuae
3329 1411 3458 1463 nati-

1892 1494 2067 1547 vitatis
2095 1506 2143 1549 et
2177 1504 2275 1547 ture
2322 1496 2506 1550 mortis
2551 1500 2932 1563 praecursorem
2981 1499 3226 1564 dignétns
3273 1516 3331 1555 es
3380 1501 3458 1554 ea-

1890 1598 2014 1638 cere
2049 1604 2059 1636 :
2091 1595 2147 1638 ut
2173 1584 2258 1639 fax
2282 1586 2496 1639 luminis
2526 1589 2761 1642 verithtis
2791 1589 2988 1644 lumine
3018 1591 3234 1660 ardens,
3263 1602 3317 1646 et
3341 1606 3461 1647 sm-

1892 1692 2042 1743 prum
2087 1679 2260 1732 vrbis
2303 1678 2596 1750 cnnjugalis
2640 1682 2877 1736 criminis
2930 1684 3237 1753 prohibens.
3285 1687 3463 1755 gladio

227 1753 392 1807 minus
420 1751 577 1808 Jesus
602 1753 869 1821 Christus,
903 1765 953 1806 ut
976 1755 1135 1823 suprt‘z
1161 1754 1211 1806 in
1245 1752 1479 1823 Yésperis
1501 1754 1789 1841 orwcedén-
1822 1803 1868 1861 Β
1894 1768 2243 1838 imm-(smptus
2279 1782 2327 1825 ιε
2371 1774 2647 1829 ,ηοΓεέηιίο
2697 1751 2942 1843 1)ιρ;,[.ί,.οι’⁷
2981 1794 3135 1846 quem
3190 1751 3462 1835 nasééndo

222 1843 369 1896 tibus.

822 1935 932 1990 DIE
1006 1935 1195 1990 XXIV.

258 2044 305 2082 IN
332 2042 499 2083 γεετο
529 2041 943 2084 οεοοιιλτιομῐς
973 2045 1161 2083 SANCTI
1207 2043 1419 2083 JOANNIS
1465 2043 1754 2081 BAPTIST.£.

792 2121 872 2173 Ad
915 2120 1215 2190 Vésperum.

290 2210 493 2266 Lauda.
558 2211 801 2279 Speravit
844 2210 1019 2266 anima
1084 2225 1223 2265 mea.
1285 2210 1379 2277 fol.
1440 2224 1579 2264 CLVI.
1629 2207 1790 2263 Sana.

224 2302 474 2368 Benedic,
506 2302 680 2358 anima
730 2319 864 2367 mea,
918 2302 1224 2357 Dominum.
1281 2301 1593 2368 Antiphonti.
1652 2300 1793 2354 Bene

221 2394 487 2449 nunciavi.
520 2394 614 2465 fol.
670 2410 788 2450 ch.
838 2394 1040 2447 Lauda.
1083 2393 1279 2449 Statuit
1337 2391 1592 2446 Dominus
1632 2404 1793 2458 supra

222 2496 422 2555 petram
447 2486 627 2555 pedes.
664 2486 846 2553 Quare
872 2486 964 2554 fol.
989 2501 1148 2539 cum.

874 2576 1131 2645 Hymnus.

655 2668 751 2722 llic
780 2666 1013 2721 Joannes
1042 2665 1176 2721 mire
1214 2674 1370 2719 natus

575 2762 649 2814 De
676 2758 826 2813 senili
851 2758 1056 2813 viscere

575 2858 709 2908 Ante
736 2852 967 2921 iudicem
1022 2851 1368 2920 prophetam,

572 2944 739 3010 Quam
767 2944 835 2998 sit
887 2943 1045 2997 index
1097 2943 1290 3002 éditus,

574 3037 775 3102 Praaiit,
818 3035 1112 3099 nascéndo,
1143 3033 1442 3097 Christum,

577 3131 756 3185 Praeiit
783 3138 836 3184 et
864 3128 1155 3183 mortuum.

645 3222 794 3276 [tunc
818 3221 957 3274 thnri
982 3221 1104 3273 vino
1133 3218 1367 3289 repletus

575 3315 845 3384 Sanguine
866 3314 1016 3383 jubet
1041 3314 1119 3366 rui
1144 3330 1157 3365 :

575 3406 750 3474 Quare
789 3414 1031 3474 stuprum
1064 3404 1205 3458 cedit
1232 3402 1400 3456 audax

573 3498 876 3566 Coniugalis
919 3497 1190 3560 criminis;

574 3592 678 3645 Sed
710 3604 912 3645 sacram
944 3591 1106 3644 sumit
1146 3589 1405 3644 cortinam

576 3682 872 3737 Laureatus
898 3680 1148 3751 gloriam.

652 3774 748 3828 llic
773 3772 865 3827 Dei
900 3772 1167 3839 praecessit
1196 3786 1358 3824 unum

583 3865 750 3920 Matre
787 3874 966 3918 natum
1018 3864 1231 3928 Filium,

578 3956 839 4024 Tempore
868 3972 972 4024 quo
998 3953 1407 4026 subsequentem

574 4046 757 4099 Praeco
786 4061 945 4099 verax
978 4045 1152 4113 prmit,

575 4137 751 4190 Mortis
774 4145 827 4190 et
857 4136 1164 4190 Przecursor
1187 4135 1302 4201 ipse

584 4231 750 4284 Morte
780 4228 981 4295 primus
1009 4228 1261 4281 concidit.

651 4321 866 4373 Nuntiat
895 4318 1352 4385 Redemptiénem,

582 4412 713 4465 Esse
739 4410 1004 4463 Christum
1034 4412 1246 4464 saeculis
1274 4427 1288 4462 :

579 4503 796 4557 Nuntiat
824 4503 983 4557 vitele
1012 4517 1225 4565 munus,

582 4596 713 4651 Esse
741 4596 1009 4651 Christum
1039 4596 1265 4652 mortuis
1289 4612 1304 4662 ;

580 4691 755 4754 Quare
777 4674 1041 4743 Christum
1076 4688 1288 4755 probra,
1321 4686 1475 4751 dixit,

583 4780 744 4833 i’osse
782 4778 961 4833 mundi
1012 4778 1228 4832 tollere.

657 4870 926 4942 [ccxcvm]
960 4870 1110 4924 Hunc
1150 4870 1396 4939 rogemus
1425 4871 1723 4923 abditérutu

582 4964 751 5018 Corda
781 4973 968 5018 moesta
999 4962 1272 5030 pectorum
1295 4979 1310 5026 ;

558 5057 653 5113 .Ut
682 5057 855 5111 scelus
884 5067 1120 5110 nostrum
1163 5056 1409 5126 repellat,

584 5149 755 5203 Motus
805 5147 1187 5217 indulgentiam

582 5241 859 5309 Conferat,
892 5250 946 5297 et
982 5241 1121 5296 dona
1153 5243 1279 5297 vita:

582 5334 715 5388 Cum
752 5332 969 5402 perenni
998 5332 1207 5403 gaudio.

650 5428 843 5479 Arceat
870 5425 1001 5479 iram
1042 5426 1278 5495 superni,

582 5520 748 5585 Quam
777 5518 1054 5588 paremus,
1082 5519 1324 5585 Jt’nlicis;

588 5612 847 5666 Provocet
881 5613 1052 5666 Patris
1079 5615 1384 5684 benignam,

586 5702 752 5768 Quam
785 5702 1014 5766 sitlmus,
1044 5703 1265 5772 gratiam
1293 5722 1307 5769 ;

586 5793 753 5851 Donet
779 5803 833 5851 et
865 5798 1070 5851 cunctis
1099 5796 1304 5851 beatam

1898 1861 1949 1914 in
1978 1877 2139 1916 carne
2181 1863 2323 1918 visus
2368 1862 2537 1919 fuerat
2587 1868 2924 1934 prmcessisse
2958 1888 2970 1923 :
3004 1878 3083 1932 ut,
3117 1885 3272 1937 quem
3323 1887 3465 1925 nuu-

1896 1954 2130 2010 ciaverat
2159 1973 2307 2020 voce,
2336 1960 2644 2024 praedicaret
2675 1970 2728 2014 et
2755 1962 3011 2030 sanguine
3044 1979 3057 2015 :
3088 1962 3215 2016 dum
3250 1979 3344 2031 pro
3374 1980 3461 2027 eo,

1895 2061 2050 2116 quem
2084 2049 2132 2101 in
2168 2049 2380 2104 deserto
2416 2054 2767 2119 prmeonhtur,
2804 2056 2853 2106 in
2885 2054 3098 2109 carcere
3127 2056 3460 2122 decollatnr;

1895 2138 2112 2193 ohtéutu
2139 2142 2250 2208 ejus
2282 2141 2346 2195 da
2378 2143 2427 2196 in
2454 2158 2547 2197 ore
2576 2153 2760 2200 nostro
2794 2157 2896 2199 ture
2928 2147 3251 2216 dignationis
3277 2150 3466 2205 oracuo

1896 2228 2003 2283 lum
2046 2249 2056 2283 :
2090 2231 2155 2285 da
2184 2233 2343 2287 etiam
2377 2235 2427 2288 in
2461 2235 2624 2305 opere
2651 2238 2870 2306 jnstitia:
2902 2240 3167 2295 fructuum
3199 2243 3468 2297 utrorum-

1894 2337 1997 2391 que
2029 2325 2249 2378 monere
2280 2327 2534 2381 clariores
2560 2330 2759 2397 ell'écti,
2795 2333 2929 2384 sicut
2962 2334 3051 2389 ille
3081 2345 3163 2389 est
3203 2350 3301 2404 pro
3329 2337 3467 2389 veri-

1896 2412 2003 2465 tate
2044 2424 2098 2467 et
2126 2414 2396 2469 carcerem
2430 2419 2713 2485 perpessus
2764 2432 2817 2474 et
2867 2422 3120 2491 gladium,
3168 2424 3238 2478 ita
3287 2441 3383 2481 nos
3413 2428 3465 2480 in

1895 2503 2115 2559 veritate
2135 2514 2188 2558 et
2217 2506 2463 2561 carceres
2500 2509 2727 2563 :etérnos
2757 2512 3051 2567 evadamus
3082 2523 3137 2569 et
3164 2516 3419 2570 tartarum
3446 2533 3463 2572 :

1967 2598 2123 2655 Pater
2151 2614 2353 2658 noster.
2388 2602 2621 2658 Libet-inti
2651 2606 2680 2659 a
2713 2608 2875 2660 malo.
2906 2609 3001 2675 fol.
3024 2608 3079 2662 2.

1962 2712 2278 2769 Benedictio.
2339 2706 2586 2772 Christus
2636 2717 2915 2785 Dominus,
2962 2722 3049 2787 qui
3095 2720 3463 2776 beatissimum

1893 2804 2154 2859 Jo.’nmem
2202 2807 2389 2861 mortis
2432 2822 2542 2861 sum:
2585 2809 2748 2863 voluit
2798 2811 3180 2875 praicursorem
3230 2812 3462 2877 efﬁcere,

1896 2895 2165 2962 praemium
2190 2910 2247 2949 se
2269 2897 2511 2963 dignetur
2539 2900 2731 2952 vestris
2762 2900 3004 2965 precibus
3044 2902 3419 2957 demonstrare
3442 2919 3458 2967 ;

1908 2984 1946 3049 ἡ
1967 3022 1981 3036 .
2015 2985 2203 3038 Amen.
2234 2984 2297 3038 Et
2326 2987 2414 3054 qui
2441 2987 2586 3040 illum
2621 2988 2863 3056 permisit
2906 3006 3000 3057 pro
3023 2992 3249 3045 veritate
3279 2993 3459 3047 decol-

1894 3074 1991 3127 lari
2016 3075 2065 3126 in
2087 3075 2327 3143 carcere,
2355 3077 2469 3145 ipse
2500 3093 2595 3132 vos
2630 3081 2681 3132 in
2714 3083 2939 3135 veritate
2964 3083 3078 3136 sine
3111 3086 3213 3136 line
3238 3084 3465 3139 consér-

1821 3156 1865 3216 C
1898 3179 2019 3223 vet:
2086 3168 2119 3236 ﬁ,
2146 3209 2158 3221 .
2202 3169 2394 3224 Amen.
2447 3170 2517 3226 Ut
2564 3172 2701 3227 sicut
2735 3174 2825 3229 ille
2858 3175 3133 3229 moriéndo
3170 3180 3468 3246 praecursor

1894 3262 2063 3316 factus
2094 3272 2173 3316 est
2221 3263 2512 3319 Demiuicte
2559 3267 2768 3332 mortis,
2819 3269 2887 3321 ita
2935 3285 3026 3320 VOS
3060 3270 3211 3325 beate
3246 3271 3469 3327 vivéndo

1893 3352 2148 3419 sequaces
2175 3355 2291 3407 sitis
2317 3356 2457 3410 t’tnici
2488 3356 2887 3426 Redemptoris.
2923 3360 2959 3426 ti}
2983 3401 2995 3414 .
3029 3361 3219 3416 Amen.

1969 3445 2066 3499 Per
2097 3447 2518 3501 misericordiam
2570 3450 2738 3517 ipsius
2777 3452 2866 3505 Dei
2900 3454 3085 3517 nostri,
3119 3464 3222 3507 etc.

1967 3557 2165 3611 Lauda.
2225 3559 2444 3629 Diligam
2499 3576 2619 3616 eum
2676 3580 2740 3618 ex
2796 3574 2906 3618 toto
2952 3565 3111 3619 corde
3158 3580 3294 3631 meo,
3340 3566 3470 3621 dicit

1901 3646 2178 3703 Dominus.
2210 3647 2276 3702 P.
2313 3650 2379 3703 Et
2430 3652 2528 3704 erit
2586 3655 2723 3707 sicut
2777 3668 2866 3708 ros
2918 3656 3100 3721 lsraél,
3151 3657 3471 3723 germinabit

1898 3740 2037 3794 sicut
2066 3739 2257 3805 lilium,
2288 3751 2343 3795 et
2396 3743 2645 3797 ﬂurébit:
2693 3746 2941 3809 Alleluia,
2993 3748 3225 3801 alleluia.
3293 3749 3328 3814 Ῡ
3351 3787 3368 3803 .
3404 3748 3471 3803 Et

1899 3833 1999 3883 erit
2031 3840 2299 3901 tamquam
2323 3833 2547 3903 lignum,
2580 3837 2721 3904 quod
2757 3839 3051 3905 plauthtum
3076 3850 3156 3892 est
3187 3841 3340 3892 secus
3371 3840 3466 3894 dc-

1900 3922 2088 3975 corsus
2114 3923 2394 3991 aquﬁrum,
2428 3926 2567 3992 quod
2612 3928 2836 3981 I'ruclttm
2882 3942 3034 3981 Suum
3084 3929 3228 3983 dabit
3257 3932 3307 3984 in
3338 3930 3472 3985 tém-

1905 4027 2032 4075 pore
2060 4026 2179 4067 suo.
2212 4012 2280 4069 P.
2316 4014 2501 4069 Eterit
2529 4018 2665 4069 sicut
2708 4034 2813 4072 ros.
2857 4020 2883 4089 ir
2915 4060 2928 4074 .
2960 4020 3164 4089 Gloria,
3197 4031 3249 4076 et
3280 4022 3472 4089 honor,

1904 4105 2067 4160 Patri.
2098 4104 2166 4161 P.
2202 4107 2269 4159 Et
2297 4109 2397 4160 erit
2429 4110 2566 4161 sicut
2593 4125 2695 4163 ros.

1977 4195 2178 4248 (Initio.
2232 4195 2372 4250 Deus
2402 4197 2491 4248 Dei
2527 4198 2712 4260 Filius,
2740 4200 2824 4264 qui
2855 4214 3015 4252 cruce
3047 4200 3134 4251 tua
3176 4207 3230 4252 et
3251 4201 3473 4254 salutem

1904 4285 2114 4348 réaibus
2145 4287 2335 4352 donas,
2367 4298 2419 4341 et
2449 4288 2677 4357 humiles
2721 4299 2841 4342 tuos
2868 4291 2931 4341 ad
2959 4290 3234 4343 vicuiriam
3263 4306 3472 4358 semper

1903 4393 2109 4441 amas;
2141 4378 2375 4445 te'mpera
2402 4380 2510 4447 jam
2562 4380 2771 4434 tandem
2806 4381 3138 4435 miseriarum
3172 4384 3472 4436 nostrarum

1905 4470 2170 4525 arumnas
2201 4486 2213 4522 :
2247 4485 2328 4536 ac,
2361 4485 2428 4524 ne
2479 4471 2654 4539 gladio
2685 4471 2917 4538 maligno
2965 4482 3164 4525 nostrm
3216 4471 3471 4527 feriantur

1902 4561 2155 4625 cervices,
2199 4559 2419 4614 obténtu
2468 4560 2681 4629 gloriosi
2738 4562 3084 4629 prmeursdris
3133 4562 3207 4617 tui
3254 4562 3475 4620 Joannis

1903 4651 2155 4720 Baptistae
2201 4654 2379 4723 gladio
2411 4655 2556 4710 verbi
2590 4657 2663 4708 tui
2709 4670 2806 4709 nos
2853 4655 3060 4710 reddito
3088 4656 3350 4712 efﬁcéces.
3400 4659 3470 4724 Ii.

1902 4744 2094 4797 Amen.

1973 4832 2074 4888 Per
2109 4833 2525 4890 misericordiam
2573 4844 2740 4903 tuam,
2789 4836 2926 4891 Deus
2955 4847 3158 4907 noster,
3188 4848 3293 4893 etc.

1973 4924 2228 4981 Dominus
2251 4924 2322 4981 sit
2355 4925 2584 4995 semper.
2633 4927 2669 4996 ιῆ
2693 4965 2708 4980 .
2744 4928 2806 4982 Et
2831 4944 2972 4984 cum.

2475 5040 2553 5091 Ad
2582 5039 2915 5103 Malutinum.

1974 5132 2284 5199 Αηιίρὴοηη.
2334 5132 2492 5186 Labia
2518 5149 2655 5197 mea,
2685 5135 2929 5201 Domine,
2972 5134 3197 5204 apéries.
3228 5133 3472 5189 Psalmm

1904 5239 1954 5278 ι..
2014 5224 2213 5276 Oratio.
2282 5224 2552 5291 Exultent,
2611 5225 2855 5291 Domine,
2916 5225 3075 5280 labia.
3141 5226 3320 5293 Quam
3373 5228 3469 5296 fol.

1902 5332 2096 5371 CLXXX.

1973 5410 2284 5479 Antipltona.
2321 5411 2479 5477 Deus,
2532 5412 2618 5480 qui
2666 5412 2761 5465 das
2805 5411 3030 5467 salutem
3084 5412 3297 5484 regibus
3336 5433 3347 5467 :
3402 5414 3468 5467 P.

1903 5503 2091 5558 Libera
2118 5520 2201 5559 me
2224 5504 2289 5558 de
2316 5505 2495 5574 gladio
2526 5505 2780 5572 maligno,
2821 5513 2876 5559 et
2914 5505 2982 5561 de
3032 5521 3188 5561 manu
3244 5507 3471 5561 ﬁliOrum

1903 5595 2220 5650 alienorum.
2262 5596 2296 5663 ᾗ
2323 5633 2337 5651 .
2368 5596 2526 5664 Eripe
2569 5612 2655 5649 me
2683 5594 2903 5651 Domine
2929 5593 2997 5651 ab
3027 5597 3244 5655 homine
3275 5599 3421 5654 malo
3455 5618 3467 5653 :

1903 5685 1932 5738 ξι
1960 5686 2072 5739 viro
2103 5688 2284 5751 iniquo
2319 5686 2481 5740 libera
2513 5701 2616 5740 me.
2668 5686 2732 5739 Ρ.
2782 5687 2969 5743 Libera
3003 5704 3108 5745 me.
3156 5692 3191 5761 ᾗ
3216 5733 3229 5747 .
3269 5689 3471 5756 Gloria,

1826 5838 1829 5839 γ
1905 5787 1958 5832 et
1987 5781 2155 5835 honor
2185 5778 2345 5833 Patri.
2377 5777 2441 5833 Ρ.
2483 5777 2671 5835 Libera
2701 5795 2806 5834 me.
