3984 6376
613 306 734 361 Ιεεζί

681 419 879 471 Οῑαιὲο.
924 418 1061 469 Deus
1094 418 1183 471 Dei
1218 418 1397 477 Filius,
1433 416 1520 486 qui
1553 416 1603 470 in
1653 430 1809 470 cruce
1849 424 1958 469 tua.
1996 416 2178 481 Qume
2208 417 2255 472 Α

606 511 759 578 supra
796 511 848 563 in
892 508 1147 577 Vésperis.

683 600 994 671 Antiphonti.
1042 600 1208 663 Educ,
1260 599 1504 663 Demitte,
1556 599 1622 653 de
1676 599 1893 652 carcere
1944 597 2179 651 animam

609 707 777 745 tilt‘alll
810 693 875 745 atl
903 690 1266 745 conﬁténtlum
1294 690 1496 744 utimini
1542 699 1631 744 tuo
1658 708 1669 742 :
1704 688 1767 743 Ρ.
1795 688 1876 743 Me
1897 689 2182 757 expectant

603 786 755 852 ju~ti,
789 785 958 838 donec
1006 784 1267 838 retribuas
1297 783 1448 838 tttihi.
1494 784 1567 853 Ῡ.
1616 782 1835 838 lnténde
1876 782 1942 836 ad
1983 782 2181 835 oratio-

614 891 732 929 nem
764 890 933 929 meam
971 893 982 927 :
1013 877 1134 941 quia
1170 876 1479 928 humiliatus
1509 889 1625 927 sum
1662 874 1844 927 nimis.
1882 872 1945 926 P.
1974 872 2055 926 Me
2086 888 2181 927 ex-

607 967 991 1036 péctantjusu.
1060 968 1133 1035 ᾖ.
1168 967 1371 1031 Gléria,
1429 977 1480 1020 et
1530 966 1722 1020 honor.
1778 964 1843 1019 P.
1886 965 1966 1020 Me
2014 965 2179 1035 expe-

605 1068 770 1114 ciant.

679 1149 875 1204 Oratio.
921 1150 1086 1214 Etluc,
1138 1150 1379 1213 Damiuc.
1431 1149 1496 1203 tle
1550 1149 1769 1203 carcere
1823 1149 2029 1202 animas
2085 1166 2181 1203 no-

604 1252 777 1308 stras;
809 1245 893 1311 qui
924 1254 1077 1313 sputa
1113 1260 1207 1312 pro
1246 1245 1396 1296 nobis
1429 1245 1713 1313 perpessus
1743 1259 1800 1295 es
1848 1253 1897 1296 et
1933 1244 2174 1313 ﬂagella:

605 1348 657 1387 ut
694 1338 935 1403 precibus
960 1338 1087 1405 justi
1123 1339 1277 1406 hujus
1322 1338 1547 1392 Joannis
1580 1338 1834 1404 Baptista:
1873 1349 1924 1391 et
1975 1338 2177 1407 marty-

606 1448 677 1483 με
702 1431 774 1484 tui
805 1446 874 1485 ex
927 1432 1026 1485 hoc
1069 1432 1264 1485 mundo
1307 1432 1483 1485 educti
1515 1431 1580 1487 tle
1610 1430 1847 1495 carcere,
1882 1429 2179 1498 triumphos

602 1524 788 1578 Crucis
821 1535 921 1577 tute
950 1524 1126 1579 déltita
1176 1535 1294 1593 post
1325 1525 1527 1578 abitum
1563 1534 1801 1577 nostrum
1835 1524 1928 1577 tibi
1976 1524 2179 1591 ωαξοό-

603 1616 685 1667 nia
719 1630 838 1669 cum
883 1614 1094 1669 Sanctis
1136 1616 1384 1669 omnibus
1437 1614 1805 1685 ρτειξίτυιιέιιιιη·
1846 1629 1966 1667 cum
2025 1614 2179 1668 laude

600 1707 834 1761 ass'dua.
890 1708 925 1774 ti
947 1747 961 1760 .
994 1710 1184 1762 Amen.

671 1797 770 1853 Per
799 1799 1218 1853 misericordiam
1261 1813 1427 1865 tuam,
1478 1801 1616 1854 Deus
1647 1811 1847 1854 uoster.

671 1892 961 1961 Antiphoua
1003 1894 1056 1947 5.
1105 1892 1157 1944 lu
1189 1894 1293 1945 vita
1337 1911 1428 1947 sua
1473 1893 1598 1947 fecit
1646 1891 1931 1956 mirabilia,
1976 1905 2029 1948 et
2060 1904 2177 1963 post

600 1994 821 2037 mortem
863 2000 1011 2038 suam
1044 1988 1295 2054 operatus
1338 1999 1440 2040 est
1484 1985 1548 2042 P.
1583 1986 1746 2040 Multa
1801 1986 1999 2053 tlejecit
2043 1986 2073 2040 ὲ
2118 2004 2176 2042 se

599 2090 771 2142 ignem
798 2086 986 2140 terrm;
1019 2086 1071 2129 et
1102 2079 1150 2128 in
1176 2077 1338 2129 vetito
1372 2075 1582 2129 Dt’tmini
1606 2076 1881 2129 exultavit.
1927 2077 1959 2141 j‘
1986 2123 1999 2133 .
2039 2078 2175 2132 Ecce

594 2168 670 2219 sic
702 2166 1041 2220 benedicétur
1074 2165 1249 2229 homo,
1278 2167 1363 2234 qui
1398 2166 1549 2218 timet
1578 2166 1879 2219 Dtitninum.
1910 2165 1974 2217 P.
2010 2166 2172 2220 Multa

597 2256 808 2324 tlejécit.
856 2258 888 2325 ᾗ
916 2299 929 2312 .
961 2257 1163 2323 Gloria,
1200 2267 1251 2310 et
1276 2256 1466 2311 honor.
1507 2257 1568 2309 Ι).
1597 2257 1760 2311 Multa
1789 2257 2007 2327 dejécit.

666 2346 893 2419 [ccxcrx]
936 2347 1134 2402 Ονάιὶο.
1186 2347 1425 2401 Pretidsa
1471 2356 1584 2411 est,
1636 2347 1888 2411 Dfunine,
1944 2349 1991 2401 in
2042 2363 2172 2402 con-

594 2437 776 2503 spectu
823 2448 913 2491 tuo
955 2452 1099 2490 mors
1144 2437 1436 2490 beatissimi
1483 2435 1702 2491 Joannis
1749 2437 2019 2502 Baptistae,
2061 2437 2173 2507 qui,

593 2530 719 2582 dum
767 2528 1053 2597 petulantis
1106 2529 1363 2597 Principis
1415 2529 1620 2583 lat-inus
1666 2529 1871 2597 arguit,
1916 2531 2173 2599 justitiam

593 2618 907 2686 exequendo
951 2618 1241 2687 promeruit
1282 2621 1334 2671 in
1378 2619 1593 2673 carcere
1632 2619 1887 2673 decollari
1934 2640 1944 2673 :
1991 2631 2047 2674 ut
2085 2622 2173 2690 qui

597 2713 816 2766 haberet
843 2713 1080 2781 vigerem
1112 2712 1163 2765 in
1192 2712 1377 2776 verbo,
1408 2728 1512 2763 non
1544 2712 1801 2778 perferret
1831 2714 2080 2780 pavorem
2111 2732 2173 2769 ex

593 2805 790 2871 gladio,
823 2806 941 2859 cum
972 2805 1187 2874 sanguis
1217 2804 1333 2873 ejus
1367 2805 1683 2858 meretriciae
1706 2806 2004 2859 saltatidnis
2030 2820 2176 2861 com-

596 2897 908 2951 ttensatiOue
941 2897 1152 2950 laxatus
1187 2896 1254 2951 eo
1298 2896 1389 2949 tibi
1437 2894 1723 2966 pretiosior
1762 2907 1923 2959 esset.
1964 2898 2068 2968 quo
2099 2900 2175 2952 el-

594 2985 741 3039 lt‘tndi
775 3001 868 3054 pro
896 2986 1097 3055 justitia
1131 2985 1439 3040 meruisset.
1475 2985 1723 3041 Concede
1753 3002 1881 3056 ergo
1911 2988 2086 3053 nobis,
2118 2998 2175 3042 ut

591 3081 807 3147 sanguis
838 3080 1001 3143 illius,
1034 3080 1121 3147 qui
1155 3094 1249 3145 pro
1280 3080 1502 3134 veritate
1529 3078 1730 3133 elusus
1762 3088 1865 3141 est,
1893 3094 1987 3147 pro
2018 3080 2172 3136 nobis
2200 3120 2246 3181 ο

594 3181 644 3221 te
686 3169 737 3221 itt
782 3169 1171 3236 supplicatit‘me
1210 3172 1363 3224 adire
1406 3184 1509 3224 non
1553 3180 1726 3233 cesset
1763 3189 1773 3223 :
1812 3186 2018 3241 toxque
2057 3172 2172 3235 illa,

592 3275 711 3328 qua:
742 3276 837 3327 pro
878 3261 1048 3330 stupri
1076 3262 1301 3316 crimine
1346 3263 1611 3329 percussit
1637 3262 1937 3318 adulterum
1972 3278 2171 3333 regem,

595 3368 688 3418 pro
719 3352 954 3406 litlélium
998 3355 1316 3422 populdrmu
1361 3354 1688 3424 indulgentia
1725 3365 1773 3410 te
1803 3356 2028 3411 exorare
2069 3372 2175 3410 non

590 3456 783 3498 cesset.
829 3444 867 3512 ti
890 3483 905 3497 .
940 3448 1128 3499 Anien.

664 3536 763 3591 Per
793 3535 1215 3592 tttisericOrdiam
1249 3547 1413 3591 luam.

680 3627 751 3694 ti.
798 3626 927 3681 cum
973 3642 1147 3683 essem
1200 3630 1412 3685 clausus
1462 3622 1880 3686 in'vestihulum
1922 3630 2172 3694 carceris,

595 3719 761 3773 lactus
803 3729 887 3775 est
924 3735 1103 3775 sermo
1138 3721 1344 3775 Dumini
1375 3722 1441 3776 ad
1471 3739 1587 3786 tne,
1619 3724 1805 3777 dit-ens
1836 3742 1846 3776 :
1881 3724 2084 3778 Eruens
2114 3725 2175 3776 li-

595 3810 795 3865 berabo
836 3821 887 3865 te
926 3812 991 3866 de
1034 3813 1231 3881 gladio,
1277 3812 1342 3867 P.
1386 3815 1517 3880 Quia
1562 3817 1807 3869 litlt’tciam
1852 3816 2078 3870 habuisti
2125 3818 2175 3869 in

595 3918 701 3964 me,
734 3917 834 3972 ego
863 3904 1081 3957 salvabo
1108 3912 1160 3959 te
1186 3922 1200 3958 :
1244 3906 1277 3974 ᾖ
1306 3947 1317 3959 .
1354 3906 1613 3961 Libetabo
1645 3918 1695 3960 te
1723 3907 1789 3961 de
1817 3923 1976 3961 manu
2012 3911 2177 3977 pessi-

595 3995 839 4058 morum,
885 4003 940 4048 et
984 3994 1169 4050 eruam
1214 4005 1264 4050 te
1306 3997 1372 4050 de
1420 4012 1578 4050 manu
1621 3997 1857 4052 ldrtium.
1904 3998 1972 4054 P.
2019 3999 2172 4067 Quia.

610 4086 679 4153 ἲ.
716 4083 917 4149 Gloria,
952 4094 1010 4141 el
1035 4088 1227 4142 lmuor.
1263 4086 1326 4139 P.
1358 4088 1514 4152 Quia.

667 4177 867 4231 υνὰιίο.
912 4175 1121 4232 Cluiste
1168 4178 1256 4234 Dei
1304 4179 1489 4244 Filius,
1537 4196 1691 4249 quem
1737 4179 1972 4235 Joannes
2014 4183 2176 4236 lilium

597 4269 849 4337 heminis,
882 4280 937 4325 et
963 4270 1230 4326 nascendo
1263 4274 1551 4342 przrt-éssit,
1584 4286 1633 4326 et
1666 4273 1943 4328 moriendo
1976 4290 2178 4343 pra’cu-

591 4365 795 4428 currit;
836 4365 1012 4420 annue
1053 4366 1206 4420 nobis
1254 4368 1496 4434 précibus
1539 4369 1669 4422 tanti
1712 4369 1885 4434 vatis,
1929 4378 1985 4422 ut
2023 4370 2179 4438 justi-

595 4458 744 4520 tiam,
778 4473 871 4524 pro
901 4475 1003 4527 qua
1047 4460 1136 4513 ille
1178 4461 1373 4513 meruit
1410 4461 1658 4514 decollari
1705 4462 1755 4514 in
1796 4461 2035 4525 carcere,
2079 4475 2173 4514 nos
2204 4477 2252 4534 ι)

595 4563 810 4614 semper
857 4552 1184 4605 retenlémus
1226 4554 1277 4605 in
1328 4551 1490 4618 apere
1533 4567 1546 4605 :
1594 4563 1680 4617 ut,
1728 4552 1867 4607 sicut
1918 4553 2009 4607 ille
2056 4567 2173 4606 eam

596 4641 931 4709 pratdicando
974 4659 1067 4708 pro
1110 4644 1331 4699 veritate
1372 4654 1454 4699 est
1494 4644 1758 4711 mortuus,
1803 4646 1874 4700 ita
1919 4661 2017 4701 nos
2056 4660 2173 4699 eam

593 4729 858 4784 servando
889 4732 943 4786 in
971 4732 1192 4787 veritate
1222 4736 1483 4789 vivamus.
1529 4735 1563 4802 ti
1589 4778 1601 4789 .
1637 4737 1826 4792 Amen.

666 4822 765 4875 l’er
791 4822 1215 4878 misericordiam
1248 4835 1410 4883 tuam.

1196 4935 1259 4990 In
1293 4938 1573 4993 Laudibus.

664 5028 744 5080 Ad
770 5028 1054 5082 Cdnticum.
1099 5029 1413 5098 Antiphona.
1446 5031 1720 5087 Turonum
1750 5030 1954 5099 gloriae.
2000 5028 2177 5085 Ca’nti-

593 5134 729 5173 cum.
752 5119 1134 5173 Confirmatnm
1167 5133 1248 5176 est
1279 5138 1371 5176 cor
1402 5138 1600 5177 meum.
1634 5124 1762 5194 folio
1790 5123 1878 5178 55.

668 5208 866 5265 Oratio.
911 5211 1122 5267 Christe
1156 5214 1245 5268 Dei
1277 5214 1464 5279 Filius,
1495 5215 1562 5269 de
1592 5231 1698 5285 quo
1737 5212 1991 5279 Joannes,
2035 5229 2171 5282 pra:-

594 5304 783 5357 ct'trsor
808 5306 1100 5360 nativitatis
1137 5317 1239 5361 tua:
1277 5317 1332 5362 et
1371 5309 1561 5361 mortis
1587 5308 1846 5374 existens,
1882 5307 2176 5377 pr0phetia:

590 5407 706 5445 suze
737 5394 991 5449 vaticinio
1022 5400 1247 5452 testatus
1274 5407 1376 5461 est,
1410 5398 1549 5465 quod
1578 5407 1631 5453 te
1653 5398 1921 5464 crescere,
1947 5409 2001 5454 et
2029 5400 2173 5453 illum

597 5482 764 5537 minui
811 5488 1099 5554 Oportéret,
1153 5490 1274 5542 cum
1323 5500 1378 5545 et
1428 5488 1685 5543 Dominus
1733 5491 2053 5545 sublimatus
2101 5492 2175 5545 sis

596 5576 792 5643 Cruce,
823 5587 879 5633 et
909 5580 1138 5636 famulus
1163 5584 1524 5638 comminatus
1553 5584 1624 5637 sit
1650 5583 1857 5653 capite:
1900 5584 1962 5636 da
1999 5583 2173 5649 nobis,

592 5677 645 5722 ut
676 5670 740 5722 ea
769 5669 895 5737 lide,
926 5672 1029 5741 qua
1061 5681 1203 5728 tanta
1237 5672 1450 5743 pietatis
1471 5675 1724 5746 mysteria
1749 5674 2090 5740 veneramur,
2114 5676 2174 5729 ea

592 5764 775 5837 etiam,
807 5765 1002 5840 gaudia
1033 5766 1217 5836 patriae
1247 5768 1484 5825 cmléstis
1512 5768 1792 5824 intremus.
1842 5768 1914 5831 ti.
1950 5768 2137 5825 Amen.

2215 1773 2255 1830 ll

1849 297 2272 353 BREVlAlllUSI
2317 297 2687 353 COTlllL‘U“.

3685 310 3783 367 ill,

2356 409 2456 463 Per
2485 411 2903 465 misericOrdiatn
2939 423 3077 466 taatn

2355 503 2434 554 Ad
2490 501 2807 557 Benedictus.
2879 503 3192 573 Antiphone.
3259 508 3548 565 benedictio
3600 514 3778 573 Detuitti.

2284 588 2568 646 Cainticum.
2638 593 2956 647 Benedictus
3020 610 3078 649 es
3142 593 3365 652 Domine
3422 599 3547 655 Deus
3601 616 3780 672 patrum.

2287 680 2468 748 Quaere
2495 684 2584 753 fol.
2621 682 2672 738 6.

2356 795 2515 849 Sono.
2553 796 2783 853 Benedic
2814 798 2985 851 anima
3020 814 3133 853 mea
3164 799 3459 855 Demittunt.
3485 802 3656 860 Lauda.
3680 808 3779 865 Lau-

2282 886 2404 940 date
2449 887 2751 941 Datninutn.
2798 887 3035 943 Psalmu;
3070 906 3285 944 cxtvut.
3338 893 3610 961 ΡιεμΙιειὶα.
3646 900 3779 957 limus

2283 980 2323 1031 si
2358 991 2545 1033 morte.
2584 980 2799 1051 Requlre
2830 984 2925 1051 fol.
2959 982 3045 1037 55.

2944 1115 3203 1185 Hymnus.

2570 1227 2707 1281 Almi
2740 1229 3019 1297 Propheta:
3048 1233 3325 1303 progenies
3354 1236 3455 1305 pia,

2493 1316 2677 1370 Clarus
2704 1317 2952 1389 Parente,
2986 1324 3215 1377 nobilior
3241 1323 3420 1387 Patre.

2500 1409 2669 1475 Quem
2703 1414 2887 1466 matris
2915 1414 3065 1467 alvus
3092 1416 3340 1473 claudere
3367 1420 3579 1487 nescius,

2496 1503 2658 1555 Ortus
2689 1504 2848 1559 senili
2881 1506 3079 1574 prodiit
3109 1508 3307 1565 indice.

2566 1596 2735 1659 Quem
2767 1596 3040 1665 virginalis
3069 1598 3214 1669 régia
3242 1603 3409 1671 gloria

2493 1682 2697 1739 Summi
2731 1685 2989 1743 Tonantis
3022 1689 3243 1747 numine
3274 1692 3519 1763 pigneris,

2492 1776 2738 1832 Gestaret
2766 1782 2902 1834 aulte
2934 1782 3125 1836 nabilis
3155 1786 3349 1839 intimo

2490 1870 2737 1927 Claustra
2768 1873 2985 1941 puddris
3018 1875 3204 1931 lértilis
3240 1876 3445 1948 integro

2568 1964 2680 2017 Vox
2714 1965 2985 2019 suscitavit
3015 1968 3178 2021 missa
3212 1967 3544 2037 puerperam,

2495 2055 2753 2124 Fovitque
2784 2058 2915 2111 vatis
2947 2058 3133 2127 gftudia
3168 2059 3378 2126 parvuli
3415 2080 3425 2113 :

2491 2146 2683 2202 Matres
2715 2164 2810 2216 pro
2842 2160 2989 2203 tanto
3023 2152 3250 2205 munere
3284 2154 3523 2223 pigneris,

2495 2239 2670 2293 Mutus
2705 2241 2910 2295 locutus
2942 2240 3158 2295 nomine
3190 2244 3288 2297 lilii
3320 2254 3417 2299 est.

2561 2330 2885 2387 Setibéntlus
2917 2333 2999 2387 hic
3026 2344 3129 2399 est,
3160 2336 3312 2389 vocis
3340 2345 3393 2390 ut
3418 2339 3583 2393 audiat

2492 2425 2697 2480 Nostra:
2725 2430 2999 2491 cariorem.
3030 2432 3263 2501 diraque
3288 2434 3487 2489 vincola

2496 2518 2763 2573 Dissnlvat
2792 2539 2883 2576 ore
2914 2523 3083 2594 largo,
3114 2526 3457 2595 prophetico,

2498 2608 2791 2665 Verbérum
2822 2615 3021 2669 habens
3050 2617 3287 2671 litteram
3316 2618 3549 2673 nominis.

2570 2701 2677 2756 Vox
2704 2720 2931 2775 namque
2958 2707 3138 2774 Verbi,
3166 2726 3270 2764 vox
3296 2711 3563 2779 Sapientia:
3581 2725 3676 2765 est:

2494 2791 2660 2862 Major
2694 2794 2993 2865 Propltetis,
3022 2799 3114 2853 sed
3144 2801 3328 2854 minor
3357 2802 3572 2871 Angelis,

2492 2886 2591 2954 Qui
2627 2890 2946 2957 praeparavit
2976 2893 3137 2947 cnrda
3169 2893 3433 2958 lidéliutn,

2491 2979 2797 3051 Stravitque
2824 2993 2999 3039 rectas
3026 2987 3254 3053 justitim
3284 2991 3415 3044 vias.

2564 3075 2833 3140 Assértor,
2864 3078 2951 3146 qui
2980 3094 3085 3132 non
3112 3096 3219 3147 ope
3250 3081 3416 3150 regia,

2492 3166 2600 3223 Vec
2631 3179 2801 3224 tuorte
2828 3169 2959 3224 dura
2990 3171 3223 3241 liquerat
3259 3174 3517 3229 tramitem

2498 3258 2643 3324 Veri,
2675 3275 2737 3313 ac
2768 3269 2917 3314 actus
2953 3280 2964 3314 :
3002 3261 3115 3316 Non
3151 3263 3303 3326 licet,
3334 3267 3426 3333 ait,
3456 3266 3540 3318 tibi

2498 3348 2729 3407 derem
2765 3353 2962 3408 habere
2992 3355 3193 3409 Fratris
3230 3358 3536 3412 adulteram.

2568 3443 2699 3497 llinc
2729 3444 2807 3498 ira
2840 3432 3020 3514 Regis,
3052 3462 3317 3517 saevaque
3347 3450 3525 3505 itinera

2497 3534 2807 3589 Saltationis
2836 3537 3055 3591 munere
3085 3538 3307 3594 vendita
3339 3558 3353 3593 :

2494 3626 2700 3682 Mensas
2728 3628 2986 3699 Tyranni,
3015 3642 3068 3683 et
3098 3630 3325 3700 virginis
3348 3632 3516 3688 ébrios

2495 3719 2676 3772 Luxus
2707 3719 2931 3785 replevit
2960 3720 3225 3789 sanguine
3257 3724 3456 3778 sobrio.

2564 3809 2659 3863 Hic
2689 3809 2907 3865 vitricus
2937 3812 3027 3866 dat
3057 3812 3194 3867 dona
3239 3814 3504 3877 vesanior,

2492 3900 2658 3968 Quam
2691 3903 2734 3956 si
2766 3903 3029 3957 venenum
3063 3904 3259 3972 pocula
3296 3907 3520 3962 traderet
3547 3924 3558 3957 :

2490 3995 2693 4065 Negare
2724 4005 2963 4064 praestat,
2995 4014 3157 4069 quam
3189 4000 3343 4067 dare,
3377 4002 3556 4057 vitrico

2495 4085 2684 4144 OdisSe
2708 4099 2953 4160 prastat;
2980 4092 3097 4159 plus
3120 4103 3284 4148 nocet
3305 4103 3359 4149 et
3382 4096 3464 4148 hic
3484 4108 3631 4146 amor.

2564 4182 2743 4238 Gloria
2776 4184 2920 4240 Patri
2953 4187 3160 4240 πιότηο
3194 4188 3447 4255 ῡὺιηὶηο,

2493 4273 2674 4329 Gloria
2704 4274 2923 4331 Christo
2952 4279 3063 4347 regi
3096 4280 3380 4349 perpetuo,

2494 4369 2593 4434 Qui
2621 4369 2929 4424 dominatur
2956 4386 3077 4424 cum
3108 4372 3316 4427 Sancto
3346 4370 3560 4439 Spiritu,

2495 4459 2554 4513 Et
2588 4474 2808 4529 regnum
2840 4459 2959 4529 ejus
2987 4476 3082 4529 per
3112 4477 3280 4517 omne
3307 4461 3572 4517 saeculum.

2565 4549 2754 4603 Amen.

2351 4662 2694 4731 Supplicétio.
2728 4661 2953 4716 Oremus
2982 4662 3422 4731 Redemptorem,
3452 4670 3500 4713 ut
3526 4658 3677 4728 supra.

2350 4753 2609 4824 Capitula.
2648 4755 2806 4819 Deus,
2848 4757 2934 4825 qui
2977 4755 3350 4811 beatissimum
3389 4753 3631 4810 Joannem
3665 4744 3791 4800 multi-

2278 4845 2491 4913 plicium
2536 4846 2827 4914 palmarum
2870 4845 3093 4899 tioribus
3132 4845 3407 4900 coronasti
3443 4863 3453 4895 :
3496 4837 3663 4895 dedisti
3694 4834 3791 4887 enim

2276 4938 2355 5001 ei,
2392 4946 2447 4990 ut
2473 4950 2614 4992 esset
2654 4937 2885 4992 Sanctus
2926 4947 3050 4991 ante
3079 4946 3290 5004 ortum,
3336 4933 3586 5004 Propheta
3615 4936 3711 5000 post
3732 4938 3791 4976 or-

2279 5042 2419 5095 tum,
2456 5031 2693 5100 Baptista
2724 5031 2776 5084 in
2806 5030 3059 5093 Iordane,
3098 5030 3438 5099 Evangelista
3472 5030 3518 5080 itt
3549 5019 3793 5079 solitudine.

2280 5123 2478 5194 Martyr
2520 5134 2725 5190 morte;
2767 5123 2831 5175 da
2878 5124 3032 5176 nobis
3069 5122 3404 5192 supplicibus
3446 5113 3729 5183 servistuis,
3754 5113 3794 5157 ul

2277 5216 2417 5269 sicut
2454 5215 2541 5269 ille
2583 5218 2797 5268 secutus
2822 5221 2906 5268 est
2936 5214 3154 5283 vestigia
3185 5212 3456 5282 Unigéniti
3499 5208 3582 5263 ﬁlii
3622 5196 3797 5294 tui

2280 5306 2408 5359 mini
2458 5303 2790 5367 Salvatdris,
2840 5304 2916 5358 sic
2959 5318 3059 5358 nos
3105 5304 3219 5357 vias
3267 5304 3551 5372 sequamur
3592 5286 3795 5350 Domiuici

2279 5397 2628 5465 prmcursoris
2663 5414 2677 5450 :
2709 5395 2797 5458 Et,
2830 5394 2968 5450 sicut
2998 5396 3077 5451 illi
3105 5396 3307 5449 donare
3338 5392 3472 5467 [ccc]
3503 5388 3717 5460 dignatus
3737 5390 3796 5438 οε.

2282 5505 2334 5542 ιιι
2368 5505 2461 5557 pro
2488 5489 2717 5543 veritate
2744 5487 3068 5553 moreretur,
3097 5492 3173 5542 sic
3200 5486 3360 5541 nobis
3392 5484 3574 5545 tribue,
3603 5487 3651 5532 ut
3675 5474 3715 5527 in
3732 5478 3795 5521 κ’

2280 5584 2434 5637 ritate
2464 5581 2725 5636 vivamus.

2354 5677 2507 5731 Pater
2539 5684 2738 5730 noster.
2774 5674 3004 5729 Liberali
3034 5675 3062 5727 ξι
3096 5672 3251 5727 malo.
3287 5672 3382 5740 [οι.
3415 5669 3468 5721 2.

2355 5767 2553 5822 Lauda.
2583 5766 2805 5835 Diligam
2828 5779 2949 5822 eum
2974 5782 3035 5822 ex
3062 5774 3169 5822 toto
3192 5763 3360 5819 corde
3404 5772 3536 5815 meo.
3562 5750 3672 5823 [alia
3689 5752 3792 5798 ctu.
