3984 6376
200 362 326 418 Ill?)
1143 352 1615 408 SANCTOBMJS.
1659 385 1730 398 -
1771 358 1773 407 ἶ

1143 352 1615 408 SANCTOBMJS.
1659 385 1730 398 -—
1771 357 1983 409 Flﬁl’A
2026 358 2480 417 SEPTEMBRIS.

262 472 576 527 Benedictio.
636 466 881 521 Christus
912 466 1200 531 Dominus,
1243 468 1329 533 qni
1378 467 1764 521 beati~simum.
1801 477 1839 528 Α

194 572 373 635 Qua're
400 567 451 618 in
489 562 721 632 Vésperis
748 559 1165 631 praecedentibus.

259 663 322 718 In
364 662 576 716 exeunte
622 656 844 725 Vésperd
885 655 1059 707 omnia
1097 653 1360 719 dicuntur,
1399 664 1454 707 ut
1496 655 1548 707 in
1594 654 1767 720 primis

198 754 452 820 Vésperis,
483 750 702 819 exceptis
730 747 975 811 Capitula
998 754 1045 799 et
1072 744 1447 799 Benedictit‘me.

255 842 519 912 Capitula.
568 841 735 906 Educ,
782 837 1031 903 Domine,
1075 838 1141 891 de
1177 838 1393 892 curcere
1430 838 1637 891 animas
1676 853 1769 892 no-

190 946 354 997 stras;
404 932 493 999 qui
533 930 900 985 beatissimum
942 927 1202 983 Joannem
1251 927 1554 981 llerodiano
1593 928 1769 996 gladio

188 1025 516 1083 consecrasti
550 1042 561 1077 :
596 1024 753 1087 detur
794 1038 889 1089 per
916 1038 1037 1076 eum
1067 1021 1220 1075 nobis
1247 1020 1571 1089 pmiiiténtiae
1598 1020 1767 1087 optio,

188 1119 274 1187 qui
308 1117 655 1187 ptenitudinis
678 1115 854 1171 éxtitit
886 1114 1206 1183 prmdicator
1235 1132 1249 1167 :
1278 1115 1562 1170 conservet
1588 1116 1638 1168 in
1668 1116 1771 1170 title

191 1213 433 1281 populos,
463 1212 551 1278 qui
582 1210 755 1278 arguit
782 1210 847 1262 de
876 1207 1187 1262 inﬁdelitate
1218 1208 1478 1276 snpérbos
1515 1227 1525 1260 :
1567 1208 1771 1263 deferat

187 1306 250 1359 ad
284 1317 335 1359 te
360 1304 753 1357 conlessidnem
796 1300 1109 1364 humilium,
1138 1300 1226 1367 qui
1259 1302 1571 1370 redargutor
1603 1300 1769 1354 lactus

187 1403 269 1447 est
312 1392 765 1460 contempturum.
818 1391 1026 1459 Quique
1080 1390 1305 1443 nuncius
1350 1390 1523 1444 éxtitit
1569 1390 1768 1459 Verbi,

187 1484 411 1555 gratiam
455 1483 607 1536 nobis
651 1490 915 1550 praeroget
957 1482 1212 1545 nunciati,
1258 1482 1378 1535 cum
1422 1483 1489 1535 ad
1538 1493 1587 1537 le
1632 1499 1770 1538 nunc

188 1574 577 1642 proclamémus
605 1572 636 1627 ἑ
666 1575 824 1627 tet-ris
858 1614 871 1625 .

254 1665 414 1720 Pater
443 1676 644 1720 noster.
675 1663 907 1718 Liberali
939 1664 968 1717 ὸ
1001 1663 1159 1716 malo.
1195 1663 1287 1733 fol.
1319 1664 1371 1717 2.

255 1758 574 1813 Benedictio.
625 1758 969 1813 Beatissimus
1015 1758 1250 1812 Jounnes
1296 1760 1570 1826 Baptista,
1616 1759 1771 1830 cujus

185 1860 344 1918 caput
374 1851 599 1907 cruénto
626 1852 735 1920 regi
767 1851 927 1905 hodie
958 1852 1233 1906 deséctnm
1263 1853 1399 1906 inter
1426 1852 1613 1919 pocula
1641 1854 1765 1907 alla-
1804 1836 1842 1892 Β

187 1956 296 1997 tum
328 1956 411 1998 est
438 1944 607 2007 disco,
642 1936 713 1999 sit
738 1962 834 2013 pro
862 1946 1015 1999 Vultis
1045 1945 1296 2001 omnibus
1324 1948 1462 2015 apud
1494 1948 1657 2002 Deum
1690 1948 1771 2003 in-

186 2037 483 2103 tercéssm;
530 2038 603 2101 ιῆ.
650 2041 841 2091 Amen.
890 2039 1030 2092 Idem
1072 2055 1305 2109 quoque,
1351 2040 1439 2108 qui
1482 2042 1771 2095 fraternum

187 2126 477 2191 prohibens
510 2128 713 2181 violare
740 2128 1086 2193 connubium,
1118 2129 1275 2185 hodie
1319 2131 1370 2184 in
1413 2130 1629 2188 carcere
1656 2148 1773 2201 per-

184 2219 290 2289 egit
316 2220 782 2289 martyrium,suis
805 2235 900 2275 vos
926 2223 1173 2290 precibus
1204 2222 1357 2276 iaciat
1388 2225 1650 2279 incentiva
1679 2242 1767 2279 su-

186 2311 373 2377 perure
404 2309 685 2364 libidinum
717 2328 729 2363 :
777 2311 847 2377 ιῆ.
879 2315 1072 2365 Amen.
1103 2311 1190 2377 Ut,
1221 2314 1361 2367 sicut
1387 2315 1526 2368 idem
1562 2315 1770 2370 Domini
1799 2356 1803 2361 .

185 2403 484 2469 praacursor
516 2404 683 2458 lactus
722 2414 807 2460 est
845 2405 1055 2471 mortis,
1099 2407 1169 2461 ita
1216 2410 1409 2463 vestris
1449 2410 1772 2467 intercessor

181 2491 375 2547 existat
400 2498 627 2562 praevius
655 2511 748 2564 pro
774 2496 1003 2551 delictis.
1044 2498 1081 2567 πῆ
1106 2535 1120 2551 .
1152 2498 1340 2555 Amen.

254 2585 361 2643 Per
385 2588 832 2643 misericordiam.

809 2680 919 2735 DIE
959 2682 1154 2737 XXIX.

382 2786 431 2822 ικ
468 2785 634 2825 Ρεετο
672 2787 857 2827 ΞΔΝΟΤΙ
897 2790 1174 2830 MICBAELIS
1217 2793 1566 2838 ARCHANGELI.

768 2866 847 2918 Ad
879 2866 1183 2938 Vésperum.

244 2950 456 3006 Lauda.
508 2954 882 3031 Laudaret-unt
932 2969 1003 3027 te,
1056 2961 1295 3029 Domine,
1345 2980 1533 3020 omnes
1579 2967 1768 3037 Angeli

180 3045 274 3108 tui,
322 3053 377 3099 et
418 3044 673 3117 hymnum
715 3050 983 3117 dixerunt,
1027 3055 1152 3108 dum
1190 3056 1476 3123 perliceres
1517 3059 1767 3116 fabricam

179 3136 328 3191 mali.
362 3136 506 3191 Tuus
543 3147 627 3192 est
666 3140 802 3207 dies,
835 3151 889 3196 et
926 3153 1015 3197 tua
1056 3154 1139 3198 est
1180 3162 1281 3201 nox
1317 3166 1329 3200 :
1372 3147 1439 3202 P.
1474 3149 1552 3204 Tu
1594 3151 1764 3208 fecisti
1794 3177 1841 3238 ρ

179 3231 360 3284 Solem
391 3238 446 3285 et
473 3230 695 3287 Lunam.
756 3233 791 3302 ᾗ
815 3273 831 3289 .
871 3234 951 3289 Tu
982 3237 1308 3294 conﬁrmasti
1356 3241 1407 3295 in
1441 3244 1638 3298 virtute
1680 3255 1767 3301 tua

181 3335 334 3375 mare
376 3339 388 3373 ε
430 3323 796 3381 contribulasti
832 3326 1005 3396 capita
1041 3328 1333 3386 dracOnum
1375 3348 1538 3404 super
1582 3351 1767 3407 aquas.

179 3406 244 3462 P.
277 3409 361 3463 Tu
393 3408 585 3467 fecisti.

248 3502 512 3559 Dominus
537 3506 624 3559 sit.
670 3507 707 3563 ul
729 3545 747 3561 .
779 3507 842 3562 Et
869 3523 1012 3564 cum.
1414 3572 1417 3573 ν

246 3595 418 3651 Sana.
449 3597 699 3652 Alleluia.
730 3601 1000 3657 Judicium
1029 3603 1208 3659 datum
1242 3617 1322 3661 est
1374 3610 1586 3665 Sanctis
1620 3612 1680 3666 P.
1718 3614 1769 3667 In

180 3687 314 3743 liora
348 3690 595 3746 sacrillcii
629 3696 937 3760 vespertini.
972 3696 1223 3764 Alleluia,
1257 3702 1491 3757 alleluia.
1532 3705 1604 3772 Ῡ.
1638 3703 1772 3760 Ecce

178 3780 410 3835 Michael
443 3797 580 3837 unus
610 3785 913 3854 principum
956 3789 1196 3857 priurum
1228 3791 1439 3862 vénict,
1473 3803 1529 3849 ut
1569 3797 1771 3851 sancti-

177 3870 411 3929 licéntur
435 3875 609 3929 multi.
643 3875 705 3929 P.
742 3877 796 3931 In
829 3884 955 3933 liora
986 3883 1255 3938 sacriﬁcii.

249 3963 516 4020 Dominus
544 3970 633 4020 sit.
682 3969 755 4036 ti.
790 3970 1025 4026 Etcum.

246 4058 574 4124 Antlplwna.
619 4060 869 4115 'l‘liromis
913 4074 1035 4119 tuus
1082 4066 1221 4121 Deus
1263 4068 1674 4139 inaestimabilis,
1720 4084 1775 4131 et

176 4147 351 4215 gldria
384 4148 944 4217 incomprehensibilis
976 4172 987 4206 :
1021 4155 1105 4208 cui
1148 4156 1319 4210 adstat
1350 4162 1523 4214 omnis
1564 4163 1773 4217 excrci-

176 4250 263 4293 tus
312 4240 640 4308 AngelOrum
683 4256 802 4295 cum
855 4246 1127 4312 tremere;
1181 4245 1244 4299 P.
1290 4248 1453 4318 Cujus
1492 4251 1772 4320 adspectus

174 4327 408 4383 arél'acit
446 4330 690 4399 abyssos,
730 4340 784 4384 et
827 4332 1122 4401 indignatio
1154 4336 1278 4390 facit
1310 4339 1587 4394 tabéscere
1619 4357 1772 4395 mou-

177 4428 283 4473 tes.
336 4420 369 4485 ᾗ
396 4456 411 4472 .
455 4420 679 4476 Domine
716 4423 855 4479 Deus
900 4436 1104 4488 noster,
1151 4427 1305 4494 quam
1347 4428 1656 4485 admirabile
1692 4440 1772 4485 est

175 4528 379 4569 nomen
409 4523 554 4568 tuum
581 4514 635 4568 in
673 4516 916 4572 univérsa
945 4520 1116 4574 terra!
1169 4518 1234 4576 P.
1267 4521 1431 4592 Cujus
1462 4523 1765 4594 adspectus.
1800 4541 1846 4596 ι)

192 4607 265 4674 ᾗ.
305 4605 509 4671 Gloria,
542 4617 595 4663 et
623 4610 811 4662 honor.
850 4609 917 4665 P.
949 4609 1111 4681 Cujus
1143 4614 1447 4683 adspectus.

254 4698 519 4754 Dominus
549 4703 638 4755 sit.
685 4701 759 4770 ἡ.
794 4703 1027 4759 Etcum.

248 4790 461 4845 Lauda.
486 4792 735 4848 Alleluia.
760 4794 992 4863 Spiritus
1016 4804 1137 4850 tuus
1162 4796 1358 4865 bonus,
1386 4799 1546 4854 Deus.
1580 4800 1645 4855 P.
1676 4802 1774 4857 De-

172 4883 346 4935 ducat
374 4898 473 4937 nos
511 4884 563 4938 in
596 4885 735 4938 viam
767 4898 989 4943 rectam.
1018 4889 1269 4957 Alleluia,
1298 4893 1531 4949 alleluia.
1575 4895 1607 4962 ᾗ
1634 4934 1646 4947 .
1695 4896 1772 4948 Ad

174 4982 229 5028 te
278 4973 505 5031 Duniine
546 4978 710 5031 levavi
754 4978 986 5034 animam
1017 4998 1188 5038 meam
1219 5002 1231 5037 :
1269 4985 1408 5040 Deus
1452 5000 1603 5040 meus
1633 4987 1685 5042 in
1722 4996 1773 5043 te

176 5066 419 5132 conﬁdo,
452 5084 555 5122 noo
580 5071 915 5125 erubescam.
953 5072 1015 5125 Ρ.
1045 5076 1279 5131 Deducat
1304 5092 1420 5131 nos.
1465 5077 1495 5135 i’
1525 5117 1537 5130 .
1565 5077 1770 5146 Gloria,

175 5173 231 5217 et
266 5164 443 5217 honor
472 5165 632 5219 l'atri.
672 5167 735 5220 Ρ.
769 5166 1007 5223 Deducat
1038 5186 1156 5224 nos.

858 5259 1111 5329 Hymnus.

468 5348 512 5402 0
540 5350 798 5404 caelorum
829 5354 969 5408 alme
998 5353 1252 5425 Princeps

402 5445 624 5503 Michael
655 5449 950 5516 potissime,

401 5540 603 5594 Summi
636 5540 797 5612 Regis
824 5542 1020 5598 Christi
1052 5557 1295 5600 summus

406 5628 742 5699 Portitorque
770 5634 985 5699 rutilus,

400 5720 562 5789 Agius
590 5725 921 5793 nuncupatus
954 5727 1200 5794 Michael,

398 5812 547 5879 Quis,
580 5825 631 5868 ut
665 5815 959 5872 Daminus?

2151 472 2229 527 Tu
2261 473 2502 542 poloi'nm
2531 478 2666 530 aula:
2696 479 2859 546 basis,

2082 563 2159 616 Tu
2190 564 2499 618 tlironOrum
2527 566 2658 619 civis
2687 582 2745 621 es
2774 587 2785 620 :

2086 652 2513 710 Dominalionun‘.
2545 670 2670 711 arce
2701 669 2753 710 tu

2086 742 2457 812 Virtutumque
2485 747 2839 815 prmminens;

2080 833 2499 905 Principﬁtuum,
2532 838 2858 892 Polestiltum

2082 922 2194 978 Lux
2226 928 2515 981 coruscans
2547 930 2760 983 énites.'

2152 1017 2438 1073 Chéruhim
2470 1022 2662 1076 deinde
2692 1036 2845 1077 sacro

2082 1107 2160 1161 'l‘u
2192 1109 2323 1163 cluis
2354 1112 2631 1181 ignichoro
2662 1133 2673 1166 :

2080 1204 2359 1275 Séraphim
2390 1209 2583 1264 deinde
2615 1210 2823 1278 pollens

2086 1296 2235 1351 C(etu
2266 1301 2420 1353 nixus
2447 1302 2686 1369 Angusto
2719 1320 2730 1353 :

2082 1391 2271 1444 Arcem
2305 1390 2504 1445 vehens
2536 1392 2827 1463 Legidnum

2087 1481 2292 1535 Primus
2320 1482 2419 1537 τίιὸ
2448 1483 2661 1539 Sénior.

2154 1572 2234 1626 Tu
2262 1573 2520 1643 quatéruo
2546 1576 2816 1630 senidrnnt

2084 1663 2283 1720 Ordine
2312 1680 2472 1719 cursu
2501 1668 2645 1735 viges
2673 1685 2687 1722 :

2087 1755 2165 1812 'l'u
2198 1758 2275 1811 bis
2307 1758 2411 1812 duo
2441 1760 2751 1815 senatorum

2086 1846 2255 1902 Globo
2281 1858 2471 1915 quarto
2497 1848 2693 1904 ﬂumen
2723 1866 2781 1903 es
2813 1869 2825 1903 :

2085 1940 2391 1995 Conditdris
2424 1943 2618 1997 throno
2648 1943 2781 1998 situs

2088 2031 2207 2087 Rite
2233 2036 2429 2089 missus
2455 2035 2672 2091 adstans

2155 2126 2233 2181 Tu
2263 2138 2344 2183 ter
2372 2138 2526 2184 terno
2555 2146 2711 2186 sacro
2741 2132 2915 2186 vultus

2087 2219 2417 2288 Angelérum
2447 2222 2659 2287 Ordine,

2088 2309 2229 2363 Mille
2259 2311 2465 2367 cénties
2496 2314 2699 2370 urbana

2088 2400 2380 2471 Legionum
2413 2408 2668 2476 compage
2698 2426 2709 2460 :

2085 2493 2217 2565 Juge
2246 2512 2465 2551 carmen
2497 2498 2774 2553 Trinitlltis

2085 2584 2430 2654 Concrcpans
2463 2598 2545 2642 ter
2576 2592 2729 2661 Agie.

2173 2678 2233 2730 ru
2270 2681 2520 2747 pcrénnis
2554 2682 2645 2736 Dei
2675 2698 2872 2737 summi

2090 2768 2246 2839 [CCCI]
2292 2770 2523 2833 Vultum,
2555 2770 2823 2842 pedesque
2849 2773 2978 2843 tegis
3013 2794 3021 2826 ;

2088 2864 2315 2919 Invicem
2345 2867 2624 2934 tribusque
2658 2868 2765 2921 illis

2090 2956 2317 3010 lnnuens
2346 2959 2685 3025 adspéctibus

2090 3047 2270 3111 Uriéli,
2305 3048 2561 3116 Gabriéli,

2096 3137 2348 3203 llaphaéli
2379 3138 2577 3193 secius.

2156 3230 2393 3297 Hincque
2422 3232 2611 3287 ﬂantes
2639 3232 2802 3289 ﬂavos
2834 3234 3068 3291 ﬂaminis

2088 3325 2175 3378 Bis
2202 3330 2368 3380 ternis
2394 3327 2685 3391 volatibus,

2088 3418 2303 3475 Scilicet
2337 3420 2579 3491 legentes
2610 3436 2821 3475 summa

2087 3514 2225 3569 Ante
2254 3515 2432 3567 nmndi
2461 3513 2685 3569 exurdia
2725 3535 2757 3587 :7

2086 3606 2350 3661 Immunc!
2387 3607 2607 3675 peracto
2641 3610 2765 3673 lino,

2084 3698 2287 3766 Cuique
2315 3709 2439 3752 sunt
2474 3701 2794 3755 novissima.

2155 3790 2234 3844 Tu
2259 3794 2497 3855 creatus,
2528 3792 2813 3847 Creatdris

2091 3884 2401 3951 Obsequens
2430 3883 2650 3949 ofﬁcio;

2094 3976 2357 4029 Humilem
2391 3979 2641 4044 prmlatus
2664 3993 2818 4034 axem

2098 4066 2211 4119 Non
2247 4066 2444 4135 linquis
2474 4068 2690 4133 fastigio
2718 4087 2731 4120 :

2090 4157 2177 4209 Ille
2207 4157 2330 4209 dum
2362 4155 2541 4224 refuga
2572 4158 2825 4224 plectitur

2093 4249 2330 4301 lnsolens
2360 4249 2412 4301 in
2446 4249 2669 4304 tartara.

2160 4341 2287 4395 Inde
2318 4342 2412 4395 tibi
2445 4359 2654 4396 summa
2687 4345 2854 4399 virtus

2095 4433 2289 4498 Pollet,
2321 4437 2471 4503 vigor
2502 4436 2702 4508 inclyte

2068 4525 2407 4580 ‘TunebrOSis
2437 4527 2559 4580 dom
2572 4528 2703 4582 inuri

2089 4619 2282 4673 Turliis
2307 4619 2678 4683 daemoniacis,

2091 4711 2339 4766 Jndit'ure
2366 4726 2562 4767 censor
2584 4715 2695 4767 suis

2089 4800 2348 4854 zuliulum
2379 4816 2499 4855 cum
2530 4801 2756 4870 angelis.

2161 4893 2238 4947 Tu
2269 4894 2438 4962 plebis
2464 4893 2662 4949 Judmae
2692 4896 2861 4963 salus,

2092 4985 2242 5039 C(BIO
2273 4986 2471 5039 missus
2500 4985 2638 5041 lator
2667 5002 2749 5052 es,

2096 5074 2254 5128 Almo
2287 5077 2391 5128 vati
2420 5075 2584 5145 jubar
2616 5078 2792 5133 ferens

2095 5167 2294 5222 Danie'li
2323 5169 2542 5226 oraculo
2570 5189 2580 5224 :

2092 5262 2327 5325 Fortem,
2360 5262 2553 5334 inquit,
2589 5276 2638 5319 te
2669 5266 2869 5322 bellare

2094 5354 2197 5408 l’ro
2228 5354 2367 5410 ﬁdeli
2401 5355 2619 5424 populo.

2167 5451 2293 5506 Inde
2319 5468 2415 5507 nos
2447 5470 2776 5523 quicsumus,
2803 5455 2949 5510 alme

2096 5544 2245 5599 Miles
2276 5548 2444 5600 victor
2474 5548 2702 5619 inclyte:

2099 5640 2302 5693 lixhibe
2328 5641 2536 5694 cunctis
2564 5642 2767 5695 renatis

2096 5731 2245 5785 Nunc
2274 5731 2490 5786 demum
2522 5732 2873 5801 baptismate;
2943 5773 2948 5779 η

2091 5828 2219 5892 Qum
2252 5826 2543 5895 prmstabas
2575 5829 2697 5884 olim
2725 5828 2811 5898 pie

3312 367 3453 424 HN
