3984 6376
166 411 288 468 “i7

1116 408 1599 466 SANCTURALE.
1641 441 1709 451 —
1751 408 1973 465 FESTA
2017 413 2471 472 SEPTLMBRIS.

3313 424 3444 479 1213

161 552 280 590 rum
314 536 621 590 nostrOrutn
671 534 854 587 liberet
888 575 901 597 ,
937 544 989 587 et
1021 533 1114 587 tibi
1148 533 1375 587 Domino
1408 533 1518 586 Deo
1571 545 1753 586 ttuslru
1786 542 1829 587 Α
1861 532 2317 588 bebdonaatlziruui
2346 534 2483 602 dies,
2518 549 2708 603 panem
2756 536 3169 592 desiderabilem
3220 554 3328 594 non
3353 556 3449 596 co-

164 628 366 682 illmsns
398 625 804 696 przeséntet;et
836 625 1008 694 ipsum
1057 640 1272 690 semper
1323 624 1378 678 in
1428 622 1754 692 adjutotinm

164 720 478 781 habeamus,
513 735 669 787 quem
720 719 771 771 in
821 728 910 772 tuo
942 719 1169 773 mouere
1205 719 1548 772 sub'imatum
1591 718 1760 787 agno-

161 813 363 869 scimus
389 832 399 865 :
436 822 492 867 ut
520 811 636 881 ejus
659 811 918 882 sull‘rogio
946 811 1251 867 resistondo
1276 813 1441 877 vitiis,
1471 811 1756 866 lloreftmus

164 906 477 971 virtutibus,
502 918 552 959 et
576 903 826 973 depésito
851 903 1184 969 piaculorum
1216 902 1392 973 elogio
1421 905 1755 972 conscriptos

164 1015 267 1055 nos
313 1000 363 1052 in
414 996 726 1068 perpetuum
760 999 893 1053 liber
922 1001 1042 1052 vita:
1078 998 1295 1054 acterna:
1335 1000 1627 1053 continuem.
1678 999 1713 1066 ti
1738 1036 1752 1051 .

161 1093 358 1147 Amen.
1184 1078 1187 1081 5

234 1185 340 1239 Per
369 1182 797 1238 misericordiam
829 1190 995 1246 tuam,
1033 1182 1170 1237 lleus
1202 1192 1403 1247 noster,
1438 1192 1543 1237 etc.

232 1273 532 1343 Antiphone
559 1275 612 1327 3.
644 1272 808 1329 Positi
828 1281 955 1327 sunt
976 1273 1177 1337 thruni,
1199 1282 1251 1327 et
1277 1271 1530 1338 antiquus
1548 1272 1755 1328 diérum

163 1368 380 1423 scdébit
405 1384 418 1421 :
447 1368 697 1423 vesdtum
730 1369 847 1437 ejus
874 1367 1102 1422 sublime
1132 1386 1143 1421 :
1182 1367 1241 1419 P.
1280 1367 1343 1421 Et
1389 1368 1611 1420 thronus
1643 1366 1759 1437 ejus

159 1462 379 1517 ﬂamma
412 1461 548 1532 ignis
576 1481 586 1514 :
619 1460 785 1515 millia
817 1460 1041 1515 millium
1072 1459 1377 1515 serviebant
1401 1461 1474 1528 ei,
1505 1470 1558 1515 et
1583 1458 1759 1515 decies

158 1553 389 1607 centena
417 1551 581 1606 millia
614 1551 936 1607 assistebant
963 1552 1030 1604 ei.
1074 1552 1105 1619 ᾖ
1133 1592 1144 1603 .
1175 1551 1373 1605 Omnes
1396 1561 1581 1620 gentes
1606 1551 1755 1619 plau-

158 1643 273 1697 dite
298 1642 575 1697 monibus:
603 1642 827 1711 jubilatc
847 1644 956 1697 Deo
975 1643 1026 1696 in
1052 1656 1180 1696 voce
1206 1642 1570 1697 exnltatiénis.
1602 1642 1664 1696 P.
1697 1644 1760 1699 Et

158 1735 389 1791 thronus
411 1733 544 1804 ejus.
570 1736 600 1803 it
629 1774 643 1788 .
662 1733 864 1800 Gloria,
889 1746 941 1790 et
973 1716 1142 1789 honor
1158 1736 1320 1790 Patri.
1340 1734 1406 1788 P.
1424 1738 1490 1791 Et
1513 1738 1758 1792 thronus.

236 1828 441 1881 Orolt'o.
496 1828 721 1884 Dt'imiue
771 1829 910 1884 Deus
963 1829 1336 1898 omnipotens,
1388 1829 1476 1900 qui
1528 1832 1753 1902 Angelos

1865 622 2026 687 medi,
2059 635 2108 678 et
2135 640 2261 678 caro
2289 633 2343 679 et
2364 626 2545 678 vinum
2574 640 2679 679 non
2713 627 3025 683 introierunt
3059 630 3109 683 in
3139 644 3200 684 os
3239 646 3442 697 meum,

1860 716 1952 768 sed
1986 731 2083 771 nec
2110 717 2379 789 nnguéntu
2412 727 2604 772 unctus
2655 733 2811 784 sum;
2847 721 3019 775 donec
3047 724 3447 788 complerentur

1862 806 2020 861 trium
2070 807 2527 861 hebdomadérum
2560 808 2698 863 dies.
2734 808 2830 863 Die
2862 820 3039 864 autem
3087 812 3366 869 vicéssima
3396 827 3450 868 et

1860 898 2044 963 quarta
2082 899 2283 951 mensis
2315 899 2492 967 primi,
2548 913 2694 952 eram
2731 898 2880 966 quIa
2923 899 3141 954 ﬂuvium
3174 917 3446 970 magnum,

1858 988 2054 1057 quiest
2084 988 2281 1058 Tigris.
2329 989 2395 1043 Et
2424 988 2599 1044 levavi
2633 988 2818 1045 oculos
2874 1005 3042 1056 meos,
3103 1002 3157 1046 et
3200 993 3307 1047 vidi
3343 1012 3355 1046 :
3398 1007 3452 1047 et

1859 1096 1984 1135 ecce
2030 1083 2203 1137 virum
2239 1084 2492 1138 vestitum
2542 1083 2720 1148 lineis,
2749 1094 2800 1137 et
2851 1100 3010 1139 renes
3057 1085 3172 1154 ejus
3223 1088 3446 1141 accinc'i

1859 1187 1990 1227 auro
2020 1173 2205 1229 obrizo
2239 1192 2251 1227 :
2285 1184 2340 1229 et
2386 1174 2552 1229 lumbi
2585 1175 2702 1244 (‘jns
2751 1175 2975 1230 acc'ncﬁ
3022 1177 3202 1231 co'ore
3228 1180 3446 1246 Opbatn,

1858 1273 1911 1317 et
1931 1277 2126 1333 corpus
2155 1264 2272 1333 ejus
2302 1267 2449 1334 quasi
2483 1265 2828 1337 erysolithus,
2862 1275 2916 1320 rt
2961 1266 3124 1323 iacies
3164 1268 3281 1337 ejus
3305 1271 3450 1325 velut

1860 1354 2073 1420 stécies
2110 1355 2356 1426 fulguris,
2405 1366 2457 1411 et
2481 1356 2624 1412 oculi
2671 1358 2788 1426 ejus
2813 1368 2869 1412 ut
2900 1360 3105 1429 lampas
3135 1362 3330 1416 ardens
3358 1380 3369 1414 :
3396 1374 3452 1417 et

1861 1445 2079 1501 brachia
2112 1448 2250 1518 ejus,
2277 1457 2331 1503 et
2356 1466 2475 1518 qua:
2506 1460 2658 1505 erant
2687 1450 2939 1505 deorsum
2974 1468 3136 1523 usque
3166 1455 3232 1508 ad
3266 1455 3449 1522 pedes.

1860 1537 2011 1606 quasi
2069 1538 2279 1607 species
2335 1541 2458 1593 acris
2514 1544 2795 1597 candentis
2831 1562 2842 1595 :
2877 1556 2930 1599 et
2969 1561 3071 1599 vox
3137 1550 3447 1602 sermonum

1862 1631 1979 1698 ejus
2005 1641 2061 1684 ut
2090 1645 2185 1685 vox
2215 1632 2597 1688 multitudinis.
2627 1634 2743 1689 Vidi
2767 1646 2945 1691 autem
2970 1653 3067 1707 ego
3094 1638 3278 1695 Daniél
3304 1642 3450 1696 solus

1863 1722 2127 1779 visionem
2164 1742 2175 1776 :
2212 1725 2372 1794 porro
2421 1726 2545 1790 viri,
2575 1727 2664 1797 qui
2697 1737 2852 1782 erant
2883 1745 3113 1795 mecum,
3167 1747 3271 1787 non
3300 1734 3449 1789 vidé-

1865 1822 1989 1868 runt
2038 1833 2049 1867 :
2085 1816 2178 1870 sed
2210 1825 2383 1872 terror
2423 1818 2620 1872 nimius
2664 1821 2817 1874 irruit
2841 1836 3005 1891 super
3055 1839 3170 1889 eos,
3200 1836 3247 1878 et
3282 1825 3451 1894 fugio-

156 1929 320 1983 ωοε,
356 1918 591 1989 ςρίι-ξειις
644 1920 806 1986 facis;
856 1930 909 1975 ει
959 1922 1235 1977 ministros
1288 1934 1435 1988 mos,
1480 1923 1747 1978 ﬂammam
1787 1908 1827 1967 Β
1856 1917 1982 1963 runt
2039 1908 2092 1963 in
2159 1910 2495 1966 abscondito.
2552 1913 2661 1983 Ego
2706 1924 2884 1971 autem
2919 1917 3140 1972 relictus
3170 1918 3317 1974 solus
3342 1919 3448 1972 vidi

156 2011 335 2079 ignis:
366 2009 597 2065 accénde
646 2014 696 2065 in
748 2014 940 2076 nobis,
991 2029 1330 2082 qumsumus,
1376 2017 1550 2083 ignem
1598 2015 1749 2070 illum

154 2098 435 2155 charitAtis
486 2110 590 2155 ωλι»
617 2144 631 2166 ,
662 2117 821 2171 quem
852 2104 988 2157 sacri
1019 2104 1128 2174 oris
1159 2104 1393 2173 alloquio
1426 2105 1748 2161 mittendum

155 2193 410 2263 dignatus
432 2209 492 2249 es
517 2193 755 2263 polliceri
786 2214 797 2247 :
826 2204 880 2250 et
911 2197 988 2250 sie
1013 2197 1063 2249 in
1090 2212 1184 2251 nos
1208 2194 1395 2251 ordeat
1423 2199 1523 2251 lide
1548 2211 1599 2252 et
1622 2198 1753 2268 ope-

158 2301 219 2342 re
245 2303 261 2351 ;
286 2296 360 2349 ut,
387 2286 618 2342 desectis
647 2288 807 2355 vitiis,
836 2288 1077 2357 polorum
1106 2287 1313 2344 civibus
1342 2288 1501 2344 faciat
1526 2292 1745 2347 sociari.

174 2377 218 2446 ἡ
242 2421 253 2430 .
287 2377 473 2433 Amen.

231 2470 337 2524 Per
368 2470 807 2528 misericomiam.

241 2571 322 2633 ιζ.
378 2564 636 2620 Dominus
690 2566 758 2621 de
806 2566 931 2623 Sina
985 2567 1165 2623 véniet
1199 2587 1210 2621 :
1246 2568 1540 2624 descendet
1592 2585 1751 2638 super

161 2667 400 2711 montem
439 2657 670 2725 Pharan,
705 2667 761 2713 et
785 2660 1060 2728 apparebit
1090 2661 1157 2715 ab
1178 2661 1385 2717 oriénte
1409 2679 1422 2715 :
1448 2664 1595 2717 solus
1626 2674 1751 2720 ante

165 2750 314 2803 illum
348 2748 487 2803 vadit
519 2752 846 2819 Angelorutn
874 2752 1161 2817 exercitus,
1198 2764 1250 2808 et
1281 2770 1399 2806 cum
1431 2769 1496 2808 eo
1528 2755 1747 2810 saned-

160 2855 278 2894 rum
315 2839 506 2893 millia.
536 2839 600 2893 P.
633 2841 825 2911 Legem
878 2843 931 2896 in
966 2844 1185 2897 dextera
1219 2856 1468 2911 portans,
1504 2858 1558 2898 ut
1604 2846 1748 2901 acci—

159 2932 308 2998 piant
336 2946 520 2985 omnes
553 2931 618 2985 de
648 2932 895 2987 doctrina
924 2934 1095 2999 ipsius
1127 2952 1139 2987 :
1174 2935 1287 3004 ipse
1337 2935 1572 2990 thalamo
1611 2952 1745 3003 suo,

159 3031 216 3073 ut
273 3036 504 3089 sponsus
550 3023 881 3091 procedens,
937 3025 1091 3094 cujus
1148 3025 1526 3083 benedictione
1571 3030 1747 3086 omnis

156 3124 297 3167 terra
329 3114 632 3169 fructitieat.
677 3116 704 3183 ᾗ
734 3156 745 3168 .
773 3117 1046 3171 Exultavit
1070 3128 1127 3171 ut
1152 3120 1299 3188 gigas
1326 3122 1390 3175 ad
1415 3123 1740 3177 currendum

155 3207 321 3272 viazn,
345 3206 373 3261 ὲ
400 3223 606 3261 summo
635 3210 796 3264 ctelo.
823 3209 877 3264 P.
913 3209 1105 3278 Legem
1140 3212 1189 3264 in
1219 3210 1458 3265 dextera.
1502 3214 1535 3281 ᾗ
1560 3252 1574 3267 .
1610 3212 1742 3267 (ὶΙὸ-

155 3298 331 3362 ria,et
358 3299 527 3355 honor
551 3301 710 3355 Patri.
742 3302 798 3355 P.
829 3306 1021 3371 Legem
1056 3305 1105 3358 in
1137 3304 1388 3359 dextera.

232 3390 437 3444 omne.
483 3392 693 3458 Tuam,
743 3394 1164 3451 clementissime
1213 3395 1411 3462 Pater,
1475 3400 1747 3467 sopplices

153 3485 441 3538 exoremus
464 3486 839 3552 clementiam,
888 3498 940 3541 ut
990 3487 1247 3542 hodierna
1299 3490 1592 3555 solemnia,
1626 3507 1745 3561 qua:

155 3591 250 3643 pro
281 3575 573 3630 beatissimi
605 3577 922 3651 Arcbang'eli
959 3582 1031 3633 tui
1079 3580 1355 3635 Michaelis
1395 3583 1747 3639 veneratiéne

151 3667 490 3735 suscepimus
523 3708 536 3732 ,
593 3668 704 3735 ipse
754 3667 845 3721 tibi
905 3670 1414 3739 contméndeszet,
1470 3674 1608 3728 sicut
1670 3675 1746 3728 illi

153 3758 416 3809 corOnatn
448 3769 648 3811 sanctte
680 3759 1030 3827 peritretit‘mis
1056 3764 1313 3828 tribuisti,
1348 3765 1418 3817 ita
1458 3766 1609 3818 nubis
1632 3766 1748 3836 ejus

155 3848 546 3902 itttert-essiOne
576 3848 814 3903 omnium
866 3851 1186 3905 dtrlictOrum
1218 3851 1425 3908 veniam
1467 3865 1519 3909 et
1571 3857 1748 3911 indul-

152 3936 393 4005 géntiam
431 3940 691 4008 largioris.
729 3942 764 4008 ιῆ
788 3982 800 3994 .
836 3943 1027 3996 Anien.

232 4030 336 4084 Per
370 4033 794 4087 misericordiam
828 4043 991 4088 tuam.

626 4125 826 4198 [cccut]
858 4127 920 4182 In
960 4128 1247 4190 Laudibus.

229 4216 309 4268 Aa
334 4214 626 4271 Cdnticum.
669 4219 987 4291 Antiphoua.
1019 4223 1280 4292 Apparuit
1316 4224 1382 4279 de
1408 4237 1588 4283 monte
1614 4228 1751 4283 Plia-

149 4323 271 4363 ram
306 4307 583 4379 Dominus,
614 4318 809 4366 etcum
840 4328 904 4367 eo
933 4317 1242 4370 sanetdrum
1274 4318 1462 4374 millia.

227 4397 525 4455 Cdnticum.
579 4401 842 4458 Dominus
872 4405 939 4458 de
984 4404 1109 4460 Sina
1161 4408 1357 4465 veniet.
1395 4410 1596 4467 Orotio.
1646 4414 1748 4470 \‘e-

148 4490 306 4546 uisse
338 4501 389 4546 te
413 4491 719 4548 DOminum.
755 4495 940 4561 Quwre
964 4498 1059 4569 fol.
1084 4515 1282 4557 cnxvu.

227 4583 311 4637 Ad
338 4582 660 4640 Benedictus.
694 4589 1008 4656 Antiphone.
1069 4591 1439 4650 Benedicimus
1462 4604 1532 4663 te,
1566 4597 1745 4654 Domi-

147 4688 246 4739 ne,
277 4675 368 4746 qui
395 4678 550 4733 sedes
573 4693 733 4749 super
760 4679 1047 4737 Chérubim
1087 4699 1175 4738 rex
1205 4685 1387 4742 lsraél.

231 4769 524 4824 canticum.
555 4766 873 4828 Benedictus
903 4789 963 4828 es
990 4774 1218 4833 Domine
1241 4779 1402 4845 Deus,
1431 4782 1526 4852 fol.
1559 4784 1613 4837 ϐ.

231 4863 397 4918 Sana.
431 4863 505 4919 ~ln
535 4866 830 4937 conspectu
880 4869 1211 4939 Angelérum
1242 4873 1461 4941 psallam
1492 4877 1606 4941 tibi,
1645 4879 1750 4933 Do-

146 4963 308 5019 mine
334 4961 560 5020 Allelt'tia
616 4983 629 5018 :
694 4966 729 5034 7
756 5006 771 5021 .
828 4965 1079 5023 Adorébo
1107 4969 1173 5023 ad
1214 4971 1475 5038 templum
1507 4986 1749 5029 sanctum

150 5067 336 5119 tuum,
362 5066 417 5111 et
443 5057 735 5113 confitebor
779 5059 898 5124 tibi,
930 5059 1175 5116 Domine.
1217 5063 1463 5119 Alleluia.

227 5144 436 5201 Lauda.
474 5147 710 5205 Laudate
743 5149 1025 5206 Dominum
1050 5154 1118 5207 de
1158 5153 1308 5209 caelis
1335 5155 1560 5210 Alleloia
1595 5174 1607 5211 :
1634 5156 1750 5211 lau-

148 5238 289 5294 dﬁte
316 5254 440 5295 eum
464 5240 517 5294 in
543 5241 777 5296 excelsis
805 5242 1057 5299 Alleluia.
1089 5242 1329 5299 Psalmus
1352 5262 1569 5301 cuvnt.

384 5332 559 5390 Lectio
580 5335 698 5390 libri
728 5336 959 5392 Daniélis
990 5337 1264 5409 PrOpltéta:
1294 5339 1446 5412 (Cap.
1471 5343 1553 5409 ι).

250 5428 291 5495 ἢ
314 5468 328 5482 .
360 5430 467 5484 Deo
482 5482 483 5485 η
498 5431 715 5503 gratias.

233 5520 295 5574 In
323 5519 427 5575 illis
454 5520 643 5577 diebus
672 5542 684 5577 :
722 5527 875 5580 Anno
907 5525 1063 5580 tertio
1094 5523 1217 5595 Cyri
1262 5525 1404 5595 regis
1434 5525 1743 5592 Persarum,

152 5616 387 5673 verbum
439 5618 731 5671 revelatum
774 5626 860 5673 est
887 5617 1093 5673 Dauiéli
1141 5616 1503 5687 cognomento
1535 5620 1751 5675 Baltha-

149 5724 272 5774 επ,
308 5717 363 5763 et
416 5724 601 5765 verum
655 5710 899 5776 verbum,
946 5720 1002 5765 et
1023 5711 1275 5767 fortitudo
1320 5728 1507 5783 magna
1556 5714 1751 5768 :intel-

156 5802 402 5869 Iexltque
453 5802 761 5867 sermonem
816 5819 829 5857 :
875 5802 1226 5874 intelligentia
1259 5804 1402 5859 enim
1432 5812 1513 5858 est
1535 5819 1668 5872 Opus
1701 5804 1750 5857 in

152 5892 390 5953 visidno.
445 5894 500 5953 In
556 5895 746 5951 diebus
797 5897 900 5954 illis
953 5911 1052 5968 ego
1087 5897 1270 5952 Daniel
1305 5897 1547 5968 lugebam
1595 5898 1751 5952 trium

1772 3255 1820 3317 C

1857 2002 2121 2056 visidnem
2171 2003 2427 2073 grandem
2484 2008 2622 2060 hanc
2665 2024 2676 2058 :
2714 2016 2767 2060 et
2816 2024 2919 2061 non
2967 2009 3225 2063 remansit
3277 2011 3329 2066 in
3364 2028 3449 2065 tne

1857 2093 2135 2161 fortitudo,
2165 2097 2259 2153 sed
2291 2107 2345 2151 et
2370 2097 2581 2165 species
2613 2116 2729 2153 mea
2776 2101 3055 2155 immutata
3088 2111 3168 2156 est
3191 2105 3242 2156 in
3267 2118 3371 2165 me,
3396 2111 3449 2155 tt

1855 2186 2113 2252 emarcui,
2149 2202 2247 2243 nec
2278 2188 2436 2243 habui
2471 2190 2753 2257 quicquam
2785 2192 2998 2246 virium.
3063 2194 3124 2246 Et
3147 2192 3323 2246 audivi
3356 2210 3445 2245 \o~

1853 2292 1970 2333 cem
1993 2280 2300 2334 sermonum
2324 2281 2438 2351 ejus
2457 2299 2467 2333 :
2485 2294 2535 2335 et
2559 2282 2784 2337 audiens
2800 2284 3047 2353 jacebam
3071 2287 3447 2341 Consternatus

1854 2382 2015 2441 super
2032 2370 2221 2426 faciem
2245 2389 2444 2441 meatu,
2494 2376 2776 2444 vnltt'tsque
2803 2391 2954 2432 meus
2978 2378 3058 2431 hae
3090 2378 3213 2432 ébat
3264 2389 3442 2433 terra‘.

1856 2462 1920 2516 Et
1946 2478 2071 2519 ecce
2103 2479 2292 2519 manus
2324 2467 2498 2535 tetigit
2531 2484 2635 2536 me,
2684 2479 2738 2523 et
2765 2469 2941 2523 erexit
2969 2485 3054 2524 me
3084 2486 3247 2539 super
3267 2472 3443 2539 génua

1854 2567 1998 2621 mea,
2047 2563 2102 2611 et
2129 2570 2292 2625 super
2320 2558 2577 2613 articulos
2627 2560 2883 2614 monuum
2910 2561 3174 2615 meorum.
3228 2564 3449 2617 Etdixit

1853 2646 1919 2700 ad
1971 2662 2101 2703 me:
2137 2648 2326 2704 Daniél
2374 2652 2455 2703 vir
2507 2651 2924 2715 desideriorum,
2986 2653 3226 2724 int‘éllige
3285 2656 3443 2707 verba

1854 2755 1996 2806 mea,
2028 2756 2147 2811 qua:
2191 2741 2383 2811 loquor
2438 2743 2502 2795 ad
2557 2752 2626 2807 te,
2665 2753 2715 2795 tt
2746 2754 2824 2801 sta
2880 2745 2930 2797 in
2955 2744 3120 2813 gradu
3146 2755 3235 2797 tuo
3265 2762 3275 2796 :
3308 2762 3448 2799 tmnc

1853 2848 1985 2903 ergo
2017 2825 2211 2887 missus
2236 2850 2352 2889 sum
2401 2835 2464 2888 ad
2497 2846 2567 2889 te.
2627 2835 2872 2904 (lituique
2920 2836 3135 2890 dixisset
3167 2834 3297 2889 mihi
3328 2851 3446 2890 ser-

1853 2925 2066 2978 mOnem
2123 2926 2307 2987 istum,
2362 2926 2485 2980 steti
2539 2935 2797 2980 tremens.
2848 2927 2913 2980 Et
2961 2926 3035 2979 ait
3079 2927 3143 2982 ad
3174 2943 3294 2981 me:
3329 2927 3446 2981 Noli

1854 3015 2041 3071 timere
2070 3014 2254 3069 Daniel
2284 3034 2298 3069 :
2325 3018 2446 3084 quia
2496 3031 2561 3071 ex
2594 3018 2684 3071 die
2710 3018 2904 3085 primo,
2936 3033 3039 3087 quo
3084 3019 3303 3085 posuiSti
3353 3033 3448 3071 cor

1854 3116 2001 3162 tuum
2026 3106 2089 3162 ad
2122 3106 2531 3174 intelligendum
2586 3116 2639 3160 ut
2670 3116 2721 3161 te
2768 3108 3033 3176 afﬂigeres
3073 3108 3125 3161 in
3154 3107 3444 3176 conspectu

1854 3199 2063 3262 Domini
2121 3200 2210 3253 Dei
2272 3200 2370 3264 tui,
2420 3200 2666 3254 exaudita
2699 3202 2821 3255 sunt
2858 3201 3020 3254 veiba
3080 3214 3206 3255 tua:
3243 3213 3291 3255 et
3344 3217 3445 3271 ego

1858 3292 1977 3346 veni
2009 3301 2224 3360 propter
2270 3289 2548 3345 sermonis
2582 3303 2719 3346 tuus.
2766 3289 3018 3360 Princeps
3064 3305 3241 3347 autem
3292 3294 3446 3362 regii

1854 3382 2135 3439 PersArum
2163 3381 2362 3437 restitit
2390 3383 2519 3436 mihi
2552 3383 2734 3453 viginti
2766 3394 2819 3436 et
2852 3398 2955 3438 uno
2979 3384 3170 3439 diebus
3205 3403 3215 3436 :
3244 3393 3298 3437 et
3319 3400 3446 3438 ecce

1851 3473 2074 3529 Michael
2129 3490 2266 3529 unus
2314 3475 2380 3528 de
2407 3473 2737 3543 principibus
2766 3475 2953 3544 primis
2979 3476 3122 3529 venit
3156 3476 3205 3531 in
3235 3475 3446 3542 adjuto-

1853 3569 1989 3623 rium
2040 3583 2240 3633 meum,
2273 3578 2328 3622 et
2356 3583 2454 3637 ego
2486 3568 2717 3621 remansi
2750 3569 2818 3621 ibi
2844 3568 2992 3636 juxta
3029 3585 3209 3639 regem
3263 3570 3447 3623 Persa.

1854 3677 1971 3715 rum
2006 3677 2017 3712 :
2054 3660 2177 3714 veni
2217 3669 2274 3713 ut
2302 3659 2552 3715 dOtérem
2584 3668 2656 3726 te,
2690 3674 2808 3728 qua:
2839 3662 3064 3712 ventura
3095 3670 3217 3712 sunt
3250 3658 3446 3727 popqu

1853 3762 1946 3807 tuo
1998 3754 2049 3807 in
2098 3752 2404 3807 novissimis
2461 3752 2673 3816 diebus,
2725 3746 2977 3820 quoniam
3037 3752 3208 3804 adhuc
3235 3753 3446 3807 visitine

1852 3846 2082 3916 iudtges.
2116 3844 2358 3914 Cumque
2388 3845 2699 3914 loqueretur
2748 3845 2879 3898 ntibi
2918 3844 3290 3914 hujuscemodi
3323 3860 3445 3897 ver-

1855 3936 1960 4003 bis,
1989 3936 2162 4007 dejéei
2193 3938 2399 3991 vultum
2430 3953 2606 3992 meum
2653 3938 2703 3991 in
2731 3949 2892 4003 terra,
2941 3947 2994 3991 et
3029 3936 3190 3990 tocui.
3233 3939 3297 3990 Et
3321 3951 3448 3990 ecce

1852 4029 2005 4097 quasi
2048 4025 2345 4083 similitudo
2394 4026 2489 4082 lilii
2523 4027 2757 4082 hominis
2808 4027 2980 4097 tétigit
3027 4027 3164 4081 labia
3199 4042 3315 4079 mea
3351 4037 3445 4079 :et.

1851 4119 2059 4188 apéruit
2109 4136 2171 4175 os
2201 4135 2402 4183 meum,
2433 4131 2487 4174 et
2528 4122 2736 4175 locutus
2775 4135 2916 4187 sum,
2969 4131 3021 4175 et
3051 4121 3158 4173 dixi
3212 4120 3277 4171 ad
3311 4135 3431 4173 eum

1851 4212 1940 4280 qui
1971 4211 2147 4265 stabat
2176 4221 2362 4265 contra
2391 4226 2519 4263 me:
2573 4210 2796 4265 Domine
2848 4212 2944 4273 mi,
2998 4212 3047 4263 in
3095 4211 3304 4263 visione
3346 4221 3437 4264 tua

1852 4301 2126 4356 dissoluta:
2157 4312 2285 4355 sunt
2305 4300 2592 4370 compages
2615 4318 2771 4365 mea),
2795 4311 2848 4354 et
2880 4301 3011 4354 nihil
3043 4303 3092 4354 in
3122 4315 3204 4354 tne
3236 4300 3439 4353 reman-

1852 4396 1922 4449 sit
1952 4376 2167 4447 virium.
2198 4393 2263 4450 Et
2310 4392 2580 4464 quomodo
2621 4400 2797 4463 potest
2843 4407 3030 4447 servus
3064 4392 3269 4447 Domini
3329 4394 3435 4448 mei

1852 4488 1991 4559 loqui
2050 4503 2170 4542 cum
2208 4486 2433 4542 Domino
2484 4487 2647 4541 meo?
2702 4486 2831 4540 nihil
2883 4487 2934 4540 in
2963 4502 3047 4541 me
3079 4485 3334 4540 remansit
3363 4488 3440 4542 vi-

1855 4582 2013 4649 rium,
2040 4581 2134 4637 sed
2188 4580 2384 4635 halitus
2413 4579 2978 4635 meusinteieluditur.
3028 4579 3257 4634 Rursum
3310 4595 3439 4649 ergo

1858 4672 2033 4741 létigit
2055 4687 2141 4725 me
2183 4671 2334 4742 quasi
2363 4670 2497 4724 visio
2528 4669 2781 4732 hominis,
2811 4679 2865 4724 et
2903 4669 3222 4725 ουηῐυτιῖινίι
3251 4686 3356 4738 me,
3389 4681 3442 4724 et

1853 4766 1989 4821 dixit
2017 4784 2028 4818 :
2063 4766 2179 4821 Noli
2214 4765 2400 4819 timére
2433 4768 2515 4817 vir
2542 4762 2935 4817 dcsideridrutn
2966 4780 2976 4816 :
3014 4780 3111 4831 pax
3148 4763 3236 4816 tibi
3268 4781 3279 4815 :
3314 4778 3443 4817 con-

1856 4860 2072 4925 fortare,
2109 4868 2163 4913 et
2192 4870 2309 4915 esto
2355 4858 2629 4914 robustus.
2678 4855 2921 4928 Citmque
2977 4858 3286 4925 loqueretur
3330 4872 3440 4909 me-

1853 4966 1996 5015 cum,
2022 4949 2291 5015 convalui,
2345 4959 2400 5004 et
2427 4948 2535 5001 dixi
2573 4967 2584 5001 :
2614 4947 2861 5018 Loquere
2917 4948 3142 5003 Domine
3191 4949 3284 5014 mi,
3315 4949 3435 5017 quia

1856 5042 2167 5099 confortasti
2193 5057 2299 5098 me.
2334 5043 2399 5096 Et
2423 5044 2497 5096 ait
2528 5063 2538 5095 :
2571 5042 2833 5114 Numquid
2867 5046 2973 5098 scis
3002 5058 3167 5112 quare
3199 5040 3437 5095 véaerim

1854 5139 1919 5193 ad
1957 5138 2043 5194 te?
2074 5147 2129 5193 et
2160 5152 2299 5191 nunc
2328 5136 2570 5193 revertar
2600 5147 2657 5193 ut
2706 5138 2918 5208 prtelier
2956 5135 3212 5190 adversus
3238 5134 3442 5203 princi-

1857 5248 1976 5303 pem
2001 5232 2288 5288 Persérum
2316 5248 2329 5284 :
2353 5231 2476 5285 cum
2508 5232 2652 5286 enim
2700 5230 3004 5301 egréderer,
3034 5228 3281 5297 apparuit
3304 5228 3443 5296 prin-

1855 5342 1982 5396 ceps
2033 5324 2343 5381 Grchrum
2386 5324 2628 5380 véniens.
2679 5324 3059 5377 Veromtameu
3105 5319 3443 5373 anunnciaho

1858 5424 1953 5479 tibi
1984 5422 2123 5490 quod
2146 5422 2463 5492 expressum
2487 5431 2569 5475 cst
2592 5420 2644 5473 in
2673 5417 2935 5486 scriptura
2964 5414 3203 5470 veritAtis
3232 5428 3247 5468 :
3276 5424 3328 5467 et
3352 5428 3437 5466 uer

1856 5534 1945 5573 mo
1973 5526 2057 5572 est
2085 5516 2298 5586 adjutor
2324 5531 2474 5570 meus
2516 5517 2565 5568 in
2607 5512 2858 5567 omnibus
2909 5511 3014 5577 bis,
3077 5512 3179 5565 nisi
3212 5509 3441 5563 Mcbaél

1858 5612 2107 5683 princeps
2138 5621 2311 5665 vester
2366 5610 2519 5681 (Cap.
2553 5608 2655 5678 χι).
2694 5608 2805 5677 Ego
2834 5616 3013 5661 autem
3043 5608 3110 5660 ab
3158 5619 3300 5660 anno
3331 5604 3442 5673 pri-

1859 5719 1947 5760 mo
1988 5703 2128 5758 Darii
2176 5702 2313 5758 Medi
2355 5701 2563 5756 stabam
2597 5708 2652 5754 ut
2683 5699 3077 5755 concitaretur
3114 5708 3169 5753 et
3222 5698 3445 5753 robora-

1859 5796 2024 5851 rétur.
2060 5796 2121 5849 Et
2178 5809 2322 5849 nunc
2353 5793 2631 5848 veritatem
2690 5793 2958 5847 annum-iu
2991 5792 3085 5846 tibi
3117 5791 3270 5860 (Cap.
3324 5792 3443 5859 χιι).

1865 5895 1917 5948 ln
1952 5894 2192 5963 tempore
2249 5900 2425 5948 autem
2479 5891 2569 5948 illo
2623 5891 2907 5960 consurget
2942 5888 3162 5944 Michael
3198 5888 3446 5956 princeps
