3984 6376
609 378 746 432 lilii
1844 368 2269 427 BBEVIANUH
2307 370 2682 429 GOTIIICUM.
3662 373 3763 433 lii.

606 502 855 556 magnus,
899 488 988 555 qui
1040 495 1149 539 stat
1181 499 1281 555 pro
1344 485 1467 539 [iliis
1498 484 1679 554 populi
1737 487 1811 539 tui
1872 504 1883 536 :
1918 494 1971 538 et
2002 483 2183 540 véniet
2220 494 2259 541 Λ
2644 487 2745 542 Isto
2765 499 2974 554 semper
3002 495 3085 542 est
3112 490 3389 558 protector,

612 588 822 646 tempus
848 578 1004 645 quale
1043 592 1330 647 numquam
1373 575 1470 631 fuit
1498 577 1563 631 ab
1593 592 1660 633 eo
1689 592 1794 647 quo
1840 585 2027 646 gentes
2068 590 2190 630 esse
2587 578 2645 631 lit
2671 577 2919 633 delénsor
2939 578 3176 634 Omnium
3213 599 3227 635 :

609 664 888 733 creperum
921 680 1090 733 usque
1115 665 1181 718 ad
1206 675 1415 734 tempus
1448 664 1603 719 illud.
1654 663 1721 717 Et
1753 664 1804 715 in
1834 662 2076 731 tempore
2099 662 2190 715 illo
2581 668 2644 721 Ut
2668 670 2980 723 cuncldrum
3016 672 3273 738 postulata

609 753 904 807 salvabitur
951 754 1184 823 pupulas
1214 766 1356 823 tuus,
1404 756 1580 810 omnis
1610 756 1698 824 qui
1731 753 1978 808 inventus
2030 753 2191 807 luerit
2568 761 2703 829 Regi
2738 761 2847 816 Deo
2875 760 3089 825 ouerat;

612 847 666 899 in
701 846 835 900 libro
887 846 1139 914 scriptus.
1174 847 1239 900 Et
1266 848 1416 901 multi
1445 848 1511 900 de
1542 846 1626 900 his
1651 848 1742 914 qui
1773 845 2107 899 dormierunt
2137 845 2189 896 in
2582 850 2648 904 Et
2677 854 2743 903 at;
2774 852 2862 904 illo
2892 852 3214 907 destinatam

612 948 770 992 terra:
794 938 1036 1006 pulvere,
1067 939 1392 1007 evigilabunt
1428 955 1438 989 :
1472 939 1559 991 alii
1591 940 1641 993 in
1686 940 1846 993 vitam
1899 938 2187 999 mtérnant;
2582 941 2725 995 Plebi
2759 953 2976 1011 praistet
3001 944 3245 1011 gratiam.

618 1028 706 1081 alii
736 1028 1085 1099 opprébrium
1116 1038 1173 1083 ιιι
1203 1030 1411 1084 videant
1437 1046 1670 1099 semper.
1704 1032 1804 1096 Qui
1838 1038 2013 1084 autem
2047 1029 2187 1082 docti
2653 1036 2837 1105 Magna
2868 1037 3131 1105 siquidem
3162 1048 3241 1091 est
3281 1039 3373 1093 ista

613 1120 835 1184 luerim,
896 1120 1171 1189 lulgébunt
1219 1122 1368 1190 quasi
1423 1121 1677 1190 Splendor
1735 1120 2052 1175 lirmanicnti
2089 1138 2100 1173 :
2138 1129 2189 1173 et
2582 1124 2671 1176 ι)μὶ
2704 1124 2986 1189 festivitas,

612 1210 705 1279 qui
732 1213 796 1265 ad
817 1212 1074 1281 juSIitiam
1108 1211 1300 1283 [cccw]
1329 1215 1583 1268 erudiunt
1631 1215 1850 1278 multus,
1886 1215 2037 1282 quasi
2066 1215 2188 1268 stel-
2584 1215 2749 1284 llujus
2780 1218 2909 1270 alnii
2943 1218 3265 1289 Arehi‘tngeli

624 1302 688 1357 ιω
718 1302 770 1356 in
801 1303 1076 1370 perpetuas
1104 1306 1457 1357 aeternitatus.
1492 1305 1566 1357 'l’u
1587 1314 1762 1357 autem
1788 1304 1974 1359 Daniel
2005 1305 2191 1359 claude
2579 1306 2847 1361 Michaelis
2871 1308 3056 1362 Nt’ineii
3081 1328 3094 1375 ;

532 1402 537 1407 '
615 1392 940 1457 serménem,
974 1405 1026 1446 et
1054 1395 1201 1462 signa
1234 1395 1423 1447 librum
1476 1412 1642 1465 usque
1689 1397 1755 1449 ad
1793 1406 1999 1465 tempus
2025 1399 2192 1450 statu-
2580 1404 2745 1465 Quam
2780 1416 2878 1454 nos
2902 1402 3173 1457 celebrare
3195 1404 3404 1472 opirtet

617 1494 727 1539 tum
763 1502 774 1535 :
811 1488 1210 1552 pertransibunt
1242 1488 1474 1554 plurimi,
1506 1500 1559 1542 et
1588 1489 1863 1559 multiplex
1891 1492 1991 1543 erit
2019 1490 2193 1545 scién-
2584 1492 2970 1562 Susciperéque
3005 1494 3229 1557 devété;

614 1576 705 1630 tia.
737 1576 805 1630 Et
853 1576 957 1629 vidi
1012 1593 1111 1647 ego
1166 1578 1374 1644 Diuiiél,
1404 1588 1460 1633 et
1486 1597 1610 1635 ecce
1641 1582 1790 1649 quasi
1816 1582 1922 1635 duo
1950 1582 2054 1636 albi
2079 1592 2191 1635 sta-
2647 1584 2713 1639 Ut
2739 1600 2805 1639 ex
2828 1586 2943 1654 ejus
2974 1587 3261 1656 impetratu

614 1668 762 1732 bant,
794 1685 931 1723 unus
963 1670 1083 1723 hinc
1113 1687 1275 1740 super
1304 1676 1470 1741 ripam
1516 1674 1771 1739 ﬂuminis,
1800 1686 1853 1731 et
1899 1677 2034 1730 alius
2072 1678 2192 1730 inde
2576 1674 2873 1730 Mereamur
2899 1676 3138 1731 omnium

612 1778 675 1815 ex
706 1762 870 1817 altera
900 1765 1013 1833 ripa
1067 1766 1321 1820 lluiiiinis.
1378 1769 1441 1822 Et
1487 1769 1595 1823 dixi
1646 1772 1783 1835 viro,
1827 1772 1915 1840 qui
1973 1771 2187 1825 indutus
2585 1767 2836 1820 υιιιίηέτε
2868 1771 3005 1835 θυιιά
3038 1772 3201 1824 Deum

613 1866 729 1907 erat
750 1854 928 1918 lineis,
963 1858 1051 1924 qni
1100 1859 1274 1911 Stabat
1304 1874 1465 1927 super
1492 1875 1656 1928 aquas
1681 1861 1912 1916 [luminis
1947 1880 1957 1914 :
1987 1862 2187 1932 Usque-
2220 1844 2266 1902 Β
2585 1855 2802 1911 Veniam
2827 1859 3188 1927 peccaminum
3221 1880 3231 1913 :

610 1945 714 2013 quo
745 1947 865 1999 linis
896 1949 1083 2000 borum
1131 1948 1489 2004 mirabilium?
1545 1953 1609 2005 Et
1638 1954 1812 2007 audivi
1871 1956 2066 2018 virum,
2099 1958 2186 2023 qui
2581 1950 2645 2003 Ει
2676 1951 2845 2006 ὺθίὶιίε
2872 1954 2991 2007 Vita:
3016 1970 3181 2025 regno

611 2035 829 2091 indutus
862 2049 979 2092 erat
1006 2040 1181 2105 lineis,
1232 2043 1319 2109 qui
1346 2045 1519 2096 stabat
1552 2057 1712 2112 super
1734 2058 1898 2112 aquas
1930 2045 2184 2109 ﬂuit-iiiis,
2583 2044 2787 2099 l'érl‘rui
2820 2059 2938 2116 post
2966 2048 3266 2104 transitum.

612 2126 733 2179 cum
766 2128 996 2182 levasset
1023 2130 1295 2185 dexteram
1335 2143 1389 2186 et
1412 2134 1679 2188 sinistram
1710 2151 1861 2190 suam
1893 2138 1945 2189 in
1970 2136 2183 2201 malum,
2647 2135 2785 2191 Laus
2819 2139 2908 2193 tibi
2948 2156 3040 2206 per
3060 2156 3223 2198 omne
3253 2152 3453 2216 tempus

609 2230 661 2271 et
687 2219 921 2286 juraseet
951 2236 1044 2289 per
1089 2223 1348 2278 viventem
1382 2226 1434 2279 in
1478 2227 1762 2292 aeternum,
1820 2228 1942 2297 quia
1969 2228 2021 2281 in
2053 2239 2187 2283 tem-
2576 2227 2813 2282 Trinitas
2846 2230 3157 2287 indiﬂ‘erens
3192 2252 3203 2285 :

614 2327 709 2375 pus
739 2313 1059 2380 témpounn,
1096 2325 1149 2369 et
1177 2315 1455 2370 dimidium
1491 2318 1763 2386 temporis.
1794 2320 1859 2373 Et
1883 2320 2002 2373 cum
2032 2334 2183 2388 eom-
2581 2316 2692 2371 Una
2724 2319 2885 2383 Patri,
2932 2322 3195 2392 Filiiique.

564 2416 569 2423 ‘
614 2405 750 2471 p'eta
799 2406 957 2458 fuerit
1009 2406 1274 2474 dispérsiu
1308 2424 1498 2463 manus
1530 2408 1731 2478 pepuli,
1776 2412 2186 2477 complebt'intur
2577 2410 2777 2481 Inclyto
2828 2413 3126 2481 Pat'aclito;

616 2495 862 2550 universa
912 2500 1046 2553 inec.
1108 2500 1173 2552 Et
1200 2515 1297 2569 ego
1327 2502 1525 2566 audivi,
1556 2513 1609 2555 et
1656 2517 1760 2557 non
1808 2502 2068 2557 intellexi.
2121 2502 2188 2555 Et
2574 2500 2738 2572 Cujus
2764 2505 2895 2569 laus,
2930 2519 2983 2561 et
3013 2508 3252 2576 potéstas

610 2585 720 2639 dixi
754 2603 763 2638 :
799 2588 1021 2643 Doimne
1060 2592 1157 2657 mi,
1180 2593 1305 2659 quid
1338 2594 1434 2646 erit
1463 2604 1584 2663 post
1625 2594 1772 2647 hree?
1802 2605 1856 2649 et
1894 2596 1969 2648 ait
1998 2613 2009 2647 :
2046 2594 2187 2650 Vade
2576 2590 2677 2647 Per
2721 2595 2920 2649 a'lérna
2950 2599 3161 2652 smcula.

611 2676 818 2740 Daniel,
877 2695 1044 2749 usque
1092 2682 1158 2734 ad
1192 2691 1399 2751 tempus
1442 2684 1781 2752 praeﬁnitum.
1811 2687 2105 2757 Eligéntur,
2133 2698 2187 2743 et
2647 2687 2837 2741 Amen.

610 2768 1019 2836 dealbabuntur,
1050 2780 1103 2825 et
1133 2775 1283 2841 quasi
1331 2775 1464 2843 ignis
1492 2776 1856 2844 probabuntur
1906 2777 2053 2831 multi
2088 2796 2099 2831 :
2133 2789 2183 2833 et

2133 2789 2187 2833 ει
2361 2774 2704 2844 Supplicdtio.
2740 2779 2974 2835 Oremus
3004 2784 3439 2854 Redeinptorem,
3466 2796 3513 2840 ut
3543 2791 3679 2857 supra.

610 2858 776 2927 impie
821 2870 978 2929 :ogcnt
1009 2861 1178 2929 impii,
1229 2880 1400 2933 neque
1452 2866 1749 2937 intelligent
1796 2884 1981 2923 omnes
2014 2870 2180 2938 impii,
2363 2861 2617 2933 (Ζαρίιυιαι
2650 2866 2694 2920 0
2734 2868 2824 2921 Ill!
2871 2870 3115 2934 mminit.
3165 2874 3420 2943 splendor
3469 2876 3767 2939 ineulrﬁ'lbilisi

612 2952 771 3020 porro
820 2954 957 3005 docti
994 2955 1304 3026 intelligent.
1357 2962 1425 3011 Et
1471 2960 1501 3011 ὲ
1530 2959 1770 3029 tempore
1799 2961 1919 3016 cum
1951 2963 2181 3017 ablatum

2286 2952 2501 3010 Christe
2532 2956 2689 3021 Deus,
2722 2959 3006 3031 sapientia,
3048 2964 3242 3035 virtus,
3274 2978 3326 3021 et
3354 2967 3511 3037 gleria
3537 2967 3686 3031 Patris,
3705 2971 3761 3036 qui

612 3044 771 3098 fuerit
811 3043 939 3115 juge
965 3049 1308 3115 sacriﬁcium,
1362 3062 1415 3105 et
1444 3052 1613 3119 posita
1667 3055 1825 3110 luerit
1854 3058 2181 3113 abutninittio
2289 3051 2340 3105 in
2389 3052 2491 3106 hoc
2542 3055 2740 3110 mundo
2772 3056 2974 3111 visibus
3017 3057 3263 3115 Omnium
3312 3062 3577 3132 apparuisti
3602 3066 3642 3116 in
3663 3076 3770 3117 carne

612 3137 664 3189 in
696 3138 1102 3206 desolationem,
1137 3142 1252 3198 dies
1285 3145 1430 3199 inille
1462 3147 1672 3202 ducenti
1706 3153 2013 3220 nonaginta.
2050 3152 2179 3206 Bea-

2212 3201 2259 3223 η
2290 3142 2437 3197 sidus
2468 3145 2675 3212 salutis,
2710 3157 2764 3202 et
2809 3150 3081 3205 debellato
3129 3155 3375 3223 principe
3404 3156 3701 3213 tenebrarum,
3726 3154 3766 3204 ad

615 3233 720 3290 tus,
751 3229 839 3295 qui
890 3228 1163 3297 expectat,
1222 3242 1274 3285 et
1328 3233 1572 3302 pervenit
1602 3253 1767 3307 usque
1797 3241 1863 3294 ad
1894 3242 2009 3295 dies
2039 3242 2184 3298 niille

2211 3228 2260 3266 υ
2294 3238 2522 3305 superos
2547 3239 2796 3294 remeasti
2829 3240 3061 3297 Verbum
3093 3261 3221 3300 caro
3252 3246 3474 3311 factum;
3505 3250 3648 3315 priebe
3669 3244 3769 3297 nobis

612 3319 880 3374 trecentos
926 3331 979 3375 et
1028 3322 1242 3391 triginta
1270 3337 1324 3379 et
1348 3327 1607 3398 quinque.
1658 3332 1735 3385 Tu
1759 3344 1933 3387 autem
1965 3336 2098 3390 vade
2118 3335 2185 3391 ad
2290 3332 2622 3398 supplicibus
2651 3334 2754 3387 tuis
2786 3335 2837 3389 in
2866 3334 3023 3406 hujus
3052 3340 3238 3394 saeculi
3267 3341 3570 3395 obscuritate
3589 3337 3766 3407 splendi-

612 3409 976 3475 pra-ﬁnitum:
1028 3424 1080 3466 et
1130 3416 1457 3484 requiésees,
1484 3430 1538 3475 et
1566 3422 1731 3478 stabis
1755 3426 1807 3478 in
1848 3438 1993 3483 sorte
2019 3437 2105 3483 tua
2132 3428 2185 3483 in
2292 3420 2367 3475 ris
2398 3422 2471 3475 ιυί
2500 3424 2921 3491 profusissima!“
2950 3428 3253 3483 claritatem
3289 3428 3771 3495 :consliluenobisw-

613 3500 717 3553 line
748 3501 974 3556 diéruni.
1038 3505 1072 3571 ιῖι
1097 3544 1110 3558 .
1144 3507 1336 3562 Amen.
2294 3517 2505 3569 trtinum
2530 3517 2612 3570 vel
2646 3518 2981 3574 delensérem
3009 3536 3279 3578 summum
3334 3523 3568 3593 Angelum
3608 3518 3772 3574 Michae-

1272 3597 1531 3669 Hymnus.
2293 3606 2418 3669 lem,
2464 3608 2553 3675 qui
2602 3609 2877 3665 introitum
2936 3626 3202 3680 nostrum,
3258 3618 3547 3686 exitumque
3568 3612 3774 3674 custodiat,

962 3685 1213 3756 Prompla
1254 3702 1441 3745 cuncta
1468 3693 1756 3751 Cathélicre
2292 3711 2346 3753 et
2397 3703 2447 3754 in
2506 3702 2746 3758 do’xterae
2801 3718 2906 3760 tuze
2962 3718 3166 3778 partem
3227 3726 3324 3766 nos
3374 3713 3676 3765 coronauirus
3717 3703 3778 3755 ad-

891 3776 1047 3831 Plebs
1071 3780 1299 3833 alumna:
1320 3781 1531 3853 glerire,
2297 3800 2499 3847 mittas.
3252 3786 3259 3791 ’

898 3865 1028 3919 Vota
1060 3869 1217 3923 simul
1245 3871 1515 3940 exhibete,
2368 3884 2524 3938 Pater
2554 3895 2755 3940 noster.
2788 3886 3023 3943 Liberati
3056 3890 3085 3944 ἐι
3127 3892 3293 3947 malo.
3322 3894 3412 3963 fol.
3442 3893 3488 3945 2.

888 3955 953 4010 Ει
979 3956 1202 4012 crimina
1238 3961 1485 4030 pandite;
2369 3975 2574 4030 Lauda.
2606 3977 2862 4031 Duminus
2890 3980 2941 4033 in
2973 3983 3135 4038 caelo.

899 4047 963 4101 Ut
985 4053 1297 4106 cunctérutn
1322 4067 1508 4111 auctor
1524 4062 1761 4117 clemens
2369 4066 2679 4123 Benedictio.
2711 4070 2956 4127 Christus
2984 4073 3078 4129 Dei
3110 4074 3300 4130 Filius.
3329 4076 3500 4143 oluere
3543 4076 3587 4127 in
3622 4068 3781 4138 νὰνσίσ

894 4138 1110 4193 Cunctis
1140 4153 1358 4210 przestet
1380 4148 1634 4213 priestila.
2299 4159 2697 4225 pracedéntt'bus

972 4230 1191 4286 Michael
1219 4232 1415 4289 étenint
1447 4238 1538 4294 ille
2928 4255 3033 4311 DIE
3072 4256 3245 4313 XXX.

804 4366 809 4371 .
900 4321 1229 4379 Sublimitus
1260 4327 1502 4396 numine,

901 4414 1048 4468 Aula:
1078 4414 1200 4470 caali
1227 4422 1544 4487 conspicuus

901 4506 1105 4570 Amori.
1137 4512 1331 4562 summi
1364 4512 1457 4565 Dei

894 4592 1148 4663 Princeps
1170 4599 1491 4666 Angelarum
1527 4603 1714 4674 lactus,

897 4684 1189 4755 Celsusque
1219 4691 1499 4746 vocabulo.

963 4776 1127 4848 Cujus
1156 4798 1347 4838 nomen
1376 4804 1439 4841 ex
1465 4792 1682 4861 virtute,

895 4866 960 4921 Et
981 4884 1113 4937 opus
1141 4889 1207 4926 ex
1233 4877 1453 4932 munero

895 4958 979 5012 Ab
1013 4963 1402 5033 Omnipoténtis
1426 4988 1583 5029 manu

895 5044 1139 5106 Obtinuit
1165 5056 1514 5126 servandum;

894 5139 964 5194 Ut
989 5141 1040 5196 in
1069 5143 1178 5200 Deo
1204 5148 1462 5217 glorietur

901 5233 1035 5289 Ciim
1062 5236 1225 5293 sociis
1252 5241 1615 5304 consortibus.

972 5324 1224 5382 Summus
1244 5329 1455 5388 Domini
1482 5345 1564 5390 est
1592 5335 1693 5394 iste

900 5412 1117 5484 Magnus
1148 5416 1320 5475 factus
1344 5425 1586 5491 nuncius,

897 5506 997 5573 Qui
1040 5517 1232 5566 tetrum
1265 5514 1410 5569 illum
1437 5518 1757 5579 horrendum

894 5598 1265 5671 Refugt‘imque
1291 5606 1563 5678 angelum,

903 5690 1230 5749 Debellando
1279 5701 1602 5768 precipitem

900 5778 1167 5838 Demersit
1193 5784 1245 5840 in
1277 5787 1457 5847 erebo.

2479 4360 2528 4399 IN
2570 4361 2729 4402 τιετο
2768 4362 2953 4405 εΑΜῑτι
2994 4367 3283 4407 ιιιειιοιιγιιι
3325 4366 3634 4408 PRESBYTERI.

2377 4436 2560 4491 Omnia
2592 4441 2826 4495 dictitatur
2879 4445 3030 4497 unius
3067 4444 3384 4517 Confesslris
3435 4464 3528 4501 non
3570 4440 3781 4509 Pontiﬁcis.

2226 4562 2280 4621 ο
2303 4545 2520 4597 eumn,
2550 4536 2755 4603 exrépto

2960 4626 3193 4696 Hymno.

2583 4714 2823 4771 Christus
2852 4727 2936 4771 est
2967 4718 3156 4787 virtus,
3193 4720 3364 4775 Patris
3391 4720 3627 4790 sapientia

2505 4806 2745 4877 Cunctis,
2779 4826 2913 4880 quos
2953 4813 3122 4880 replet
3147 4816 3247 4884 spii
3265 4816 3412 4870 ituali
3438 4815 3608 4885 gratia.

2505 4901 2681 4975 [θεον]
2715 4903 2777 4958 Ut
2808 4906 3007 4972 possint
3037 4909 3199 4976 probe
3220 4909 3450 4982 dirigere
3490 4905 3749 4969 normulami

2506 4991 2571 5043 Et
2601 4993 2964 5059 proximdrutn
2994 4994 3283 5052 inlustrére
3304 5000 3466 5067 opaca
3492 5015 3505 5051 :

2508 5079 2574 5133 Ut
2595 5080 2753 5149 digne
2779 5093 2976 5151 queant
3006 5083 3109 5139 frui
3139 5087 3468 5143 eteléstibus.

2574 5173 2740 5239 Ipsius
2765 5173 2906 5226 dono
2935 5174 3181 5240 perﬂatus
3203 5178 3450 5249 egregius

2505 5262 2642 5316 Olim
2670 5265 2754 5317 hic
2787 5275 2928 5319 vates
2948 5265 3167 5322 numine
3190 5268 3557 5340 Hieroiiymus,

2506 5357 2766 5410 Omnibus
2795 5367 2949 5412 notus
2970 5359 3338 5415 doetrinarum
3371 5362 3614 5425 fontibus,

2505 5448 2739 5504 Cunctos
2768 5450 3002 5523 inrigans
3031 5469 3094 5506 ex
3130 5454 3285 5508 almis
3311 5453 3655 5525 dogmatibus;

2509 5538 2575 5593 Ut
2595 5542 2673 5594 sol
2705 5542 3010 5610 resplendet
3047 5544 3098 5598 iu
3128 5553 3245 5599 ortu
3277 5546 3584 5615 ignicomus.

2583 5630 2682 5691 Hic
2712 5636 2895 5703 procul
2922 5647 3111 5691 cuncta
3140 5640 3322 5693 saeculi
3349 5638 3548 5709 negétia

2512 5724 2824 5781 Percalcans
2852 5729 3005 5797 pede,
3053 5730 3193 5784 velut
3220 5732 3555 5800 spurcissima

2514 5813 2857 5883 Indecortlsa,
2889 5820 3190 5895 respuitque
3224 5823 3421 5875 saecula
