3984 6376
182 385 328 442 1225'
825 417 837 427 -
1188 386 1670 444 SANCTORALE.
1716 416 1778 427 -—
1820 374 2428 441 FESTA-OCTOBRIS.

250 494 456 551 Lauda.
492 494 895 551 Germinébunt.
946 496 1261 551 Bmedtclio.
1310 498 1567 553 deinus
1607 499 1767 554 Jesus
1797 507 1838 557 Α

174 585 437 642 Christus.
469 583 537 640 In
581 584 812 654 Vérperis
836 589 1263 656 praecedentibus.

828 698 936 752 DIE
972 699 1112 754 ΧΙΧ.

174 803 231 843 ΙΝ
262 802 437 845 εεετον
471 798 786 844 εΑΝοτοὶιυΜ
829 805 1037 853 FAUSTI,
1066 807 1308 846 ιΑκυΑιιιι
1341 807 1409 846 ΕΤ
1454 806 1759 859 ΜΑιιτιΑιις,

806 876 1122 917 ΙΙΔΙὶΤῖΙῖυΠ.

750 952 832 1005 Ad
887 951 1189 1018 Vésperum.

245 1039 452 1096 Lauda.
486 1040 769 1096 Exortum.
803 1040 923 1097 Fol.
953 1059 1115 1100 cun.

250 1131 415 1188 Sana.
452 1135 583 1187 Dum
613 1135 1035 1190 succenderétur
1076 1135 1286 1200 iornax,
1320 1138 1604 1208 prmparati
1637 1148 1764 1195 sunt

173 1220 435 1287 Ananias,
482 1223 726 1290 Azarias,
765 1238 819 1280 et
866 1227 1050 1282 Misaél
1099 1229 1167 1283 ad
1211 1230 1765 1286 comburendumzet

174 1314 403 1383 ingressi
450 1315 502 1369 in
534 1316 711 1385 ignem
757 1319 834 1373 sic
880 1321 1211 1378 satiabuntur
1252 1324 1450 1379 ardere
1488 1326 1760 1381 ﬂammae:

173 1407 419 1474 Angelus
441 1411 581 1462 enim
607 1409 701 1464 Dei
725 1415 872 1467 stetit
902 1414 955 1469 in
984 1415 1187 1484 médio,
1210 1429 1370 1473 vento
1393 1421 1531 1476 roris
1558 1422 1720 1478 ﬂante
1746 1440 1762 1477 :

174 1497 479 1569 intelligite.
516 1504 742 1573 arguite.
807 1506 843 1574 Ῡ
866 1545 882 1560 .
937 1505 1085 1564 Tunc
1116 1510 1266 1577 pueri
1321 1511 1567 1568 latentes
1605 1515 1766 1570 cané~

174 1589 311 1642 bant
347 1607 359 1643 :
393 1589 460 1645 P.
497 1592 638 1646 Deus
668 1597 1009 1665 omnipotens
1059 1601 1314 1656 terribilis
1362 1604 1681 1660 metuendus
1710 1607 1773 1662 in

174 1683 459 1737 arculum.
479 1686 671 1740 Amen.
704 1688 953 1744 Alleluia.
1000 1692 1033 1757 Ῡ
1059 1732 1075 1747 .
1106 1693 1236 1748 Tres
1269 1696 1417 1762 pueri
1442 1698 1595 1764 jussu
1625 1701 1766 1769 regis

172 1772 229 1825 in
266 1773 540 1828 fornacem
565 1775 715 1831 missi
741 1789 867 1834 sunt
899 1797 911 1833 :
946 1796 1052 1835 non
1084 1784 1329 1840 verentes
1359 1784 1600 1844 ﬂammas
1630 1790 1765 1859 ignis

174 1864 450 1934 tamquam
492 1879 559 1920 ex
591 1883 700 1924 uno
743 1884 838 1926 ore
880 1872 1147 1930 canebant
1174 1892 1191 1929 :
1223 1875 1291 1931 P.
1330 1877 1473 1935 Deus
1518 1855 1764 1953 omnipo-
1798 1855 1847 1915 Β

173 1962 319 2008 tens.

247 2047 509 2104 Dominus
536 2051 627 2104 sit.
672 2052 713 2121 ἡ
732 2093 746 2108 .
777 2052 847 2108 Et
873 2068 1019 2111 cum.

252 2142 576 2208 Antiphane.
620 2144 691 2199 Ut
714 2162 901 2203 aurum
930 2149 1038 2218 igni
1076 2152 1283 2219 probati
1309 2161 1437 2209 sunt
1462 2155 1657 2223 sancti,
1697 2157 1765 2213 P.

180 2231 254 2287 Et
279 2235 431 2301 quasi
459 2235 631 2291 hostia
674 2240 992 2310 holocausti,
1022 2243 1225 2314 accépti
1245 2256 1370 2300 sunt
1396 2246 1449 2301 in
1477 2250 1769 2320 conspectu

178 2324 281 2381 Dei
311 2328 416 2382 sui.
463 2329 497 2398 Ῡ
523 2367 538 2382 .
567 2330 707 2386 Justi
755 2334 883 2389 vero
927 2335 1226 2394 hereditate
1272 2341 1619 2408 possidebunt
1661 2352 1772 2399 ter-

176 2433 298 2504 ram
330 2435 347 2472 ς
380 2429 435 2475 et
464 2421 840 2480 inhabitabnnt
870 2428 922 2481 in
955 2430 1209 2484 saeculum
1232 2433 1414 2487 saeculi
1439 2448 1600 2504 super
1626 2450 1768 2491 eam.

171 2496 248 2566 Ρ.
283 2512 349 2566 Et
375 2516 547 2582 quasi.
596 2516 632 2585 ᾗ
658 2558 670 2570 .
707 2517 914 2586 Gléria,
945 2530 1000 2575 et
1040 2522 1233 2578 honor.
1263 2522 1331 2578 Ρ.
1362 2523 1430 2578 Ει
1454 2496 1629 2594 quasi.

253 2604 513 2660 Dominus
536 2609 624 2661 sit.
666 2609 703 2677 li,
725 2648 741 2663 .
774 2612 837 2665 Et
864 2627 1006 2667 cum.

250 2692 457 2750 Lauda.
486 2698 800 2755 Columnam
828 2704 965 2773 ignis
1009 2705 1198 2761 ducem
1229 2706 1531 2765 habuerunt
1561 2710 1769 2768 itineris

172 2784 436 2853 Alleluia,
470 2790 536 2844 P.
571 2791 674 2847 Per
700 2809 861 2863 quam
905 2798 1142 2853 ostendit
1171 2800 1311 2856 Deus
1351 2802 1525 2858 lucem
1556 2804 1635 2859 eis
1676 2806 1777 2860 Al-‘r

172 2874 362 2941 leluia,
395 2880 632 2937 alleluia.
677 2884 712 2954 7
734 2923 749 2938 .
781 2884 924 2942 Misit
952 2890 1174 2945 verbum
1204 2906 1383 2959 suum,
1433 2895 1675 2968 [cccvm]
1715 2907 1770 2953 et

168 2969 391 3023 sanavit
440 2985 532 3025 eos
562 2989 579 3028 :
610 2984 665 3030 et
709 2978 908 3046 eripuit
949 2994 1043 3033 eos
1073 2982 1141 3036 de
1192 2982 1408 3039 intéritu
1438 2986 1647 3041 eerum.
1695 2986 1762 3042 P.

170 3057 283 3114 Per
326 3077 505 3132 quam.
554 3067 587 3135 ᾖ
612 3104 627 3120 .
660 3068 860 3135 Gléria,
894 3080 950 3127 et
982 3073 1170 3130 honor.
1205 3074 1273 3130 Ρ.
1308 3076 1410 3133 Per
1436 3085 1616 3149 quam'.

764 3160 1026 3232 Hymnus.

471 3249 685 3307 Gaudet
709 3255 921 3310 caterva
952 3257 1146 3314 nubilis

398 3342 493 3397 Dei
520 3347 720 3415 repleta
751 3348 918 3417 gratia
952 3367 966 3403 :

400 3435 580 3489 ’l‘rium
612 3439 927 3492 sanctOrum
957 3439 1247 3510 Mz'irtyrum

395 3524 655 3579 l’rmclara
685 3537 768 3582 est
792 3529 1123 3588 solémnitas.

480 3620 749 3690 l’emplum
784 3623 942 3678 Beata
972 3625 1205 3681 Trinitas

402 3710 643 3766 Perenne
672 3711 914 3768 condidit
939 3716 1036 3769 sibi
1060 3733 1074 3780 ;

403 3804 479 3857 Ex
509 3820 614 3874 quo
642 3821 835 3861 novum
864 3807 1199 3875 depromitur

398 3897 876 3969 Dulcissimumque
898 3900 1185 3958 canticum.

471 3992 536 4047 ili
568 4002 679 4048 tres
706 3995 803 4048 viri
831 3994 1172 4050 concorditer

398 4082 483 4139 Ad
516 4085 821 4153 passiénem
852 4084 1073 4139 véniunt
1102 4104 1115 4139 :

2089 496 2305 560 Dentes,
2330 512 2511 562 nares,
2544 501 2793 555 auricula:

2080 586 2275 653 Labra,
2300 588 2393 642 sed
2418 589 2700 657 supercilia

2080 676 2293 731 Sanctis
2317 676 2480 746 jussit
2504 677 2840 735 abscindere.

2152 768 2401 837 lnquiunt
2424 770 2551 824 almi
2578 770 2833 843 Martyres
2866 792 2878 824 :

2075 859 2244 914 Judex
2274 861 2451 930 inique
2481 872 2536 917 et
2565 864 2815 932 pessime,

2085 950 2281 1005 Servos
2309 952 2401 1007 Dei
2431 969 2528 1007 cur
2551 955 2762 1011 amcis?

2078 1039 2183 1095 Cur
2205 1040 2368 1097 falsos
2396 1044 2527 1099 deos
2548 1047 2816 1116 suscipis?

2149 1133 2355 1190 Furore
2386 1148 2508 1191 tunc
2532 1139 2813 1209 Tyrannus

2078 1225 2385 1294 Accénsus;
2418 1229 2588 1299 inquit
2618 1249 2632 1284 :
2662 1232 2851 1289 Mittite

2077 1316 2136 1370 in
2168 1318 2289 1386 igne
2317 1319 2480 1386 istos;
2510 1322 2711 1377 monita

2076 1407 2180 1474 Qui
2213 1418 2394 1464 nostra
2425 1411 2627 1467 audent
2652 1412 2912 1471 temnere.

2150 1497 2320 1553 Judex
2354 1501 2534 1569 inique
2563 1511 2618 1557 et
2651 1504 2906 1573 pessime,

2079 1586 2279 1644 Servos
2308 1591 2401 1644 Dei
2430 1606 2529 1646 cur
2556 1592 2763 1651 amcis?

2078 1669 2187 1731 Cur
2217 1692 2352 1732 vana
2385 1680 2642 1746 profanus
2680 1685 2816 1740 colis

2086 1765 2333 1839 Deosque
2365 1770 2529 1827 falsos
2558 1775 2822 1844 suscipis?

2155 1858 2362 1916 lntrant
2392 1862 2532 1917 beati
2562 1865 2821 1937 martyres

2087 1949 2219 2007 Laeti
2245 1954 2544 2020 caminum;
2573 1956 2867 2017 cencinunt

2088 2042 2359 2115 Hymnum
2388 2049 2518 2116 Deo,
2549 2059 2604 2105 et
2632 2051 2893 2108 canticum

2089 2133 2296 2191 Novum
2328 2139 2429 2208 piis
2453 2142 2818 2199 concentibus.

2160 2230 2387 2301 Abjécta
2408 2236 2584 2289 carnis
2609 2236 2842 2306 sarcina,

2087 2320 2304 2377 Mittunt
2335 2324 2386 2377 in
2417 2326 2589 2380 Asttis
2615 2328 2891 2394 spiritum:

2087 2410 2362 2468 Christum
2394 2414 2593 2481 vident.
2621 2435 2776 2488 quem
2815 2420 3049 2491 diligunt.

2088 2505 2270 2561 Sancti
2300 2508 2396 2564 Dei
2425 2526 2545 2565 cum
2575 2513 2813 2582 Angelis.

2161 2598 2345 2663 Orate,
2380 2599 2585 2669 Sancti,
2620 2604 2685 2656 ad
2712 2605 2910 2669 Deum;

2094 2689 2336 2760 ﬂepéllat
2364 2693 2473 2749 cito
2505 2703 2560 2749 ut
2588 2696 2748 2763 mala,

2088 2782 2158 2839 Et
2179 2784 2420 2840 conferat
2444 2789 2599 2843 nobis
2631 2790 2795 2855 bona,

2088 2868 2367 2946 Donétque
2390 2893 2575 2947 pacem
2602 2881 2919 2949 ceugruam.

2160 2966 2468 3035 PrecAmur,
2503 2970 2627 3025 almi
2659 2972 2940 3042 martyres,

2088 3055 2191 3112 Per
2219 3056 2392 3113 Unum
2421 3069 2477 3115 et
2501 3060 2721 3115 Trinum
2753 3064 2948 3126 Deum;

2089 3148 2273 3204 Dirum
2304 3160 2360 3205 ut
2394 3151 2579 3221 jugum
2610 3154 2781 3220 Ocius,

2089 3239 2242 3307 Quod
2271 3245 2623 3313 sustinemus,
2653 3245 2878 3301 auferat.

2161 3330 2409 3389 Clemens
2444 3336 2584 3391 Deus
2626 3339 2885 3407 propitius

2087 3420 2348 3477 Salutium
2391 3426 2714 3489 viventibus,

2090 3512 2158 3566 Et
2186 3512 2412 3570 mortuis
2442 3515 2689 3571 ﬁdelibus

2094 3599 2235 3659 Loca
2264 3621 2479 3661 amoena
2506 3609 2768 3664 cduferat.

2164 3697 2385 3764 Praesta,
2418 3698 2576 3755 Pater
2607 3701 2867 3769 piissime,

2095 3786 2346 3859 Patrique
2378 3804 2598 3860 compar
2629 3791 2819 3861 Unice,

2105 3878 2235 3934 Cum
2266 3880 2465 3951 Spiritu
2493 3883 2755 3939 Paraclito

2092 3964 2341 4040 Itegnans
2373 3986 2469 4041 per
2496 3988 2657 4030 omne
2682 3975 2959 4030 saeculum.

2167 4063 2364 4119 Amen.

3308 393 3445 448 5226

407 4175 464 4230 In
492 4177 764 4231 Trinitatis
795 4177 1009 4231 nurnine

409 4269 629 4324 Hostem
662 4269 905 4325 vicerunt
931 4272 1243 4340 pessimum.

477 4360 701 4415 Faustus
730 4362 988 4429 benignus
1012 4363 1215 4431 primus
1254 4373 1351 4430 est,

403 4452 612 4508 Aliittnr
644 4470 656 4507 :
686 4453 855 4523 Hujus
887 4454 1140 4525 temporis
1316 4452 1327 4455 ί

400 4546 675 4615 Condigna
708 4562 811 4599 non
841 4556 924 4601 est
953 4547 1130 4615 passio

404 4637 638 4701 Fratres,
674 4637 900 4693 futuram
928 4640 994 4694 ad
1031 4640 1280 4711 gloriam.

476 4732 667 4785 Beatus
690 4732 991 4796 Januarius,

402 4824 619 4892 Aperta.
655 4825 846 4892 inquit,
881 4824 1043 4879 'anua

403 4916 499 4969 Est
526 4916 699 4979 nobis,
723 4916 830 4985 jam
862 4918 1056 4986 gaudio

402 5008 553 5064 Caelo
578 5008 819 5061 fruamur
856 5008 1084 5077 optimo.

480 5098 559 5152 En
587 5100 855 5166 Martialis
882 5101 1123 5169 pérvehit

408 5190 677 5245 Ascensus
700 5191 856 5246 almis
892 5191 1140 5248 omnibus

407 5281 620 5335 Sanctis
654 5281 747 5337 Dei
779 5282 845 5336 ad
876 5283 1103 5352 gleriain

406 5372 615 5428 Gaudet
644 5375 794 5427 hctus
820 5375 1109 5429 consortio.

480 5464 630 5518 Tunc
654 5465 910 5519 Martialis
938 5481 1095 5522 orsus
1126 5480 1207 5523 est
1239 5485 1253 5522 :

410 5558 635 5625 Propter
662 5558 919 5613 :etérnam
952 5559 1180 5627 gloriam

407 5648 679 5705 Debemus
710 5649 952 5705 témnere
982 5651 1146 5714 idola,

326 5762 335 5769 ’
413 5740 478 5801 Et
503 5744 703 5799 Judieis
737 5746 1016 5799 saevitiam.

486 5839 605 5895 Mox
642 5839 846 5895 Praeses
869 5840 1027 5907 capit
1052 5839 1299 5897 fremere.

481 5924 754 5993 Ρᾴτιιοι..
808 5930 1156 5992 LXXXVI.

1954 4155 2306 4224 Supplicdtio.
2365 4155 2624 4223 Oremus,
2680 4161 2892 4214 munitis
2965 4163 3295 4229 nominibus,
3366 4168 3463 4235 fol.

1880 4260 2149 4301 ειιιχνιι.

1952 4358 2218 4430 Capitula.
2251 4358 2463 4415 Christe
2496 4361 2588 4416 Dei
2633 4363 2799 4418 Filius
2842 4364 3164 4421 Sanctérum
3203 4366 3369 4438 gloria
3411 4380 3484 4427 et

1882 4466 2011 4505 vera
2058 4451 2353 4522 martyrum
2419 4454 2692 4510 beatitudo
2740 4456 3214 4527 remuneratiéque
3262 4462 3467 4532 sempi-

1804 4551 1859 4613 p
1885 4542 2032 4598 terna
2057 4559 2071 4608 ;
2100 4543 2330 4599 ﬁdelium
2362 4544 2574 4600 tubrum
2607 4547 2857 4602 alacriter
2886 4550 2954 4602 ad
2981 4548 3296 4617 memoriam
3327 4551 3469 4608 Mar-

1881 4648 2061 4709 tyrum
2104 4639 2315 4692 tuorum
2342 4640 2774 4696 concurrentium
2819 4642 3034 4712 suscipe
3075 4654 3220 4713 vota,
3251 4645 3283 4700 ὲ
3312 4661 3469 4716 pres-

1880 4729 2022 4784 suris
2074 4729 2370 4796 réleva;et
2421 4732 2451 4784 ὲ
2510 4734 2669 4787 totius
2724 4734 2847 4788 vitre
2900 4735 3256 4794 incdmmodis
3304 4748 3466 4810 atque

1882 4820 2160 4883 aerumnis,
2205 4822 2399 4891 quibus
2424 4822 2573 4891 plebs
2619 4832 2704 4877 tua
2734 4825 3013 4896 afﬂigitur,
3045 4828 3305 4900 benignus
3344 4845 3466 4886 sus-

1882 4911 2057 4980 pénde
2086 4912 2317 4983 ﬂagella.
2349 4913 2437 4979 Et,
2461 4913 2551 4983 qui
2591 4915 2715 4969 olim
2750 4917 2921 4973 tribus
2957 4918 3008 4973 in
3035 4920 3251 4975 camino
3277 4919 3471 4989 positis,

1884 5005 2148 5061 mediator
2190 5007 2448 5072 existens,
2483 5022 2549 5060 ne
2576 5008 3038 5073 comburerentur,
3068 5011 3328 5066 visibilem
3368 5028 3458 5068 ex-

1884 5098 2089 5154 tinxisti
2122 5097 2424 5162 ﬂammam;
2456 5112 2596 5153 nunc
2621 5098 3099 5154 intervenientibus
3126 5099 3335 5156 Sanctis
3362 5104 3465 5156 tuis

1884 5190 2231 5245 exuréutium
2262 5205 2359 5245 nos
2388 5190 2640 5261 extingue
2667 5192 2934 5247 incendia.
2960 5191 3188 5247 Faustus
3216 5193 3489 5262 precibus»

1884 5284 1996 5339 suis
2027 5282 2202 5337 faveat
2247 5283 2459 5339 miseris
2493 5293 2545 5338 et
2581 5283 2853 5353 oppressis
2886 5300 2901 5338 :
2928 5283 3212 5339 Januarius
3239 5286 3469 5343 ducator

1887 5374 2138 5446 egregius
2166 5374 2371 5444 apériat
2418 5376 2572 5430 nobis
2613 5376 2831 5444 januam
2862 5376 2963 5428 vite
3007 5377 3245 5433 cmléstis
3278 5395 3292 5432 :
3326 5379 3471 5435 Mar-

1885 5466 2028 5521 tialis
2056 5465 2296 5521 obtineat
2319 5465 2553 5530 meritis,
2580 5465 2831 5534 quicquid
2861 5466 3014 5534 plebs
3042 5468 3259 5522 alumna
3284 5483 3470 5526 mente

1886 5555 2079 5611 devbta
2105 5556 2209 5610 sibi
2238 5555 2356 5611 ﬁeri
2382 5554 2599 5624 exoptat
2640 5570 2739 5623 pro
2768 5554 3012 5610 delictis:
3039 5566 3095 5611 ut
3121 5560 3467 5630 utrorumque

1888 5649 2080 5704 salvati
2114 5648 2392 5719 suffragio,
2433 5660 2486 5702 et
2517 5647 2769 5717 praesenti
2797 5651 3077 5705 careamus
3121 5653 3384 5723 aerumna,
3411 5664 3481 5710 et

1889 5742 2033 5811 pust,
2063 5742 2280 5798 caelibes
2326 5740 2523 5809 eil‘écti,
2570 5739 2823 5797 aeternam
2878 5742 3234 5811 perducantur
3262 5747 3328 5801 ad
3374 5748 3469 5817 pa-

1893 5847 2066 5892 triam.

3002 5926 3080 5985 39
