3984 6376
208 372 363 443 me

871 499 1129 569 Hymnus.

351 592 614 658 Homine,
639 590 839 646 Christi
873 589 1027 644 fortis
1049 588 1293 645 adsértor
1321 587 1440 654 Dei,

282 671 523 754 Elingnis
551 686 658 740 oris
685 683 948 753 brganum
980 683 1152 735 fautor
1180 695 1335 734 move
1358 698 1368 730 :

280 779 499 847 Largire
528 786 799 841 comptum
822 789 1061 837 carmen,
1087 781 1141 827 et
1168 769 1573 835 faustissimum,

280 870 389 924 Fac
415 880 470 922 ut
497 867 704 922 tuarum
734 865 868 919 mira
895 865 1106 917 laudum
1137 862 1440 915 cuncinam.

351 962 453 1030 Qui
486 964 594 1014 scis
620 968 673 1012 et
700 960 815 1027 ipse
846 966 1001 1026 posse
1034 965 1211 1010 mutos
1236 954 1414 1022 'éloqui
1442 971 1454 1004 :

280 1055 551 1108 Plectrum
586 1052 766 1119 palati,
797 1061 849 1103 ct
880 1049 1110 1102 faucium
1143 1062 1319 1101 szevus
1345 1047 1436 1100 tibi

280 1145 473 1198 Tertor
500 1143 749 1205 revulsit;
784 1156 882 1195 nec
914 1150 1091 1193 tamen
1119 1138 1391 1191 silentium

280 1236 481 1292 Indixit
508 1236 607 1300 ori,
639 1248 745 1303 quo
777 1231 1031 1285 l'atehhris
1065 1229 1229 1282 Deum
1258 1246 1270 1280 :

354 1327 469 1380 Vox
496 1326 743 1379 veritatis
775 1324 924 1377 testis
948 1321 1183 1391 extingui
1217 1318 1433 1388 nequit;

285 1420 377 1474 \‘el
406 1419 451 1471 si
481 1419 665 1472 recisis
694 1416 915 1484 palpitet
943 1413 1229 1478 meatibus,

280 1510 550 1564 Christum
583 1507 829 1575 loquendi
864 1508 1040 1575 lingua
1064 1511 1351 1574 numquam
1376 1498 1564 1568 defuit,

278 1596 413 1650 cum
448 1596 767 1664 prmdichtur
795 1596 911 1661 ipse
942 1593 1225 1645 verberum
1258 1590 1466 1658 dator”

355 1686 530 1751 Nunc,
560 1694 764 1753 martyr
794 1683 1008 1744 Sancte,
1042 1678 1212 1747 poscit
1244 1688 1295 1732 te
1326 1678 1477 1746 plebs
1507 1677 1737 1741 intirma,
1794 1678 1797 1679 ⁷

280 1780 477 1834 Sordes
501 1779 782 1839 emendes,
816 1776 930 1829 dira
965 1775 1130 1843 pellas
1150 1774 1378 1827 crimina
1406 1788 1421 1826 :

278 1874 433 1943 Ignes
460 1872 641 1927 averni
668 1885 792 1924 rure
814 1870 975 1939 digno
998 1868 1343 1936 camprimas,

281 1966 347 2019 Et
379 1980 476 2018 nos
508 1964 743 2018 beandos
775 1963 838 2015 ad
872 1960 1102 2030 superna
1133 1961 1428 2030 pértrahas.

353 2058 537 2111 llooor
563 2057 633 2111 sit
658 2056 859 2110 :i-térno
889 2054 1019 2122 Deo,
1051 2053 1119 2108 sit
1146 2053 1318 2124 gléria

280 2148 382 2202 Uni
422 2148 583 2215 Patri,
615 2148 839 2216 ejusque
869 2147 966 2200 soli
1002 2144 1156 2209 Filio,

277 2240 412 2294 Cum
443 2240 675 2309 Spiritu;
705 2255 821 2309 qna:
852 2236 1084 2292 Trinitas
1128 2234 1431 2305 perenniter

276 2333 423 2386 Vivit
452 2342 641 2401 potens
670 2332 721 2384 in
744 2330 1066 2384 saeculdrum
1098 2327 1331 2383 sweulis.

356 2428 542 2477 Arnen.
898 2428 903 2433 ’

280 2511 635 2580 δυρριίσὰιὶο.
667 2512 916 2576 Oremus,
950 2520 1003 2564 ut
1032 2511 1213 2579 supra.

280 2604 548 2672 Capitula.
580 2605 840 2659 Amabilis
883 2605 1022 2658 servi
1076 2602 1366 2657 beatissimi
1416 2598 1636 2654 Romani
1690 2597 1792 2663 tui,

202 2694 422 2751 Christe
468 2696 609 2751 Deus
659 2707 860 2763 noster,
907 2695 1161 2751 victorias
1211 2693 1569 2757 celebrantes,
1600 2692 1796 2761 quibus

203 2789 482 2843 inimicum
512 2789 633 2843 lidei
663 2788 983 2843 Christianze
1017 2790 1198 2858 templi
1246 2789 1321 2842 tui
1355 2787 1555 2841 lamina
1595 2787 1796 2839 intrare

205 2896 317 2935 non
372 2896 561 2951 passus
604 2890 708 2948 est,
740 2893 794 2937 te
831 2899 1161 2953 quaasnmus,
1190 2894 1241 2937 te
1286 2882 1569 2951 rogamus;
1603 2889 1659 2933 ut
1703 2895 1797 2947 per

208 2987 336 3026 eum
370 2973 524 3028 nobis
551 2977 760 3042 aperias
790 2975 1124 3038 Paradisum,
1157 2990 1250 3041 per
1300 2989 1458 3043 quem
1492 2972 1796 3027 intidélibus

211 3064 475 3120 Ecclesiae
504 3077 608 3120 tute
638 3068 897 3122 obserasti
947 3068 1221 3123 intraitum
1252 3086 1264 3122 :
1298 3079 1353 3122 ut
1397 3083 1489 3136 per
1519 3082 1678 3134 quem
1711 3068 1795 3119 in.

209 3157 552 3212 erednldrnm
582 3170 664 3213 est
709 3162 921 3228 repulsa
955 3162 1193 3229 perﬁdia,
1226 3176 1320 3229 per
1350 3176 1471 3214 eum
1519 3160 1654 3214 fides
1700 3174 1796 3213 no-

206 3257 322 3301 stra
352 3250 623 3317 perveniat
652 3252 716 3305 ad
748 3255 1024 3319 cortinam,
1058 3253 1318 3307 Piissime.

284 3339 445 3394 Pater
472 3352 676 3397 noster.
710 3344 937 3398 Liberali
965 3345 993 3397 ἐι
1022 3346 1183 3399 malo.
1212 3345 1306 3415 fol.
1330 3344 1386 3399 2.

283 3432 600 3489 Benedictio.
635 3438 877 3492 Christus
928 3437 1207 3503 Damiuns,
1240 3440 1328 3505 qui
1371 3438 1641 3506 elinguem
1692 3437 1797 3492 Ro-

205 3527 427 3582 mhnum
450 3544 607 3582 suum
636 3529 925 3601 martyrem
950 3531 1075 3585 fecit
1095 3531 1410 3585 mirabiliter
1432 3530 1792 3598 eloquentem,

204 3637 271 3676 os
296 3632 532 3676 vestrum
557 3624 657 3677 sibi
690 3624 847 3678 iaciat
872 3640 1083 3693 semper
1108 3623 1460 3688 fructiﬁcare;
1502 3623 1538 3690 ti}
1562 3662 1577 3677 .
1603 3623 1793 3677 Amen.

207 3714 279 3767 Et
325 3715 498 3782 quiin
548 3716 637 3769 illo
681 3727 801 3785 post
850 3717 1238 3770 abscissidnem
1296 3716 1487 3784 lingua:
1547 3714 1794 3770 formavit

210 3807 378 3862 verba
409 3809 756 3875 ﬂammantia,
802 3810 853 3863 in
888 3810 1036 3863 vobis
1080 3820 1198 3877 post
1247 3808 1639 3863 confessidnem
1687 3810 1796 3863 oris

205 3898 466 3953 virtutum
497 3899 737 3953 ctinferat
775 3902 911 3953 dona
942 3918 953 3952 :
1003 3900 1036 3966 ιῆ
1063 3940 1075 3952 .
1112 3905 1306 3953 Amen.
1354 3899 1420 3955 Ut
1469 3899 1796 3967 discipliuati

207 3989 327 4042 oris
374 3988 631 4043 habentes
675 4006 890 4055 semper
938 3990 1192 4057 oilicium,
1226 3992 1277 4044 in
1326 4007 1385 4044 ea
1440 3990 1640 4061 lingua,
1690 3993 1795 4061 qua

205 4080 536 4134 conﬁtemini
570 4080 680 4135 Deo
717 4083 954 4149 peccata,
989 4085 1039 4135 in
1072 4098 1131 4136 ea
1162 4083 1324 4136 etiam
1358 4084 1670 4138 inere‘amini
1698 4087 1796 4137 im-

206 4174 427 4241 petrare
450 4176 788 4241 peccatérum
812 4177 1046 4229 Omnium
1068 4177 1472 4246 indulgentiam.
1568 4220 1580 4233 .
1602 4179 1791 4234 Amen.

282 4265 385 4319 Per
416 4258 843 4321 misericdrdiarn
871 4269 1058 4336 ipsius.

282 4357 484 4410 Lauda.
518 4359 778 4412 Gaudium
810 4361 1215 4429 sempiternum.
1244 4362 1334 4431 fol.
1362 4376 1526 4419 CLXII.

286 4449 491 4504 Oratio.
547 4452 899 4519 Omnipotens
946 4455 1103 4522 Deus,
1146 4457 1234 4525 qui
1287 4473 1381 4526 per
1427 4456 1791 4530 beatissimum

1214 351 1693 435 smmum.
1737 403 1805 417 —
1834 372 2057 429 FESTA
2098 341 2512 433 aovrznnnts.

3346 358 3497 441 iam

1821 490 1876 551 Α
1905 488 2254 557 iniquitates:
2285 504 2338 547 et
2367 478 2763 562 quorum‘teeta
2815 474 2941 550 sunt
2987 508 3221 565 peccata.
3259 498 3320 552 Ρ.
3354 503 3485 566 Quia

1903 578 1979 633 hi.
2027 583 2058 646 jr
2082 621 2095 634 .
2119 580 2324 650 Glz'iria,
2352 594 2405 637 ct
2436 585 2607 637 honor
2639 569 2801 638 Patri.
2830 586 2896 641 Ρ.
2923 588 3055 655 Quia
3086 590 3137 642 hi
3169 601 3314 645 sunt.

1974 670 2176 725 Ormio.
2211 673 2408 727 Sancte
2458 673 2709 740 Dumine,
2737 678 2787 729 in
2818 679 2969 745 cujus
3000 681 3204 745 amere,
3237 680 3488 751 martyris

1903 761 1979 814 tui
2031 761 2258 818 Romani
2318 765 2402 834 pia
2448 765 2789 822 cutifcssititte
2844 771 3120 824 laetamur:
3152 773 3368 828 oramus
3408 782 3485 842 te,

1900 868 2242 922 quarsumus;
2281 866 2367 921 ut,
2418 860 2507 926 qui
2562 870 2782 927 propter
2834 860 2994 914 David
3047 878 3259 918 servum
3316 876 3484 929 tuum,

1898 944 2097 999 Christi
2135 947 2208 999 tui
2238 946 2431 1003 faciem
2465 965 2569 1002 ltnn
2616 950 2835 1014 avertis,
2868 964 3086 1020 propter
3116 970 3213 1009 nos
3254 955 3485 1014 famulos

1901 1045 2019 1087 tuos
2058 1033 2380 1090 Sanctarum
2421 1039 2633 1105 lucrum
2676 1040 2927 1110 suﬂragia
2961 1057 3063 1096 non
3095 1043 3357 1100 retardes.
3404 1046 3481 1108 ἡ.

1898 1125 2092 1178 Amen.

1970 1222 2091 1277 l’er.

1969 1317 2284 1396 Antiphone.
2333 1320 2478 1374 Dabo
2509 1322 2721 1378 Sanctis
2752 1324 2803 1379 in
2848 1326 3051 1396 gloria;
3086 1337 3133 1383 et
3183 1330 3488 1394 nominatos

1899 1408 1950 1461 in
1984 1409 2231 1464 universa
2262 1423 2425 1477 terra,
2451 1415 2581 1469 dicit
2616 1416 2894 1485 Daminus.
2931 1417 2989 1470 Ρ.
3031 1420 3093 1471 Ει
3126 1436 3229 1474 non
3261 1422 3487 1477 confun-

1895 1499 2088 1554 déntur
2119 1503 2169 1555 in
2203 1502 2443 1572 tempore
2475 1505 2586 1581 illo,
2616 1508 2886 1577 quomodo
2918 1512 2996 1564 eis
3028 1511 3363 1566 bcuefécero.
3403 1514 3433 1583 ᾖ
3461 1556 3478 1571 .

1897 1592 2133 1648 Gloriam
2187 1598 2334 1666 regni
2391 1600 2462 1651 tui
2512 1600 2690 1654 dicent
2720 1619 2733 1654 :
2767 1614 2820 1657 et
2856 1604 3165 1671 potentiam
3206 1616 3349 1662 tuam
3386 1610 3487 1669 lo-

1896 1687 2145 1755 quentur.
2181 1687 2249 1741 P.
2289 1692 2351 1744 Et
2385 1706 2511 1745 non.
2560 1694 2632 1763 ᾖ.
2659 1695 2862 1761 Gldria,
2901 1707 2954 1751 et
3004 1698 3175 1753 honor
3219 1699 3385 1756 Patri.
3418 1700 3488 1756 P.

1866 1818 1869 1819 ν
1898 1778 1963 1831 Et
1996 1794 2123 1835 non.
2942 1850 2943 1853 η

1828 1852 1875 1909 Β
1973 1871 2175 1928 omne.
2203 1874 2279 1929 Te
2311 1875 2556 1942 Damine,
2595 1877 2825 1935 tide'liter
2863 1879 2913 1932 in
2959 1882 3145 1935 amere
3178 1883 3488 1937 sanctarum

1902 1966 2119 2019 tuérnm
2160 1967 2384 2023 Romani
2432 1981 2486 2025 et
2511 1972 2628 2040 ejus
2669 1972 2938 2027 Cémitum
2980 1976 3289 2044 suppliciter
3342 1982 3489 2033 invo-

1902 2057 2121 2123 camus;
2156 2068 2211 2111 ut
2239 2060 2379 2114 adsit
2411 2062 2579 2129 pietas
2615 2071 2700 2117 tua
2734 2064 3041 2119 timentibus
3075 2075 3126 2120 te
3157 2066 3205 2119 in
3235 2067 3486 2131 salutem,

1899 2162 2017 2215 qua:
2069 2149 2371 2227 amantibus
2418 2153 2609 2206 diﬂu-a
2657 2164 2741 2207 est
2785 2156 2837 2208 in
2882 2156 3112 2210 virtute:
3144 2168 3200 2210 ut
3248 2158 3494 2226 perﬁciat

1898 2258 2115 2298 cursum
2171 2248 2469 2302 vocationis
2525 2249 2576 2301 in
2638 2248 2894 2314 minimis,
2946 2252 3033 2319 qui
3093 2253 3489 2306 consummavit

1899 2335 2130 2392 fructum
2166 2339 2471 2395 dilectionis
2498 2341 2549 2395 in
2582 2341 2814 2396 Sanctis.
2860 2342 2894 2412 ιῆ
2918 2383 2931 2395 .
2958 2345 3150 2397 Anien.

1970 2431 2073 2486 Per
2104 2434 2558 2488 misericdrdiam.

1971 2523 2284 2593 Antiphone.
2317 2525 2462 2579 Dabo
2496 2526 2707 2580 Sanctis
2740 2528 2872 2581 mi-is
2898 2543 3120 2597 regnum
3152 2528 3202 2582 in
3232 2512 3491 2582 Hierusa-

1902 2613 2006 2668 lem
2036 2632 2047 2665 :
2083 2614 2280 2683 lignum
2311 2616 2454 2670 enim
2491 2617 2614 2670 vitae
2635 2618 2739 2671 erit
2764 2620 2842 2673 eis
2875 2619 2926 2671 in
2957 2618 3181 2673 ederem
3215 2620 3491 2689 unguenti.

1901 2704 1969 2758 P.
2005 2705 2071 2759 Et
2105 2722 2210 2761 non
2246 2707 2588 2774 laborabunt,
2619 2725 2792 2778 neque
2822 2710 3208 2780 fatigabantur.
3238 2712 3490 2767 Alleluia.

1914 2799 1947 2866 Ῡ
1973 2837 1988 2852 .
2033 2799 2177 2853 Beati
2210 2800 2539 2855 immaculati
2589 2803 2640 2857 in
2684 2803 2769 2856 via
2802 2820 2815 2856 :
2846 2804 2936 2873 qui
2976 2803 3249 2858 ambulant
3294 2805 3346 2860 in
3379 2806 3496 2873 lege

1900 2888 2133 2943 Domini.
2163 2890 2229 2944 P.
2263 2890 2322 2945 Et
2355 2911 2478 2946 non.
2521 2894 2551 2962 ᾖ
2579 2934 2592 2946 .
2618 2895 2823 2959 Cleria,
2856 2907 2907 2948 et
2958 2897 3148 2950 honor.
3175 2895 3243 2951 P.
3271 2898 3335 2952 Et
3365 2913 3493 2952 non.

1973 2980 2175 3035 Oratio.
2211 2983 2329 3035 vna
2373 2984 2716 3048 Sanctorum,
2759 2986 3111 3055 omniumque
3152 2969 3385 3041 tiilélium
3416 2990 3497 3042 vi-

1900 3070 2052 3125 vitica
2099 3071 2307 3125 animos
2340 3085 2573 3137 nostras,
2601 3075 2955 3143 Omnipotens
2983 3075 3159 3141 Deus;
3191 3085 3245 3131 et
3273 3079 3361 3146 qui
3395 3077 3492 3131 be-

1904 3161 2107 3216 ιιοιῆι·ἱίε
2145 3166 2249 3217 tuis
2277 3163 2499 3232 adjuvas
2541 3164 2862 3228 servientes,
2896 3165 3233 3236 coronasque
3275 3168 3496 3222 vincen-

1903 3265 2005 3319 tes,
2042 3256 2520 3310 intervenientibus
2551 3258 2749 3310 sanctis
2784 3256 3027 3311 Romano
3066 3269 3119 3311 et
3154 3258 3269 3327 ejus
3304 3256 3492 3312 Corni-

1902 3348 2043 3401 tibus
2075 3351 2423 3419 martyribus,
2450 3365 2778 3419 qumsumns,
2809 3363 2858 3403 ut
2895 3365 2991 3404 nos
3026 3352 3120 3405 tua
3160 3367 3372 3420 semper
3399 3348 3494 3405 vo.

1902 3438 2104 3491 luntate
2146 3439 2472 3505 sanctilices,
2504 3455 2563 3494 ac
2594 3439 2977 3495 misericordire
3018 3442 3263 3511 largitate
3293 3444 3491 3497 contir-

1900 3545 2036 3584 mes.
2077 3530 2112 3597 ιῆ
2136 3569 2149 3583 .
2184 3533 2377 3584 Amen.

1972 3622 2076 3677 Per
2108 3622 2534 3677 misericdrdiam
2565 3633 2729 3678 luam.

1985 3719 2020 3784 1i
2047 3758 2059 3771 .
2096 3718 2233 3771 Ecce
2265 3717 2523 3771 Déminus
2568 3717 2765 3782 veniet,
2803 3712 2856 3769 et
2901 3731 3090 3771 omnes
3139 3714 3317 3771 Sancti
3370 3716 3489 3785 ejus

1898 3825 2020 3864 cum
2049 3826 2151 3863 eo:
2185 3819 2238 3863 et
2267 3810 2374 3863 erit
2418 3810 2472 3863 in
2516 3809 2602 3862 die
2642 3808 2728 3862 illa
2761 3810 2844 3881 lux
2888 3823 3111 3877 magna;
3141 3818 3193 3861 et
3239 3807 3380 3862 éxiet
3425 3809 3491 3862 de

1899 3903 2235 3958 ilicrt'tsalem
2283 3902 2435 3971 quasi
2463 3918 2601 3970 aqua
2645 3902 2862 3955 munda.
2900 3899 2966 3954 P.
3000 3901 3066 3955 Et
3110 3901 3351 3970 regnAbit
3385 3900 3493 3953 Do-

1899 3998 2077 4052 minus
2103 3999 2155 4050 in
2196 3998 2456 4051 mtérnum
2489 4012 2651 4066 super
2681 4012 2895 4050 omnem
2929 4005 3151 4049 terram.
3198 3996 3271 4063 ᾖ.
3302 3995 3489 4050 \‘éniet

1898 4091 1951 4144 in
1991 4090 2222 4144 nubibus
2267 4089 2560 4142 Deminus:
2594 4098 2648 4142 et
2678 4088 2874 4143 videbit
2919 4106 3040 4142 eum
3072 4104 3247 4141 omnis
3279 4088 3487 4142 Oculus.

1899 4180 1967 4234 P.
1997 4182 2064 4235 Et
2095 4182 2352 4250 regnabit.
2387 4181 2417 4249 ᾗ
2446 4219 2459 4233 .
2487 4179 2693 4243 Gléria,
2726 4192 2778 4233 et
2810 4182 2997 4234 honor.
3028 4181 3094 4232 Ρ.
3134 4184 3194 4233 lit
3222 4180 3483 4247 regnabit.

1972 4273 2171 4324 Urdtio.
2199 4270 2546 4338 Omnipotens
2576 4270 2737 4337 Deus,
2763 4273 2875 4337 qui.
2912 4268 2976 4323 In
3013 4269 3247 4340 Vesperi:
3294 4286 3489 4339 prtere-

1898 4364 2154 4417 déntibus.

1823 3213 1869 3275 C

2502 4456 2585 4515 In.
2609 4457 2892 4510 Laudibus.

208 4539 512 4593 Romanum
543 4542 685 4596 fures
717 4544 965 4598 licclésize
997 4545 1298 4599 inlidélihus
1319 4547 1533 4613 clausit,
1557 4547 1789 4602 claustra
1820 4583 1874 4644 Β
1970 4553 2050 4606 Ad
2075 4552 2363 4607 Cdnticum.
2398 4554 2713 4620 Antiphone.
2738 4553 2938 4605 Omnes
2964 4549 3168 4605 Sancti.
3195 4547 3488 4629 Canticum.

210 4631 370 4684 nobis
404 4632 748 4689 credentibus
794 4635 999 4700 aperiat
1030 4640 1177 4707 regni
1211 4636 1327 4703 sui;
1361 4649 1413 4694 et
1437 4635 1532 4709 qui
1565 4639 1792 4708 elinguis

208 4724 322 4777 oris
362 4724 478 4791 ejus
518 4727 750 4781 cilicium
803 4728 903 4783 sua
931 4729 1221 4785 declaravit
1248 4732 1300 4785 in
1334 4732 1513 4798 laude,
1541 4734 1793 4804 sull‘ragia

209 4815 333 4885 ejus
355 4817 608 4887 suscipiat
633 4835 727 4886 pro
748 4822 1053 4875 vestrdrum
1074 4824 1356 4877 criminum
1381 4827 1790 4881 etnundatiOne:

208 4919 269 4962 ut
302 4908 352 4961 in
389 4925 495 4979 quo
537 4911 737 4979 parvuli
772 4912 1031 4968 Thetiduli
1067 4916 1198 4969 iides
1246 4910 1493 4971 roborata
1526 4919 1794 4992 [cccxxrv]

199 5003 420 5072 peregit
451 5006 785 5076 martyrium,
826 5007 875 5060 in
919 5023 984 5062 eo
1012 5020 1063 5062 et
1095 5026 1187 5063 vos
1228 5012 1470 5065 habeatis
1519 5015 1794 5082 praemium

200 5095 618 5161 sempiternum.
660 5099 695 5153 ti
719 5137 733 5152 .
758 5101 949 5153 Amen.

285 5186 385 5241 Per
411 5190 854 5249 miscricOr-diai‘n.

782 5288 860 5337 Αα
890 5285 1222 5343 Matutimtm.

284 5374 597 5444 Antiphone.
635 5376 702 5428 D.t
747 5376 898 5430 nobis
935 5378 1194 5433 betitialn.
1239 5379 1481 5435 Psalmns
1512 5399 1561 5438 L.
1597 5384 1793 5441 ()rritio.

206 5470 399 5525 Redde
427 5472 600 5527 nobis.
634 5474 723 5541 fol.
751 5488 935 5526 CLXIII.

288 5562 601 5629 Antiphatae.
626 5562 1029 5617 Testamentum
1060 5563 1323 5620 aatérnum
1355 5568 1634 5637 dispénam
1664 5571 1799 5623 San-

204 5652 315 5707 ctis
344 5656 495 5718 meis,
527 5654 658 5717 dicet
688 5653 947 5708 Daminus
974 5674 986 5709 :
1021 5666 1077 5710 et
1103 5658 1459 5727 cognoscelur
1490 5659 1625 5713 inter
1656 5658 1799 5714 Gen-

208 5755 295 5797 tes
324 5759 540 5809 germen
573 5748 795 5812 eurum;
826 5745 891 5803 Ρ.
920 5749 1051 5815 Quia
1085 5749 1137 5803 hi
1178 5760 1302 5804 sunt
1331 5765 1538 5816 semen,
1567 5753 1649 5806 cui
1695 5751 1793 5807 be-

208 5835 424 5891 nedixit
465 5837 743 5895 Déminus.
790 5841 865 5911 Ῡ.
905 5839 1073 5911 Beati,
1115 5857 1341 5912 quorum
1387 5844 1630 5900 remissa:
1672 5854 1796 5900 sunt

1901 4647 2160 4701 Dutninus
2203 4647 2271 4699 tle
2319 4647 2467 4702 Sina.
2502 4645 2703 4699 Ortio.
2755 4645 2973 4699 Venisse
3025 4653 3075 4697 te
3120 4640 3364 4711 Durnine.
3410 4646 3491 4698 Ad

1897 4739 2223 4793 Benedictus.
2252 4740 2569 4809 Antiphone.
2597 4738 2801 4799 Saneti,
2832 4747 2887 4791 et
2919 4738 3168 4792 humiles.
3204 4736 3367 4793 Sana.
3397 4735 3488 4791 Via

1895 4833 2185 4902 justdrum.
2206 4832 2409 4885 Lauda.
2430 4832 2666 4885 Laudate
2693 4829 2995 4887 Dominum.
3016 4830 3487 4887 I’salmuscnvm.

1898 4923 2203 4990 PrOphetia.
2254 4923 2529 4978 Justérum
2589 4923 2803 4978 animai.
2861 4926 3043 4992 Quwre
3099 4923 3231 4993 fo’lio
3283 4938 3486 4979 curn.

1900 5014 2160 5085 Hymnus.
2194 5016 2454 5083 Romane,
2478 5016 2679 5071 Christi
2706 5019 2759 5071 it!
2781 5019 2958 5087 supra.
2984 5018 3331 5088 Supplwdtio.
3356 5018 3490 5070 Ure-

1901 5125 2019 5162 mus
2051 5110 2485 5177 Redemptus-em.
2519 5112 2612 5177 fol.
2637 5108 2690 5166 2.
3066 5096 3074 5104 ’

1973 5201 2235 5269 Capitula.
2287 5204 2445 5267 Deus,
2484 5206 2573 5274 qui
2618 5205 2928 5259 beatissimo
2971 5200 3215 5256 Romano
3262 5198 3488 5273 martyri

1902 5306 1993 5349 tuo
2037 5296 2139 5351 hoc
2187 5296 2494 5364 specialiter
2538 5300 2590 5351 in
2639 5299 2781 5351 dnuo
2826 5295 3011 5365 gratia:
3065 5293 3398 5363 prtcstitisti,
3433 5304 3487 5348 ut

1903 5398 2021 5455 post
2049 5388 2404 5443 :IbsCiStéttetn
2438 5391 2668 5443 carnalis
2700 5391 2893 5457 litlgtttB
2946 5385 3137 5441 mélius
3194 5395 3246 5440 te
3294 5388 3488 5442 verbo-

1901 5494 2017 5533 rum
2046 5480 2313 5547 datorem,
2347 5491 2401 5534 et
2424 5480 2732 5534 amuéntit‘is
2762 5480 3075 5547 prmdicaret
3100 5496 3112 5532 :
3140 5487 3189 5532 tc
3214 5478 3489 5548 supplices

1902 5588 2231 5642 qumsumus,
2261 5584 2317 5628 ut
2354 5574 2616 5643 erganum
2668 5575 2861 5642 lingua:
2908 5586 3104 5627 nostra}
3144 5574 3247 5627 tuis
3274 5587 3489 5642 semper

1900 5665 2063 5721 iacias
2115 5666 2317 5735 legibus
2358 5666 2669 5718 deservire:
2707 5676 2762 5718 ut
2793 5668 2994 5721 sanctis
3043 5667 3248 5721 tantum
3292 5666 3485 5721 olﬁciis

1899 5757 2282 5823 mancipatum,
2318 5754 2651 5824 bencplacita
2693 5757 2789 5811 tibi
2832 5771 3044 5827 semper
3089 5757 3376 5814 devotidne
3407 5757 3487 5812 fa-

1900 5850 2156 5902 mulélur.
