3984 6376
565 315 697 370 1151
1783 313 2138 371 BllEVIARll

2148 315 2218 372 ιω
2261 315 2630 373 GOTIIICUM.
3620 329 3721 406 issi

633 432 787 484 l‘ater
816 441 1016 483 noster.
1053 428 1284 483 Liherati
1310 429 1339 484 li
1373 429 1532 483 malo.
1563 430 1659 500 fol.
1687 429 1745 484 ‘2.
2179 436 2230 491 Α
2891 430 3001 486 DIE
3043 430 3207 485 XXII.

638 523 837 576 Lauda.
870 519 1128 575 Gaudium
1178 522 1583 592 sempiternum.
1631 525 1726 594 [οι.
1777 538 1944 578 cuit.
1989 523 2151 577 Bene-
2258 533 2307 572 ts
2331 534 2684 577 rsum-ure
2702 535 3177 576 “auscultant
3195 538 3491 597 “mittis,”
3511 552 3721 614 ulnus,

565 617 746 669 dit-tio.
778 616 1022 668 Christus
1055 615 1334 680 Dominus,
1367 615 1458 685 qui
1487 617 1779 686 elinguem.
1809 615 1877 669 In
1916 614 2138 683 Vesperi:

1712 632 1779 670 Ill.
1809 615 1877 669 In
1916 614 2151 683 Vérpert's
2787 628 2852 665 ετ
2883 627 3114 667 εοιιιτυη
3155 630 3285 670 ειυς.

565 726 613 775 ιιι
626 707 958 761 caedentibus
967 743 980 758 .

2856 703 2936 756 Ad
2967 709 3245 774 t'ésperum.

1214 819 1324 873 DIE
1364 816 1505 873 XIX.
2325 792 2528 850 Lauda.
2606 794 2862 850 Exortum
2919 809 3001 851 cst
3043 799 3094 852 in
3153 800 3373 859 tenebris
3428 807 3590 867 lumen.
3636 819 3724 885 [alio

2254 903 2423 942 cun.
2455 890 2618 942 Sana.
2652 891 2896 947 Gaudete
2918 893 3050 962 justi
3079 894 3132 948 in
3157 894 3390 954 Dumino.
3415 903 3637 971 [al.cuv.

2324 981 2639 1048 Antiphona.
2667 984 2931 1038 Gaudium
2979 1002 3228 1056 magnum
3255 992 3354 1045 erit
3373 993 3582 1053 omnibus
3603 1000 3725 1059 homi-

2254 1073 2429 1136 nibus,
2462 1073 2593 1128 dicit
2640 1074 2899 1130 Dutninus
2939 1095 2951 1129 :
2985 1076 3054 1130 P.
3084 1079 3216 1146 Quia
3261 1097 3376 1138 ecce
3402 1101 3486 1154 ego
3511 1089 3652 1158 vénio;
3687 1107 3725 1149 ut

2254 1164 2521 1218 clarilicer
2553 1165 2605 1219 in
2639 1166 2816 1222 médio
2846 1167 3168 1224 Sanctdrum
3202 1175 3445 1230 metirunt.
3494 1179 3554 1247 Ῡ.
3588 1182 3725 1240 Omnes

2253 1267 2440 1325 gentes
2473 1256 2715 1325 plaudite
2743 1259 2990 1314 manibus
3016 1279 3026 1314 :
3049 1261 3273 1329 jubiltite
3307 1265 3355 1319 in
3383 1282 3497 1324 voce
3519 1275 3723 1328 exultatio-

643 1343 906 1412 insignem
944 1342 1143 1395 Christi
1185 1341 1494 1408 Crispinum
1526 1341 1809 1396 laudemus
1837 1342 2148 1414 martyrem,
2253 1348 2357 1402 nis.
2393 1347 2461 1402 Ρ.
2496 1347 2651 1414 Quia.
2697 1351 2730 1420 ᾗ
2760 1390 2773 1404 .
2809 1352 3015 1419 Gluria,
3042 1363 3099 1408 et
3145 1356 3331 1412 honor.
3361 1358 3421 1413 P.
3449 1363 3575 1428 Quia.

640 1433 741 1499 Qui
771 1448 924 1486 suum
961 1435 1085 1486 lavit
1115 1447 1268 1486 sacro
1295 1449 1490 1502 corpus
1517 1433 1806 1503 sanguine;
2323 1443 2583 1499 Dominus
2612 1447 2702 1500 sit.
2748 1447 2784 1516 ti}
2810 1488 2823 1500 .
2856 1448 2924 1502 Et
2951 1463 3100 1504 cum.

641 1520 898 1592 [cccxxv]
928 1523 993 1577 Et
1023 1539 1186 1577 unum
1224 1524 1391 1578 Deum
1414 1540 1645 1594 sequens
1674 1527 1840 1581 Trino
1868 1525 2110 1596 numine,
2323 1536 2524 1591 Lauda.
2559 1537 2750 1594 Véniet
2798 1541 3058 1597 Dominus
3091 1542 3268 1609 Deus,
3315 1554 3366 1600 et
3411 1561 3570 1604 omnes
3602 1551 3725 1608 Sancti

643 1612 892 1666 llundum
921 1614 1251 1683 relinquens,
1277 1615 1434 1708 simul
1471 1616 1588 1683 ejus
1615 1617 1825 1688 copias,
2250 1641 2372 1681 cum
2399 1644 2484 1684 eo.
2516 1629 2764 1684 Alleluia.
2795 1629 2860 1685 P.
2896 1633 2960 1687 Et
2985 1632 3090 1688 erit
3137 1634 3189 1688 in
3219 1635 3304 1691 die
3332 1637 3411 1691 illa
3433 1655 3533 1708 qua
3557 1652 3649 1695 nota
3673 1656 3725 1697 est

645 1703 700 1757 In
729 1719 894 1774 regno
921 1705 1013 1759 Dei
1045 1720 1264 1759 consors
1292 1706 1458 1760 lactus
1488 1709 1727 1777 Angelis.
2179 1787 2223 1794 _
2256 1720 2500 1775 Domino.
2549 1721 2809 1786 Alleluia,
2863 1723 3104 1779 alleluia.
3175 1725 3248 1794 ᾖ.
3293 1703 3484 1794 Venite,
3527 1740 3570 1785 et
3608 1733 3731 1785 videte

711 1795 827 1850 Non
858 1797 1222 1852 blandiménla
1251 1797 1407 1868 hujus
1449 1798 1549 1853 aevi
1576 1799 1861 1868 aspiciens,
2179 1787 2231 1850 ⁸
2258 1813 2421 1880 Opera
2455 1812 2684 1881 Dumini,
2714 1827 2833 1884 qua:
2864 1813 3041 1884 posuit
3065 1787 3304 1888 prodigia
3332 1787 3664 1887 super'terram.
3683 1820 3727 1874 Ρ.

565 947 613 985 IN
658 947 822 986 [ESTO
869 945 1056 985 SANC'I'I
1102 945 1324 986 CRISPINI
1369 946 1627 996 EPISCOPI,
1660 946 1726 985 ετ
1775 931 2146 984 εοκηςεόιιιε.

641 1045 827 1097 Omnia
867 1045 1105 1098 dicuntur
1136 1042 1286 1097 uniti:
1331 1042 1652 1114 Confessum
1696 1043 1988 1112 Pontiﬁcis,
2019 1044 2151 1115 folio

565 1153 741 1204 cutx,
772 1139 980 1206 excépto

1243 1227 1294 1281 Η
1301 1245 1476 1298 yntno.

637 1885 921 1944 Rectdretn
952 1890 1129 1945 Mundi
1171 1891 1454 1945 Duminum
1487 1893 1818 1962 perspiciens

642 1979 792 2034 Illum
817 1984 1035 2036 secutus
1066 1985 1254 2050 magna
1281 1999 1401 2038 cum
1431 1986 1608 2039 lartitia
1632 2024 1649 2052 ,

639 2068 1001 2142 Paradiséque
1034 2072 1328 2144 prdperans
1357 2075 1580 2129 feliciter
1600 2113 1618 2144 ,

635 2160 933 2216 Nolandum
957 2163 1166 2219 hostem
1197 2165 1390 2234 répulit
1426 2167 1734 2236 perniciter.

710 2252 1001 2323 Frontique
1030 2271 1140 2309 sua:
1167 2255 1377 2325 signum
1405 2257 1603 2312 Christi
1647 2257 1842 2327 posuit,

637 2343 788 2409 Quod
811 2346 982 2413 ipsum
1013 2348 1102 2401 Dei
1134 2347 1302 2415 pietas
1326 2348 1577 2415 edocuit;

637 2433 967 2504 Quauquue
998 2451 1223 2504 serpens
1245 2439 1500 2493 insultare
1532 2438 1717 2504 vuluit,

636 2525 742 2579 Sed
773 2526 861 2580 ille
889 2526 1013 2580 forti
1040 2536 1094 2581 et
1113 2527 1273 2582 alacri
1305 2528 1488 2582 animo

638 2615 987 2669 Renuntiavit
1028 2616 1208 2670 invido
1242 2616 1477 2672 diabolo.

706 2705 1102 2775 Omnipoténtis
1133 2708 1225 2762 Dei
1249 2724 1372 2763 vera
1404 2709 1570 2778 gratia

636 2797 866 2852 Tantam
897 2799 1143 2869 Crispino
1173 2800 1356 2855 tribuit
1384 2801 1777 2870 constantiam;

643 2891 709 2946 Ut
737 2905 939 2958 carcer,
976 2906 1170 2960 ptenze,
1197 2893 1381 2963 ﬂagra,
1415 2895 1496 2948 vel
1527 2894 1789 2959 incéudia,

635 2984 740 3038 Nec
767 2983 885 3038 sitis
911 2999 1103 3052 corpus
1130 2985 1367 3040 l‘amésve
1393 2987 1814 3054 commuculeut;

633 3077 866 3147 EjuSque
899 3079 1054 3132 iidem
1083 3080 1283 3134 violare
1312 3080 1578 3148 poterant.

702 3168 988 3240 Lattusquo
1019 3173 1170 3226 miles
1193 3187 1312 3226 cum
1341 3174 1536 3227 C(Bltltn
1561 3175 1858 3244 aspiceret;

632 3261 822 3318 Parata
853 3267 1029 3318 cervix
1053 3265 1288 3333 gladium
1319 3268 1647 3335 suscipiens;

633 3353 847 3423 Sudque
880 3355 998 3409 luso
1025 3356 1273 3410 dedicuto
1305 3358 1588 3428 sanguine,

631 3445 932 3516 Sepulchro
964 3464 1159 3517 corpus
1189 3450 1462 3504 humatum
1498 3452 1826 3519 reconditur,

634 3540 947 3607 Astigituum
981 3541 1204 3610 urbique
1232 3541 1529 3610 reponitur.

701 3633 780 3687 Ad
805 3633 957 3703 cujus
993 3649 1187 3703 corpus
1215 3651 1425 3690 sacrum
1451 3640 1576 3706 πετί
1612 3639 1857 3708 veniunt,

628 3724 943 3797 Claudique,
975 3731 1143 3794 surdi,
1175 3731 1304 3785 cmci
1341 3733 1420 3787 vel
1447 3732 1690 3796 lunutici,

637 3821 908 3876 Christum
932 3823 1162 3878 confessi
1211 3826 1437 3879 salutent
1480 3827 1742 3894 recipiunt
1771 3841 1783 3880 ε

632 3907 701 3963 Et
730 3925 854 3965 vera
883 3912 1052 3964 sancti
1085 3911 1332 3982 Martyris
1364 3914 1573 3968 oracula
1598 3957 1612 3980 ,

632 3997 994 4068 Sanitatisque
1025 4001 1282 4054 medelam
1315 4006 1602 4073 accipiunt.

707 4092 785 4145 Tu
815 4093 1138 4148 intercessor
1168 4095 1307 4150 alme
1336 4095 1536 4169 Murtyr
1564 4101 1790 4168 pravius

636 4183 739 4238 Pro
769 4186 965 4239 nostris
1000 4188 1155 4240 malis
1185 4189 1454 4245 iutercéde
1480 4192 1721 4247 créhriizs
1751 4213 1763 4257 ;

632 4275 704 4332 Ut
733 4278 1014 4333 abluuntur
1045 4292 1225 4335 nostra
1257 4293 1448 4337 cuncta
1491 4285 1711 4339 crimina
1742 4307 1754 4340 :

633 4369 854 4424 Animas
884 4381 1116 4438 nostras,
1149 4375 1451 4443 corpusque
1481 4391 1640 4431 omne
1669 4378 1867 4433 lihen-t

636 4459 710 4514 De
737 4463 1108 4532 persequentis
1151 4463 1348 4518 inimici
1381 4467 1606 4522 insidiis.

708 4550 927 4621 Indulge
957 4554 1128 4619 nobis,
1164 4555 1319 4610 Pater
1347 4557 1788 4624 clementissime,

635 4642 738 4697 Pro
770 4645 841 4698 tui
867 4647 1033 4700 sancti
1062 4647 1354 4702 intercessu
1384 4650 1654 4722 Murtyris,

636 4737 765 4792 Dele
794 4739 999 4793 sectéta
1023 4782 1036 4805 ,
1063 4751 1250 4795 cuncta
1283 4742 1399 4796 laxa
1428 4746 1677 4809 crimina;

637 4831 705 4886 Ut
737 4831 927 4886 annuis
959 4834 1008 4884 in
1043 4833 1143 4886 tuis
1173 4851 1384 4903 semper
1410 4837 1653 4892 laudibus

636 4923 778 4977 Istud
801 4924 1054 4977 canamus
1085 4924 1273 4979 festum
1305 4926 1407 4981 lacti
1437 4928 1710 4984 cordihus.

705 5015 941 5070 Glériam
977 5017 1115 5071 Patri
1147 5021 1496 5085 personémus
1540 5023 1719 5078 famuli
1748 5041 1762 5078 :

634 5104 872 5159 Glbriam
904 5104 1118 5161 Christo
1144 5108 1489 5164 concinl‘imus
1522 5111 1752 5180 pariter;

633 5194 736 5263 Qui
765 5212 861 5250 nos
883 5197 1110 5252 redétnit
1149 5199 1386 5268 pretiuso
1416 5202 1673 5272 sanguine
1703 5247 1714 5258 .

635 5287 846 5342 Mittens
875 5290 925 5342 in
958 5292 1113 5343 nobis
1144 5292 1398 5360 Spiritum
1432 5293 1750 5350 Parftclitum
1770 5340 1783 5361 ,

637 5380 887 5436 llrerédes
915 5383 1038 5439 fecit
1071 5386 1120 5440 in
1153 5386 1356 5442 cmlésti
1387 5388 1606 5457 gaudio.

708 5475 896 5525 Arnen.

2260 1906 2325 1960 Et
2346 1907 2449 1961 erit
2477 1906 2529 1960 in
2552 1906 2636 1962 die
2664 1907 2774 1963 illa.
2822 1908 2856 1976 ᾗ
2881 1947 2894 1960 .
2928 1907 3130 1975 Gluria,
3155 1921 3210 1965 et
3241 1911 3399 1965 honor
3428 1913 3546 1967 Patri
3567 1925 3600 1965 et
3626 1913 3730 1966 leio.

2257 1993 2328 2049 Ρ.
2362 1996 2424 2050 Et
2450 1997 2572 2051 erit.

2924 2087 3187 2160 Hymnus.

2611 2181 2799 2255 lnclyti
2832 2184 3027 2241 festum
3061 2202 3129 2256 pu
3154 2189 3278 2242 turis

2543 2273 2774 2342 Virginis
2805 2277 3032 2332 Caeciliae

2540 2363 2786 2420 Gloriusa
2821 2367 3175 2434 praecinamus

2546 2455 2690 2512 Voce
2720 2458 2950 2529 prompti
2981 2461 3236 2530 pectoris,

2539 2549 2658 2614 Quo
2687 2551 2866 2606 soluta
2896 2552 3014 2622 lege
3043 2557 3236 2609 mortis

2539 2638 2769 2696 Tollitur
2798 2643 2850 2698 in
2882 2645 3100 2700 aetheris
3127 2665 3139 2698 :

2619 2731 2872 2788 Gérmine
2901 2735 3016 2790 haec
3047 2737 3207 2808 Virgo
3237 2739 3392 2800 clara,

2537 2824 2839 2882 Sanctitate
2877 2828 3095 2896 clarior,

2541 2923 2764 2980 Pectore
2786 2924 3056 2980 Christum
3079 2927 3374 2993 retentans,

2542 3016 2804 3088 lluncque
2831 3019 3005 3074 solum
3039 3020 3358 3087 prmdieans,

2173 3149 2220 3215 Ο
2535 3112 2644 3166 Ore
2672 3112 2942 3180 Sponsum
2975 3123 3159 3168 mente
3189 3114 3431 3168 smculum

2545 3201 2680 3257 Vicit
2703 3204 2913 3259 hostem
2942 3204 3226 3274 sanguine.

2613 3295 2851 3350 Péctoris
2897 3296 3037 3350 sacri
3068 3296 3342 3352 recessum

2538 3391 2706 3446 Munit
2739 3391 3020 3460 Evangelia
3045 3406 3060 3446 :

2537 3483 2792 3552 Squz'tlido
2814 3499 3010 3551 corpus
3033 3484 3250 3538 beatum

2539 3574 2774 3629 Prdterit
2796 3575 2990 3641 cilicio,

2540 3665 2723 3720 Noctis
2754 3665 2913 3720 horas
2939 3675 2995 3722 et
3033 3667 3138 3721 diéi

2539 3759 2734 3814 Mentis
2765 3758 2990 3828 itnplens
3020 3759 3256 3816 cantico.

2606 3851 2731 3906 Haec
2761 3851 2904 3906 enim
2932 3855 3118 3907 sortita
3161 3868 3410 3923 sponsum

2533 3944 2802 3999 Gérminis
2833 3945 3114 4014 perfulgidi
3133 3989 3148 4012 ,

2540 4035 2802 4104 Angelum
2835 4037 2926 4091 Dei
2957 4035 3152 4093 fatetur

2536 4128 2608 4181 Se
2636 4125 2832 4181 habere
2860 4126 3128 4181 vindicem
3160 4146 3172 4180 :

2535 4217 2685 4271 Hunc
2715 4217 2974 4292 verendo,
3008 4230 3063 4272 ut
3095 4217 3289 4288 pudori

2539 4308 2638 4362 Det
2669 4307 2928 4363 hondrem
2955 4309 3286 4366 cummonet.

2601 4402 2846 4471 Sponsus
2879 4403 2965 4457 hic
2994 4404 3178 4460 lurdre
3199 4419 3340 4459 caeo

2171 4501 2226 4562 1)
2537 4493 2908 4548 Commiuatur
2936 4494 3137 4564 Virgini
3166 4514 3181 4560 ;

2534 4585 2638 4640 Sed
2663 4586 2816 4640 beata
2854 4585 3011 4654 Virgo
3040 4585 3198 4641 factis

2537 4679 2684 4732 Dicta
2717 4679 2935 4747 prorsus
2962 4679 3351 4748 comprobans,

2537 4773 2824 4842 Angelum,
2852 4772 3154 4840 munusque
3186 4770 3320 4826 Cteli

2533 4867 2653 4921 Mox
2683 4866 2874 4920 adesse
2913 4864 3160 4934 praestitit
3187 4882 3202 4918 :

2605 4960 2769 5015 Alluit
2796 4959 3090 5028 prmuissus
3120 4960 3262 5013 idem

2531 5054 2624 5108 Vir
2651 5051 2890 5106 coruscis
2917 5051 3174 5114 vestibus,
3292 5046 3293 5049 “

2533 5146 2806 5202 Exhibeas
2844 5145 3004 5200 sertis
3043 5143 3274 5198 eorunas

2532 5239 2778 5294 Fldrihus
2817 5238 3156 5308 prselt'tlgidas

2535 5335 2591 5388 ln
2620 5335 2755 5387 rosis
2781 5332 2983 5386 docens
3023 5332 3306 5393 crudrem;

2538 5427 2851 5482 CastitAtcm
2896 5425 3046 5480 liliis.

2601 5519 2824 5574 Munere
2855 5517 2957 5572 hoc
2989 5516 3313 5586 provochtus

2530 5614 2771 5683 Sponsus
2798 5613 2865 5666 ad
2896 5611 3090 5665 Christi
3118 5609 3279 5665 ﬁdem

2525 5705 2792 5777 [cccxxvt]
2824 5704 2970 5758 Illico
2995 5701 3175 5756 fratris
3205 5701 3438 5756 salutem

2537 5797 2862 5867 lmprecittus
2893 5795 3099 5850 Obtiuet
3120 5809 3140 5860 ;
