3984 6376
522 360 549 414 ί
560 358 663 415 255

1727 352 2157 409 BREVIARIUM
2193 352 2568 410 GOTIIICUM.

3647 362 3766 423 1236

515 471 680 526 etatio
724 480 932 533 nostra,
980 484 1078 524 nos
1123 469 1442 533 accendens,
1489 469 1573 523 alr
1602 470 1745 524 omni
1789 472 2092 526 mereamur
2122 467 2262 530 Ada
2294 486 2305 519 :
2342 480 2397 521 ut
2428 470 2457 522 ii
2490 471 2790 525 nostrarum
2823 473 3106 529 criminum
3136 475 3298 531 (mere
3324 477 3615 545 sublevati,
3648 480 3768 539 diem

518 564 721 631 expiari
754 563 994 618 criminis
1022 564 1155 617 labe.
1203 564 1237 623 ti.
1262 603 1276 617 .
1304 565 1491 617 Amen.

587 659 710 713 Per.
938 642 941 645 5

588 751 898 819 Antiplioua.
932 749 1171 816 corpora
1213 750 1531 804 Sanctorum
1578 749 1789 803 ﬂamma
1822 763 1925 801 non
1969 762 2100 802 con-

517 841 775 895 stristavit
800 857 813 893 :
847 838 910 892 P.
947 841 1012 895 Et
1036 843 1162 894 dum
1197 842 1532 895 ambularent
1560 856 1653 908 per
1675 856 1791 895 eam
1820 856 1923 894 non
1949 855 2100 894 com-

516 931 863 985 burebantur.
913 932 945 999 ᾗ
973 972 983 984 .
1013 931 1333 986 Ιιινοοίὼειιιι
1369 932 1676 993 Ι)όιιιίηυιη.
1710 940 1765 985 et
1798 932 1913 997 ipse
1938 947 2102 983 exan-

518 1026 696 1080 diebat
726 1043 821 1081 eos
849 1044 859 1078 :
896 1029 947 1080 in
981 1027 1227 1080 columna
1254 1026 1407 1079 nubis
1440 1026 1757 1094 loquebatur
1783 1025 1850 1079 ad
1882 1039 1996 1078 eos.
2029 1023 2097 1076 Ρ.

521 1117 586 1171 Et
617 1118 767 1171 dum.
814 1118 845 1185 Ῡ
874 1155 887 1169 .
920 1116 1125 1183 Gluria,
1158 1126 1211 1171 et
1236 1118 1425 1170 honor.
1454 1116 1516 1168 P.
1548 1115 1607 1169 Et
1637 1117 1784 1169 dum.

594 1210 792 1264 Oratio.
832 1210 1108 1279 Unigénite
1154 1211 1243 1264 Dei
1286 1210 1471 1273 Filius,
1504 1213 1589 1279 qui
1619 1208 1844 1278 corpora
1875 1207 2105 1262 Sancto-

521 1318 637 1357 rum
664 1304 875 1357 tuarum
903 1302 1150 1369 tanquam
1174 1318 1361 1355 aurum
1392 1301 1627 1355 fornacis
1655 1301 1775 1369 igne
1792 1300 2100 1367 exitminas;

520 1394 765 1448 curtlium
819 1394 1143 1455 nostrarum,
1177 1408 1500 1461 qumsumns,
1545 1394 1685 1447 vires
1719 1393 2006 1461 inspicias,
2050 1400 2106 1445 et

515 1484 666 1552 juxta
695 1499 849 1551 posse
872 1494 1111 1539 nostrum
1136 1484 1203 1553 (si
1235 1485 1410 1553 placet
1436 1485 1552 1549 tibi)
1586 1486 1655 1537 ita
1686 1498 1781 1537 uos
1807 1484 1910 1553 igni
1939 1484 2105 1537 tribo-

520 1577 777 1636 latiduum
811 1577 1002 1631 tentari
1028 1578 1327 1646 permittas,
1359 1586 1416 1630 ut
1443 1577 1511 1631 de
1542 1578 1683 1632 bono
1715 1576 1984 1645 patientiae
2012 1576 2108 1631 he-

522 1670 803 1725 reditatem
859 1671 1164 1724 mereAmur
1219 1671 1271 1724 in
1324 1668 1637 1724 caelestibus
1692 1668 1959 1724 obtinere.
2025 1669 2103 1735 ἡ.

519 1762 711 1817 Amen.

589 1854 693 1908 Per
721 1852 1167 1907 misericurdiam.

604 1946 642 2012 ἢ
662 1984 677 1999 .
711 1947 815 2000 Iste
843 1946 932 2015 qni
971 1944 1223 1999 advenit:
1256 1958 1415 1998 nemo
1444 1944 1544 1998 scit
1574 1958 1771 1997 nomen
1794 1942 1947 2010 ejus;
1993 1942 2101 1997 nisi

519 2039 635 2109 ipse
680 2038 829 2092 solus
868 2054 881 2090 :
924 2037 1203 2090 vocabitur
1262 2036 1425 2091 verbo
1474 2034 1735 2089 Dominus
1776 2054 1787 2088 :
1830 2044 1885 2089 et
1939 2034 2100 2089 habet

518 2142 720 2187 vestem
752 2133 1092 2201 praeclaram,
1125 2140 1179 2186 et
1207 2130 1383 2185 omnis
1419 2130 1616 2185 chorus
1655 2129 2000 2183 Sanctarum.
2030 2128 2092 2184 Ρ.

519 2225 648 2279 Cum
681 2225 889 2296 hymnis
940 2224 1234 2290 sequuntur
1277 2238 1420 2278 eum.
1471 2224 1504 2290 ᾗ
1530 2262 1544 2276 .
1577 2222 1835 2276 Duminns
1876 2224 1943 2275 de
1972 2221 2098 2277 Sina

520 2316 716 2381 veniet,
738 2328 789 2371 et
821 2315 887 2370 dc
908 2316 1027 2371 Seir
1050 2325 1200 2369 ortus
1222 2324 1305 2369 est
1339 2314 1526 2368 nobis:
1559 2313 1801 2383 apparuit
1827 2314 1893 2366 de
1918 2321 2100 2367 monte

522 2406 761 2471 Pbaran,
810 2416 863 2461 et
913 2421 1030 2459 cum
1060 2422 1125 2459 eo
1156 2406 1470 2459 Sanctarum
1508 2404 1693 2458 millia.
1726 2402 1791 2457 P.
1819 2404 1974 2458 Cum.
2025 2405 2056 2465 ἢ
2080 2442 2097 2458 .

522 2495 727 2561 Gloria,
761 2507 811 2549 et
844 2495 1033 2549 honor.
1066 2493 1130 2548 P.
1161 2492 1314 2548 Cum.

598 2593 798 2647 Oratio.
833 2593 1057 2647 Démine
1096 2591 1221 2646 Jesu
1252 2590 1501 2654 Christe,
1544 2589 1598 2643 in
1634 2587 1869 2658 Vésperis
1912 2603 2105 2658 pratce-p

522 2688 773 2741 déntibus.

1129 2791 1194 2848 In
1228 2792 1513 2850 Lriudibus.

598 2912 676 2964 Ad
700 2910 983 2964 Crinlicum.
1010 2909 1329 2976 Antipltona.
1354 2909 1551 2963 Omnes
1578 2907 1777 2963 Sancti.
1806 2907 2099 2962 Canticum.

530 3004 785 3058 Dominus
822 3003 889 3057 de
930 3002 1057 3057 Sina
1108 3002 1303 3058 véniet.
1348 3003 1547 3055 Oratio.
1585 3001 1807 3056 Venisse
1837 3012 1886 3055 te
1920 3000 2102 3056 Dumi-

522 3114 671 3151 num.
706 3098 784 3149 Ad
809 3095 1135 3153 Benedictus.
1161 3094 1477 3161 Antiphona.
1511 3094 1725 3158 Sancti,
1756 3103 1810 3148 et
1850 3093 2098 3149 humiles.

527 3186 816 3243 Cdnticunt.
849 3188 1161 3241 Benedictus
1190 3202 1250 3240 es
1285 3186 1524 3241 Duminc.
1573 3186 1737 3239 Souo.
1786 3184 1879 3238 Via
1932 3185 2099 3251 iustd-
2128 3178 2175 3239 C

524 3297 664 3337 rum.
693 3279 895 3335 Lauda.
928 3280 1163 3334 Latnlate
1196 3279 1500 3333 Dominum.
1536 3277 1773 3331 Psalmus
1803 3292 2025 3332 CXLVIII.

669 3390 841 3444 Léctio
870 3391 989 3444 libri
1013 3390 1281 3443 lac/toria:
1308 3388 1584 3459 Prophétae
1613 3388 1766 3459 (Cap.
1802 3388 1937 3457 xlv).

614 3485 649 3550 n
674 3464 831 3539 ,ὀοο
862 3484 1076 3553 gratias.

601 3576 913 3645 Egredtétur
945 3575 1229 3641 deinus,
1262 3586 1316 3630 et
1345 3575 1670 3645 prteliiibitur
1699 3584 1884 3629 contra
1916 3583 2109 3644 gentes

527 3667 666 3732 illas,
688 3667 827 3720 sicut
851 3666 1121 3734 praaliatns
1148 3677 1229 3721 est
1253 3668 1303 3720 in
1330 3666 1417 3721 die
1436 3666 1773 3720 certaminis.
1802 3667 1867 3721 Et
1887 3667 2105 3722 stabunt

530 3760 695 3827 pedes
722 3756 839 3826 ejus
870 3758 923 3811 in
954 3757 1039 3813 die
1070 3758 1156 3811 illa
1205 3772 1365 3827 super
1407 3768 1639 3813 montem
1686 3759 1947 3813 olivarum
1967 3801 1985 3824 ,
2015 3758 2105 3829 qui

527 3855 613 3903 est
650 3856 836 3901 contra
884 3847 1213 3901 Hierusalem
1262 3850 1328 3901 ad
1372 3848 1633 3902 orientem
1670 3866 1683 3902 :
1725 3858 1779 3902 et
1826 3850 2106 3904 scindétur

536 3952 690 3992 mons
720 3937 977 3990 olivarum
1005 3953 1073 3991 ex
1108 3937 1277 3992 media
1310 3948 1457 4005 parte
1497 3938 1579 3991 sui
1627 3939 1692 3992 ad
1722 3940 2023 4005 Orientem,
2052 3949 2108 3994 et

537 4030 602 4085 ad
633 4028 999 4093 Occidentem,
1031 4030 1321 4097 praeruptio
1351 4030 1566 4101 grandis
1598 4031 1779 4096 valde;
1810 4044 1865 4085 et
1891 4032 2106 4102 separa-

537 4120 679 4174 bitur
709 4118 938 4173 medium
972 4118 1167 4171 montis
1197 4118 1261 4170 ad
1287 4120 1605 4189 Aquilonem
1627 4161 1641 4185 ,
1678 4130 1731 4175 et
1773 4120 2007 4176 medium
2039 4122 2106 4177 ad

537 4210 831 4265 Meridiem.
861 4210 925 4263 Et
956 4208 1132 4264 \‘éniet
1162 4208 1419 4265 Dominus
1446 4211 1617 4275 Deus,
1649 4214 1944 4282 omnesque
1971 4213 2109 4267 San-

535 4301 606 4355 cli
631 4316 749 4355 cunt
782 4316 866 4355 eo.
900 4302 963 4354 Et
990 4302 1089 4354 erit
1139 4301 1191 4354 in
1234 4300 1320 4354 die
1352 4302 1478 4356 illa:
1510 4302 1743 4356 Exibunt
1792 4318 1943 4373 aqua:
1984 4304 2108 4358 vitae

531 4394 601 4449 de
631 4394 999 4449 Hierusalem:
1030 4392 1262 4447 medium
1294 4396 1476 4449 earum
1519 4396 1583 4448 ad
1618 4412 1763 4451 mare
1803 4398 2105 4467 Orientale,

532 4494 589 4543 et
618 4485 847 4539 médium
878 4487 1059 4539 earum
1108 4488 1173 4537 ad
1217 4500 1365 4540 mare
1408 4487 1750 4541 novissimum
1780 4505 1791 4539 ε
1824 4488 1875 4541 in
1921 4490 2108 4544 aestate

535 4587 586 4631 et
615 4575 788 4633 Liétne
813 4587 987 4631 erunt.
1022 4578 1087 4631 Et
1117 4579 1221 4632 erit
1254 4577 1511 4632 Dominus
1544 4579 1656 4633 Rex
1696 4594 1858 4648 super
1887 4596 2104 4635 omnem

534 4678 728 4723 terram
762 4685 775 4719 :
805 4670 855 4722 iu
881 4669 967 4724 die
998 4670 1085 4723 illa
1117 4672 1218 4723 erit
1243 4670 1498 4725 Duminus
1528 4686 1683 4738 unus,
1710 4683 1762 4726 et
1783 4673 1887 4727 erit
1911 4688 2111 4728 nomen

533 4760 651 4829 ejus
680 4775 865 4814 unum.
897 4760 962 4814 Et
996 4762 1293 4817 revertetur
1324 4766 1499 4818 omnis
1530 4774 1670 4819 tcrra
1702 4780 1870 4835 usque
1900 4766 1965 4818 ad
2014 4766 2111 4821 de-

534 4852 758 4917 sértum,
791 4854 860 4909 de
881 4854 1015 4908 colle
1040 4854 1239 4909 Reman
1275 4856 1339 4909 ad
1364 4856 1619 4911 Austrum
1652 4859 1983 4921 Hierusalem
2011 4878 2021 4911 :
2056 4870 2112 4915 et

533 4942 876 5008 exaltabitur,
922 4953 976 4998 et
1022 4944 1282 4998 habitabit
1337 4947 1388 4999 in
1439 4947 1557 5001 loco
1614 4957 1798 5002 sancto
1846 4963 1964 5003 suo.
2034 4951 2109 5017 ιῆ.

535 5036 730 5093 Amen.
1986 5034 1991 5039 ’

610 5128 868 5199 Hymnus.
896 5130 1080 5201 lnclyti
1112 5132 1301 5187 festum
1334 5132 1554 5200 pudéris
1595 5133 1817 5204 virginis
1855 5134 2088 5191 Cmcilim

541 5219 725 5286 Quazre
751 5222 821 5283 in,
844 5221 1009 5293 i’éspo‘
1034 5227 1071 5277 is
1096 5225 1513 5292 prwcedéntibus.

611 5332 958 5404 Supplicdtio.
986 5339 1210 5393 Oremus
1241 5339 1671 5408 lledemptérem,
1705 5352 1759 5395 ut
1789 5345 1970 5412 supra.

609 5428 867 5495 Capitula.
899 5428 1110 5485 Christe
1144 5432 1229 5485 lux
1278 5448 1400 5485 vera
1435 5432 1789 5499 Sanctorum,
1831 5438 1921 5504 qui
1972 5437 2114 5491 inlu-

539 5524 799 5576 stratiéne
843 5522 1103 5577 adventus
1153 5525 1223 5576 tui
1275 5525 1583 5577 sawiéntent
1641 5526 1692 5577 in
1746 5525 1945 5582 electos
1994 5539 2116 5584 tuos

541 5612 769 5667 déstruis
798 5614 1095 5679 inimicum,
1127 5616 1246 5669 veni
1277 5617 1341 5668 ad
1373 5630 1493 5683 nos,
1521 5626 1576 5671 et
1607 5617 1860 5670 inlumina
1896 5633 1988 5672 cor
2016 5635 2116 5674 no-

542 5715 711 5757 strum
743 5705 859 5760 luce
892 5707 1002 5772 illa,
1034 5708 1137 5774 qua
1165 5709 1475 5762 Sanctdrum
1525 5711 1738 5763 tuarum
1787 5710 2016 5765 Cmcilize
2061 5722 2119 5767 et.

543 5792 660 5863 ejus
684 5794 951 5852 comitum
983 5797 1270 5868 Martyrum
1302 5800 1627 5869 perlustrare
1651 5800 1894 5872 dignatus
1916 5819 1976 5859 es
1997 5819 2117 5860 cor-

2199 560 2462 614 adventus
2492 562 2563 615 tni
2598 564 2963 630 praestolémur
2994 568 3190 622 inimsi.

2271 651 2425 707 Pater
2454 666 2653 709 no<ter.
2684 656 2913 711 Liberuti
2940 659 2970 713 ἐι
2996 662 3154 715 malo.
3178 662 3277 728 fol.
3305 662 3363 716 2.
3391 662 3599 719 Lauda.
3634 665 3767 723 Fide-

2202 740 2266 795 lis
2297 744 2347 796 in
2377 744 2686 810 dilectione,
2721 758 2774 800 ut
2800 752 2979 817 supra.
3487 738 3492 742 1

2274 830 2584 890 Benedictio.
2616 838 2866 893 Christus
2907 840 2999 895 Dei
3046 842 3210 896 Filius
3232 884 3245 905 ,
3277 859 3397 898 cum
3428 862 3539 915 quo
3570 847 3768 904 Sanctu-

2204 938 2321 976 rum
2352 927 2515 979 millia
2548 930 2611 981 azl
2633 929 2891 998 jnlicium
2934 934 3030 986 rén
3056 945 3142 987 ent
3167 979 3180 1000 ,
3224 937 3532 990 sanctdrum
3563 939 3766 994 Caecilia:

2204 1027 2257 1070 et
2286 1022 2400 1082 ejus
2430 1020 2696 1074 Comitum
2731 1024 3025 1093 martyrum
3056 1042 3153 1079 nos
3190 1030 3418 1083 canibus
3448 1031 3765 1089 coronaados

2204 1107 2479 1163 adsuciet:
2522 1112 2557 1180 ἡ
2580 1152 2591 1164 .
2626 1114 2817 1169 Amen.
2846 1115 2929 1181 Et,
2961 1118 3051 1187 qui
3082 1118 3267 1173 eléctis
3314 1123 3537 1175 daturus
3580 1133 3662 1177 est
3697 1126 3765 1194 ju-

2204 1201 2327 1255 dicii
2352 1206 2680 1271 sessidnem,
2708 1207 3019 1279 [crcxxvut]
3049 1213 3419 1280 peccatéribus
3445 1216 3663 1270 ultiénis
3687 1234 3765 1285 pro

2208 1296 2399 1349 merito
2430 1313 2532 1351 non
2576 1300 2819 1353 restituat
2861 1303 3028 1356 vicem
3056 1320 3069 1354 :
3113 1304 3149 1368 ti
3174 1342 3187 1355 .
3220 1306 3407 1360 Amen.
3440 1307 3560 1375 Quo
3594 1308 3763 1377 gaudio

2205 1387 2465 1443 adventus
2496 1392 2575 1444 sui
2605 1393 2683 1446 sic
2715 1395 3021 1448 rentuneret
3058 1396 3260 1463 justas,
3294 1408 3351 1451 ttt
3378 1398 3541 1461 ﬁdes.
3577 1402 3677 1469 qua
3702 1401 3764 1457 illi

2205 1478 2462 1548 créditur,
2494 1482 2520 1534 ξι
2550 1483 2823 1552 suppliciis
2853 1486 3002 1539 eruat
3028 1488 3272 1543 m‘seros.
3314 1490 3349 1557 ti
3372 1529 3387 1543 .
3416 1492 3612 1545 Anien.

2278 1570 2401 1625 Per.
2784 1630 2789 1633 ,

2830 1666 2941 1721 DIE
2982 1668 3169 1723 XXIII.

2282 1770 2332 1807 IN
2372 1770 2539 1810 ηετο
2576 1772 2764 1811 SANC'I'I
2799 1773 3090 1815 CLEIENTIS
3127 1777 3270 1817 ΡΑΡΕ
3319 1779 3388 1818 ει·
3428 1781 3705 1821 ΠΑΒῙΊΙΠΞ.

2785 1851 2866 1903 Ad
2908 1850 3201 1919 Vésperum.
3500 1858 3501 1861 “

2271 1938 2471 1992 Lauda.
2504 1940 2706 2006 etans,
2739 1951 2793 1996 et
2826 1943 3051 1999 houdre.
3083 1944 3178 2015 fol.
3210 1959 3349 2001 (ειη.
3408 1947 3574 2002 Sono.
3617 1948 3762 2005 Bene-

2199 2032 2285 2086 dic
2311 2032 2487 2086 :‘mima
2516 2048 2655 2088 mea.
2680 2036 2777 2103 [οι.
2808 2051 2932 2090 cu.

2270 2125 2586 2194 Antiphona.
2621 2125 2813 2182 Fecisti
2840 2128 3066 2184 Domine
3094 2130 3145 2183 in
3189 2131 3320 2185 mari
3345 2132 3483 2185 viam
3513 2150 3525 2183 :
3554 2142 3609 2187 et
3648 2133 3762 2188 inter

2200 2217 2392 2273 ﬂuctus
2420 2217 2665 2272 sémitam
2699 2220 3059 2275 ﬁrmissimam
3084 2221 3395 2285 ostendens,
3434 2221 3500 2274 P.
3525 2224 3656 2289 Quia
3687 2238 3760 2291 po-

2203 2318 2321 2361 tens
2370 2322 2428 2361 es
2474 2310 2813 2363 transeuntes
2869 2326 3018 2365 mare
3066 2312 3298 2366 salvire.
3361 2313 3434 2381 ᾖ.
3487 2313 3615 2367 Mira
3660 2323 3762 2367 sunt

2202 2398 2378 2466 (ipera'
2398 2410 2507 2466 tua,
2539 2409 2595 2455 ct
2622 2401 2799 2455 anima
2849 2418 2967 2458 mea
3014 2405 3163 2459 novit
3204 2406 3382 2459 nimis.
3416 2406 3479 2460 P.
3506 2407 3657 2473 Quia.
3699 2407 3757 2475 ᾖ.

2200 2490 2401 2555 Gléria,
2436 2503 2489 2546 et
2519 2490 2710 2546 honor.
2738 2492 2799 2544 P.
2837 2494 2996 2561 Quia.

2273 2583 2529 2639 Duminus
2558 2587 2645 2639 sit.
2692 2586 2726 2651 [ἢ
2752 2626 2764 2639 .
2799 2586 2861 2640 Et
2891 2602 3031 2641 cum.

2272 2675 2473 2730 Lauda.
2511 2678 2707 2732 lnlixus
2746 2695 2864 2733 sum
2913 2681 2965 2734 in
3012 2682 3193 2734 limum
3241 2680 3528 2749 profundi:
3557 2682 3641 2736 ubi
3672 2696 3758 2736 non

2206 2775 2289 2819 est
2320 2767 2638 2821 substantia.
2679 2769 2807 2824 Veni
2852 2770 2903 2824 in
2950 2771 3286 2826 altitudinem
3331 2774 3529 2827 maris:
3560 2784 3613 2827 et
3644 2784 3760 2827 tent-

2205 2854 2387 2924 péstas
2417 2857 2659 2912 dimérsit
2696 2874 2801 2913 me.
2848 2858 2915 2912 P.
2960 2859 3217 2915 Laboravi
3267 2861 3539 2930 clamans,
3593 2863 3757 2916 exaudi

2204 2962 2311 3001 me.
2364 2947 2591 3002 Alleluia
2619 2990 2635 3014 ,
2685 2950 2919 3004 alleluia.
2966 2951 3039 3018 ᾗ.
3070 2951 3287 3007 Salvum
3338 2968 3426 3007 me
3472 2953 3552 3007 fac
3598 2952 3751 3007 Deus:

2204 3036 2459 3107 qut'miam
2492 3037 2825 3094 intraverunt
2851 3056 3001 3110 aqua:
3033 3058 3202 3112 usque
3226 3044 3291 3097 ad
3323 3044 3554 3098 animam
3584 3059 3753 3098 meatu.

2208 3126 2273 3183 P.
2305 3129 2586 3186 Laboravi.
2629 3132 2701 3201 ᾖ.
2731 3132 2935 3198 Clinia,
2968 3143 3023 3190 et
3054 3135 3245 3191 honor.
3268 3135 3332 3191 P.
3367 3138 3639 3193 Labor-Avi.

2864 3226 3127 3295 Hymnus.

2350 3314 2642 3371 Cleméntis
2666 3318 2863 3371 l‘eslum
2887 3320 3190 3374 celebrittur
3212 3320 3370 3377 hudié
3396 3341 3407 3373 :

2280 3405 2474 3461 Venlte
2498 3406 2700 3475 plebes,
2731 3418 2788 3463 et
2816 3409 3082 3463 miramini
3110 3410 3389 3481 cumpotcs

2277 3498 2557 3553 Adséclam
2586 3499 2730 3555 Petri
2757 3500 2974 3556 Dumini
3002 3502 3269 3571 Apustoli,

2279 3584 2532 3644 Romitnu:
2553 3591 2696 3645 sedis
2724 3592 2937 3647 tértittm
2969 3594 3301 3662 Antistilem,

2277 3680 2443 3747 Quem
2466 3681 2707 3737 Christus
2732 3684 2832 3737 sibi
2867 3688 3203 3740 consecravit
3232 3687 3532 3758 martyrem.

2354 3779 2447 3831 llic
2471 3777 2755 3833 habitundo
2785 3780 2840 3834 in
2874 3780 3013 3835 Urbe
3042 3780 3301 3836 Romulea

2278 3870 2657 3926 Adnutttiaudo
2687 3870 2959 3927 Christum
2990 3873 3273 3927 Duminunt

2281 3963 2617 4028 Inlumittavit
2644 3963 2926 4019 Theudore
2955 3964 3232 4029 Sisinium,

2285 4054 2415 4108 Dum
2448 4055 2615 4107 visum
2650 4054 2861 4109 Petrum
2891 4056 2944 4109 in
2973 4057 3224 4124 sopdrem
3259 4054 3540 4126 perspicit;

2285 4145 2371 4199 Sic
2394 4146 2422 4197 ἐι
2446 4145 2723 4200 Clemente
2755 4146 3051 4215 baptizatus
3078 4146 3327 4203 crédidit.

2356 4236 2453 4292 llic
2483 4237 2823 4304 praedii-{mdo
2849 4239 3044 4294 Christi
3075 4239 3439 4308 Evangélium,

2286 4327 2350 4380 Et
2380 4327 2721 4381 convocando
2746 4328 2988 4382 catervas
3019 4330 3272 4394 ﬁde’lium,

2285 4420 2498 4488 Trajani
2526 4421 2680 4489 jussu
2712 4422 2924 4476 ducitur
2948 4423 3001 4477 in
3028 4424 3269 4486 exilium,

2286 4512 2456 4566 Trans
2485 4511 2713 4566 Pontum
2742 4528 2889 4568 mare
2916 4514 2967 4567 in
3001 4516 3325 4583 preruplum
3357 4514 3583 4571 erémum

2284 4604 2357 4659 lbi
2391 4605 2594 4673 peregit
2623 4606 2830 4673 insigne
2862 4606 3216 4660 miraculum:

2354 4696 2626 4767 Aquarum
2656 4711 2818 4750 venas
2845 4712 2911 4751 ex
2938 4698 3136 4767 abysso
3162 4697 3369 4764 eduxit,

2287 4785 2350 4839 Et
2371 4785 2582 4839 satiévit
2611 4786 2855 4841 sitientes
2877 4788 3109 4852 incolas;

2285 4879 2381 4946 Qui
2412 4896 2501 4947 per
2523 4880 2733 4934 metulla
2761 4881 3082 4936 excide’bant
3108 4883 3373 4936 marmora

2288 4974 2349 5026 Et
2379 4974 2672 5027 mstuubant
2698 4974 2835 5037 tabe,
2871 4984 2924 5028 et
2951 4975 3038 5028 siti
3071 4974 3268 5039 vitlida,

2198 5102 2201 5103 ν
2287 5070 2388 5125 Pro
2416 5068 2612 5122 (lbriSIi
2640 5068 2858 5123 numine
2888 5070 3160 5137 portantes
3188 5070 3465 5137 supplicia.

2370 5162 2515 5227 Quos
2547 5160 2633 5215 ubi
2661 5172 2830 5214 cermt
2860 5162 3044 5215 beatus
3068 5161 3249 5227 Pater,
3274 5163 3395 5215 bino

2292 5252 2549 5307 Puculum
2580 5252 2722 5306 ferre
2750 5253 2876 5318 sibi,
2912 5253 3185 5317 milliaria,

2292 5344 2546 5398 llortétur
2567 5356 2789 5398 cunctos
2818 5345 2882 5397 ad
2914 5344 3313 5412 prmdicandrm
3340 5343 3630 5403 Datniautn;

2292 5434 2359 5489 Ut
2386 5439 2498 5490 suis
2522 5438 2719 5490 inntem
2746 5439 2979 5504 aperiret
3008 5438 3251 5502 laticum,

2289 5528 2465 5583 Sacris
2487 5529 2753 5583 salubrem
2787 5529 2921 5583 mire
2950 5530 3368 5585 confesséribus.

2364 5620 2598 5685 Quorum
2629 5620 2802 5673 oblata
2834 5619 2961 5674 dum
2992 5622 3171 5676 litaret
3204 5622 3482 5676 immolans

2295 5712 2456 5767 Sacer
2487 5713 2742 5776 Antistes,
2774 5713 2980 5766 meritis
3008 5713 3287 5783 insignior,

2294 5803 2500 5873 Agnum
2524 5803 2734 5860 adstare
2757 5806 2927 5861 cernit
2954 5806 3055 5861 sibi
3080 5805 3385 5871 Duutinum,
