3984 6376
191 419 323 478 1257
1171 423 1645 480 SANCTORALE.
1689 452 1757 463 -—

256 531 563 605 Signantem
597 531 789 600 locum,
818 550 973 602 quem
1006 546 1062 588 ut
1090 536 1230 591 idem
1264 539 1501 607 pupugit,

255 624 414 680 Elicit
441 622 633 677 undam
663 622 969 678 alﬂuéntem
1000 624 1052 678 in
1085 625 1331 681 ﬂuvium.

324 714 449 770 llazc
470 714 607 769 fama
636 723 854 770 cunctas
884 730 978 785 per
1004 732 1190 785 gyrum
1226 720 1525 787 provincias

251 808 555 879 Complens,
588 819 711 861 tunc
739 808 920 877 plebes
946 808 1010 861 ad
1042 810 1364 863 credendum
1392 809 1592 865 excitat
1621 828 1630 861 :

220 903 379 970 _Qua:
417 899 767 965 conﬂuentes,
799 899 1046 969 suscepto
1075 900 1413 969 baptismate,

251 993 475 1063 capiunt
502 1006 737 1046 normam
773 990 894 1046 lidei
919 990 1198 1047 catholicae
1220 1010 1235 1059 ;

251 1082 493 1139 Condunt
520 1093 574 1137 et
602 1080 743 1135 aedes
773 1080 1172 1149 quindecénnas
1194 1083 1497 1152 quinquies.

321 1174 403 1231 Ob
429 1174 529 1228 hoc
558 1173 832 1228 crescente
859 1174 1051 1227 :emula
1078 1173 1297 1240 invidia,

252 1267 518 1323 Profundo
544 1266 673 1320 mari
707 1265 960 1334 mergitur
988 1280 1107 1318 cum
1130 1265 1389 1333 anchora,

250 1359 325 1416 lbi
356 1360 602 1413 humatur
628 1356 952 1426 sepulchrali
977 1356 1213 1420 camera,

249 1453 304 1506 In
334 1466 435 1522 qua
463 1449 704 1519 receptus
730 1457 874 1502 extat
904 1463 1043 1503 nunc
1074 1448 1335 1513 Ecclesia,

251 1545 347 1603 Ubi
379 1545 558 1601 lidéles
578 1546 851 1601 conﬂuunt
878 1558 972 1612 per
1000 1543 1215 1597 secula.

319 1637 416 1704 Qui
446 1652 602 1691 cursu
632 1638 754 1690 anni
790 1644 956 1690 lectus
979 1637 1113 1701 aqua
1144 1631 1317 1687 valida

246 1728 370 1780 Alio
397 1726 447 1779 in
478 1726 608 1780 mari
641 1726 828 1780 subt‘:s
856 1723 1023 1778 undas
1052 1722 1227 1777 latitat
1251 1741 1262 1775 :

234 1805 411 1884 ‘Cujus
436 1813 720 1868 recurrens
747 1811 919 1867 annua
944 1812 1227 1879 festivitas,

247 1903 522 1959 Recédens
553 1918 698 1957 mare
731 1902 842 1957 fere
873 1904 968 1957 tria
999 1902 1262 1971 milliaria,

246 1997 347 2052 Per
375 2004 579 2065 septem
610 1995 725 2049 dies
757 1996 866 2049 vias
897 1996 1098 2061 praebet
1128 1995 1379 2066 fulgidae.

316 2085 481 2155 Cujus
508 2085 850 2154 sepulchrum
880 2086 1025 2141 velut
1052 2101 1238 2140 aurum
1267 2087 1474 2150 rutilat,

244 2178 494 2235 Aucbora
522 2178 645 2233 colli
674 2187 728 2232 ut
752 2179 1027 2247 argentum
1062 2176 1253 2233 émicat
1279 2196 1292 2230 :

244 2273 409 2329 Fiunt
432 2272 656 2327 virtutes
683 2285 778 2339 per
804 2267 992 2324 lidéles
1022 2267 1214 2337 petitas

241 2363 480 2433 Agentes
507 2362 619 2417 Deo
649 2361 850 2432 gratias
875 2360 1212 2415 multimodas
1239 2379 1253 2425 ;

241 2455 346 2522 Qui
377 2461 590 2524 prastat
617 2452 827 2508 Sanctis
858 2458 1004 2505 tanta
1036 2450 1323 2503 mirabilia.

314 2546 394 2600 Te
422 2558 569 2614 ergo,
600 2541 848 2597 Clemens
876 2550 1077 2611 martyr
1104 2540 1261 2603 alme,
1290 2540 1557 2609 supplices

244 2634 450 2707 Agonis
479 2635 553 2689 tui
582 2632 913 2688 celebrantes
942 2629 1157 2703 gaudia,

243 2730 323 2783 Te
353 2725 607 2781 hodiérno
633 2723 902 2795 poscimus
927 2740 1046 2779 cum
1073 2723 1301 2789 fletibus,

247 2821 320 2876 Ut
350 2820 457 2874 reis
475 2817 655 2872 adsis:
688 2816 969 2871 succurras
1001 2814 1301 2869 labentibus
1326 2830 1338 2876 ;

242 2915 325 2969 Ac
359 2926 449 2981 per
478 2919 528 2977 te
556 2909 727 2978 culpa:
757 2908 1035 2961 carebmus
1061 2906 1294 2961 cumulo.

320 3003 573 3073 Exemplo
604 3012 695 3056 tuo
720 3001 857 3056 versi
887 3000 917 3053 ὸ
941 2999 1230 3068 ρε]ὁι·ἰ1›·ις,

243 3096 329 3151 Ad
356 3095 574 3150 meliora
606 3092 958 3147 adtendamus
981 3090 1202 3160 jugitér,

242 3185 459 3255 Optima
488 3182 799 3248 ambientes,
828 3190 882 3236 et
904 3198 997 3234 nos
1020 3182 1252 3249 dignius,

244 3277 491 3333 Mandata
524 3279 644 3331 vitae
672 3277 967 3338 servemus,
1000 3274 1208 3329 felicius

246 3366 317 3421 Ut
351 3377 467 3434 post
494 3366 805 3421 Sanctdrnm
836 3365 1131 3420 adunémur
1158 3366 1411 3419 cratibus.

320 3458 495 3526 Ipsum
528 3457 774 3528 rogomus
799 3456 1029 3511 Verbum
1062 3457 1233 3511 Patris
1268 3456 1514 3522 Unicum,

246 3550 314 3604 Et
341 3549 686 3607 Obsecremus
715 3548 1021 3617 almumque
1042 3546 1297 3615 Spiritum
1323 3564 1337 3612 ;

251 3640 326 3697 Ut
357 3638 540 3693 mundi
574 3640 754 3708 procul
786 3637 987 3695 auferat
1012 3637 1365 3707 iactantiam:

251 3730 518 3785 Virtutum
550 3730 699 3784 nobis
729 3730 892 3783 donet
917 3728 1298 3783 abundantiam
1332 3745 1346 3781 :

247 3823 353 3876 Per
380 3836 537 3889 quem
567 3820 821 3874 aeternam
855 3819 1146 3874 habeamus
1176 3819 1423 3891 gloriam.

320 3913 541 3976 Prmsm,
571 3926 896 3981 quzesumus,
929 3914 1076 3969 unita
1105 3912 1366 3982 potentia,

250 4003 588 4072 Replénsque
616 4004 755 4073 globi
783 4013 1025 4058 cunctam
1058 4006 1203 4058 solus
1233 4004 1561 4069 machinam,

259 4095 473 4149 Virtute
500 4096 735 4157 lirmans,
772 4094 957 4163 ingens
980 4092 1164 4147 adesto
1191 4094 1362 4163 gloria

249 4188 501 4253 Etérna,
524 4187 676 4257 cujus
702 4189 836 4252 laus,
866 4196 921 4241 et
948 4186 1254 4251 clementia,

249 4281 321 4336 Et
349 4282 517 4335 honor
540 4280 701 4350 jugis,
733 4278 931 4333 aliatiui
957 4294 1048 4349 per
1074 4278 1289 4332 Siccula.

505 4372 693 4426 Amen.

248 4462 599 4533 Supplicdtio.
622 4462 847 4518 Oremus
873 4462 1311 4533 Redemptorem,
1347 4472 1398 4516 ut
1421 4464 1597 4531 supra.

248 4555 514 4623 Capitula.
548 4554 895 4624 Omnipotens
922 4552 1082 4619 Deus,
1123 4554 1213 4622 qui
1250 4552 1613 4608 beatissimum
1637 4554 1753 4608 Cle-

176 4648 420 4704 méntem
438 4646 766 4717 episc0pum,
780 4656 832 4701 et
852 4647 1138 4717 martyrem
1162 4646 1466 4714 passionum
1488 4645 1755 4719 [cccxxnx]

174 4737 439 4802 stimulis,
459 4739 607 4808 quasi
630 4736 943 4792 minantium
965 4737 1221 4792 llt'tctnum
1243 4737 1496 4804 comulis,
1522 4737 1753 4807 probari,

177 4844 291 4883 non
321 4827 496 4893 obrui,
528 4827 853 4897 permisisti:
887 4827 1009 4883 cum
1052 4825 1400 4882 dimicantem
1452 4843 1554 4885 nec
1600 4844 1757 4899 ptena

175 4920 483 4989 superaret,
514 4934 613 4974 nec
653 4918 961 4975 immérsum
1006 4920 1143 4973 unda
1181 4918 1585 4989 supprimeret:
1625 4926 1753 4992 quia

177 5013 231 5068 ei
259 5023 318 5068 et
349 5012 456 5068 illic
478 5012 721 5082 adfuisti,
753 5028 821 5068 ne
863 5012 1186 5068 cruciatibus
1219 5013 1542 5079 vinceretur,
1587 5024 1643 5070 et
1670 5016 1758 5072 hic

180 5109 506 5178 prznstitisti,
538 5117 596 5162 ut
620 5116 803 5162 contra
834 5108 1074 5161 naturam
1121 5104 1370 5163 ﬂuctibus
1414 5109 1754 5175 portaretur:

178 5200 457 5256 Mi’roculis
488 5201 645 5256 tantis
665 5199 823 5254 ﬁdem
854 5198 1100 5253 omnibus
1132 5207 1347 5268 prresta,
1371 5209 1431 5254 ut
1451 5199 1591 5269 quod
1618 5199 1648 5253 ἐι
1670 5214 1762 5255 ce-

181 5291 518 5349 lebrantibus
543 5291 883 5347 devotissimé
909 5290 1162 5357 créditur,
1187 5290 1529 5349 credentibus
1560 5294 1760 5364 impen-

178 5383 404 5441 sissime
431 5385 754 5441 conferhtur.

271 5477 425 5530 Pater
450 5486 649 5530 n05ter.
682 5473 909 5528 Liberali
940 5474 968 5528 a
997 5476 1155 5529 malo.
1182 5476 1273 5543 fol.
1294 5476 1348 5528 2.

265 5566 574 5621 Benedictio.
602 5565 841 5621 Christus
852 5564 1128 5633 Dominus,
1153 5568 1242 5637 qui
1265 5566 1626 5623 beatissimum
1644 5568 1765 5624 Cle-

182 5657 428 5714 méntem
457 5656 762 5727 episcopum
791 5698 805 5723 ,
857 5670 955 5712 nec
992 5656 1212 5712 inﬁxum
1242 5658 1296 5715 in
1335 5658 1463 5714 limo
1492 5660 1761 5730 profundi,

183 5760 298 5802 nec
320 5746 646 5801 marinorum
680 5747 936 5800 ﬂuctuum
980 5746 1105 5802 fecit
1136 5748 1253 5818 lege
1284 5748 1455 5805 teneri
1490 5766 1504 5803 :
1530 5751 1643 5818 ipse
1671 5767 1765 5808 vos

183 5842 218 5895 ia
277 5839 466 5896 vestris
508 5838 743 5894 ccenosue
784 5838 1070 5905 voluptatis
1112 5840 1301 5909 eripiat
1349 5842 1762 5897 colluvionibus.

516 5956 785 6013 ΡΑΤῐιυι..
835 5954 1182 6029 LXXXVI.

1782 4596 1833 4655 D

1800 421 2014 479 FESTA
2054 422 2465 501 NOVEMDRI§.
3291 429 3424 484 ηδε

1788 534 1836 614 Α
1986 530 2181 613 Amen.
2299 530 2389 608 qui
2418 534 2473 591 in
2505 538 2837 594 altitudinem
2870 539 3033 595 maris
3063 556 3257 611 corpus
3283 542 3426 597 Mitr-

1788 612 1795 627 ’
1862 612 1994 695 ivris
2038 612 2273 695 scopulis
2321 644 2425 681 non
2477 630 2712 696 perini~it
2769 630 2957 694 tenéri,
3020 631 3049 684 a
3094 632 3301 688 cunctis
3332 648 3424 689 vos

1864 710 2245 772 tentationibus
2276 714 2493 791 liberet,
2524 718 2581 773 et
2618 718 2646 771 Ξ)
2681 718 2941 786 profundo
2969 722 3289 790 ﬂagitiorum
3316 723 3423 778 eri-

1858 802 1999 883 piat;
2047 806 2083 873 ιῖ)
2108 848 2121 861 .
2144 804 2344 861 'Ameu.
2379 796 2457 863 Uti
2494 808 2683 862 eodem
2720 810 3107 879 patrocinante,
3142 814 3420 882 pervenire

1857 911 1950 950 vos
1978 894 2137 951 faciat
2164 899 2227 952 ad
2258 899 2441 969 gaudia
2471 898 2693 953 infinita.
2741 900 2776 967 ri;
2799 941 2811 953 .
2842 900 3028 954 Attici].

1929 990 2028 1044 Per
2060 991 2501 1045 misericordiam.

1931 1081 2127 1135 Lauda.
2161 1080 2551 1137 Conclusérunt
2576 1097 2661 1136 me
2692 1097 2841 1150 aqua:
2866 1088 2923 1135 ἰιι
2954 1082 3130 1137 ntédio
3159 1086 3292 1139 mari
3325 1100 3340 1139 :
3373 1097 3427 1139 et

1860 1173 2143 1240 tempestas
2170 1173 2439 1229 demersit.
2476 1175 2719 1228 Alleluia.
2755 1173 2822 1228 P.
2862 1174 3097 1228 Clamavi
3142 1175 3205 1229 ad
3237 1186 3289 1230 te
3320 1177 3425 1229 Do»

1860 1264 1997 1319 mine
2025 1282 2036 1316 :
2066 1274 2118 1319 et
2144 1265 2342 1321 sanasti
2374 1281 2479 1319 me.
2516 1266 2761 1332 Alleluia,
2794 1266 3026 1331 alleluia.
3064 1267 3135 1336 ᾗ.
3173 1269 3281 1338 Ego
3302 1270 3425 1321 vero

1858 1354 2149 1408 oratiOneni
2188 1370 2359 1409 meam
2392 1356 2456 1410 ad
2488 1366 2537 1410 te
2576 1356 2797 1409 Domine
2828 1376 2837 1409 :
2874 1367 3077 1425 tempus
3109 1359 3421 1425 bene,laciti

1862 1447 2015 1500 Deus.
2053 1444 2115 1511 Ρ.
2171 1447 2427 1502 L‘lauiavi.
2496 1448 2567 1516 ir.
2616 1446 2817 1516 Gloria,
2860 1458 2911 1503 et
2953 1449 3140 1503 honor.
3192 1447 3259 1503 P.
3310 1449 3427 1505 C'a-

1860 1539 2022 1594 movi.

1933 1629 2131 1683 Ortitio.
2167 1629 2326 1695 Deus,
2380 1633 2465 1699 qui
2514 1635 2886 1688 consecratum
2936 1635 3025 1687 tibi
3073 1649 3265 1703 corpus
3306 1635 3425 1689 Cle-

1861 1718 2052 1775 mentis
2080 1719 2328 1792 martyris
2357 1722 2575 1776 inlisum
2608 1723 2657 1777 in
2691 1724 2817 1777 limo
2843 1724 3089 1792 profundi
3116 1724 3182 1779 ad
3202 1727 3429 1795 superos

1858 1812 2142 1879 revocasti,
2175 1813 2397 1882 utcujus
2424 1828 2572 1868 mens
2604 1814 2694 1868 tibi
2727 1814 2917 1882 placita
2944 1816 3228 1872 devotione
3258 1820 3424 1872 inlue-

1856 1916 2015 1971 serat,
2046 1906 2162 1975 ejus
2209 1906 2417 1975 corpori
2462 1910 2661 1961 marina
2709 1908 3089 1964 famularentur
3130 1909 3421 1979 obsequia;

1857 2006 1907 2050 te
1936 2012 2258 2065 qntesumus,
2296 2008 2346 2051 te
2377 2000 2644 2065 rogamus,
2673 2008 2733 2051 ut
2762 1998 2963 2053 méritis
2992 1998 3148 2068 hujus
3175 1998 3421 2070 martyris

1856 2087 1998 2142 nulla
2024 2102 2121 2145 uos
2148 2088 2498 2143 tentationum
2527 2104 2659 2158 aqua
2687 2088 2913 2157 opériat,
2936 2088 3077 2143 nulla
3102 2087 3258 2143 etiam
3288 2100 3424 2143 tem-

1856 2177 2034 2246 pestas
2066 2178 2347 2234 criminum
2376 2178 2428 2232 in
2464 2180 2798 2247 peccatorum
2830 2179 3092 2247 profundo
3117 2179 3424 2248 demérgat;

1856 2268 1950 2324 sed
1983 2269 2086 2324 leni
2115 2284 2302 2323 manus
2333 2279 2437 2324 ture
2462 2269 2684 2341 remigio
2713 2269 3014 2334 sustentati,
3047 2269 3113 2324 ad
3145 2270 3267 2325 litus
3312 2282 3425 2325 me-

1858 2358 2071 2414 remnur
2100 2360 2376 2428 pervenire
2399 2360 2619 2429 justitirc
2655 2360 2823 2414 liberi.
2871 2360 2940 2427 ri).
2977 2364 3162 2415 Amen.

1926 2452 2026 2505 Per
2054 2450 2496 2505 misericordiam.

2409 2544 2489 2596 Ad
2533 2543 2861 2597 .ilaiutinum.

1927 2637 2234 2703 Antiphonti.
2284 2632 2444 2686 szbia
2500 2649 2636 2687 mea.
2674 2633 2907 2686 Psalmus
2938 2650 2987 2687 ι..
3019 2634 3221 2689 υνάιίο.
3262 2634 3430 2689 Ειὺι-

1858 2738 1967 2782 teut
2013 2726 2252 2780 Domine.
2306 2726 2399 2795 fol.
2448 2741 2638 2780 cum.
2687 2727 2992 2797 Antiphonti.
3046 2726 3240 2781 luﬁxus
3285 2742 3427 2794 sum,

1860 2830 1913 2871 ut
1933 2819 2095 2888 supra
2121 2819 2175 2873 in
2214 2817 2449 2888 Vésperis
2480 2819 2897 2886 prwcedéntibus.
2927 2818 3126 2872 Ortilio.
3164 2818 3307 2875 Deus
3333 2820 3426 2890 qui

1859 2909 2224 2963 consecratum
2259 2909 2373 2975 tibi,
2396 2916 2452 2959 ut
2480 2908 2560 2959 hic
2587 2908 2763 2975 supra.

1928 3002 2243 3073 Antiphona.
2276 3000 2489 3065 Emitte,
2525 3000 2767 3069 Domine,
2794 3016 3007 3055 manum
3033 3011 3174 3055 tuam
3205 3003 3271 3055 de
3298 3001 3426 3064 alto,

1860 3094 2009 3162 eripe
2039 3109 2145 3160 me,
2187 3091 2255 3147 P.
2290 3092 2356 3146 Et
2396 3092 2559 3147 libera
2599 3108 2684 3148 me
2711 3092 2777 3147 de
2810 3092 2959 3161 aquis
3008 3093 3227 3157 multis;
3269 3103 3325 3148 et
3365 3095 3432 3147 dc

1809 3238 1831 3262 Ἰ
1863 3199 2026 3238 manu
2084 3183 2313 3237 filiorum
2344 3182 2665 3237 aliendrum.
2730 3183 2764 3251 Ῡ
2790 3222 2802 3235 .
2837 3182 3151 3238 Benedictus
3177 3182 3430 3238 Dominus

1787 3242 1832 3299 ϐ
1864 3278 2003 3334 Deus
2041 3292 2216 3343 meus,
2248 3275 2337 3344 qui
2369 3274 2524 3330 docet
2573 3242 2761 3329 manus
2787 3274 2852 3327 ad
2892 3274 3109 3340 bellum,
3156 3285 3210 3329 et
3237 3274 3431 3346 digitos

1861 3382 2011 3423 meos
2036 3366 2103 3421 ad
2135 3366 2389 3437 praelium.
2428 3365 2486 3419 P.
2526 3365 2591 3419 Et
2615 3365 2800 3419 libera.
2820 3365 2855 3433 Ῡ
2882 3405 2893 3417 .
2924 3362 3125 3432 Gloria,
3154 3373 3208 3419 et
3237 3366 3429 3421 honor.

1864 3458 1925 3513 P.
1966 3459 2046 3513 Et.

1933 3550 2139 3603 Oratio.
2200 3548 2462 3616 Domine,
2536 3552 2623 3620 qui
2676 3551 3039 3605 beatissimum
3102 3551 3430 3606 Clementem

1858 3644 2149 3715 martyrem
2201 3653 2345 3697 tuum
2416 3644 2483 3698 de
2534 3644 2887 3712 malignorum
2958 3643 3183 3698 consilio
3238 3644 3431 3699 liberas

1859 3733 2053 3790 érueus
2081 3734 2224 3788 illum
2250 3734 2318 3788 de
2346 3736 2496 3803 aquis
2524 3734 2739 3799 multis;
2764 3734 3085 3788 etvictoretn
3113 3736 3349 3790 efﬁciens
3377 3737 3429 3789 iu

1862 3824 2196 3894 passionibus
2240 3824 2541 3879 universis:
2575 3824 2738 3879 libera
2780 3839 2875 3879 nos
2905 3824 2972 3879 de
3017 3839 3173 3879 manu
3201 3825 3428 3881 liborqu

1860 3919 2183 3984 alienorum;
2233 3926 2291 3971 ut
2329 3916 2705 3971 insidiantibus
2732 3916 2962 3972 inimicis
2992 3917 3095 3970 vita
3125 3926 3305 3972 nostra
3332 3917 3430 3972 la:-

1862 4009 2035 4066 déuda
2082 4026 2184 4065 non
2236 4009 2414 4079 pateat
2444 4027 2456 4061 :
2490 4026 2588 4064 ttcc
2618 4009 2830 4063 illorum
2865 4008 3157 4077 proceritas
3190 4025 3326 4064 steva
3362 4011 3431 4065 de

1860 4102 2029 4156 ruinae
2056 4111 2251 4154 nOstrte
2278 4100 2488 4154 casibus
2511 4099 2791 4153 hilaréscat
2822 4117 2836 4153 :
2864 4099 2956 4153 sed
2982 4099 3159 4167 gladio
3185 4101 3329 4154 verbi
3353 4102 3427 4155 tui

1860 4190 2104 4255 accincti,
2138 4201 2189 4242 et
2220 4188 2306 4241 hic
2335 4188 2554 4242 adversa
2578 4187 2890 4253 superemus
2924 4186 3194 4255 intrepidi,
3225 4198 3278 4241 et
3308 4190 3428 4257 post

1774 4340 1782 4358 δ
1860 4281 1927 4336 ad
1981 4289 2032 4333 te
2079 4278 2376 4334 mereamur
2440 4276 2715 4347 pervenire
2764 4276 2971 4341 inlznsi,
3015 4286 3069 4330 et
3122 4275 3283 4331 beati.
3348 4278 3424 4345 ti.

1862 4376 2051 4429 Amm.

1935 4468 2034 4521 Per
2061 4464 2495 4521 misericordiam.

1935 4556 2246 4626 Antiphona.
2306 4556 2494 4609 Beatus
2546 4554 2704 4607 homo
2737 4593 2750 4615 ,
2817 4552 2902 4620 qui
2958 4566 3103 4620 Spem
3160 4551 3319 4608 habet
3369 4554 3425 4609 in

1862 4652 2028 4706 Deum
2056 4667 2067 4703 :
2101 4650 2203 4704 erit
2233 4646 2486 4701 Dominus
2514 4644 2700 4699 lidocia
2729 4644 2866 4713 ejus.
2919 4642 2987 4697 P.
3018 4644 3147 4699 Ossa
3178 4644 3292 4714 ejus
3320 4646 3423 4699 iln-

1858 4744 2047 4801 rébuut
2098 4742 2247 4811 quasi
2300 4741 2535 4809 lignum,
2595 4740 2734 4808 quod
2794 4738 3088 4806 plautatum
3142 4747 3226 4793 est
3265 4756 3426 4810 super

1858 4852 2044 4907 aquas,
2102 4835 2177 4905 Ῡ.
2224 4832 2371 4899 Quod
2415 4830 2642 4885 fructum
2701 4846 2852 4884 suum
2902 4831 3047 4885 dabit
3090 4834 3140 4885 in
3187 4832 3427 4902 tempore

1860 4945 1958 4984 suo
1989 4946 2003 4982 :
2034 4936 2091 4983 et
2122 4926 2309 4981 folium
2338 4925 2454 4994 ejus
2481 4938 2585 4977 non
2614 4923 2811 4980 délluet
2834 4965 2848 4988 ,
2877 4933 2930 4978 et
2958 4924 3134 4979 omnia
3155 4928 3425 4995 quaecum-

1860 5035 1962 5089 que
1992 5018 2179 5073 féccrit
2209 5016 2679 5086 prosperabt'tntur.
2731 5014 2797 5069 P.
2837 5016 2967 5071 Ossa
2993 5016 3130 5072 eius.
3190 5018 3222 5071 ἢ
3250 5060 3262 5072 .
3296 5018 3425 5074 Glo-

1812 5172 1815 5173 ν
1863 5112 1962 5174 ria,
1992 5121 2045 5164 et
2075 5110 2263 5162 honor.
2301 5106 2363 5160 P.
2395 5106 2527 5161 Ossa
2556 5109 2689 5176 ejus.

1935 5199 2133 5252 Oratio.
2166 5196 2387 5251 Domine
2416 5196 2574 5261 Deus,
2606 5197 2693 5265 qui
2719 5196 3080 5252 beatissimum
3100 5195 3426 5255 Clementem

1864 5294 2099 5365 martyrii
2136 5291 2336 5348 corona
2363 5292 2647 5357 decorosti,
2681 5302 2736 5345 ut
2759 5290 3121 5346 sanctiﬁcatus
3149 5292 3291 5348 inter
3310 5295 3423 5349 col-

1865 5388 2029 5456 legas,
2044 5385 2330 5439 coronatus
2347 5383 2486 5438 inter
2497 5382 2764 5438 caelicolas
2787 5381 3151 5451 praefulgéret:
3175 5384 3245 5438 sit
3264 5401 3424 5452 nunc,

1865 5489 1916 5532 te
1965 5475 2247 5538 annuente,
2306 5476 2443 5543 plebi
2497 5486 2597 5528 tua:
2647 5473 2945 5543 praecipuus
2999 5473 3279 5539 Patrdnus,
3338 5479 3428 5546 qui

1868 5583 2088 5638 magnus
2116 5568 2291 5622 extitit
2319 5569 2371 5621 in
2418 5566 2602 5621 electis
2634 5582 2646 5617 :
2693 5575 2769 5628 ut,
2800 5568 2922 5633 quia
2954 5582 3059 5620 non
3107 5569 3342 5636 sperovit
3371 5570 3427 5623 iu

1868 5664 2104 5731 homine,
2136 5662 2229 5718 sed
2269 5669 2321 5715 te
2361 5660 2535 5729 posuit
2564 5662 2614 5713 in
2643 5658 2963 5727 adjutorium
2993 5704 3006 5725 ,
3040 5660 3157 5727 ejus
3178 5660 3430 5732 sull‘ragio

1870 5756 2108 5809 lirmétur
2136 5768 2258 5818 Spes
2285 5762 2437 5806 aucta
2469 5750 2818 5805 credentium.
2874 5750 2909 5818 ἢ
2931 5789 2944 5803 .
2974 5753 3165 5806 Amen.

1939 5846 2038 5903 Per
2065 5842 2502 5900 misericordiam.

2884 5956 2960 6017 to
