3984 6376
540 352 677 410 1259

1745 352 2168 410 BREVIARIUM
2210 351 2580 411 GOTilICUM.

3669 363 3790 423 ιεω

621 472 695 540 ιζ.
744 470 942 526 inﬁxus
991 484 1107 525 sum
1152 470 1203 525 in
1249 470 1432 524 limum
1462 467 1761 540 profundi:
1806 477 1997 523 etnon
2032 477 2115 523 est
2147 472 2200 530 Α
2296 469 2555 541 Capitula.
2596 469 2806 525 Christe
2855 471 3105 541 Domine,
3146 473 3238 542 qui
3287 488 3347 529 es
3398 473 3658 533 Ecclesiae
3704 490 3795 535 tua

539 564 848 622 substantia.
901 562 1102 620 Devéni
1136 562 1189 618 in
1219 560 1557 617 altitudinem
1593 560 1756 616 maris
1785 578 1796 614 :
1829 568 1883 615 et
1912 560 2117 628 tempé-

533 666 646 712 stas
674 655 932 711 demérsit
971 670 1076 709 ine.
1130 651 1388 709 Laboravi
1428 653 1687 720 clamans,
1723 650 1789 705 P.
1823 649 1888 706 Et
1919 649 2115 706 exaudi

534 764 621 804 me
653 747 896 813 Domine,
948 746 1199 818 quéniam
1233 746 1457 817 benigna
1486 753 1569 800 est
1599 742 1972 800 misericordia
2003 752 2112 797 tua.

549 847 582 913 γ
607 882 620 897 .
654 842 766 899 Non
792 858 877 898 me
898 841 1174 912 demérgat
1205 839 1488 910 tempestas
1518 854 1690 910 aquae,
1722 852 1898 908 neque
1926 836 2115 893 absor-

2216 574 2396 635 caput,
2448 573 2663 635 praesta,
2711 574 2769 620 ut
2801 566 3047 622 Clemens
3076 567 3418 624 beatissimus
3448 580 3653 642 martyr
3685 580 3793 627 tuus

2218 655 2269 711 in
2299 656 2526 727 corpore
2578 657 2829 715 Ecclesiae
2860 659 3202 726 constitutus,
3250 662 3339 731 qni
3396 672 3522 719 tunc
3570 666 3790 721 membra

2219 762 2312 816 pro
2342 747 2529 818 Cfipite
2552 748 2717 816 dedit,
2752 766 2889 806 nunc
2918 751 3088 821 Caput
3115 768 3210 822 pro
3238 754 3495 809 membris
3523 757 3672 812 adire
3694 773 3789 813 non

2217 851 2421 904 cesset;
2455 840 2546 895 sed
2588 840 2758 909 capiti
2793 842 3067 912 prdximus
3098 855 3247 914 regat
3279 853 3478 912 totum,
3523 856 3578 902 et
3618 847 3787 916 prote-

533 935 654 990 beat
693 950 779 990 me
828 932 1167 1003 profundum.
1225 930 1289 985 P.
1345 930 1410 985 Et
1455 928 1670 985 exaudi.
1721 929 1797 999 ᾖ.
1826 926 2031 997 Gloria,
2064 935 2117 983 et
2214 938 2301 1000 gat
2348 944 2585 1001 corpus:
2619 931 2671 987 id
2704 932 3016 1005 impendens
3058 935 3302 1007 liberius,
3332 936 3476 1009 quod
3508 952 3567 995 se
3598 939 3785 1023 exultat

531 1028 722 1082 honor.
756 1024 820 1081 P.
858 1027 919 1081 Et
943 1025 1151 1081 exaudi.

609 1121 811 1177 (ﬁnitio.
854 1120 1019 1188 Deus,
1063 1120 1149 1189 qui
1185 1132 1378 1187 corpus
1422 1116 1713 1173 beatissimi
1759 1115 2004 1188 martyris
2037 1115 2112 1170 tui

531 1211 827 1268 Cleméntis
874 1212 928 1266 in
976 1211 1102 1265 limo
1148 1209 1395 1279 profundi
1440 1207 1585 1262 nulla
1625 1206 1955 1262 mariuérum
2007 1205 2111 1260 ne-

533 1314 716 1361 c'tuum
772 1302 945 1359 fecisti
1000 1303 1115 1372 lege
1164 1301 1331 1356 teneri
1376 1316 1389 1354 :
1442 1308 1497 1354 ut
1535 1299 1758 1354 altitudo
1789 1299 1940 1354 illum
1965 1298 2111 1354 nullo

531 1394 693 1451 modo
722 1392 884 1449 maris
911 1392 1245 1462 demérgeret
1271 1408 1284 1457 ;
1330 1392 1419 1462 qui
1468 1390 1805 1461 insurgentes
1834 1401 2019 1446 contra
2054 1406 2112 1447 se

532 1502 629 1557 pro
658 1496 747 1542 tuo
774 1484 990 1540 némine
1028 1484 1272 1539 catervas
1316 1482 1548 1538 hostium
1587 1482 1913 1539 devicisset:
1948 1484 2113 1539 inter-

531 1580 690 1643 véritu
714 1575 957 1647 Martyris
981 1576 1052 1631 tui
1081 1575 1111 1631 ὸ
1140 1579 1346 1631 cunctis
1375 1590 1472 1632 nos
1506 1575 1886 1631 teutatidnibus
1908 1575 2107 1641 libera;

542 1681 598 1727 et
628 1670 656 1725 ὸ
686 1667 951 1741 profundo
981 1667 1304 1738 ﬂagitidrum
1334 1667 1570 1737 ereptos,
1602 1668 1652 1721 in
1682 1676 1734 1722 te
1764 1668 1956 1738 placita
1982 1683 2109 1723 con-

528 1758 847 1819 versatiOnis
894 1760 1014 1815 luce
1044 1758 1215 1814 exalia
1266 1776 1276 1810 :
1326 1766 1404 1823 ut,
1442 1768 1492 1813 te
1535 1757 1853 1827 Opitulante,
1885 1770 1938 1814 et
1966 1759 2109 1815 vitiis

2215 1022 2508 1081 obtinuisse
2540 1024 2743 1081 felicius

2286 1117 2442 1175 Pater
2479 1128 2680 1175 noster.
2714 1120 2947 1177 Liberati
2975 1122 3007 1177 ὴ
3036 1123 3197 1178 malo.
3231 1125 3326 1195 fol.
3358 1123 3415 1178 2.

2291 1212 2491 1271 Lauda.
2523 1215 2907 1273 Concluséruut
2936 1234 3022 1274 me
3046 1234 3222 1288 aquai.

2285 1304 2598 1365 Benedictio.
2659 1309 2910 1366 Christus
2951 1310 3230 1376 Dominus,
3288 1311 3380 1381 qui
3430 1312 3781 1370 beatissimum

2213 1396 2565 1454 Cleméntem.
2598 1398 2782 1466 Quwre
2811 1401 2861 1455 in
2895 1399 3131 1469 Vésperis
3158 1404 3588 1473 praecedentibus.

2846 1513 2959 1568 DIE.
2997 1513 3192 1571 XXIX.

2248 1637 2298 1677 IN
2339 1640 2502 1680 FESTO
2537 1640 2717 1681 SANCTI
2757 1642 3033 1683 εΑτυιικιΝι
3073 1644 3327 1699 EPISCOPI,
3372 1648 3436 1686 Ετ
3475 1647 3751 1691 uanus.

2797 1741 2873 1794 Ad
2911 1742 3217 1811 Vésperum.

526 1853 824 1919 careamus,
873 1858 928 1907 et
980 1849 1263 1905 virtutibus
1314 1847 1560 1919 [cccxxx]
1613 1847 1965 1904 abundémus.
2034 1850 2106 1918 ἠ.
2142 1827 2188 1884 Β
2291 1849 2494 1904 Lauda.
2520 1850 2700 1907 Gloria
2732 1864 2785 1909 et
2816 1854 3036 1910 hondre.
3072 1858 3236 1915 Sana.
3265 1856 3372 1912 Fac
3395 1872 3609 1913 mecum
3639 1858 3784 1917 Deus.

522 1950 713 2002 Amen.

599 2039 699 2095 Per
728 2035 1176 2094 misericérdiam.

1137 2129 1200 2182 lu
1234 2126 1494 2183 Ldudibus

596 2225 677 2279 Ad
696 2222 985 2282 Cdnticum.
1004 2223 1316 2295 Antiphona.
1337 2221 1553 2280 Fluctus
1572 2222 1664 2287 tui,
1686 2219 1929 2280 Dumine,
1950 2230 2112 2287 super

526 2330 614 2372 me
642 2316 990 2371 transierunt.
1020 2317 1083 2370 Et
1107 2330 1205 2385 ego
1227 2314 1335 2369 dixi
1364 2332 1375 2367 :
1404 2313 1670 2385 Expulsus
1703 2326 1821 2368 sum
1854 2310 1920 2365 ab
1940 2307 2109 2363 Oculis

520 2414 643 2475 tuis,
677 2420 870 2480 putans
896 2409 1086 2467 videbo
1114 2410 1365 2478 templum
1396 2414 1636 2464 sanctum
1670 2416 1839 2461 tuum.

597 2502 880 2556 Canticum.
909 2501 1148 2557 Clamavi
1173 2501 1239 2556 ad
1269 2501 1573 2556 Dominum.
1607 2501 1701 2570 fol.
1732 2500 1854 2555 515.

600 2596 679 2647 Ad
709 2593 1037 2649 Benedictus.
1089 2592 1406 2662 Antiphon'a.
1461 2591 1764 2649 Benedictio
1814 2588 2025 2645 Démiui
2055 2588 2105 2643 in

530 2685 836 2741 mercedem
863 2685 992 2756 justi
1017 2686 1247 2741 festinat.

593 2776 883 2834 Cdnticum.
918 2776 1231 2833 Benedictus
1256 2791 1334 2833 es.
1364 2777 1456 2846 fol.
1489 2777 1540 2832 6.

597 2867 761 2923 Sono.
806 2867 881 2924 De
933 2868 1211 2938 profundis
1247 2867 1472 2923 clamavi
1502 2866 1567 2922 ad
1597 2875 1647 2922 te
1681 2864 1909 2921 Demine
1939 2884 1950 2919 :
1990 2863 2104 2919 nc-

522 2960 667 3015 mine
694 2959 887 3015 exaudi
929 2975 1114 3016 vocem
1156 2975 1353 3016 meam.
1401 2960 1554 3015 Fiant
1593 2974 1752 3014 aures
1794 2969 1895 3015 tua:
1922 2958 2101 3015 inten-

522 3047 731 3118 dentes,
782 3048 852 3105 P.
896 3050 978 3106 Ad
1007 3050 1302 3106 oratiOnem
1326 3050 1467 3106 servi
1501 3051 1595 3104 tui.
1643 3048 1892 3104 Alleluia.
1941 3049 2011 3117 ᾖ.
2045 3047 2101 3104 Si

516 3144 847 3215 iniquitittem
874 3145 1245 3202 observaveris
1274 3144 1498 3202 Démine
1530 3164 1541 3199 :
1574 3144 1797 3200 06mins
1827 3144 1947 3215 quis
1974 3157 2095 3199 sus-

517 3239 744 3295 tinebit?
772 3239 1033 3308 Qudniam
1062 3239 1203 3311 apud
1233 3249 1283 3295 te
1314 3238 1618 3309 propitiatio
1644 3247 1726 3294 est
1752 3256 1764 3291 :
1798 3247 1852 3294 et
1878 3236 2096 3306 copidsa

518 3331 837 3403 redemptio.
875 3332 941 3387 P.
970 3332 1051 3389 Ad
1074 3333 1396 3389 oratiénem.

590 3424 789 3479 Lauda.
826 3425 1062 3481 Laudate
1085 3426 1384 3479 Dominum.
1424 3424 1659 3478 Psaanus
1685 3439 1901 3479 csum.

664 3514 839 3569 Léctio
869 3515 982 3568 libri
1015 3515 1294 3586 Sapientia:
1318 3514 1613 3570 Saloménis
1641 3513 1794 3575 (Cap.
1830 3515 1929 3577 Vl).

606 3607 640 3674 ιῆ
663 3646 676 3659 .
714 3607 820 3661 Deo
853 3605 1067 3676 gratias.

591 3698 711 3766 Fili,
743 3698 843 3767 Qui
865 3700 1215 3757 custodierint
1236 3699 1520 3771 justitiam,
1540 3701 1973 3771 justiticabtintur
2002 3723 2015 3759 :
2042 3715 2093 3758 et

514 3790 602 3861 qui
632 3791 918 3847 didicerint
942 3793 1061 3859 ista,
1088 3793 1360 3850 invenient
1386 3794 1514 3865 quid
1548 3794 1926 3865 respéndeant.
1954 3796 2067 3853 Con

515 3882 772 3950 cupiscite
800 3896 929 3951 ergo
971 3883 1250 3939 sermones
1277 3899 1448 3953 meos,
1488 3884 1692 3953 diligite
1737 3886 1883 3954 illos,
1915 3899 1968 3943 et
1999 3888 2093 3942 ha-

516 3971 712 4028 bébitis
740 3971 1098 4041 disciplinam.
1122 3974 1274 4028 Clara
1306 3984 1406 4039 eet,
1436 3986 1489 4047 et
1515 3990 1633 4045 qua:
1655 3992 1925 4047 nunquam
1952 3994 2094 4034 mar-

515 4062 684 4120 céscit
709 4063 989 4135 sapientia,
1020 4072 1075 4119 et
1111 4063 1269 4120 facile
1298 4064 1508 4121 videtur
1533 4066 1602 4121 ab
1640 4067 1722 4121 his
1752 4069 1842 4138 qui
1870 4069 2094 4140 diligunt

513 4171 659 4223 eam,
690 4166 743 4213 et
786 4155 1080 4213 invenietur
1105 4156 1174 4213 ab
1216 4156 1299 4212 his
1337 4157 1426 4227 qui
1472 4167 1716 4227 quarunt
1742 4158 1908 4214 illam.
1953 4160 2095 4217 Prte-

515 4251 737 4319 dccupat
769 4249 857 4321 qui
885 4264 943 4306 se
964 4250 1385 4321 concupiscunt;
1434 4259 1488 4305 et
1517 4250 1622 4305 illis
1651 4266 1707 4305 se
1739 4252 1971 4321 priorem
2001 4269 2091 4309 os-

521 4343 705 4398 tc'ndit.
738 4344 836 4410 Qui
867 4342 934 4398 de
964 4343 1081 4398 luce
1113 4342 1408 4412 vigilaverit
1438 4342 1502 4396 ad
1538 4342 1703 4410 illam,
1734 4358 1839 4398 non
1883 4344 2093 4401 laboru-

512 4436 592 4492 bit
624 4453 637 4491 ε
672 4436 997 4492 assidentem
1022 4435 1165 4490 illam
1192 4435 1244 4489 in
1267 4434 1469 4489 furibus
1497 4436 1607 4490 suis
1635 4435 1891 4491 inveniet.
1940 4438 2095 4509 Cogi-

517 4526 634 4582 thre
665 4528 806 4581 enim
842 4526 908 4583 de
936 4528 1020 4581 illa
1042 4568 1057 4593 ,
1088 4542 1279 4583 sensus
1305 4537 1388 4583 est
1424 4528 1824 4584 consummmus
1861 4548 1871 4583 :
1923 4538 1978 4585 et
2005 4533 2089 4601 qui
2123 4538 2176 4600 υ

516 4617 816 4687 vigilaverit
848 4625 1066 4687 propter
1096 4618 1261 4684 illam,
1293 4618 1398 4673 cito
1430 4620 1530 4673 erit
1558 4618 1802 4675 securus.
1828 4619 2092 4686 Qudniam

515 4709 703 4781 dignos
733 4725 791 4766 se
823 4710 935 4780 ipsa
964 4711 1153 4765 circuit
1179 4725 1447 4779 quaerens,
1479 4721 1533 4765 et
1562 4710 1612 4765 in
1641 4710 1742 4765 viis
1774 4713 1885 4766 suis
1915 4711 2095 4767 ostén-

518 4801 596 4857 dit
624 4816 684 4857 se
714 4802 816 4857 illis
858 4801 1124 4871 hilariter,
1156 4812 1208 4857 et
1249 4803 1299 4857 in
1347 4803 1492 4857 omni
1540 4800 1817 4871 prudentia
1847 4804 2093 4859 occurret

520 4907 579 4947 se
606 4893 729 4949 illis.
764 4892 972 4947 Initium
1008 4892 1147 4947 illius
1182 4893 1521 4948 verissimum
1547 4903 1651 4962 est,
1698 4903 1752 4949 et
1797 4892 2095 4964 disciplinae

518 4981 969 5050 concupiscentia.
998 4981 1197 5039 Secura
1225 4996 1355 5051 ergo
1384 4982 1690 5053 disciplinae
1719 4982 1936 5039 diléctio
1964 4992 2047 5039 est
2077 5002 2090 5038 :

516 5082 571 5131 et
589 5073 824 5143 dilectio,
847 5074 1133 5129 custoditio
1163 5074 1336 5145 legum
1369 5074 1515 5128 illius
1541 5084 1623 5130 est
1647 5093 1662 5142 ;
1694 5076 1979 5130 custoditio
2002 5091 2095 5129 au-

517 5175 625 5223 tem
648 5164 1240 5239 legumconsummz'itio
1286 5165 1703 5233 incorruptionis
1728 5174 1829 5221 est.
1872 5167 1973 5234 Qui
2001 5183 2094 5221 au-

530 5268 634 5315 tem
659 5259 829 5327 legem
857 5273 964 5312 non
996 5256 1250 5321 custédit,
1279 5257 1588 5327 coinquinat
1619 5256 2092 5326 incorruptidnem.

523 5350 856 5421 Incorruptio
897 5357 1073 5406 autem
1128 5350 1253 5406 iacit
1291 5350 1402 5406 Deo
1450 5350 1770 5420 prdximum.
1804 5350 2094 5421 Concupis-

521 5444 697 5499 céntia
727 5442 909 5514 itaque
937 5443 1213 5514 sapientiae
1234 5443 1380 5499 ducit
1411 5443 1476 5497 ad
1509 5459 1725 5513 regnum
1760 5444 2090 5514 perpetuum.

534 5536 570 5602 ἡ
591 5576 604 5589 .
633 5539 824 5593 Amen.

550 5674 551 5677 η
592 5626 853 5697 Hymnus.
874 5627 1163 5684 Clcméntis
1186 5628 1376 5683 festum
1399 5628 1719 5684 celebratur.
1746 5628 2091 5697 Supplicdtie.

520 5716 746 5771 Oremus
776 5718 1210 5790 Redemptérem,
1260 5730 1311 5773 ut
1350 5720 1506 5790 supra
1552 5720 1604 5775 in
1636 5718 1873 5790 Vesperi:
1901 5735 2095 5791 pra’ce—

523 5808 770 5864 dentibus.

2216 1939 2336 1995 Fol.
2369 1958 2519 1999 eux.
2551 1944 2864 2003 Antio/tona.
2897 1948 3149 2017 Posuisti,
3172 1948 3415 2015 Domine,
3436 1965 3602 2021 super
3619 1962 3782 2023 caput.

2220 2030 2337 2086 Fol.
2372 2048 2564 2089 ccxcu.

2282 2124 2591 2193 Antiphona.
2639 2127 2903 2183 Videbunt
2932 2139 3116 2200 gentes
3139 2130 3342 2200 justum
3374 2140 3547 2200 tuum,
3574 2131 3719 2200 Sion,
3738 2142 3783 2188 et

2210 2218 2386 2272 cuncti
2416 2232 2569 2288 reges
2597 2219 2849 2289 inclytum
2878 2229 3021 2275 tuum
3058 2239 3069 2273 :
3101 2232 3149 2277 et
3183 2221 3461 2277 vocabitur
3483 2224 3580 2278 tibi
3604 2239 3779 2281 nomen

2211 2324 2435 2377 novum,
2482 2311 2625 2381 quod
2676 2311 2936 2367 DOminus
2986 2314 3323 2369 nominavit:
3364 2313 3424 2370 P.
3459 2315 3525 2370 Et
3553 2317 3663 2372 eris
3703 2332 3779 2372 co-

2210 2403 2343 2457 rOna
2395 2402 2582 2472 gleria:
2625 2404 2678 2459 in
2724 2420 2885 2460 manu
2916 2405 3150 2475 Dumini,
3196 2416 3251 2463 et
3278 2406 3523 2465 diadema
3563 2410 3707 2479 regni
3731 2410 3775 2464 in

2209 2507 2367 2547 manu
2402 2493 2495 2550 Dei
2523 2496 2616 2551 tui.
2669 2496 2741 2566 ᾖ.
2778 2497 2843 2551 Et
2889 2497 3150 2553 timebunt
3200 2510 3386 2567 gentes
3419 2514 3612 2555 nomen
3644 2510 3773 2554 tuum

2210 2585 2453 2654 deine,
2500 2596 2555 2643 et
2584 2604 2771 2645 omnes
2818 2605 2974 2662 reges
3026 2600 3180 2646 terra:
3231 2591 3457 2661 gldriam
3508 2603 3668 2648 tuam.
3713 2589 3767 2645 P.

2208 2680 2418 2734 Eteris.
2468 2683 2540 2749 ᾗ.
2574 2679 2776 2749 Gloria,
2808 2693 2862 2739 et
2888 2684 3074 2739 honor.
3118 2682 3180 2738 P.
3215 2684 3282 2738 Et
3310 2688 3439 2740 eris.

2279 2776 2543 2835 Dominus
2576 2777 2645 2833 sit
2673 2792 2919 2849 semper.
2964 2780 2999 2846 ιξ
3025 2816 3037 2832 .
3066 2778 3295 2834 Etcum.

2278 2868 2481 2924 Lauda.
2506 2870 2756 2926 Alleluia.
2807 2870 3010 2940 Omnis,
3047 2872 3137 2940 qui
3167 2871 3381 2937 vicerit,
3417 2870 3607 2925 faciam
3634 2870 3763 2925 illum

2205 2958 2395 3015 sedére
2445 2960 2497 3017 in
2556 2961 2749 3016 throno
2783 2961 2955 3017 Patris
2988 2963 3113 3018 mei.
3162 2963 3412 3018 Alleluia.
3451 2963 3519 3018 P.
3558 2962 3696 3018 Sicut
3716 2971 3762 3017 et

2205 3067 2304 3124 ego
2332 3055 2456 3120 vici,
2486 3064 2539 3110 et
2565 3054 2730 3111 sédeo
2763 3055 2817 3109 in
2847 3056 2959 3111 illo.
3008 3056 3257 3122 Alleluia,
3286 3056 3525 3112 alleluia.
3592 3058 3625 3124 ῖ
3648 3097 3662 3111 .
3703 3054 3760 3109 Et

2203 3160 2301 3215 ego
2331 3145 2738 3217 primogenitum
2765 3160 2956 3214 ponam
2990 3146 3135 3200 illum
3161 3145 3432 3201 excelsum
3463 3147 3597 3217 apud
3621 3160 3756 3214 reges

2205 3244 2381 3291 terrae.
2449 3234 2512 3289 P.
2565 3236 2712 3292 Sicut
2758 3246 2813 3292 et
2859 3250 2977 3306 ego.
3031 3237 3103 3303 ᾖ.
3148 3236 3349 3303 Gloria,
3392 3247 3447 3293 et
3496 3240 3663 3293 honor.
3692 3235 3748 3289 P.

2201 3329 2367 3385 Sicut.

2843 3420 3105 3492 Hymnus.

2414 3514 2565 3570 Vocis
2594 3514 2794 3570 auditae
2828 3514 3038 3570 nuritas
3066 3514 3296 3580 refulsit,

2339 3606 2498 3679 Regis
2524 3607 2807 3663 adventum
2840 3608 3080 3665 recinens
3108 3609 3337 3680 Supérni
3372 3628 3383 3661 :

2341 3698 2439 3754 Det
2466 3713 2593 3755 suos
2612 3699 2777 3755 Terra
2806 3699 3061 3770 pariéndo
3086 3699 3244 3756 ﬂores

2481 3791 2604 3847 iure
2625 3792 2850 3847 colcnis.

2410 3882 2682 3953 Ninguidis
2707 3892 2854 3953 septa
2881 3884 3069 3953 spatiis
3091 3883 3288 3939 Toldsa

2340 3974 2551 4045 Flagret
2578 3974 2803 4029 accénsa
2835 3974 2958 4031 iidei
2988 3975 3199 4043 caldre;

2340 4067 2467 4135 Qua:
2498 4067 2814 4134 Saturnino,
2846 4067 3105 4124 reboante
3124 4066 3355 4141 Christo,

2480 4158 2708 4229 martyre
2736 4159 2921 4228 cmpit.

2412 4247 2667 4318 Dogmate
2695 4249 2846 4317 cujus
2871 4247 3191 4303 simullchra
3219 4248 3452 4313 cedunt;

2340 4336 2504 4407 Cujus
2531 4339 2751 4394 accessu
2783 4340 3013 4395 reticere
3041 4340 3251 4394 discunt

2342 4430 2653 4485 Dmmonum
2687 4430 2836 4486 vafra
2867 4431 3193 4487 dominantis
3222 4445 3314 4485 ora

2488 4524 2630 4578 Voce
2658 4525 2849 4591 sopita.

2408 4611 2682 4688 [cccxxxr]
2709 4614 2826 4680 Hic,
2854 4614 2945 4668 Dei
2972 4611 3145 4667 Patris
3171 4612 3424 4667 Génitum
3452 4606 3727 4667 coléndulll'

2342 4707 2641 4762 Prmdicans
2674 4720 2833 4771 voce,
2866 4704 3023 4759 simul
3048 4715 3101 4758 et
3129 4704 3340 4767 crudre,

2264 4794 2267 4795 ⁷
2339 4799 2581 4853 Vincitur
2609 4796 2767 4851 Tauri
2800 4794 3024 4865 pédibus
3050 4793 3282 4849 litandus

2483 4888 2704 4943 Victima
2737 4886 2970 4941 Christo.

2411 4977 2577 5048 Hujus
2610 4977 2776 5029 inltnsi
2809 4976 3039 5040 cineres,
3067 4972 3242 5028 dictito

2339 5070 2459 5126 nne
2487 5068 2759 5123 transferri
2786 5067 2989 5121 tumulo
3018 5065 3319 5127 merentur;

2336 5163 2453 5228 Quo
2482 5160 2611 5214 ﬁdes
2643 5162 2807 5222 cultu,
2835 5158 3030 5227 gémini
3061 5155 3281 5215 hondris

2477 5255 2644 5309 Aucta
2668 5253 2926 5306 maneret.

2412 5343 2538 5399 lndé
2572 5353 2643 5408 te,
2668 5342 2912 5409 Christe,
2940 5341 3183 5407 véniens,
3215 5339 3476 5409 rogAmus,

2339 5440 2476 5494 Mitis
2501 5437 2764 5508 apparens
2790 5434 3055 5491 veniendo
3076 5432 3233 5505 justis
3253 5473 3270 5500 ,

2333 5530 2547 5600 Nosque
2577 5529 2838 5584 victurum
2865 5526 3076 5581 suciuns
3108 5522 3344 5579 coruscis

2479 5621 2645 5691 Jungc
2673 5618 2909 5674 coronis.

2410 5715 2642 5771 Gloriam
2676 5714 2864 5785 psallat
2888 5712 3106 5775 chorus,
3132 5718 3184 5766 et
3211 5706 3458 5769 resultet;

2340 5810 2574 5866 CIériam
2604 5808 2763 5871 dient,
2793 5815 2969 5871 canat,
2996 5817 3046 5861 et
3076 5802 3348 5859 revolvat:
