3984 6376
223 375 346 429 Ιὲϐι

359 490 568 546 Νόαιὶιή
595 486 778 557 Trino,
814 495 1002 548 Deitati
1030 497 1126 549 soli

495 579 677 634 Sidera
705 584 952 638 clamem.

529 683 719 738 Amen.

286 774 625 843 Supplicdtio.
696 777 920 831 Oremus
990 777 1400 846 Redemptorem
1469 779 1669 846 mundi,
1726 790 1778 832 ut

213 865 369 935 supra
869 911 875 916 .

284 955 540 1023 Capitula.
573 957 838 1028 Magnum,
865 959 1106 1027 Domine,
1131 962 1348 1031 pietdtis
1374 974 1456 1018 est
1475 963 1779 1020 sacramen-

212 1057 347 1112 tum,
374 1051 512 1118 quod
537 1051 808 1106 osténsum
839 1061 921 1108 est
949 1051 1002 1107 in
1028 1069 1211 1119 carne,
1237 1055 1582 1124 justiiictltum
1613 1065 1693 1111 est
1725 1059 1776 1112 in

209 1139 422 1208 spiritu,
450 1140 698 1210 apparuit
726 1141 976 1214 Angelis,
1006 1145 1346 1214 praedicetum
1377 1155 1459 1202 est
1496 1147 1777 1214 Gentibus,

210 1229 470 1284 créditum
495 1240 575 1286 est
597 1232 650 1286 in
675 1234 892 1298 mundo,
917 1235 1246 1305 assumptum
1272 1248 1352 1293 est
1374 1239 1425 1293 in
1447 1238 1649 1309 gloria;
1674 1255 1778 1307 quo

207 1321 384 1390 justus
404 1339 469 1378 ex
492 1323 598 1378 ﬁde
618 1326 766 1392 vivit,
791 1340 896 1396 quo
922 1328 1123 1397 impius
1151 1329 1216 1384 ad
1248 1341 1298 1386 te
1327 1331 1592 1386 recurrit:
1616 1331 1774 1398 Quaa-

209 1427 398 1469 sumus
417 1423 674 1484 ergo,'ut,
705 1416 795 1486 qui
825 1417 1200 1476 inlustratione
1242 1422 1504 1479 adventus
1532 1423 1606 1478 tui
1637 1439 1778 1492 prae-

209 1504 381 1561 séntis
426 1506 680 1578 martyris
726 1508 1000 1566 Saturnini
1042 1511 1288 1582 Episcopi
1327 1528 1422 1568 cor
1449 1496 1778 1584 perlustrare

208 1594 462 1665 dignhtus
489 1610 580 1663 es,
608 1597 714 1667 quo
753 1598 1021 1656 extortam
1066 1602 1242 1672 pcenis
1288 1604 1472 1670 vitam,
1498 1614 1551 1661 te
1578 1605 1630 1660 in
1661 1607 1777 1661 mu-

208 1704 342 1745 nere
383 1692 751 1762 percepturus,
801 1696 1103 1763 amitteret,
1135 1706 1375 1754 nostrum
1425 1702 1634 1770 quoque
1683 1716 1777 1756 cor

211 1779 449 1850 digneris
494 1782 635 1837 dono
679 1792 782 1840 tute
822 1785 1009 1854 gratiae
1055 1788 1320 1855 emollire,
1347 1791 1451 1860 quo
1506 1792 1600 1846 tibi
1649 1808 1773 1863 pec-

1167 384 1634 439 SANCTORALE.
1679 415 1738 422 ——
1783 381 2006 439 FESTA
2047 384 2460 441 NOVEMBRIS.

1809 505 1853 555 Α
1890 498 1952 548 tis
1982 507 2188 551 nostras
2219 500 2426 566 suscipe
2459 514 2668 567 preces,
2699 511 2749 553 et
2792 516 2975 556 omnes
3008 503 3188 558 ildéles
3216 506 3266 556 in
3298 519 3449 559 com-

3314 391 3448 444 1262

1886 591 2043 643 mune
2077 604 2169 657 pro
2203 599 2286 642 tua
2315 590 2656 646 miseratiéne
2683 591 2934 658 justllica.
2981 594 3015 660 ti}
3043 634 3053 645 .
3091 597 3278 649 Amen.

1953 681 2056 734 Per
2086 682 2525 736 misericordiam.

1956 773 2374 844 Responsorium.
2426 775 2583 832 Lahia
2634 776 2924 831 saccrdOtis
2979 779 3301 833 custodiunt.
3346 779 3437 846 fol.

1881 879 2083 916 CCXCIV.

1955 953 2152 1008 Oratio.
2203 955 2342 1010 Deus
2365 996 2378 1021 ,
2413 958 2500 1026 qui
2530 971 2591 1011 os
2618 958 2908 1012 beatissimi
2941 959 3205 1028 martyris.
3261 961 3442 1028 Qua’re

1881 1044 1931 1095 in
1965 1042 2201 1113 Vésperis
2226 1048 2639 1113 prwcedéntibur.

2474 1136 2540 1191 In
2568 1138 2846 1193 Laudibus.

1951 1225 2030 1278 Ad
2059 1225 2345 1280 Canticum.
2376 1226 2691 1297 Antiphona.
2723 1229 2995 1284 Thronum
3027 1230 3231 1297 gloriae.
3272 1231 3444 1286 Conti-

1878 1332 2012 1371 cum.
2055 1316 2434 1372 Conﬁrmatum
2466 1329 2546 1374 cet
2597 1333 2689 1372 cor
2736 1334 2935 1374 meum.
2987 1320 3065 1371 Ad
3118 1320 3442 1374 Benedictus.

1878 1407 2188 1477 Antiphona.
2215 1408 2521 1464 Benedictio
2543 1409 2776 1466 Domini.
2808 1410 3092 1466 Canticum.
3128 1413 3444 1467 Benedictus

1878 1513 1937 1552 es
1961 1498 2204 1554 Domine.
2238 1501 2332 1568 fol.
2361 1503 2411 1554 6.
2443 1503 2605 1557 Sono.
2635 1505 2885 1559 Alleluia.
2909 1504 3147 1560 Cantaho
3169 1506 3437 1561 virtutem.

1878 1589 2078 1646 Lauda.
2106 1592 2339 1648 Laudate
2368 1594 2670 1650 Dominum.
2699 1596 2937 1653 Psalmus
2967 1614 3180 1653 cxnvm.
3215 1599 3441 1670 Prophe-

1879 1681 1972 1736 tia.
1999 1682 2088 1736 Vir
2119 1684 2218 1738 iste
2243 1685 2594 1741 conservavit.
2627 1685 2746 1742 ποι.
2777 1703 2982 1743 ccxcrv.
3012 1688 3300 1759 [cccxxxuj
3332 1690 3440 1760 Ηυ-

1880 1790 2046 1829 mnus.
2070 1773 2231 1829 V'ocis
2258 1775 2470 1830 auditre.
2500 1777 2846 1847 Supplicdtio.
2872 1780 3096 1836 Oremus
3121 1782 3442 1852 Redempto-

206 1870 331 1925 cAta
356 1883 533 1927 nostra
563 1873 755 1928 devota
781 1877 1072 1944 pendamus
1099 1880 1231 1946 lide;
1262 1881 1292 1935 ὸ
1320 1889 1371 1937 te
1400 1882 1557 1938 étiam
1594 1860 1771 1953 postu-

1883 1881 2013 1922 rem.
2046 1865 2113 1921 In
2149 1867 2385 1937 Vésperis
2411 1872 2820 1940 prazcedéntibus.

207 1959 376 2016 iitum
424 1962 718 2019 remédium
758 1965 1101 2034 impetremus
1131 1987 1141 2022 :
1169 1981 1227 2024 ut
1257 1979 1331 2040 te,
1359 1988 1519 2043 quem
1550 1974 1642 2030 ille
1682 1992 1777 2032 no-

206 2053 416 2108 hiscum
452 2054 578 2110 olim
625 2057 834 2113 venisse
855 2059 964 2128 jam
1007 2058 1234 2116 credidit
1275 2078 1372 2131 pro
1400 2064 1576 2120 Mundi
1608 2068 1777 2124 salva-

206 2144 378 2208 tione,
409 2159 504 2198 nos
545 2147 755 2216 quoque
785 2163 878 2215 per
907 2164 1028 2204 eum
1057 2160 1107 2207 te
1134 2155 1418 2211 venturum
1470 2160 1777 2215 mereamur

205 2233 551 2307 liberatorem
583 2248 822 2294 nostrum
852 2240 1121 2310 excipere.

281 2310 671 2389 Paterunoster.
703 2334 930 2391 Liberati
958 2337 987 2390 ὸ
1014 2338 1171 2393 malo.
1206 2340 1300 2408 fol.
1330 2340 1385 2396 2.

275 2420 588 2478 Benedictio.
616 2425 856 2481 Christus
886 2429 976 2483 Dei
1000 2429 1162 2485 Filius
1184 2431 1335 2500 cujus
1358 2431 1491 2488 lides
1515 2434 1775 2504 justillcat

204 2513 451 2585 impium,
473 2516 608 2571 Justi
646 2518 802 2587 hujus
832 2520 1075 2588 precibus
1127 2523 1427 2579 vestrorum
1461 2526 1630 2580 solvat
1662 2528 1776 2581 vin-

205 2605 327 2660 cula
377 2608 716 2675 peccatorum
754 2627 767 2664 :
801 2610 873 2678 ii.
923 2612 1113 2667 Amen.
1168 2613 1234 2667 Et
1275 2617 1366 2684 qui
1409 2620 1664 2672 venturus
1709 2620 1775 2674 ad

204 2694 472 2751 Judicium
503 2699 810 2766 sustinetur,
836 2701 972 2769 ejus,
998 2701 1152 2772 cujus
1181 2703 1372 2760 lestum
1397 2704 1591 2773 colitis,
1617 2706 1777 2764 iaciat

203 2801 302 2840 vos
351 2787 590 2844 obtinére
631 2789 989 2857 consortium;
1037 2793 1110 2861 ἢ.
1162 2794 1353 2849 Amen.
1388 2795 1490 2862 Ut,
1523 2812 1644 2853 eum
1675 2796 1776 2855 hoc

204 2876 438 2948 Martyre
463 2879 719 2935 advéntus
749 2881 944 2936 Christi
972 2881 1143 2952 gloria
1165 2898 1257 2940 vos
1281 2895 1336 2940 et
1356 2887 1409 2941 in
1434 2887 1624 2943 futuris
1647 2891 1776 2959 gau-

203 2965 308 3021 diis
337 2967 522 3035 societ,
557 2978 610 3023 et
635 2971 940 3026 aeternithtis
968 2973 1189 3040 praemio
1218 2975 1368 3031 ditet.
1417 2977 1454 3034 ti}
1477 3017 1491 3030 .
1524 2979 1718 3035 Amen.

279 3056 382 3111 Per
410 3058 830 3116 misericordiam
861 3062 1045 3132 ipsius,
1077 3075 1181 3119 etc.

276 3145 478 3202 Lauda.
512 3149 705 3205 Beatus
734 3152 835 3218 vir,
866 3154 954 3222 qui
985 3155 1150 3210 timet.
1193 3154 1241 3207 F
1243 3156 1315 3212 al.
1347 3173 1558 3213 ccxcnt.

279 3260 479 3317 Oratio.
531 3263 689 3329 Deus,
720 3264 807 3334 qui
856 3279 917 3320 os
964 3268 1255 3324 beatissimi
1286 3272 1532 3344 martyris
1562 3274 1635 3328 tui
1672 3275 1773 3331 Sa-

202 3353 402 3407 turnini
424 3354 694 3424 «Episcopi
717 3397 731 3422 ,
764 3357 832 3411 ita
861 3360 1134 3427 sapientiae
1166 3364 1406 3421 ubertéte
1448 3368 1688 3437 replesti,
1718 3379 1774 3424 ut

200 3441 510 3499 diversitate
531 3445 788 3500 virtutum
810 3449 1198 3519 circumseptus
1221 3455 1500 3524 apparens,
1530 3458 1772 3527 iocundi-

203 3534 337 3601 Ihte,
366 3544 419 3590 et
457 3536 652 3592 decore
679 3539 824 3593 illum
851 3541 1052 3596 coelésti
1083 3544 1374 3613 gloriosum
1418 3550 1730 3608 ostenderes
1757 3572 1771 3608 :

199 3625 310 3694 quo
354 3636 406 3681 et
448 3627 586 3684 Iohia
617 3644 709 3684 sua
743 3632 1082 3702 custodiens,
1124 3637 1402 3694 scientiam
1432 3653 1485 3697 et
1515 3644 1684 3714 legem
1718 3648 1770 3702 in

199 3730 300 3770 ore
329 3716 444 3786 ejus
471 3720 782 3788 exquireres
807 3742 818 3774 :
846 3721 1057 3794 porrige
1095 3727 1177 3781 ori
1220 3741 1404 3786 nostro
1431 3732 1665 3790 scientiae
1693 3737 1769 3792 lu-

199 3818 344 3872 cem,
371 3816 429 3860 et
456 3808 730 3877 sapientia:
755 3825 892 3868 verre
919 3818 1301 3883 perfectit'mem
1333 3840 1342 3874 :
1371 3831 1428 3877 ut
1455 3823 1507 3878 in
1537 3839 1602 3880 eo
1631 3827 1769 3896 quod

199 3900 297 3956 ille
342 3901 432 3958 tibi
483 3908 676 3964 multos
715 3913 974 3970 convertit
1022 3915 1090 3969 ab
1138 3915 1446 3987 iniquitate,
1491 3918 1543 3974 in
1572 3934 1638 3974 eo
1670 3935 1767 3975 nos

195 3990 392 4058 jubeas
436 3997 740 4064 perenniter
765 4004 1026 4070 converti,
1048 4015 1102 4061 et
1124 4005 1424 4075 jocuudari.
1467 4009 1502 4076 ἡ
1527 4049 1540 4062 .
1572 4010 1767 4067 Amen.

275 4080 379 4137 Per
405 4085 848 4145 misericordiam.

766 4201 843 4254 Ad
882 4201 1209 4258 Matutinum.

275 4307 587 4378 Antiphonti.
629 4312 789 4367 Labia
820 4329 958 4369 mea.
1010 4315 1249 4371 Psalmus
1277 4337 1328 4373 ι..
1380 4320 1579 4374 υνὰιίο.
1610 4323 1772 4377 Exul-

198 4407 317 4452 tent
341 4407 392 4452 te
426 4400 669 4458 Domine.
699 4403 795 4472 fol.
836 4421 1028 4460 etxxx.
1059 4407 1352 4478 Antiphona
1380 4409 1429 4462 1.
1477 4410 1648 4465 llomo
1682 4413 1773 4467 Dei

195 4487 456 4542 osténdit.
499 4489 699 4548 0rdlio.
728 4492 945 4550 Débitas
977 4496 1066 4552 tibi
1113 4496 1352 4552 Domine.
1385 4499 1675 4569 Antlpliona
1714 4502 1768 4554 2.

197 4577 374 4632 Homo
404 4578 504 4635 iste
541 4581 763 4649 perfecit
788 4583 984 4638 omnia.
1019 4585 1140 4642 Fol.
1168 4604 1380 4643 ccxcm.

275 4664 474 4720 Oratio.
505 4668 714 4725 Christe
740 4671 901 4738 Deus,
934 4673 1168 4729 omnium
1198 4678 1484 4744 gratiarum
1518 4683 1759 4748 largitor,

195 4757 289 4826 qui
333 4758 580 4828 primum,
608 4774 670 4814 ac
698 4765 972 4829 summumf
997 4763 1277 4821 Tolosanze
1315 4768 1547 4822 civitatis
1589 4769 1764 4823 famu-

196 4848 313 4902 lum
343 4855 491 4902 tuum
519 4850 862 4906 Saturninum
891 4853 1234 4909 Sacerdétem
1262 4856 1533 4912 instituisti
1563 4875 1576 4910 :
1602 4860 1666 4912 ad
1692 4868 1760 4924 te,

194 4937 291 5006 qui
312 4951 371 4992 es
399 4939 686 4996 retributor
719 4942 1064 5016 iustissimus,
1098 4947 1216 5005 sine
1244 4949 1556 5008 mvnlusione
1585 4965 1769 5023 perre-

194 5027 429 5084 niémus.
474 5031 546 5102 ἡ.
581 5035 768 5091 Amen.

258 5119 370 5176 Ῥω
400 5124 844 5182 misericordiam.

269 5210 563 5282 Antiphana
610 5216 661 5270 5.
709 5215 815 5273 Iste
867 5219 1026 5274 homo
1083 5221 1462 5277 honoriﬁcétus
1515 5234 1612 5279 est.
1669 5227 1768 5294 fol.

198 5314 417 5357 CCXCIII.

276 5418 478 5474 Ονᾶιὶο.
510 5421 733 5478 Domine
759 5424 884 5479 Jesu
905 5425 1130 5492 Christe,
1158 5428 1243 5497 qui
1276 5443 1333 5482 es
1357 5428 1645 5484 ineii'hhilis
1672 5431 1772 5485 ho—

201 5512 364 5577 nitas,
394 5523 449 5569 et
472 5514 665 5570 invicta
687 5517 942 5587 potéstas,
968 5534 1063 5587 pro
1085 5518 1235 5588 cujus
1265 5520 1482 5576 nomine
1511 5523 1762 5577 beatissi-

185 5617 324 5658 -mus
352 5604 666 5663 Saturninus
715 5607 944 5676 Praesul,
979 5620 1032 5664 et
1060 5620 1279 5680 martyr,
1307 5612 1430 5666 dum
1479 5613 1618 5667 litori
1663 5614 1772 5666 aris

179 5695 548 5752 idmmoniacis
571 5698 762 5764 rénuit,
782 5701 846 5753 ad
873 5701 1187 5769 Capitolium
1214 5703 1242 5754 ἐι
1268 5704 1436 5757 turbis
1457 5705 1768 5767 attrahitur,

181 5784 499 5856 rferentique
529 5790 662 5843 tauri
692 5791 953 5862 supplicio
973 5795 1316 5847 consecratur
1341 5810 1353 5846 :
1381 5803 1434 5848 tu
1465 5793 1579 5863 ejus
1609 5793 1771 5848 méri-

1801 4548 1850 4605 D

1951 1961 2208 2031 Capitula.
2223 1962 2453 2030 Christe,
2477 1956 2571 2020 Dei
2585 1965 3203 2036 Filius,quijustisjudex
3219 1967 3282 2022 ad
3299 1967 3442 2036 judi-

1879 2051 2017 2105 cium
2048 2053 2346 2118 sustinéris,
2366 2054 2430 2108 da
2457 2054 2608 2110 nobis
2631 2056 2758 2124 justl
2791 2057 2946 2126 hujus
2977 2058 3220 2126 precibus
3251 2073 3436 2112 emun-

1877 2142 1991 2197 dari
2015 2144 2080 2198 ab
2109 2144 2379 2213 injustitiis
2399 2149 2594 2202 nostris
2621 2166 2630 2200 :
2655 2158 2730 2211 ut,
2756 2150 2844 2217 qui
2873 2150 3128 2204 adventus
3154 2150 3225 2204 tui
3257 2151 3442 2204 trium-

1880 2231 1998 2298 phis
2049 2231 2164 2301 ejus
2217 2233 2534 2288 celebranda
2606 2236 2918 2292 admiscitur
2965 2238 3279 2304 celebritas,
3326 2239 3440 2307 ejus

1877 2321 2209 2390 exceptione,
2234 2326 2371 2379 dona
2398 2325 2643 2393 perennis
2672 2330 2907 2384 muneris
2936 2333 3342 2402 consequamur.

1947 2413 2104 2469 Pater
2133 2425 2333 2471 noster.
2358 2417 2589 2474 Liberali
2612 2420 2641 2474 ὲ
2662 2423 2821 2477 malo.
2849 2424 2941 2493 fol.
2966 2424 3023 2478 2.

1947 2503 2144 2559 Lauda.
2173 2507 2365 2562 Beatus
2396 2510 2494 2562 vir.
2529 2508 2842 2565 Benedictio.
2867 2512 3104 2571 Christus
3133 2516 3225 2573 Dei
3255 2519 3435 2574 Filius.

1881 2596 2063 2661 Quwre
2090 2598 2141 2652 in
2178 2598 2413 2653 Vésneris
2437 2603 2856 2669 prwcedénlibus.

2497 2690 2608 2745 DIE
2647 2691 2812 2746 XXX.

2040 2796 2090 2835 IN
2130 2795 2477 2837 FESTIVITATE
2517 2797 2702 2839 SANCTI
2745 2802 2965 2842 ANDREE
3009 2805 3281 2847 APOSTOLI.

2456 2873 2536 2925 Ad
2570 2872 2864 2944 Vésperum.

1947 2962 2147 3017 Lauda.
2177 2962 2377 3032 Gloria,
2406 2972 2459 3019 et
2490 2965 2713 3023 honore.
2741 2969 2835 3038 fol.
2865 2985 3004 3026 cur.

1949 3055 2109 3109 Sono.
2142 3055 2185 3109 Ο
2213 3055 2349 3110 bona
2378 3071 2528 3111 crux.
2561 3055 2676 3112 Fol.
2714 3073 2965 3114 ccxxxix.

1950 3143 2264 3212 Antiphona.
2317 3145 2563 3199 Alleluia.
2619 3146 2730 3217 Ego
2776 3148 2918 3204 enim
2962 3165 3058 3219 per
3099 3151 3267 3222 legem
3298 3196 3311 3219 ,
3345 3156 3442 3226 legi

1803 3205 1850 3269 (ἶ
1880 3205 2125 3288 mortuus
2170 3248 2308 3300 sum,
2341 3234 2407 3287 P.
2439 3235 2507 3291 Ut
2553 3205 2693 3291 θεον
2708 3239 2882 3293 vivam
2909 3257 2922 3292 :
2945 3205 3178 3298 Christoo
3202 3205 3442 3302 conlist

1879 3337 1997 3378 sum
2030 3324 2195 3380 cruci.
2233 3325 2363 3381 Vivo
2391 3334 2568 3382 autem
2593 3369 2607 3391 ,
2636 3327 2746 3396 jam
2776 3343 2881 3384 non
2911 3345 3013 3400 ego
3039 3350 3048 3383 :
3074 3334 3201 3387 vivit
3230 3338 3359 3392 vero
3389 3339 3438 3392 in

1877 3431 1963 3471 me
1991 3414 2254 3472 Christus.
2300 3419 2333 3486 Ῡ
2359 3457 2375 3474 .
2410 3417 2667 3475 Dominus
2699 3437 2818 3490 pars
2865 3423 3173 3482 hereditatis
3205 3444 3356 3495 mete,
3388 3441 3439 3485 et

1876 3508 2057 3564 colicis
2085 3510 2191 3564 mei
2220 3530 2230 3563 :
2257 3518 2310 3565 tu
2352 3526 2432 3578 es,
2477 3512 2565 3581 qui
2616 3516 2865 3571 restitues
2914 3517 3040 3571 mihi
3089 3520 3437 3577 hereditétem

1875 3614 2067 3654 meam.
2094 3599 2162 3654 P.
2193 3601 2262 3656 Ut
2289 3602 2419 3657 Deo.
2469 3605 2499 3672 ᾗ
2528 3643 2541 3659 .
2574 3604 2786 3674 Gloria,
2817 3619 2870 3662 et
2898 3608 3086 3666 honor.
3116 3610 3182 3665 P.
3218 3612 3279 3668 Ut
3308 3613 3436 3673 Deo.

1946 3687 2201 3744 Domi-nus
2229 3692 2315 3744 sit.
2363 3693 2434 3760 ἡ.
2463 3692 2528 3748 Ει
2557 3710 2675 3749 cum
2698 3698 2906 3766 spiritu.

1944 3779 2141 3834 Lauda.
2191 3781 2471 3851 Loquébar
2497 3785 2565 3840 de
2592 3787 2909 3844 testimoniis
2943 3791 3043 3844 tuis
3071 3792 3121 3844 in
3153 3793 3434 3861 conspéctu

1873 3881 2173 3942 regumzet
2229 3890 2333 3929 non
2391 3877 2775 3934 confundébar.
2832 3878 2894 3932 Ρ.
2947 3881 3012 3934 Ει
3067 3882 3359 3938 medithbar
3388 3885 3438 3936 in

1874 3963 2139 4019 mandatis
2166 3966 2295 4034 tuis,
2318 3981 2434 4036 quae
2455 3966 2637 4023 dilexi.
2667 3968 2920 4036 Alleluia,
2951 3971 3184 4036 alleluia,
3207 3974 3435 4027 alleluia.

1889 4057 1960 4122 ᾗ.
1997 4057 2061 4110 Et
2102 4056 2278 4111 veniat
2318 4072 2479 4127 super
2509 4074 2593 4114 me
2622 4060 2986 4115 misericordia
3030 4070 3121 4115 tua
3166 4062 3387 4117 Domine
3418 4081 3432 4118 :

1873 4132 2104 4199 saltitare
2135 4152 2304 4212 tuum,
2335 4157 2389 4200 et
2430 4147 2700 4215 eloquium
2731 4159 2898 4202 tuum.
2932 4149 2998 4201 P.
3033 4149 3097 4203 Et
3123 4151 3434 4207 medithbar.

1890 4236 1921 4302 )‘r
1947 4275 1958 4287 .
1986 4235 2188 4302 Gloria,
2215 4247 2266 4290 et
2295 4237 2483 4291 honor.
2517 4237 2585 4291 P.
2621 4238 2688 4292 Et
2719 4239 3030 4296 meditébar.

2540 4329 2794 4399 Hymnus.

2095 4420 2264 4474 Decus
2295 4421 2485 4474 sacrati
2512 4420 2741 4476 nominis
2757 4463 2772 4488 ,

2019 4508 2331 4580 Nomenque
2357 4511 2516 4565 vitam
2548 4513 2871 4581 exprimens,

2016 4596 2114 4652 Hic
2144 4608 2195 4654 te
2224 4599 2476 4654 decorum
2499 4601 2750 4668 prmdicat

2012 4691 2196 4747 Crucis
2224 4693 2391 4747 beatae
2411 4677 2604 4762 gloria.

2091 4782 2302 4837 Andréa
2327 4782 2521 4836 Christi
2554 4783 2824 4854 Apostole,

2016 4872 2128 4927 lloc
2155 4873 2269 4940 ipse
2291 4873 2400 4940 jam
2428 4873 2683 4927 vocabulo

2014 4965 2287 5026 Decorus;
2311 4964 2447 5023 idcm
2480 4965 2704 5039 mystico

2015 5059 2251 5128 Signaris
2281 5061 2380 5114 isto
2410 5058 2644 5114 nOtnine.

2085 5152 2250 5217 Quem
2282 5150 2422 5205 Crux
2451 5152 2517 5205 ad
2548 5153 2650 5206 alta
2679 5153 2940 5221 provehit,

2014 5245 2152 5299 Crux
2183 5260 2335 5314 quem
2368 5247 2518 5301 beata
2545 5248 2735 5316 diligit,

2011 5340 2105 5392 Cui
2133 5337 2272 5392 Crux
2303 5341 2471 5394 amata
2497 5350 2757 5408 praeparat

2015 5431 2170 5485 Lucis
2199 5432 2370 5486 futura
2396 5433 2604 5501 gaudia.

2088 5521 2141 5574 ln
2175 5529 2224 5573 te
2246 5522 2426 5574 Crucis
2448 5518 2762 5594 mysterium

2011 5612 2149 5664 Cluit
2177 5611 2402 5680 geme’llo
2432 5610 2675 5676 stigmate
2703 5627 2716 5672 ;

2013 5702 2142 5754 Dum
2176 5702 2365 5769 probra
2393 5700 2556 5752 vincis
2587 5716 2679 5768 per
2709 5701 2950 5770 Crucem,

2013 5792 2298 5860 Crucisque
2324 5792 2508 5859 pandis
2535 5792 2866 5861 sanguinem.
