3984 6376
538 347 675 405 I265

746 462 861 515 Iam
894 474 990 515 nos
1020 460 1192 515 foveto
1216 461 1511 532 litnguidos,

675 553 971 622 Curamque
999 555 1166 607 nostri
1194 554 1440 623 suscipe;

676 646 792 715 Quo
820 661 913 716 per
942 645 1125 701 Crucis
1156 644 1432 700 victoriam

675 740 805 795 (Σαξιί
837 738 1080 809 petemus
1110 738 1360 807 patriam.

746 830 946 885 Praesta
976 827 1132 882 Pater
1161 829 1516 897 omnipotens,

682 923 779 978 Per
806 921 986 976 Jesum
1017 919 1282 973 Christum
1315 918 1620 983 Dominum,

675 1016 774 1081 Qui
805 1022 977 1069 tecum
1006 1014 1055 1066 in
1078 1013 1394 1082 perpetuum

675 1105 880 1174 Regnat
904 1119 1023 1159 cutn
1050 1102 1243 1156 Sancto
1269 1098 1491 1169 Spiritu.

747 1196 935 1248 Amen.

608 1284 945 1355 Supplicdlio.
976 1282 1219 1345 Oremus,
1253 1294 1307 1334 ut
1342 1280 1522 1350 supra.

605 1376 864 1444 Capitula.
907 1373 1146 1428 Christus
1193 1372 1453 1427 Dominus
1496 1376 1697 1436 noster,
1723 1370 1813 1441 qui
1856 1368 2098 1423 beatissi-

537 1484 677 1522 mum
725 1465 1008 1530 Andream,
1037 1473 1091 1519 et
1141 1464 1476 1532 Apostolatus
1520 1463 1725 1535 gratia,
1758 1471 1813 1518 et
1864 1462 2101 1533 martyrii

534 1558 792 1615 decorasti
848 1556 1079 1621 corona;
1138 1558 1237 1610 hoc
1289 1556 1366 1610 illi
1418 1553 1721 1625 specialiter
1776 1554 1828 1607 in
1881 1555 2103 1609 monere

535 1659 818 1720 praestans,
850 1659 904 1702 ut
933 1646 1119 1702 Crucis
1147 1645 1485 1716 praedicando
1511 1646 1843 1715 mysterium,
1874 1643 1939 1698 ad
1966 1643 2101 1697 Cru-

1738 340 2158 403 BREVIARIUM
2204 340 2561 397 GOTHICUM

2137 461 2176 513 Α
2207 455 2416 524 adjutor
2468 468 2637 507 meus.
2695 451 2757 505 Ρ.
2815 452 2957 508 Scio.
3030 452 3103 519 ᾗ.
3157 448 3358 513 Gloria,
3403 456 3458 505 et
3486 449 3674 506 honor.
3706 451 3764 507 Ρ.

3641 340 3765 399 εἰϐι

2207 547 2348 599 Scio.

2280 634 2477 689 Oratio.
2527 634 2718 690 Sancte
2774 634 2864 687 Dei
2920 631 3195 703 Apostole,
3229 633 3338 702 qui,
3364 632 3454 687 diu
3481 630 3766 705 fatigétam,

2207 725 2427 779 Crucem
2458 725 2507 779 in
2533 736 2619 779 tua
2658 724 3054 794 expectatione,
3105 723 3318 778 tandem
3351 722 3679 791 requievisse
3723 728 3765 780 in

2209 828 2293 873 tua
2346 820 2711 887 perventione,
2768 818 2868 886 piis
2928 816 3203 871 aii‘éclibus
3249 816 3498 872 clamas:
3548 819 3767 874 concede

2208 907 2419 975 plenum
2459 908 2615 963 nobis
2668 906 2918 977 gaudium
2974 907 3024 961 in
3054 917 3139 960 tua
3194 908 3444 976 passione
3474 908 3692 977 habere,
3721 921 3768 965 ut

2206 996 2455 1068 ωσι-ἐεἰο
2501 1008 2592 1053 tuo
2621 998 2775 1053 nobis
2806 998 3045 1053 futurum
3091 1013 3361 1069 prmpares
3387 1014 3634 1071 regnum,
3664 1005 3767 1071 qui-

2208 1088 2305 1142 bus
2366 1104 2469 1144 non
2527 1099 2635 1144 tam
2705 1091 2901 1157 verbo,
2960 1090 3053 1145 sed
3108 1099 3163 1145 et
3213 1090 3475 1160 songuiue
3525 1093 3766 1161 reliquisti

2205 1178 2591 1246 exemplorum,
2624 1181 2989 1249 virtutomque
3030 1181 3430 1238 documentum.
3480 1184 3518 1242 ἡ
3543 1223 3556 1237 .
3589 1186 3761 1242 Amen.

2278 1268 2379 1322 Per
2409 1270 2861 1329 misericordiam.

2275 1358 2591 1428 Antiphona.
2644 1362 2784 1417 Bona
2837 1361 2999 1426 Crux,
3052 1365 3233 1435 accipe
3272 1381 3379 1429 me,
3409 1377 3465 1423 et
3502 1369 3668 1425 redde
3694 1386 3765 1426 me

2207 1447 2434 1505 Domino
2459 1464 2579 1505 meo
2614 1469 2625 1503 :
2653 1450 2717 1505 Ρ.
2774 1452 2905 1519 Quia
2936 1470 3031 1522 per
3072 1466 3122 1510 te
3166 1457 3392 1512 redemit
3435 1473 3524 1515 me
3552 1459 3659 1527 ille,
3689 1463 3763 1532 qui

2206 1539 2456 1612 pependit
2485 1541 2538 1595 in
2569 1550 2640 1596 te.
2686 1542 2718 1611 ᾖ
2746 1583 2758 1596 .
2792 1543 2930 1598 Deus
2959 1544 3012 1599 in
3052 1554 3104 1601 te
3149 1546 3363 1615 speravi
3397 1548 3643 1614 Domine,
3671 1565 3763 1606 non

2202 1632 2498 1687 confundor
2547 1636 2599 1687 in
2632 1635 2885 1690 :rtérnum
2914 1655 2925 1689 :
2955 1638 3003 1692 in
3038 1649 3123 1693 tua
3151 1639 3355 1709 justitia
3394 1641 3560 1696 libera
3588 1658 3693 1706 me,
3719 1654 3765 1699 et

532 1742 608 1796 cis
652 1740 949 1795 mereretur
998 1738 1276 1807 pervenire
1326 1736 1621 1806 patibulum
1663 1754 1675 1788 :
1718 1735 1784 1789 da
1829 1736 2015 1797 nobis,
2045 1744 2101 1791 ut
2134 1802 2173 1807 _
2205 1722 2372 1793 έΐίροο
2398 1722 2445 1777 Ρ
2451 1764 2465 1779 ·
2492 1725 2624 1793 Ουίθ
2657 1742 2749 1795 ρετ
2780 1736 2830 1783 Ιθ
2874 1729 3123 1785 τυάὲηιῖῑο
3171 1731 3205 1800 Ῠ
3229 1770 3245 1787 ο
3272 1732 3476 1801 Gloria,
3507 1744 3563 1790 et
3610 1734 3765 1791 honor

530 1840 727 1889 sancta:
757 1830 941 1887 Crucis
966 1802 1067 1884 tuae
1097 1802 1358 1883 verissimi
1398 1826 1667 1881 amatores
1708 1826 1905 1891 effecti,
1934 1826 2100 1882 abne-
2133 1802 2181 1863 Β
2208 1813 2369 1869 Ρθιτί·
2401 1814 2468 1869 Ρο
2498 1816 2630 1883 QUia
2669 1833 2763 1888 per
2793 1827 2862 1874 le.

531 1924 714 1994 gantes
762 1921 1111 1990 nosmetipsos
1154 1918 1401 1973 tollémus
1444 1916 1668 1972 Crucem
1722 1925 1999 1983 nostram,
2049 1926 2103 1973 et

529 2014 817 2083 sequamur
846 2022 898 2067 te
925 2028 938 2065 :
963 2019 1015 2067 ut
1046 2008 1383 2076 passionibus
1407 2009 1508 2063 tuis
1535 2010 1586 2062 in
1612 2009 1709 2063 hac
1733 2006 1835 2063 vita
1854 2023 2097 2063 commu-

531 2107 795 2174 nicantes,
826 2106 890 2161 ad
946 2105 1196 2161 :etérnam
1255 2102 1413 2156 vitam
1466 2103 1745 2171 pervenire
1796 2102 2099 2158 mereamur

529 2200 733 2256 felices.

597 2292 756 2347 Pater
784 2297 987 2346 noster.
1019 2276 1248 2345 Liberati
1280 2304 1309 2342 ε
1340 2301 1501 2343 ma.o.
1531 2288 1624 2357 fol.
1655 2286 1706 2340 2.

598 2382 907 2439 Benedictio.
934 2381 1283 2450 Omnipotens
1306 2378 1588 2445 Dominus,
1612 2379 1701 2447 qui
1727 2377 1960 2433 animam
1987 2377 2099 2433 An-

526 2474 671 2531 dréte
717 2474 958 2545 Apostoli
1004 2472 1234 2542 suscepit
1260 2471 1312 2525 in
1342 2469 1534 2538 Cruce,
1566 2471 1633 2525 ab
1677 2471 1821 2525 omni
1860 2468 2095 2525 cruciolu

528 2582 622 2623 vos
643 2568 831 2623 liberet
868 2564 1226 2621 damuatidnis
1256 2563 1504 2627 mtérnm;
1550 2563 1587 2631 ἢ
1610 2603 1622 2616 .
1647 2561 1840 2618 Amen.
1878 2563 1963 2629 Et,
1991 2578 2097 2632 quo

529 2658 883 2726 prmdicante,
925 2654 1211 2724 adquisivit
1258 2654 1356 2708 sibi
1403 2652 1628 2722 populos
1675 2654 2098 2719 credituros,eo

530 2745 798 2814 precante,
828 2742 1109 2800 credentes
1136 2741 1334 2797 efﬁciat
1358 2741 1653 2809 gloriosos;
1710 2742 1747 2811 ἡ
1771 2784 1781 2795 .
1810 2742 1999 2797 Amen.
2034 2742 2100 2799 Ut

527 2835 775 2905 exémplo
802 2833 1044 2905 Apostoli
1071 2831 1152 2886 sui
1178 2829 1364 2884 Crucis
1392 2830 1585 2886 Christi
1610 2831 1878 2887 amatores
1903 2832 2097 2899 effecti,

526 2938 579 2982 et
609 2927 695 2981 hic
721 2926 967 2981 vitiorum
999 2924 1261 2993 superelis
1310 2924 1576 2988 incendia,
1608 2933 1663 2979 et
1691 2923 1809 2993 post
1835 2924 1900 2978 ad
1943 2935 2101 2980 mter-

527 3005 710 3075 nitatis
742 3018 1051 3074 mereomini
1082 3019 1362 3088 pervenire
1392 3016 1673 3087 promissa.
1725 3016 1763 3084 ἡ
1786 3054 1801 3070 .
1833 3017 2026 3073 Amen.

598 3112 699 3167 Per
721 3110 1159 3167 misericordiam.

598 3202 796 3256 Lauda.
824 3202 1019 3259 Statuit
1053 3203 1310 3259 Dominus
1338 3203 1520 3272 supra.
1560 3202 1652 3274 fol.
1686 3217 1849 3258 cun.

600 3293 797 3347 Oratio.
834 3294 920 3348 Vir
952 3293 1043 3348 Dei
1074 3304 1286 3349 sanctus
1316 3293 1575 3360 Andreas,
1600 3295 1831 3361 Christe,
1866 3302 1985 3348 tuus
2013 3292 2101 3346 ille

529 3381 834 3451 Apostolus,
866 3384 950 3453 qui
985 3392 1034 3438 te
1055 3384 1253 3439 vidisse
1284 3384 1369 3437 illo
1406 3382 1606 3438 visione
1637 3385 1781 3452 pacis
1812 3383 2095 3437 novissimo

528 3476 871 3545 protestetur,
904 3474 1026 3531 dum
1056 3476 1259 3533 secreta
1288 3483 1487 3533 ευιιεῑέιε
1514 3476 1701 3533 Crucis
1730 3490 1789 3534 se
1820 3476 2097 3548 agnovisse
2132 3489 2143 3495 '

530 3568 744 3634 fatetur,
775 3569 845 3623 sit
889 3583 984 3636 pro
1013 3570 1164 3623 nobis
1195 3569 1331 3638 apud
1378 3579 1430 3623 te
1461 3569 1786 3625 intercessor
1811 3569 2055 3623 assiduus
2083 3587 2096 3623 :

529 3667 606 3723 ut,
634 3658 725 3727 qui
753 3667 803 3713 te
844 3659 1151 3727 praedicdvit
1178 3674 1307 3714 voce
1342 3658 1497 3713 simul
1525 3667 1580 3714 et
1609 3660 1855 3730 corpore,
1883 3668 1937 3715 et
1968 3660 2101 3715 son-

527 3751 710 3821 guine,
742 3752 894 3807 nobis
920 3753 1055 3823 apud
1081 3761 1133 3807 te
1162 3750 1473 3821 opituletur,
1500 3760 1555 3807 et
1575 3751 1813 3808 doctrina
1838 3752 2022 3819 simul,
2048 3762 2101 3807 et

529 3856 707 3912 prece.
748 3844 785 3907 ri
810 3886 822 3898 .
850 3846 1039 3901 Amen.

596 3931 699 3989 Per
728 3933 1167 3990 misericordiam.
1588 3931 1610 3951 ³
1640 4008 1645 4013 ι
1672 3938 1705 3996 ῗ

1089 4028 1533 4085 ΑάΜαιιιιίηιιηι.
1640 4008 1645 4013 θ
1740 4002 1830 4033 ’ψ
1891 4025 1904 4038 “
1974 4082 1998 4108 ,ν

596 4117 907 4189 Ληιίριιοηα.
943 4117 1102 4175 Labia
1133 4135 1249 4175 mea
1284 4120 1529 4177 Domine.
1561 4119 1803 4177 Psalmus
1832 4135 1882 4177 ι..

596 4207 797 4263 Oratio.
828 4209 1083 4265 Exoltent
1114 4210 1356 4267 Domine.
1392 4210 1511 4266 Fol.
1541 4227 1737 4268 ccxxx.

594 4301 905 4373 Antiphone.
952 4302 1078 4357 Mihi
1122 4303 1260 4359 absit
1290 4303 1528 4373 gloriari,
1560 4303 1659 4357 nisi
1702 4303 1753 4356 in
1793 4302 1963 4357 Cruce
1990 4299 2097 4355 Do-

525 4393 649 4447 mini
680 4392 845 4447 nostri
887 4394 1014 4449 Jesu
1044 4393 1242 4448 Christi
1270 4413 1282 4448 :
1313 4392 1378 4449 Ρ.
1417 4393 1517 4448 Per
1561 4408 1720 4462 quem
1763 4391 2095 4465 [cccxxxm]

1672 3938 1705 3951 ..ι
1724 3948 1727 3949 ,

2278 1905 2480 1961 Oratio.
2529 1905 2716 1962 Crucis
2760 1916 2863 1963 tum
2891 1952 2906 1974 ,
2960 1910 3203 1977 Domine,
3255 1915 3439 1971 amdre
3492 1919 3762 1987 Apostoms

2205 2008 2323 2054 tuus
2352 2008 2409 2056 et
2446 2013 2647 2071 martyr
2690 2003 2931 2059 Andreas
2975 2005 3197 2062 mirifice
3224 2007 3475 2079 flagrans,
3513 2024 3610 2079 per
3659 2026 3761 2066 eam

2202 2106 2262 2147 se
2292 2091 2387 2146 tibi
2446 2092 2673 2147 Domino
2718 2108 2817 2149 suo
2866 2096 3018 2149 reddi
3072 2097 3307 2166 exoptat.
3374 2114 3469 2169 per
3512 2115 3668 2171 quam
3715 2116 3765 2156 se

2202 2184 2535 2255 redemptum
2585 2200 2703 2241 esse
2756 2204 2857 2241 non
2916 2188 3125 2243 dubitat
3169 2206 3521 2261 :quaesumus
3545 2210 3693 2266 ergo,
3717 2206 3763 2251 ut

2202 2278 2420 2334 obténtu
2446 2278 2583 2349 ejus,
2613 2282 2699 2350 qui
2748 2282 2799 2335 in
2825 2297 2884 2337 ea
2912 2282 3080 2337 Cruce
3110 2284 3382 2353 pependit,
3426 2286 3654 2344 feliciter
3681 2305 3763 2345 nos

2201 2366 2231 2421 ὸ
2258 2367 2465 2423 cunctis
2501 2368 2748 2438 potenter
2779 2370 3015 2440 digneris
3065 2372 3257 2429 rulime
3283 2374 3503 2431 ultionis
3528 2378 3763 2434 cruciati-

2203 2460 2302 2515 bus
2326 2461 2577 2518 liberore.
2625 2463 2697 2529 vi).
2734 2466 2901 2519 Amen

2273 2553 2375 2608 Per
2403 2554 2854 2609 misericordiam.

2285 2643 2325 2712 ιῆ
2345 2683 2360 2697 .
2397 2643 2485 2699 Vir
2514 2656 2728 2699 sanclus
2787 2647 2899 2711 Dei,
2933 2648 3058 2703 dum
3085 2652 3350 2720 aspiceret
3397 2654 3615 2724 cmlum,
3642 2670 3763 2712 voce

2202 2734 2391 2806 magna
2436 2734 2644 2791 dicebat
2693 2753 2704 2788 :
2757 2738 2837 2791 Tu
2886 2753 2945 2793 es
3001 2740 3141 2795 Deus
3189 2758 3359 2812 meus,
3419 2754 3474 2800 et
3517 2746 3762 2802 Dominus

2202 2840 2374 2890 meus,
2402 2841 2557 2894 quem
2585 2827 2718 2893 vidi,
2771 2829 2822 2882 in
2854 2844 2958 2897 quo
2985 2830 3207 2898 credidi,
3259 2848 3419 2903 quem
3472 2835 3649 2891 dilexi.
3703 2835 3759 2891 P.

2200 2912 2278 2969 Ne
2306 2931 2390 2969 me
2419 2918 2641 2985 patiaris
2680 2920 2747 2972 ab
2788 2919 2952 2989 impio
2995 2920 3176 2991 judice
3201 2924 3419 2993 deponi,
3448 2929 3538 2997 qui
3559 2928 3660 2996 jam
3689 2942 3760 2982 se-

2202 3006 2346 3061 creta
2375 3018 2575 3063 sancta:
2602 3009 2788 3063 Crucis
2815 3011 3027 3080 agnovi.
3080 3013 3109 3079 ir
3138 3053 3149 3065 .
3192 3014 3363 3070 Homo
3386 3017 3486 3072 iste
3512 3019 3760 3088 supplica-

2205 3096 2297 3151 bat
2333 3098 2383 3152 in
2414 3100 2702 3167 conSpéctu
2759 3101 2989 3169 Domini,
3049 3105 3231 3161 dicens
3283 3125 3293 3159 :
3346 3109 3486 3163 Deus
3516 3110 3689 3179 Pater,
3713 3123 3758 3166 et

2208 3190 2516 3247 Dominmor
2540 3194 2661 3246 vita:
2691 3209 2845 3248 meae.
2877 3194 2944 3249 P.
2974 3196 3049 3251 Ne
3078 3212 3163 3252 me
3186 3198 3423 3267 patiaris.
3470 3203 3506 3269 Ῡ
3531 3241 3545 3256 .
3572 3200 3755 3268 Gloria,

2203 3290 2256 3335 et
2286 3281 2456 3337 honor
2481 3281 2650 3339 Patri.
2683 3284 2751 3338 P.
2784 3283 2862 3341 Ne
2882 3300 2966 3341 me
2990 3288 3225 3356 patiaris.

2275 3374 2475 3430 θνάιὶο.
2503 3376 2597 3431 Vir
2629 3377 2721 3433 Dei
2750 3387 2967 3439 sanctus
2994 3381 3256 3440 Andréas.
3291 3383 3558 3455 Quare-in
3589 3386 3758 3460 Vespa-

2201 3467 2271 3525 ris
2300 3468 2716 3540 prmdémibus.

2786 3566 2850 3619 In
2876 3566 3159 3623 Ldudibus.

2271 3656 2350 3708 Ad
2369 3652 2656 3711 Canticum.
2683 3657 2994 3722 Antiphoua.
3029 3660 3140 3729 Ego
3163 3660 3214 3714 in
3239 3660 3467 3719 Domino
3486 3662 3755 3734 εισι-ἥδοι’,

2199 3744 2443 3813 gaudebo
2468 3745 2521 3799 in
2548 3745 2675 3810 Deo,
2708 3745 2834 3801 Iesu
2860 3763 2999 3804 meo.

2271 3830 2558 3887 Cdnticum.
2590 3831 2814 3889 Domine
2835 3834 3011 3891 audivi
3041 3836 3298 3893 auditum.
3323 3840 3418 3910 fol.
3446 3841 3540 3897 Ἡ.

2271 3925 2349 3977 Ad
2369 3923 2692 3980 Benedictus.
2757 3927 3073 3999 Antiphone.
3111 3931 3418 3988 Benedictio
3468 3932 3669 3989 Domini
3708 3934 3753 3987 in

2201 4016 2499 4072 mercedem
2522 4016 2653 4086 justi
2683 4016 2924 4075 festinat.

2270 4106 2561 4162 Cdnticum.
2605 4107 2922 4165 Benedictus
2953 4125 3011 4165 es
3043 4110 3284 4168 Domine.
3316 4115 3411 4182 [οι.
3432 4115 3489 4171 ϐ.

2270 4198 2431 4254 Sono.
2457 4201 2501 4253 υ
2532 4199 2668 4256 bona
2697 4200 2861 4255 Crux.
2899 4201 3084 4269 Quare
3128 4205 3181 4259 in
3231 4204 3466 4277 Véspcris
3487 4207 3753 4277 precedin-

2198 4294 2348 4349 tibus.

2267 4386 2469 4441 Lauda.
2504 4387 2743 4460 Laudate
2774 4390 3056 4446 Dominum
3089 4393 3157 4448 de
3187 4393 3333 4449 caelis
3361 4394 3585 4451 Alleluia
3614 4394 3753 4449 :lau-

525 4485 651 4539 mihi
678 4486 903 4539 mundus
942 4485 1226 4541 crucifixus
1255 4494 1358 4553 est,
1390 4494 1445 4540 et
1488 4500 1587 4555 ego
1614 4486 1833 4557 mundo.
1882 4484 2090 4551 7.Ex-
2124 4476 2324 4570 Ddote
2376 4493 2496 4533 eum
2547 4479 2598 4534 in
2650 4479 2876 4535 excélsis
2932 4481 3182 4551 Alleluia,
3237 4483 3473 4539 alleluia.
3531 4484 3754 4539 Psafmus

523 4575 739 4643 péclans
785 4575 1061 4643 expectavi
1112 4574 1436 4640 Dominum,
1489 4582 1545 4630 et
1594 4574 1832 4643 reSpéxit
1880 4589 1998 4629 me:
2027 4574 2092 4626 Et

520 4664 789 4719 exaudivit
832 4664 1264 4734 deprecationem
1311 4680 1504 4721 meam.
1556 4663 1625 4719 P.
1660 4666 1758 4720 Per
1786 4681 1967 4733 quem.
2016 4668 2086 4734 ᾗ.

521 4755 725 4823 Gloria,
749 4763 804 4811 et
830 4756 997 4812 honor
1026 4757 1188 4813 Patri.
1221 4756 1286 4812 P.
1322 4758 1420 4814 Per
1448 4773 1626 4829 quem.

592 4847 789 4902 Oratio.
819 4847 922 4902 Fac
951 4864 1070 4916 nos,
1101 4848 1240 4903 Deus
1271 4849 1448 4916 Pater,
1498 4849 1549 4904 in
1580 4849 1705 4904 Jesu
1734 4849 1937 4905 Christi
1968 4849 2087 4905 Filii

519 4939 592 4994 tui
616 4938 827 4994 Domini
865 4938 1035 4993 nostri
1061 4938 1232 4994 Cruce
1261 4939 1565 5008 plenissime
1593 4940 1835 5010 gloriari,
1865 4948 1923 4995 ut
1961 4956 2090 4996 con-

518 5029 679 5087 fessio
715 5034 825 5088 oris
859 5045 981 5087 cum
1031 5030 1314 5086 efficientia
1361 5032 1559 5101 operis,
1614 5034 1688 5088 sic
1716 5035 2006 5090 concordet
2036 5036 2087 5088 in

521 5121 696 5187 nobis,
748 5120 977 5192 qualiter
1029 5122 1306 5176 verissime
1358 5122 1726 5194 crucifigéntes
1778 5140 1875 5180 nos
1936 5125 2086 5182 Mun-

513 5212 602 5279 do,
652 5213 962 5271 sternimus
1009 5213 1314 5271 mereamur
1358 5215 1539 5269 satiori
1591 5216 1659 5269 de
1719 5218 1954 5287 praemio.
2009 5218 2081 5285 πῆ.

513 5307 705 5359 Amen.

581 5400 682 5455 Per
706 5402 1155 5459 misericordiam.

579 5491 888 5562 Antiphonti.
922 5493 1085 5550 Salve
1109 5496 1407 5568 Crux,qu:e
1441 5499 1531 5553 diu
1552 5499 1765 5570 fatigata
1793 5502 2081 5573 requiescis

506 5580 804 5649 espdctans
825 5598 910 5639 me
937 5586 1257 5643 certissime.
1292 5590 1415 5646 Scio
1437 5591 1666 5661 gaudere
1690 5602 1763 5659 te,
1786 5595 2082 5665 suscipiens

508 5670 829 5740 Discipulum
876 5674 1013 5742 ejus,
1066 5677 1151 5746 qui
1202 5680 1455 5750 pependit
1512 5683 1563 5737 in
1614 5693 1683 5738 te.
1756 5685 1830 5753 ᾖ.
1862 5684 2083 5740 Audivit

513 5764 789 5835 Diminus,
816 5777 869 5823 et
900 5771 1145 5827 misertus
1172 5784 1252 5829 est
1275 5776 1404 5831 mihi
1449 5796 1460 5832 :
1497 5778 1756 5837 Dominus
1807 5782 1977 5840 factus
2004 5794 2086 5840 est

2198 4585 2415 4624 CXLVIII.

2270 4663 2568 4729 PrOphetia.
2602 4664 2787 4722 Justus
2814 4667 2857 4721 si
2891 4677 3065 4723 morte
3113 4668 3527 4738 prmoccnpétus.
3556 4669 3641 4739 (of.
3669 4665 3751 4720 55.

2858 4778 3117 4848 Hymnus.

2549 4868 2908 4936 Omnipoténti
2942 4868 3165 4926 Domino

2482 4960 2740 5015 Prosmili
2779 4976 2966 5017 omnes
3004 4962 3272 5032 supplices

2482 5054 2782 5109 Reddamus
2806 5055 3003 5126 grotias
3032 5072 3127 5122 pro
3236 5110 3241 5113 .

2478 5143 2659 5197 Sancti
2680 5146 2907 5201 Androm
2933 5147 3244 5203 certitminc.

2550 5234 2963 5303 Redcinptorem
2990 5237 3306 5306 deprecans,

2477 5326 2651 5397 Ipsum
2680 5342 2861 5385 verum
2892 5328 3207 5404 agnoscere,

2476 5422 2821 5478 Dmmonibus
2846 5424 3105 5490 invidere,

2475 5512 2774 5567 Fallz'tcibus
2799 5515 3071 5569 resistere.

2543 5600 2764 5657 Juvatus
2793 5603 3010 5658 Christo
3051 5605 3276 5660 Domino

2474 5694 2787 5748 Prmdicovit
2826 5695 3040 5749 Ach-(nine
3079 5714 3089 5748 :

2426 5843 2430 5846 ἠ
2473 5784 2815 5841 Convérlitur
2842 5787 3014 5842 omnis
3048 5785 3297 5856 pOpulus,
