3984 6376
224 352 359 410 1265

500 473 566 527 Ει
594 488 713 527 sese
742 474 896 528 Cruci
941 474 1181 530 tradidit.

570 568 647 622 En
694 569 782 621 tibi
814 569 967 625 Jesus
996 572 1354 640 omnipotens,

494 659 658 728 Cujus
678 657 849 716 Cruce
877 660 1173 730 suspensus
1199 670 1302 726 est,

492 750 535 804 E
564 750 719 806 caelis
735 751 991 806 evocatus
1012 760 1116 819 est,
1214 806 1223 812 .

496 841 597 895 Per
619 841 775 898 iidem
806 844 1092 898 coronatus
1115 853 1217 899 est.

578 932 692 988 Non
725 935 919 992 timens
951 934 1302 1001 cruciatibus;

492 1023 598 1078 Sed
628 1039 687 1078 se
714 1026 768 1080 in
791 1026 958 1080 Cruce
988 1025 1247 1096 postulat,

430 1170 440 1177 .
495 1116 564 1172 Ut
586 1116 708 1172 inde
737 1118 1079 1189 emigraverit

492 1206 569 1261 A’d
598 1208 779 1264 sedem
812 1211 921 1263 veri
950 1209 1181 1264 Domini.

557 1297 706 1354 Tunc
734 1298 911 1370 populi
937 1301 1263 1358 clamdribus

486 1389 682 1446 Dantes
704 1405 862 1447 voces
889 1393 941 1447 in
983 1391 1228 1457 auribus.

494 1477 679 1550 IEgaee
709 1480 909 1553 inique,
940 1482 1162 1551 pe’riide,

492 1571 725 1627 Defende
770 1572 1105 1644 Apéstolum.

558 1662 672 1716 Jam
701 1662 810 1733 jam
844 1664 895 1718 in
925 1664 1095 1721 Cruce
1123 1666 1329 1736 pdsitus

486 1753 773 1809 Veritatem
815 1756 1130 1824 prmdicans,

488 1847 723 1901 Ornatus
766 1848 1004 1905 moribus
1035 1851 1210 1914 bonis.

484 1936 631 2003 Pius,
663 1947 903 2001 sanctus,
929 1942 1280 1997 castissimus.

554 2026 768 2098 IEgaeas
800 2044 928 2085 vero
951 2031 1254 2087 tetérrimus

488 2118 837 2176 Dmménibus
867 2110 1141 2192 arripitur,

490 2209 706 2266 lnférno
726 2213 1031 2283 suscipitur,

483 2301 745 2357 Tenebris
776 2304 1007 2359 sociatus
1041 2317 1141 2360 est.

550 2397 739 2453 Frater
767 2399 895 2454 vero
924 2400 1111 2468 ipsius,

554 2488 860 2561 [cccxxxrv]
889 2489 1101 2546 Tenens
1124 2506 1320 2563 corpus
1351 2495 1612 2564 Apéstoli,

491 2579 749 2648 Sepelivit
770 2582 1086 2653 intrepidus,

479 2676 609 2732 Cum
631 2693 819 2747 magna
844 2680 1205 2737 multitudine.

542 2769 653 2825 Deo
679 2769 824 2824 Patri
851 2771 920 2825 sit
949 2770 1145 2840 gldria,

473 2859 707 2930 Ejusque
737 2862 1023 2928 soliFitio,

474 2947 608 3005 Cum
648 2951 848 3022 Spiritu
882 2952 1143 3007 Paraclito

471 3041 721 3113 Regnans
751 3060 847 3114 per
874 3059 1035 3101 omne
1065 3045 1338 3101 saeculum.

546 3138 737 3193 Amen.

252 3250 607 3322 Supplicatio.
638 3253 866 3309 Oremus
908 3254 1323 3324 Retlemptérem
1375 3252 1557 3308 mundi
1588 3252 1767 3308 Domi-

180 3361 316 3400 num
346 3354 584 3401 nostrum
612 3346 793 3402 Jesum
823 3347 1118 3413 Christum,
1158 3355 1211 3401 ut
1233 3347 1412 3418 supra.

250 3438 513 3507 Capitula.
546 3440 603 3494 In
653 3450 762 3507 tuo,
794 3440 1027 3507 Christe,
1059 3439 1287 3511 corpore
1324 3438 1512 3495 Crucis
1541 3448 1647 3496 tuae
1676 3455 1761 3497 ve-

177 3531 724 3598 nerantesarcanum,
742 3549 881 3602 quae,
895 3545 948 3589 et
971 3543 1021 3589 te
1034 3533 1321 3588 Deminum
1342 3531 1763 3602 redemptidnem

176 3622 506 3678 inferentem
552 3623 749 3678 Mundo
784 3624 1044 3692 suscepit,
1094 3633 1148 3679 et
1174 3622 1505 3694 Discipulum
1532 3624 1765 3680 morien-

175 3725 289 3769 tem
347 3715 538 3770 melius
591 3714 856 3771 victurum
913 3716 1007 3771 tibi
1060 3716 1295 3773 restituit
1343 3717 1642 3786 :rogbmus
1688 3725 1761 3783 te,

175 3815 342 3879 atque
387 3806 751 3877 expéscimus,
811 3816 871 3864 ut
919 3822 1019 3864 nos
1048 3808 1124 3863 illi
1170 3808 1361 3879 jungas
1407 3810 1460 3864 in
1515 3810 1760 3877 munere,

174 3898 334 3967 cujus
364 3897 450 3953 hic
479 3899 795 3955 venerantes
832 3899 1119 3956 incolimus
1146 3900 1473 3970 passionem.

244 3989 412 4045 Pater
442 4000 643 4046 noster.
676 3990 913 4047 Liberali
951 3991 982 4045 ὸ
1008 3991 1170 4047 malo.
1199 3990 1296 4062 [οι.
1330 3991 1386 4047 2.

242 4080 452 4135 Lauda.
529 4080 587 4135 lu
636 4081 892 4152 psalterio
944 4090 998 4136 et
1051 4081 1275 4138 cithara.
1355 4081 1576 4152 Require
1629 4086 1757 4153 fo'lio

167 4183 302 4224 CLX.
846 4172 849 4175 ’

241 4259 559 4315 Benedictio.
612 4259 963 4331 Omnipotens
1022 4256 1306 4313 Deminus.
1348 4258 1529 4325 Quaere
1565 4260 1619 4313 in
1656 4258 1756 4314 νέ-

165 4353 339 4423 aperis
368 4352 788 4423 pra’cedéntibus.
1060 4422 1063 4423 ν

712 4467 940 4521 Exeunte
984 4465 1224 4537 Vésperti.

242 4577 455 4632 Lauda.
486 4577 721 4634 Lucérna
752 4577 977 4648 pedibus
1004 4580 1160 4635 meis.
1188 4580 1280 4649 fol.
1313 4594 1432 4635 cu.

238 4668 420 4727 Sana.
470 4670 515 4726 Ο
540 4672 676 4727 bona
703 4673 867 4739 Crux,
908 4689 1045 4742 quae.
1077 4672 1145 4727 In
1177 4674 1415 4745 Vesperis
1464 4675 1755 4745 praeceden-

164 4763 334 4818 tibus.
1313 4783 1316 4787 ‘

236 4854 559 4923 Antipltona.
606 4855 705 4923 QUI
755 4857 883 4911 mihi
930 4858 1216 4922 ministrat,
1252 4874 1337 4915 me
1361 4862 1647 4929 sequhtur;
1682 4861 1749 4919 P.

167 4945 246 5002 Et.
275 4945 368 5000 ubi
390 4959 492 5015 ego
532 4961 672 5014 sum,
725 4947 795 5001 ibi
825 4948 926 5003 erit
947 4958 999 5003 et
1024 4949 1269 5005 minister
1295 4965 1465 5007 meus.
1508 4954 1541 5021 Ῡ
1569 4993 1582 5007 .
1611 4953 1747 5020 Quid

161 5035 470 5092 retribuam
492 5034 745 5102 Domino,
782 5052 876 5107 pro
889 5038 1136 5096 omnibus
1157 5056 1275 5112 quae
1302 5042 1548 5111 prtestitit
1588 5045 1753 5100 mihi?

156 5128 411 5186 Calicem
439 5128 687 5185 salutaris
715 5130 970 5201 accipiam
1016 5149 1033 5187 :
1060 5142 1115 5189 et
1140 5149 1334 5191 nomen
1368 5134 1579 5192 Démini
1602 5138 1753 5193 invo-

157 5220 333 5276 cabo.
380 5217 446 5273 P.
480 5218 549 5274 Et
572 5221 660 5275 ubi
708 5235 808 5291 ego
855 5236 994 5277 sum.
1049 5222 1250 5290 Gloria,
1281 5236 1333 5281 et
1363 5226 1535 5283 honor
1583 5228 1749 5284 Patri.

157 5310 238 5368 P.
275 5311 342 5366 Et
368 5310 480 5366 ubi.

235 5401 505 5459 Dominus
532 5405 600 5459 sit
627 5417 858 5473 semper.
906 5406 942 5472 ἡ
964 5447 978 5461 .
1013 5407 1074 5460 Et
1101 5422 1245 5463 cum.

230 5512 443 5568 Lauda.
474 5513 623 5585 Euge
653 5529 811 5571 serve
856 5518 1017 5586 bone,
1051 5530 1106 5575 et
1136 5520 1327 5588 ﬁdelis,
1381 5538 1542 5593 super
1582 5540 1749 5597 pauca

144 5605 313 5661 fuisti
340 5605 534 5676 ﬁdelis,
561 5607 615 5663 in
647 5609 811 5663 multa
842 5617 893 5665 te
940 5612 1252 5668 conlocabo.
1285 5612 1352 5669 P.
1377 5614 1517 5671 Intra
1539 5618 1589 5672 in
1621 5618 1748 5687 gau-

147 5698 312 5751 dium
358 5696 570 5753 Démini
635 5700 731 5755 tu’i.
784 5700 1033 5768 Alleluia,
1082 5705 1315 5760 alleluia.
1384 5708 1461 5777 Ῡ.
1514 5709 1757 5767 Labores

140 5787 427 5842 {motuum
478 5789 686 5845 tutirum
736 5791 1075 5850 manducabis
1124 5813 1135 5847 ε
1184 5796 1369 5854 bemus
1405 5813 1484 5865 es,
1530 5810 1584 5857 et
1612 5801 1747 5859 bene

1183 359 1661 418 SANCTORAI.E.
1703 388 1774 402 --
1815 355 2039 414 FESTA
2074 357 2483 416 DECIEMBRIS.

1774 472 1861 541 ,Α
1891 471 1982 526 tibi
2014 471 2136 528 erit.
2188 473 2255 527 P.
2317 473 2475 527 Intra.
2553 474 2622 541 ᾗ.
2653 474 2854 545 Cldria,
2890 486 2943 535 et
2992 481 3163 537 honor
3203 483 3365 541 Patri.
3396 487 3463 545 Ρ.

1782 4547 1834 4607 Ι)

3326 371 3463 431 1266

1893 562 2051 618 Intra.

1968 654 2227 724 Hymnus.
2259 654 2401 711 Deus
2431 656 2623 711 sacrati
2655 657 2904 714 nominis.
2942 661 3126 739 Qua’re
3152 666 3203 718 in
3233 665 3466 737 Vesperi:

1894 753 2310 822 prtecedéntibus.

1961 842 2311 913 Supplicatio.
2341 843 2568 899 Oremus
2599 844 3011 917 Redempttirem
3044 851 3225 906 mundi
3271 852 3463 910 Dami-

1889 950 2037 1001 num,
2066 944 2121 988 ut
2150 937 2327 1006 supra.

1957 1025 2213 1098 Capitula.
2245 1028 2383 1084 Deus
2414 1030 2444 1083 ii
2483 1045 2588 1100 quo
2616 1029 2816 1087 Unicus
2850 1032 3017 1089 Filius
3069 1044 3190 1092 tuus
3238 1032 3289 1093 in
3320 1039 3463 1096 hunc

1890 1116 2145 1172 Mundum
2195 1118 2408 1183 missus,
2442 1135 2504 1175 ac
2534 1135 2630 1191 pro
2660 1122 2817 1178 nobis
2844 1122 2896 1178 in
2927 1124 3100 1181 Cruce
3149 1128 3460 1197 suspensus,

1898 1218 2097 1265 nostra:
2167 1212 2551 1282 redemptiénis
2627 1216 2853 1284 pretium
2921 1218 3069 1275 dedit
3154 1221 3465 1293 sanguinem

1886 1316 2077 1367 suum;
2131 1311 2189 1359 ut
2236 1306 2563 1361 reconciliati
2619 1323 2714 1378 per
2760 1309 2876 1379 ejus
2928 1322 3178 1380 mortem,
3236 1314 3466 1370 illidrum

1884 1392 2025 1461 apud
2075 1402 2126 1450 te
2169 1398 2568 1465 promereamur
2613 1400 2991 1470 adoptionem;
3022 1402 3265 1473 ejusdem
3297 1408 3466 1463 nostri

1886 1483 2198 1541 mediatoris
2256 1485 2500 1554 obténtu,
2555 1490 2707 1545 nobis
2758 1506 2856 1547 nec
2887 1494 3218 1550 merentibus
3247 1496 3462 1553 tribue:

1885 1583 1941 1628 ut
1990 1575 2261 1644 possimus
2311 1587 2363 1633 te
2412 1580 2629 1636 Patrem
2685 1582 3003 1640 iiduciitlitér
3059 1587 3358 1657 appellite,
3414 1598 3468 1645 et

1883 1666 2166 1737 oratione,
2217 1684 2377 1740 quam
2417 1671 2532 1740 ipso
2584 1672 2807 1731 Domino
2852 1676 3099 1745 docente,
3157 1679 3462 1749 didicimus,

1886 1756 1953 1811 ad
1978 1766 2032 1813 te
2057 1774 2163 1815 non
2185 1760 2357 1815 solum
2380 1760 2622 1830 vocibus,
2654 1764 2746 1820 sed
2769 1776 2825 1821 et
2848 1767 3056 1823 meritis
3077 1772 3465 1839 proclamémus

1810 1825 1859 1886 Β
1884 1846 1917 1903 ὁ
1946 1850 2104 1904 terris
2145 1868 2159 1903 :

1957 1942 2114 1996 Pater
2144 1951 2346 1999 noster.
2385 1944 2620 2002 Liberali
2648 1948 2677 2002 ii
2700 1951 2862 2006 malo.
2897 1956 2989 2022 fol.
3024 1953 3079 2008 2.

1956 2029 2268 2087 Benedictio.
2316 2034 2542 2092 Sanctus
2588 2038 2829 2095 Andréas
2877 2036 3189 2112 Apostolus,
3232 2047 3322 2115 qui
3365 2060 3461 2116 pro

1886 2121 2146 2177 cruciﬁxo
2193 2124 2462 2193 Domino,
2513 2143 2575 2182 ac
2626 2128 2991 2200 Redemptére
3039 2143 3224 2191 nostro
3276 2145 3360 2193 est
3410 2139 3461 2194 in

1881 2208 2054 2265 Cruce
2081 2211 2376 2281 suspensus
2406 2256 2419 2279 ,
2452 2229 2633 2272 coram
2682 2220 2797 2289 ipso
2820 2221 3046 2278 Domino
3074 2224 3286 2294 gratiae,
3333 2227 3462 2297 pro-

1881 2301 2037 2357 vidus
2083 2303 2236 2359 vobis
2278 2306 2474 2361 existat
2519 2322 2736 2379 semper
2779 2311 3081 2380 Patrenus;
3143 2317 3218 2386 ri).
3267 2320 3458 2374 Amen.

1880 2390 1949 2447 Et
2007 2394 2077 2449 ob
2139 2395 2292 2465 cujus
2361 2398 2733 2456 celebrandam
2805 2405 3218 2473 solemnitétem,
3289 2409 3463 2466 alacer

1878 2493 1963 2541 est
2007 2485 2169 2543 hodie
2214 2498 2394 2546 vester
2439 2492 2776 2561 eonvéutus,
2826 2497 2897 2551 sit
2944 2512 3041 2567 pro
3090 2499 3323 2568 peccatis
3367 2517 3460 2555 ve-

1877 2578 2002 2634 stris
2048 2590 2171 2635 ante
2217 2582 2381 2637 Deum
2433 2584 2758 2643 intercessor
2801 2589 3047 2645 assiduus
3095 2607 3109 2644 :
3150 2592 3225 2659 ti).
3255 2593 3453 2649 Amen.

1877 2672 1957 2726 Ac
1976 2672 2117 2727 sicut
2145 2673 2233 2729 hic
2255 2677 2487 2731 Sanctus
2529 2678 2725 2732 virtute
2756 2677 2924 2734 fretus
2955 2680 3161 2735 Dumini
3192 2684 3458 2751 cruciﬁxi,

1878 2777 1974 2831 per
2021 2764 2207 2821 Crucis
2258 2766 2535 2823 victoriam
2581 2769 2855 2825 diabolum
2891 2774 3191 2841 superavit;
3237 2775 3308 2829 ita
3364 2791 3461 2831 vos

1878 2869 1974 2923 per
2005 2856 2475 2912 mortiﬁcationem
2505 2858 2694 2915 Crucis
2724 2871 2913 2917 cuncta
2962 2864 3089 2918 vitia
3113 2867 3455 2923 conculcétis.

1891 2943 1929 3002 ἡ
1953 2984 1968 2999 .
1998 2945 2191 3002 Amen.

1947 3036 2071 3092 Per.

1946 3127 2152 3183 Lauda.
2176 3128 2371 3195 Statuit
2402 3132 2675 3188 deiuus.
2708 3136 2802 3205 fol.
2835 3152 2989 3192 cum.

1948 3217 2149 3273 Oratio.
2188 3218 2277 3273 Vir
2311 3221 2400 3275 Dei
2452 3221 2700 3280 Sanctus.
2750 3224 2814 3279 In
2874 3227 3109 3298 Vésperis
3159 3234 3450 3313 praecellit:-

1871 3310 2026 3365 tibus.

2140 3443 2480 3517 FESTA
2522 3448 3173 3551 DECEMBRIS.

2549 3563 2656 3617 DIE
2698 3564 2781 3619 IV.

1866 3689 1918 3728 IN
1974 3689 2139 3730 FESTO
2188 3689 2407 3731 ΒΔΝΒΤᾹΞ
2465 3693 2753 3745 ΒΑΒΒΔΒᾸΞ,
2795 3696 3020 3737 νιιισιΝιε
3061 3697 3126 3735 ΕΤ
3167 3697 3428 3736 ωλι-ηιξ

1941 3788 2127 3842 Omnia
2156 3790 2397 3843 dicantur
2448 3792 2600 3847 unius
2651 3793 2896 3864 Virginis,
2927 3796 3018 3863 fol.
3052 3811 3265 3863 custx,
3298 3800 3449 3852 exce-

1868 3879 1969 3941 ptis
1998 3878 2241 3949 ﬂymnis,
2273 3885 2339 3932 ad
2378 3880 2676 3949 Vésperum,
2700 3893 2747 3937 et
2791 3884 3127 3943 Matutinum.

2523 3973 2787 4045 Hymnus.

2219 4076 2253 4121 ι.
2292 4065 2488 4121 Christi
2518 4067 2740 4139 Martyr,
2766 4080 2821 4125 et
2854 4072 3053 4143 inclyta

2155 4154 2334 4224 Virgo,
2368 4157 2575 4210 sacrata
2604 4158 2859 4228 Barbara,

2145 4247 2310 4317 Cujus
2338 4263 2528 4318 pugna:
2550 4260 2676 4306 sunt
2697 4254 2911 4309 subdita

2145 4336 2308 4403 Caro,
2339 4337 2593 4408 mundus,
2626 4350 2680 4398 et
2711 4343 2940 4401 tartara!

2218 4428 2296 4483 Tu
2328 4430 2411 4484 lux
2440 4441 2560 4486 orta
2584 4433 2653 4488 de
2684 4434 2941 4504 tenebris,

2146 4523 2291 4579 Luce
2320 4524 2648 4593 perfundens
2669 4531 2947 4596 saeculum,

2143 4615 2424 4673 Abstracta
2477 4619 2559 4674 ab
2577 4620 2847 4679 illecebris

2142 4708 2367 4781 Frangis
2404 4712 2590 4769 salutis
2616 4717 2887 4773 aemulum.

2209 4802 2341 4858 una
2368 4802 2600 4860 fenestra
2634 4808 2829 4877 triplici

2140 4894 2312 4950 Ornas
2341 4897 2507 4965 patris
2534 4897 2812 4969 palatium,

2142 4984 2273 5065 Fide
2294 4985 2673 5049 demonstrans
2693 4992 2920 5065 simplici

2142 5064 2424 5134 Trinitatis
2459 5083 2792 5152 mysterium.

2211 5169 2315 5225 Das
2354 5174 2595 5230 naturam
2627 5178 3004 5249 marmoream,

2134 5259 2501 5321 Maledicéndo
2539 5268 2761 5337 rustico,

2139 5350 2237 5417 Qui
2268 5364 2501 5412 mentem
2538 5372 2731 5428 gerens
2758 5361 2999 5431 saxeam,

2134 5440 2273 5497 Nutu
2305 5451 2357 5499 te
2386 5446 2563 5515 prodit
2593 5448 2825 5517 publico.

2214 5535 2496 5592 Abscindit
2524 5547 2661 5594 nam
2685 5539 2928 5612 jugulum

2138 5624 2296 5681 Pater
2318 5625 2427 5681 fera
2450 5628 2719 5686 crudelior
2743 5674 2756 5697 ,

2138 5713 2241 5770 Sed
2271 5729 2365 5785 per
2393 5716 2613 5774 coaléste
2642 5721 2905 5790 spiculum

2138 5807 2277 5864 Mors
2304 5809 2475 5880 ipsum
2504 5811 2623 5871 ferit
2654 5828 2845 5872 εωνιοτ
