3984 6376
588 338 718 391 1267
1791 319 2158 378 BREVIABIU

2168 319 2211 373 Μ
2251 319 2620 379 (ἶΟΤΙΙΙΕυΜ.
3643 345 3741 400 ηδε

940 442 1221 518 [cccxxxv]
1250 443 1415 508 Patri,
1449 441 1601 506 Nato,
1633 439 1914 503 Paraclito,
2197 437 2241 492 Α
2939 458 3191 529 ηνηυηη,

871 539 1062 604 Decus,
1095 536 1282 601 honor,
1313 546 1364 591 et
1392 533 1560 604 gloria
1584 553 1593 585 :

869 629 1212 686 Sanctae-sint
1239 628 1397 698 hujus
1423 626 1614 682 mérito

874 723 1037 780 Nobis
1065 722 1264 778 aeterna
1288 720 1493 792 goudia.

941 817 1002 874 lu
1031 815 1234 872 cmlésti
1263 815 1490 884 collegio

870 909 1015 964 Nova
1045 908 1249 978 collega
1280 908 1496 974 colitur,

871 1001 926 1056 In
951 1000 1270 1057 Sanctdrum
1298 1000 1503 1055 rosario

871 1095 1122 1153 Novellus
1150 1097 1247 1152 ﬂos
1275 1096 1602 1166 prodocitur.

934 1189 1166 1246 Barbara
1194 1188 1388 1244 ﬂorens
1417 1188 1607 1259 gratia,

869 1281 1060 1335 Forma
1089 1280 1224 1334 facta
1254 1280 1557 1343 humilium,

863 1370 1008 1426 Laeta
1039 1372 1237 1441 potitur
1262 1371 1434 1441 gloria
1452 1413 1466 1435 ,

869 1466 1039 1522 Sortis
1062 1480 1283 1521 consors
1312 1465 1644 1522 sublimium.

935 1557 1084 1613 Metit
1110 1557 1178 1613 de
1206 1572 1392 1627 sparso
1423 1557 1628 1613 sémine

866 1648 1044 1705 Plena:
1073 1649 1265 1706 messis
1294 1649 1664 1719 manipulum,

864 1739 1080 1798 l‘allens
1107 1745 1290 1798 subter
1316 1742 1568 1812 tegimine

867 1833 1072 1888 Nostra:
1100 1833 1287 1889 salutis
1316 1835 1586 1894 aemulum

936 1924 1061 1980 Haec
1086 1925 1262 1980 carnis
1286 1926 1569 1994 supercilia

873 2015 1093 2087 Spiritui
1120 2016 1211 2072 dat
1237 2016 1448 2072 subdita
1475 2035 1484 2066 :

865 2109 1114 2165 Mundum
1146 2109 1293 2174 vicit,
1326 2117 1381 2164 et
1408 2109 1562 2170 vitia,

863 2202 930 2257 Se
961 2201 1095 2257 victa
1114 2243 1130 2269 ,
1162 2200 1348 2257 victrix
1376 2200 1590 2271 inclyta.

944 2292 1020 2349 De
1045 2293 1282 2350 ténebris
1315 2293 1543 2348 miseria:

875 2387 1142 2457 Sequaces
1166 2389 1335 2444 stellae
1363 2388 1595 2457 prieviae,

865 2481 1178 2549 Qumrﬁmus
1207 2481 1418 2536 Patrem
1445 2480 1659 2550 gratiae.

866 2572 1156 2628 Consortes
1188 2573 1403 2627 tandem
1433 2572 1635 2642 gloriae.

934 2664 1126 2718 Amen.

972 2755 1054 2809 Ad
1077 2753 1416 2820 Matutinum,
1451 2753 1705 2823 Hymnus.

939 2847 1121 2904 Gaude
1149 2856 1316 2902 mater
1346 2845 1610 2908 Ecclesia,

870 2939 1120 2996 Matérnis
1149 2939 1405 3008 plaudens
1436 2938 1734 3008 plausibus,

872 3033 971 3087 “ro
994 3031 1274 3088 benedicta
1302 3030 1410 3084 tilia

876 3123 1140 3192 "renuens
1170 3123 1226 3176 in
1255 3120 1349 3177 Dei
1375 3119 1636 3175 laudibus.

934 3214 1220 3269 Barbaram
1249 3213 1447 3268 Christi
1476 3211 1726 3266 famulam

867 3305 1166 3361 Laudemus
1193 3303 1532 3369 unanimiter,

871 3399 935 3452 Et
960 3398 1135 3452 crucis
1163 3396 1362 3452 Christi
1389 3395 1620 3466 bojulam

869 3488 1142 3543 lmitémur
1173 3485 1424 3542 feliciter.

938 3579 1205 3634 Christum
1236 3577 1449 3633 fatendo
1478 3575 1738 3646 siquidem

870 3671 1078 3726 Astruit
1105 3671 1285 3741 fidem,
1318 3670 1512 3726 clarius

873 3763 1182 3833 Discéptans
1207 3772 1391 3819 contra
1420 3761 1729 3833 praesidem,

872 3855 1044 3910 Vincit
1072 3854 1336 3911 torménta
1365 3853 1576 3909 fortihs.

943 3948 1227 4002 Patérnam
1257 3947 1450 4016 premit
1475 3944 1678 4000 rabiem

872 4039 1095 4095 Certatis
1123 4038 1178 4094 in
1201 4037 1400 4094 Christi
1431 4036 1668 4097 nomine.

871 4129 1124 4185 Hostilem
1155 4127 1353 4197 frangit
1378 4128 1547 4183 aciem

872 4220 1117 4277 Glorioso
1143 4219 1456 4276 certamine.

945 4315 1128 4371 Manus
1154 4314 1371 4384 patérna
1395 4312 1604 4383 jogulat

870 4391 1124 4471 Puellam,
1156 4416 1210 4462 et
1238 4404 1492 4461 continuo

876 4501 1020 4555 Perit
1048 4518 1058 4553 :
1087 4500 1299 4556 daemon
1326 4497 1565 4556 stimulat

873 4591 1195 4646 Parricidam
1226 4591 1338 4645 toni
1347 4599 1484 4644 truo.

955 4681 1061 4737 Nos
1092 4682 1145 4736 in
1173 4697 1359 4753 campo
1389 4680 1720 4747 certaminis,

881 4778 1089 4833 Sancta:
1116 4778 1352 4833 zelantes
1379 4777 1601 4847 gloriam
1620 4819 1634 4841 ,

880 4873 1053 4928 Divini
1077 4872 1237 4928 ductu
1264 4874 1512 4940 himinis,

881 4964 1185 5021 Tendamus
1206 4965 1270 5019 ad
1299 4962 1597 5020 victoriam.

956 5060 1175 5115 Prmetet
1204 5058 1305 5112 hoc
1333 5057 1527 5113 Sancta
1557 5056 1820 5120 Trinitas,

891 5151 1099 5205 Sanctae
1127 5146 1378 5202 Barbarae
1409 5146 1635 5210 meritis,

878 5246 958 5301 Ad
988 5252 1061 5310 te,
1090 5256 1298 5298 summa
1325 5241 1602 5307 Suavitas,

873 5325 1062 5398 'Rectis
1089 5355 1187 5396 nos
1208 5340 1406 5396 ducens
1437 5337 1668 5393 sc’mitis.

958 5433 1145 5486 Amen.

1263 5521 1375 5577 DIE
1415 5520 1504 5574 Vl.

2615 596 2779 651 Adest
2806 595 2920 653 dies
2949 598 3276 654 sanctissima

2554 684 2761 740 Virtute
2791 687 2943 742 sacra
2971 689 3271 757 splendida,

2541 778 2653 846 Qua
2684 778 2934 834 Nicotaus
2958 781 3174 836 sedibus

2553 869 2780 924 Locatur
2809 870 2860 924 in
2890 870 3195 926 coelestibus

2629 962 2715 1016 Sic
2746 977 2940 1031 parvus
2973 963 3147 1019 infans
3169 964 3412 1034 corpore;

2556 1054 2773 1122 Magnus
2804 1063 2978 1111 tamen
3012 1055 3108 1111 Dei
3139 1057 3276 1113 iidef

2552 1146 2772 1212 Quarta,
2803 1157 2857 1202 et
2885 1149 3035 1203 sexta
3067 1147 3196 1204 [ἐι-η
3213 1190 3228 1216 ,

2547 1238 2728 1293 Semel
2762 1239 2984 1309 sugébat
3011 1241 3196 1297 obera.

2628 1329 2833 1385 Virtute
2856 1331 3061 1401 fulgens
3092 1333 3285 1399 nobili,

2553 1421 2800 1491 Jejtiniis,
2835 1423 3029 1494 vigiliis

2558 1515 2816 1571 Domabat
2841 1529 3037 1586 corpus
3063 1516 3310 1587 juvenis;

2554 1606 2630 1662 Ne
2659 1606 2948 1663 fmdarétur
2977 1610 3136 1664 vitiis.

2625 1701 2714 1756 Sic
2739 1700 2938 1756 Praesul
2970 1700 3166 1757 Christi
3195 1703 3386 1759 nobilis

2555 1791 2655 1844 Pro
2683 1791 2958 1846 sanctitate
2990 1791 3163 1847 mériti
3184 1836 3199 1860 ,

2556 1881 2653 1947 Qui
2683 1881 2829 1936 illum
2857 1883 3206 1938 exornaverat

2559 1971 2807 2027 leéstis
2838 1973 2987 2043 regni
3015 1972 3205 2043 gloria.

2628 2065 2826 2120 Adésto
2857 2065 3056 2121 Praasul
3085 2066 3288 2138 inclyte
3303 2112 3316 2133 ,

2567 2158 2863 2228 Precésque
2893 2168 3104 2214 nostras
3131 2161 3374 2230 suscipe,

2555 2247 2803 2318 Olférque
2831 2264 3038 2303 summo
3069 2249 3290 2304 Przesuli
3308 2293 3320 2314 ,

2558 2341 2749 2396 Preces
2775 2341 2996 2396 devotas
3025 2343 3232 2413 populi.

2630 2434 2712 2491 Sit
2736 2435 2984 2491 Trinitati
3013 2437 3206 2508 gloria,

2556 2525 2777 2581 Etérna
2805 2525 2939 2594 laus,
2971 2536 3024 2583 et
3053 2527 3257 2599 inclyta

2558 2618 2668 2672 Deo
2694 2618 2836 2674 Patri
2855 2658 2869 2684 ,
2902 2628 2956 2674 et
2985 2617 3144 2687 Filio,

2555 2710 2622 2764 Et
2649 2709 2853 2765 ﬂamini
2881 2725 3000 2765 cum
3032 2710 3260 2780 Spiritu.

2629 2803 2819 2857 Amen.

2625 2957 2704 3010 Ad
2732 2956 3064 3025 Matutinum,
3096 2958 3358 3029 Hymnus.

2632 3107 2850 3164 Exoltet
2876 3109 2998 3163 aula
3029 3109 3223 3164 cmlica
3243 3150 3258 3174 ,

2556 3203 2789 3258 Laetetur
2816 3203 3000 3258 mundi
3030 3203 3282 3259 machina
3307 3247 3319 3269 ,

2561 3294 2698 3350 Dum
2728 3294 2893 3350 refert
2921 3295 3050 3351 solis
3079 3296 3260 3351 orbita

2557 3387 2761 3444 Nicolz'ii
2802 3388 3140 3444 memoriam.

2629 3479 2730 3547 Qui
2762 3479 2970 3550 vagitus
2999 3479 3251 3534 infantia:

2561 3569 2841 3627 Decorhvit
2864 3569 3109 3634 mirifice,

2558 3664 2700 3718 Dans
2725 3663 2981 3718 virtﬁtum
3012 3662 3313 3732 primordia

2556 3757 2698 3811 Inter
2724 3757 2876 3811 ortus
2905 3755 3228 3824 crepundia.

2632 3848 2851 3917 Quarta,
2876 3862 2995 3904 cum
3025 3857 3173 3903 sexta
3209 3849 3364 3912 fe'ria,

2559 3940 2734 3996 Semel
2758 3939 2980 4010 sugébat
3007 3939 3199 4006 libera,

2559 4029 2677 4085 Jam
2706 4028 2759 4084 in
2785 4030 2942 4084 aetola
2973 4030 3157 4085 tenera
3209 4079 3213 4082 .

2566 4119 2675 4176 Hac
2701 4133 2828 4175 usus
2854 4119 3200 4175 abstinentia.

2631 4208 2794 4280 Cujus
2826 4210 3006 4265 tumba
3034 4210 3144 4266 fert
3167 4211 3369 4278 oleum,

2561 4300 2757 4357 Matres
2786 4301 2940 4356 olivae
2970 4299 3222 4357 nésciunt
3251 4322 3262 4355 :

2569 4392 2720 4461 Quod
2747 4393 2934 4448 natura
2965 4407 3070 4448 nou
3104 4393 3328 4461 protulit
3349 4435 3362 4456 ,

2565 4484 2795 4538 Marmor
2817 4483 3055 4539 sudando
3082 4484 3331 4552 parturit.

2641 4571 2686 4628 Ο
2707 4571 3008 4628 venerande
3031 4571 3283 4628 Pontifex
3305 4575 3316 4624 ἓ

2567 4665 2716 4732 Pius,
2751 4678 2850 4719 nec
2879 4664 3060 4719 tardus
3091 4663 3276 4733 opifex

2563 4757 2804 4821 Cunctis,
2834 4756 2922 4825 qui
2950 4755 3114 4811 corde
3140 4755 3364 4810 crédulo

2564 4847 2644 4904 Te
2669 4856 2916 4916 quaerunt
2945 4847 3002 4901 in
3029 4847 3273 4917 periculo
3298 4864 3311 4898 :

2636 4935 2937 5009 [eccum]
2968 4938 3135 4994 Aufer
3160 4937 3358 4992 mentis
3385 4928 3652 5003 dispondia,

2563 5028 2760 5084 Confer
2785 5029 2908 5083 vitze
2936 5028 3232 5099 stipendia;

2577 5120 2644 5176 Ut
2674 5129 2794 5188 post
2821 5122 2995 5175 carnis
3018 5120 3205 5186 exilia,

2563 5211 2762 5267 Tecum
2791 5213 2962 5267 simus
2996 5213 3048 5266 in
3079 5212 3273 5283 gloria.

2642 5303 2842 5358 Przcsta
2874 5303 3031 5358 Pater
3057 5303 3295 5373 ingénite
3313 5342 3330 5366 ,

2566 5395 2717 5462 Jesu,
2748 5409 2870 5451 cum
2900 5409 3056 5450 sacro
3081 5393 3376 5457 Néumate;

2571 5483 2637 5542 Ut
2663 5486 2867 5542 Nicolai
2904 5486 3148 5556 précibus
3163 5526 3180 5551 ,

2565 5577 2698 5634 Coeli
2722 5576 3009 5646 iungamur
3037 5574 3266 5630 civibus.

870 5633 919 5671 IN
958 5630 1127 5671 rss'ro
1166 5630 1353 5671 SANC'I'I
1392 5629 1603 5669 NICOLAI
1646 5627 1899 5677 EPISCOPI,
2577 5627 2698 5634 --νη
2722 5627 2808 5646 σ-ει

917 5709 947 5723 ’⁵
992 5710 1006 5723 ’
1054 5717 1065 5723 ‘
1251 5707 1264 5723 ‘
1368 5707 1426 5723 "'
1732 5703 1923 5723 "w-m
2087 5706 2158 5723 ιμι
2643 5672 2808 5723 Amen

675 5706 860 5760 Omnia
896 5709 1132 5762 dicdntur
1173 5707 1326 5762 unius
1366 5705 1687 5774 Confeuon's
1724 5703 1997 5771 Pontiﬁcis
2024 5742 2038 5765 ,
2083 5706 2176 5773 fol.

604 5811 780 5863 cunt,
804 5800 1020 5870 exceptis
1040 5799 1253 5868 Hymnis
1278 5800 1343 5852 ad
1381 5798 1661 5862 i’ésperum
1683 5805 1727 5850 et
1746 5796 1811 5847 ad
1836 5793 2171 5850 Matutiuum.
