3984 6376
1179 338 1650 398 SANCTORALE.
1694 365 1764 380 -

864 458 976 514 DIE
1022 458 1107 515 lx.

447 566 499 606 IN
527 566 693 605 FESTO
723 563 933 607 SANCTzE
966 566 1238 608 ιεοεΑυιε
1278 567 1524 609 γιειαιιηιε.

776 645 857 699 Ad
892 644 1195 715 Vésperum.

273 734 474 791 Lauda.
542 734 953 792 Confessiouem
985 777 1002 803 ,
1077 746 1131 793 et
1202 737 1457 795 decorent
1534 734 1773 793 induisti.

207 828 370 884 Sono.
410 825 719 882 Coniitébor
764 826 859 882 tibi
907 827 1133 885 Domine
1179 830 1229 884 in
1276 838 1388 886 toto
1428 829 1588 886 corde
1633 844 1773 885 men.

204 919 327 975 Fol.
369 936 551 975 cutx.

267 1014 583 1085 Antiphona.
633 1011 941 1069 Coulitébor
988 1014 1079 1070 tibi
1108 1016 1331 1071 Domine
1374 1016 1424 1070 in
1467 1021 1578 1069 toto
1615 1013 1777 1069 corde

200 1120 322 1163 meo
354 1122 366 1159 :
399 1106 488 1177 qui
522 1100 785 1161 exa'udisti
813 1106 975 1162 verba
1003 1108 1113 1162 oris
1138 1108 1265 1163 mei.
1301 1106 1365 1160 P.
1401 1106 1460 1162 In
1490 1106 1775 1175 conspectu

197 1199 522 1269 Angeldrum
569 1198 790 1268 psallam
842 1198 974 1253 tibi:
1020 1202 1091 1268 ᾖ.
1126 1200 1266 1255 Deus
1317 1214 1466 1255 meus
1509 1214 1567 1255 es
1615 1208 1692 1265 tu,
1724 1210 1779 1256 et

196 1289 493 1346 confitebor
531 1289 622 1344 tibi
653 1306 666 1343 :
699 1289 838 1345 Deus
865 1304 1016 1345 meus
1042 1290 1292 1346 exaltilbo
1336 1300 1406 1345 te.
1458 1290 1526 1346 P.
1558 1290 1613 1345 lu
1642 1305 1781 1346 con-

195 1380 380 1451 spéctu
412 1381 736 1452 Angelorum
767 1383 990 1452 psallam
1022 1383 1135 1437 tibi.
1183 1384 1218 1452 Ῡ
1243 1420 1257 1436 .
1287 1382 1491 1447 Gloria,
1518 1391 1573 1439 et
1606 1384 1780 1439 honor

194 1473 361 1553 Patri.
395 1474 463 1530 P.
496 1474 554 1529 ln
583 1474 897 1542 conspectu.

266 1571 527 1627 Dominus
554 1571 624 1626 sit
648 1586 859 1643 semper
890 1573 1185 1628 vobiscum.
1243 1573 1279 1641 ἢ
1301 1613 1316 1627 .
1346 1573 1411 1627 Et
1438 1587 1560 1627 cum
1591 1573 1781 1643 spiritu

192 1676 304 1722 tuo.

262 1757 582 1827 Antiphona.
611 1757 802 1813 Exolta
831 1759 962 1815 satis
986 1760 1091 1815 filia
1113 1760 1264 1825 Sion,
1287 1760 1456 1830 jobila
1486 1769 1539 1815 tu
1572 1760 1734 1817 Israél
1759 1780 1771 1814 :

193 1848 258 1904 P.
309 1848 448 1903 Ecce
488 1847 600 1902 Rex
649 1856 768 1904 tuus
818 1851 964 1906 venit
1012 1852 1105 1906 tibi
1150 1851 1365 1922 justus,
1418 1861 1471 1907 et
1518 1851 1770 1908 salvhtor.

206 1940 234 2007 φ
269 1980 284 1993 .
313 1936 613 2005 Confessio,
640 1949 695 1995 et
719 1940 1109 2011 magnificentia
1139 1957 1274 2012 opus
1301 1942 1417 2013 ejus
1445 1960 1455 1995 :
1491 1952 1544 1997 ct
1568 1941 1775 2013 justitia

190 2033 311 2099 ejus
339 2041 525 2089 manet
571 2033 625 2089 in
671 2034 920 2089 saeculum
950 2034 1153 2089 saeculi.
1210 2033 1277 2090 P.
1312 2033 1452 2090 Ecce
1476 2035 1591 2089 Rex
1634 2043 1773 2089 tuus.

205 2123 238 2189 ᾗ
262 2163 276 2175 .
316 2122 517 2190 Gltiria,
552 2132 606 2179 et
638 2123 811 2179 honor
841 2124 1003 2180 Patri.
1036 2123 1103 2179 P.
1134 2126 1270 2181 Ecce
1292 2125 1405 2182 Rex
1439 2135 1582 2182 tuus.

258 2212 523 2270 Dominus
553 2214 620 2268 sit
649 2228 879 2283 semper.
922 2217 959 2285 ti)
981 2253 997 2270 .
1029 2216 1092 2270 Et
1121 2232 1266 2271 cum.

257 2302 473 2359 Lauda.
506 2304 814 2363 Coufilébor
858 2308 947 2362 tibi
984 2306 1205 2364 Domine
1256 2325 1370 2364 rex.
1404 2309 1646 2363 Alleloia.
1679 2310 1771 2377 fol.

187 2413 370 2454 ειιις.

230 2489 467 2544 Δ[Λυκία.
544 2486 849 2547 Conﬁtebor
895 2491 1122 2547 Domino
1168 2492 1434 2558 Alleluia,
1482 2493 1773 2548 secondum

185 2578 455 2647 justitiam
501 2581 636 2651 ejus.
707 2582 951 2636 Alleluia.
1004 2581 1071 2636 P.
1114 2582 1181 2637 Et
1228 2583 1472 2652 psallam.
1523 2582 1771 2639 Alleluia.

200 2671 235 2738 γ
260 2709 276 2724 ,
316 2671 561 2726 Laetabor
598 2679 653 2727 et
688 2673 936 2729 exultabo
980 2673 1031 2728 iu
1073 2682 1125 2730 te
1159 2693 1169 2728 :
1203 2684 1256 2729 et
1297 2676 1521 2744 psallam
1572 2674 1772 2732 nomini

189 2770 282 2815 tuo
312 2762 609 2819 Altissime.
662 2762 728 2818 P.
762 2765 825 2819 Et
855 2766 1097 2835 psallam.
1162 2767 1198 2836 y
1222 2807 1235 2819 .
1263 2766 1465 2831 Gloria,
1506 2775 1562 2823 et
1606 2767 1775 2822 honor

192 2850 362 2922 Patri,
391 2861 448 2909 et
474 2852 628 2910 Filio.
668 2853 737 2909 P.
766 2855 830 2911 Et
855 2857 1098 2926 psallam.
1124 2874 1139 2923 ι

854 2950 1109 3020 Hymnus.

550 3037 908 3095 Sanctissimae
934 3040 1209 3096 Leocadiae

480 3128 732 3185 Solémne
758 3129 950 3187 festum
980 3132 1196 3202 prodiit,

479 3219 597 3287 Quo
628 3236 764 3275 vana
793 3232 951 3277 terra:
981 3223 1265 3292 déspuens,

477 3310 559 3364 Ad
592 3309 769 3381 Regna
802 3312 922 3367 cwli
955 3312 1179 3368 transiit.

548 3401 747 3456 Omnes
775 3402 954 3459 venite
981 3403 1279 3473 sﬁpplices;

473 3493 660 3549 Cordis
690 3496 898 3550 reatum
927 3495 1139 3566 pandite
1166 3516 1177 3551 ε

475 3586 765 3643 Gaudéndo
795 3598 917 3643 vota
946 3588 1163 3658 solvite,

472 3677 693 3749 Deoque
718 3689 892 3748 grates
919 3679 1146 3737 reddite.

548 3770 673 3825 Htec
704 3786 934 3841 namque
966 3772 1125 3842 Virgo
1152 3772 1366 3841 nobilis,

476 3860 672 3915 Exorta
700 3863 844 3917 claro
872 3861 1133 3933 gérmine,

470 3950 725 4007 Confossa
748 3950 1019 4009 Christum
1052 3955 1285 4024 fortiter,

474 4041 667 4098 Pmnas
698 4043 925 4097 libénter
950 4044 1188 4114 pertulit.

538 4132 791 4202 Corrépta
820 4135 969 4203 jussu
994 4135 1262 4203 Prtesidis,

472 4233 656 4289 Vaccis
686 4233 877 4303 ligatur
899 4235 1120 4301 ferreis;

467 4324 558 4390 Ut,
586 4325 918 4380 vinculdrum
947 4325 1182 4397 pondere

464 4416 623 4474 Fides
653 4417 841 4488 puella:
869 4418 1106 4477 céderet.

539 4508 650 4562 Illic
681 4524 775 4579 per
805 4510 1182 4566 abstinéutiam

465 4599 679 4655 Christo
708 4600 919 4670 placere
946 4603 1211 4674 cogitans,

463 4690 702 4745 Laudum
733 4692 981 4761 rependit
1008 4694 1228 4763 gratias,

473 4779 802 4850 Precﬁmque
829 4782 999 4837 defert
1031 4782 1299 4840 victimas.

532 4871 640 4927 Sed
670 4887 792 4927 mox
820 4873 988 4929 beata:
1016 4874 1242 4930 Eulalia:

462 4963 686 5018 Mortem
716 4966 982 5019 sacratam
1011 4966 1305 5036 comperit:

466 5053 524 5107 In
551 5054 805 5110 carcerali
828 5056 1042 5112 vinculo

460 5142 612 5201 leo
638 5146 837 5202 refudit
866 5148 1134 5218 spiritum.

527 5236 680 5292 Nunc
708 5237 869 5308 Virgo
898 5250 1100 5308 sancta,
1125 5257 1453 5314 quaesumus,

459 5326 527 5382 Et
553 5328 934 5400 la'chrymimdo
964 5331 1232 5401 poscimus
1256 5351 1270 5401 ;

462 5415 531 5472 Ut
559 5417 747 5486 probra
784 5428 961 5475 nostra
993 5421 1185 5489 diluas,

463 5505 531 5559 Et
558 5514 678 5562 vota
707 5507 924 5564 Christo
953 5510 1187 5567 dc’feras.

527 5596 606 5651 Tu
638 5607 817 5653 nostra
849 5600 993 5655 Civis
1019 5601 1236 5674 inclyta,

458 5687 537 5743 Tu
561 5703 622 5745 es
654 5690 879 5746 Patrtina
912 5693 1154 5765 vernula,

459 5768 716 5837 Ab'urhis
749 5782 903 5854 huius
934 5784 1164 5841 término

207 341 337 398 1369

1806 335 2026 395 FESTA
2068 340 2472 403 DECEMBRIS.

1803 456 1853 516 Α

3311 350 3446 405 1270

2158 462 2344 519 Procul
2377 464 2572 535 repolle
2606 467 2838 522 taedium.

2233 556 2347 611 Non
2378 557 2544 613 hostis
2573 557 2660 614 hic
2690 560 2995 628 przevaleat,

2159 646 2274 702 Non
2301 649 2519 704 morbus
2546 659 2635 704 aut
2661 651 2879 718 penoria
2906 669 2919 705 :

2161 740 2391 797 Recédat
2416 756 2574 799 omne
2604 742 2845 810 noxium,

2168 834 2235 888 Et
2263 833 2569 891 conferatur
2594 834 2954 893 commodum.

2231 924 2321 980 Sic
2349 925 2451 980 vita
2483 927 2640 982 rebus
2668 926 2869 993 aflluat,

2164 1014 2241 1071 Ne
2270 1016 2428 1072 corda
2460 1017 2586 1071 luxu
2616 1016 2900 1085 sordeam;

2165 1107 2485 1180 Cunctisque
2517 1119 2734 1181 propter
2763 1110 2985 1166 crimina

2167 1198 2402 1255 Donétur
2432 1200 2781 1271 indulgentia.

2237 1291 2344 1347 Deo
2372 1294 2623 1363 pere’nnis
2652 1294 2842 1366 gloria,

2164 1382 2228 1436 Et
2256 1383 2541 1453 gratiarum
2573 1384 2746 1457 copia,

2164 1473 2261 1539 Qui
2292 1484 2480 1530 cuncta
2509 1477 2670 1532 volvit
2698 1477 2955 1547 tempora,

2162 1564 2228 1620 Et
2256 1576 2439 1636 regnat
2467 1576 2589 1624 ante
2617 1570 2833 1625 saecula.

2240 1661 2429 1714 Amen.

1957 1770 2305 1844 Supplicdtio.
2348 1774 2573 1829 Oremus
2607 1774 3019 1845 Redemptérem
3065 1779 3245 1832 mundi
3279 1776 3458 1835 Donu-

1881 1882 2006 1920 num
2036 1877 2298 1931 nostrum,
2330 1869 2526 1922 muttito
2555 1869 2780 1936 nomine,
2814 1870 2907 1940 fol.
2934 1884 3203 1925 caxxxvn.

1947 1956 2205 2029 Capitula.
2254 1958 2480 2014 Domine
2530 1958 2657 2015 Jesu
2705 1959 2941 2025 Christe,
2992 1963 3080 2031 qui
3130 1977 3187 2017 es
3232 1976 3459 2031 sponsus

1882 2047 2177 2118 Virginum,
2210 2059 2262 2104 et
2289 2051 2512 2106 munere
2538 2051 2743 2107 cmlésti
2775 2054 3143 2109 remunerator
3172 2053 3455 2110 Confesso-

1879 2154 1994 2191 rum
2025 2152 2039 2190 :
2072 2139 2159 2208 qui
2200 2150 2438 2195 sanctam
2466 2139 2806 2207 Leocadiam,
2855 2150 2907 2198 et
2956 2142 3267 2213 permanére
3297 2143 3461 2214 virgi-

1880 2245 2000 2284 nem
2048 2242 2290 2298 praestas,
2323 2241 2375 2287 et
2404 2232 2766 2288 confessorem
2814 2234 3115 2306 gloriﬁcas;
3148 2244 3199 2291 te
3224 2236 3458 2291 acclives

1880 2323 2158 2390 rogamus;
2207 2332 2263 2378 ut
2316 2323 2617 2379 interventu
2668 2325 2804 2395 ejus,
2838 2325 2977 2382 sicut
3017 2327 3107 2381 illa
3154 2328 3458 2383 confitendo

1878 2414 2096 2467 caeleste
2134 2414 2424 2483 promeruit
2466 2430 2708 2487 regnum,
2743 2418 2809 2472 ita
2846 2432 2943 2473 nos
2971 2419 3284 2490 perp'tuum
3333 2430 3458 2476 eva-

1877 2504 2064 2560 démns
2093 2507 2429 2577 supplicium.

1949 2597 2106 2651 Pater
2130 2608 2329 2653 noster.
2361 2598 2591 2653 Liberali
2631 2599 2661 2652 ἐι
2690 2599 2851 2654 malo.
2884 2601 2984 2669 fol.
3009 2601 3064 2655 2.

1946 2685 2259 2745 Benedictio.
2309 2687 2557 2743 Christus
2599 2688 2892 2757 Dominus,
2952 2694 3042 2764 qui
3095 2694 3456 2753 beatissimam

1879 2778 2194 2833 Leocadiam
2225 2794 2283 2835 se
2313 2780 2472 2849 digne
2507 2780 2751 2837 confiteri
2781 2796 2961 2838 coram
2995 2782 3301 2841 hominibus
3333 2788 3459 2843 fecit

1877 2869 1928 2923 in
1962 2870 2138 2934 terris,
2166 2870 2485 2925 confiteatur
2510 2886 2603 2926 vos
2632 2887 2811 2928 coram
2839 2874 2997 2930 Patre
3028 2892 3145 2943 suo,
3171 2881 3260 2948 qui
3292 2890 3376 2935 est
3405 2882 3457 2935 in

1876 2961 2026 3018 cmlis
2074 2980 2089 3016 :
2156 2963 2446 3030 ri.Ameu.
2494 2964 2560 3019 Et
2599 2966 2689 3036 qui
2720 2966 3065 3041 [cccxxxvn]
3114 2973 3166 3027 in
3212 2989 3305 3030 ore
3341 2976 3458 3044 ejus

1875 3054 2089 3123 accepta
2119 3056 2217 3111 sibi
2245 3055 2596 3112 confessionis
2624 3058 2851 3115 contulit
2877 3063 3107 3131 cantica,
3135 3066 3250 3135 ipse
3296 3068 3458 3125 dero-

1797 3178 1844 3237 c
1878 3147 2078 3203 titinem
2106 3157 2336 3203 vestram
2369 3151 2816 3208 remunerandam
2846 3155 3136 3225 suscipiat;
3160 3158 3194 3225 ιῆ
3220 3200 3232 3211 .
3256 3157 3451 3216 Amen.

1879 3235 1948 3293 Ut
1990 3236 2240 3309 exemplo
2268 3238 2437 3295 beata:
2461 3241 2683 3310 virginis
2711 3242 3006 3313 Leucadiae,
3052 3248 3357 3305 conﬁtendo
3403 3260 3456 3307 et

1873 3329 2140 3386 laudando
2169 3344 2362 3386 nomen
2393 3330 2517 3387 Jesu
2550 3334 2747 3389 Christi
2797 3335 2849 3392 in
2897 3338 3116 3404 saeculo,
3168 3342 3452 3412 participes

1871 3420 2009 3491 ejus,
2040 3436 2200 3493 quem
2230 3420 2461 3478 conféssi
2491 3423 2639 3489 estis,
2676 3426 2990 3483 mereamini
3036 3444 3156 3485 esse
3204 3430 3256 3486 in
3284 3434 3451 3500 caelo;

1887 3515 1923 3583 ti)
1947 3552 1961 3567 .
1993 3514 2186 3572 Amen.
2220 3516 2319 3585 Qui
2344 3518 2395 3572 in
2420 3517 2682 3575 Trinitate
2708 3520 2984 3592 pe’rmanet
3006 3524 3145 3581 Deus
3174 3526 3227 3582 in
3259 3528 3451 3584 secula

1870 3604 2210 3661 saeculorum.
2242 3607 2432 3663 Amen.

1949 3718 2554 3779 Lauda.Germinzibunt
2582 3739 2704 3783 ossa
2732 3736 2822 3783 tua
2846 3730 2995 3799 quasi
3018 3730 3211 3791 salices
3229 3731 3452 3787 Alleluia

1871 3809 1937 3867 Ρ.
1968 3811 2121 3868 Juxta
2149 3812 2374 3871 ﬂuentes
2400 3831 2585 3888 aquas.
2609 3819 2858 3887 Alleluia,
2881 3821 3116 3878 alleluia.
3155 3824 3189 3890 Ῡ
3214 3863 3227 3876 .
3258 3823 3325 3877 Et
3350 3823 3453 3879 erit

1869 3910 2118 3974 tanquam
2145 3904 2368 3976 lignum,
2400 3908 2539 3980 quod
2558 3911 2851 3980 plantAtum
2878 3922 2962 3969 est
3006 3915 3163 3970 secus
3192 3914 3451 3971 decursus

1867 3996 2147 4067 aquarum,
2173 4001 2314 4070 quod
2342 4000 2572 4059 fructum
2603 4019 2759 4061 suum
2787 4006 2939 4062 dabit
2976 4008 3028 4062 iu
3056 4008 3297 4077 témpore
3325 4023 3443 4064 suo.

1870 4087 1939 4142 P.
1963 4088 2140 4145 Juxta.
2189 4093 2224 4161 ᾗ
2250 4133 2262 4147 .
2288 4092 2493 4158 Gloria,
2518 4106 2574 4151 et
2596 4097 2788 4154 honor.
2815 4098 2885 4153 P.
2913 4100 3090 4157 Juxta.

1941 4180 2143 4236 Oratio.
2178 4182 2426 4252 Domine,
2451 4187 2541 4255 qui
2563 4202 2621 4243 es
2676 4204 2919 4258 magnus,
2952 4201 3008 4247 et
3060 4194 3351 4263 gloridsus,
3383 4195 3449 4249 da

1869 4271 2023 4330 nobis
2046 4274 2398 4345 famulismis,
2429 4287 2506 4347 ut,
2529 4279 2655 4335 dum
2686 4281 2910 4351 operum
2936 4284 3146 4339 tuorum
3175 4288 3446 4356 magnitu-

1867 4365 2047 4422 dinem
2069 4367 2416 4441 admiramur,
2448 4373 2900 4444 magnificentiam
2940 4386 3081 4433 tuam
3121 4378 3298 4435 debita
3319 4395 3448 4435 con-

1870 4459 2100 4516 fessione
2126 4461 2396 4519 laudemus
2421 4483 2435 4532 ;
2466 4474 2625 4536 atque
2648 4467 3032 4526 iutercessidne
3065 4470 3316 4542 gloriosa
3344 4474 3451 4529 vir-

1793 4536 1848 4599 D
1874 4552 2010 4619 ginis
2031 4562 2085 4609 et
2108 4554 2433 4614 confessoris
2460 4568 2561 4613 tum
2602 4559 2882 4618 Leocadia:
2913 4536 3092 4621 tribue
3116 4566 3291 4631 nobis,
3325 4584 3445 4638 per-

1874 4641 2070 4699 fectum
2102 4646 2467 4718 intelligéulice
2492 4650 2654 4707 decus
2686 4652 2897 4709 timdris
2928 4655 3231 4714 obedientia
3264 4658 3447 4730 agere,

1870 4743 1923 4790 ct
1946 4736 2192 4791 mandata
2216 4748 2303 4793 tua
2326 4740 2499 4797 fidelia
2518 4743 2658 4797 omni
2685 4744 2929 4801 custodia
2951 4748 3136 4805 cordis
3161 4749 3448 4827 diligéuter

1868 4826 2107 4894 explere.
2150 4828 2186 4895 ti)
2211 4868 2223 4882 .
2256 4831 2448 4885 Amen.

1937 4940 2040 4995 Per
2067 4942 2665 5005 misericordiamvtuam
2697 4949 2837 5006 Deus
2862 4966 3066 5021 uoster,
3101 4967 3206 5010 etc.

1936 5032 2016 5085 Ad
2069 5033 2408 5091 Matutimtm.
2458 5037 2775 5109 Antiphona.
2824 5042 3083 5100 Laudhbit
3116 5047 3292 5116 lingua
3324 5063 3438 5103 mea

1866 5120 2094 5189 justitias
2125 5134 2239 5180 tuas
2263 5125 2401 5181 Deus
2426 5142 2599 5185 meus.
2633 5128 2872 5187 Psalmus
2896 5151 2943 5190 ι..

1940 5236 2139 5293 Oratio.
2162 5242 2363 5298 Laudet
2393 5253 2463 5311 te,
2486 5244 2730 5315 Domine,
2749 5248 2920 5319 lingua
2944 5260 3142 5306 nostra.
3160 5254 3253 5325 fol.
3278 5269 3436 5310 cur.

1933 5331 2247 5402 Antipliona.
2272 5334 2407 5392 Filia
2427 5338 2578 5406 Sion,
2602 5342 2875 5413 egodiléxi
2899 5353 2971 5410 te,
2996 5344 3125 5401 dicit
3152 5345 3432 5413 Dominus.

1864 5417 1931 5473 Ρ.
1965 5420 2033 5476 Et
2062 5422 2422 5483 misericordia
2452 5444 2573 5486 mea
2624 5447 2728 5487 non
2758 5434 2973 5491 recédet
3004 5436 3031 5491 a
3068 5444 3139 5492 te.
3190 5440 3224 5508 Ῡ
3250 5480 3263 5494 .
3297 5440 3435 5497 Audi

1865 5512 1994 5579 filia,
2027 5523 2083 5570 et
2109 5516 2251 5582 vide,
2282 5519 2547 5576 etinclina
2568 5536 2751 5578 aurem
2799 5533 2940 5581 tuam
2967 5545 2981 5581 :
3011 5537 3067 5583 et
3119 5530 3433 5588 obliviscere

1861 5606 2112 5675 populum
2144 5619 2311 5680 tuum,
2338 5621 2394 5668 et
2417 5613 2630 5670 domum
2662 5618 2831 5686 patris
2861 5619 2961 5676 tui.
2993 5618 3062 5674 P.
3109 5621 3177 5675 Et
3222 5624 3432 5679 miseri-

1860 5697 2042 5754 cordia
2064 5715 2203 5756 mea.
2254 5703 2285 5771 ir
2313 5741 2327 5758 .
2351 5701 2554 5775 Gloria,
2590 5714 2645 5763 et
2676 5707 2846 5765 honor
2874 5709 3037 5778 Patri,
3070 5721 3123 5767 et
3172 5709 3326 5770 Filio.
3364 5705 3429 5768 P'

1863 5792 1925 5846 Et
1948 5792 2334 5851 misericordia.
