  <div class='ocr_page' id='page_1' title='image "/cluster/home/n/w/nwhite01/storage/ocr_20150623/86/hvd.32044015469463/639.png"; bbox 0 0 3984 6376; ppageno 0'>
   <div class='ocr_carea' id='block_1_1' title="bbox 573 346 700 400">
    <p class='ocr_par' dir='ltr' id='par_1_1' title="bbox 573 346 700 400">
     <span class='ocr_line' id='line_1_1' title="bbox 573 346 700 400; baseline 0.008 -1"><span class='ocrx_word' id='word_1_1' title='bbox 573 346 700 400; x_wconf 70' lang='grc'><strong>1271</strong></span> 
     </span>
    </p>
   </div>
   <div class='ocr_carea' id='block_1_2' title="bbox 568 553 2132 624">
    <p class='ocr_par' dir='ltr' id='par_1_2' title="bbox 568 553 2132 624">
     <span class='ocr_line' id='line_1_2' title="bbox 568 553 2132 624; baseline 0.004 -21"><span class='ocrx_word' id='word_1_2' title='bbox 568 553 796 621; x_wconf 75' lang='lat' dir='ltr'><strong>gioriésa</strong></span> <span class='ocrx_word' id='word_1_3' title='bbox 818 554 1085 619; x_wconf 81' lang='lat' dir='ltr'><strong>consistis,</strong></span> <span class='ocrx_word' id='word_1_4' title='bbox 1109 570 1265 624; x_wconf 86' lang='lat' dir='ltr'><strong>quam</strong></span> <span class='ocrx_word' id='word_1_5' title='bbox 1285 555 1428 608; x_wconf 86' lang='lat' dir='ltr'><strong>Deus</strong></span> <span class='ocrx_word' id='word_1_6' title='bbox 1461 556 1571 623; x_wconf 86' lang='lat' dir='ltr'><strong>ipse</strong></span> <span class='ocrx_word' id='word_1_7' title='bbox 1598 554 1851 609; x_wconf 79' lang='lat' dir='ltr'><strong>dilexisse</strong></span> <span class='ocrx_word' id='word_1_8' title='bbox 1883 556 2132 622; x_wconf 73' lang='lat' dir='ltr'><strong>testatur,</strong></span> 
     </span>
    </p>
   </div>
   <div class='ocr_carea' id='block_1_3' title="bbox 568 646 2138 717">
    <p class='ocr_par' dir='ltr' id='par_1_3' title="bbox 568 646 2138 717">
     <span class='ocr_line' id='line_1_3' title="bbox 568 646 2138 717; baseline 0.003 -19"><span class='ocrx_word' id='word_1_9' title='bbox 568 662 631 698; x_wconf 75' lang='lat' dir='ltr'><strong>ex</strong></span> <span class='ocrx_word' id='word_1_10' title='bbox 660 660 765 713; x_wconf 90' lang='lat' dir='ltr'><strong>quo</strong></span> <span class='ocrx_word' id='word_1_11' title='bbox 795 646 886 700; x_wconf 93' lang='lat' dir='ltr'><strong>tihi</strong></span> <span class='ocrx_word' id='word_1_12' title='bbox 917 662 1021 700; x_wconf 94' lang='lat' dir='ltr'><strong>non</strong></span> <span class='ocrx_word' id='word_1_13' title='bbox 1054 650 1380 703; x_wconf 81' lang='lat' dir='ltr'><strong>recessuram</strong></span> <span class='ocrx_word' id='word_1_14' title='bbox 1405 647 1541 701; x_wconf 75' lang='lat' dir='ltr'><strong>ultra</strong></span> <span class='ocrx_word' id='word_1_15' title='bbox 1579 646 2003 702; x_wconf 70' lang='lat' dir='ltr'><strong>misericbrdiam</strong></span> <span class='ocrx_word' id='word_1_16' title='bbox 2033 648 2138 717; x_wconf 87' lang='lat' dir='ltr'><strong>pol-</strong></span> 
     </span>
    </p>
   </div>
   <div class='ocr_carea' id='block_1_4' title="bbox 571 738 2135 805">
    <p class='ocr_par' dir='ltr' id='par_1_4' title="bbox 571 738 2135 805">
     <span class='ocr_line' id='line_1_4' title="bbox 571 738 2135 805; baseline 0.004 -14"><span class='ocrx_word' id='word_1_17' title='bbox 571 738 801 793; x_wconf 77' lang='lat' dir='ltr'><strong>licetur:</strong></span> <span class='ocrx_word' id='word_1_18' title='bbox 833 738 897 793; x_wconf 80' lang='lat' dir='ltr'><strong>da</strong></span> <span class='ocrx_word' id='word_1_19' title='bbox 955 739 1106 794; x_wconf 88' lang='lat' dir='ltr'><strong>nobis</strong></span> <span class='ocrx_word' id='word_1_20' title='bbox 1161 739 1384 795; x_wconf 77' lang='lat' dir='ltr'><strong>Dumiue</strong></span> <span class='ocrx_word' id='word_1_21' title='bbox 1431 741 1638 796; x_wconf 88' lang='lat' dir='ltr'><strong>méritis</strong></span> <span class='ocrx_word' id='word_1_22' title='bbox 1666 742 1796 805; x_wconf 86' lang='lat' dir='ltr'><strong>suis,</strong></span> <span class='ocrx_word' id='word_1_23' title='bbox 1844 750 1902 795; x_wconf 87' lang='lat' dir='ltr'><strong>ut.</strong></span> <span class='ocrx_word' id='word_1_24' title='bbox 1953 743 2135 797; x_wconf 66' lang='lat' dir='ltr'><strong>amere</strong></span> 
     </span>
    </p>
   </div>
   <div class='ocr_carea' id='block_1_5' title="bbox 568 830 2137 901">
    <p class='ocr_par' dir='ltr' id='par_1_5' title="bbox 568 830 2137 901">
     <span class='ocr_line' id='line_1_5' title="bbox 568 830 2137 901; baseline 0.001 -18"><span class='ocrx_word' id='word_1_25' title='bbox 568 830 746 885; x_wconf 87' lang='lat' dir='ltr'><strong>divino</strong></span> <span class='ocrx_word' id='word_1_26' title='bbox 770 830 1087 901; x_wconf 74' lang='lat' dir='ltr'><strong>ﬂagrantes,</strong></span> <span class='ocrx_word' id='word_1_27' title='bbox 1116 832 1167 886; x_wconf 91' lang='lat' dir='ltr'><strong>in</strong></span> <span class='ocrx_word' id='word_1_28' title='bbox 1220 831 1394 886; x_wconf 81' lang='lat' dir='ltr'><strong>futuro</strong></span> <span class='ocrx_word' id='word_1_29' title='bbox 1419 831 1620 901; x_wconf 91' lang='lat' dir='ltr'><strong>judicio</strong></span> <span class='ocrx_word' id='word_1_30' title='bbox 1669 833 2008 888; x_wconf 72' lang='lat' dir='ltr'><strong>inveniamur</strong></span> <span class='ocrx_word' id='word_1_31' title='bbox 2058 834 2137 885; x_wconf 88' lang='lat' dir='ltr'><strong>in-</strong></span> 
     </span>
    </p>
   </div>
   <div class='ocr_carea' id='block_1_6' title="bbox 567 924 1144 992">
    <p class='ocr_par' dir='ltr' id='par_1_6' title="bbox 567 924 1144 992">
     <span class='ocr_line' id='line_1_6' title="bbox 567 924 1144 992; baseline 0 -15"><span class='ocrx_word' id='word_1_32' title='bbox 567 924 805 979; x_wconf 79' lang='lat' dir='ltr'><strong>démnes.</strong></span> <span class='ocrx_word' id='word_1_33' title='bbox 845 926 879 992; x_wconf 76' lang='grc' dir='ltr'><strong>ιῖ,</strong></span> <span class='ocrx_word' id='word_1_34' title='bbox 906 966 918 979; x_wconf 94' lang='grc'><strong><em>.</em></strong></span> <span class='ocrx_word' id='word_1_35' title='bbox 954 928 1144 979; x_wconf 82' lang='lat' dir='ltr'><strong>Amen.</strong></span> 
     </span>
    </p>
   </div>
   <div class='ocr_carea' id='block_1_7' title="bbox 640 1013 1393 1069">
    <p class='ocr_par' dir='ltr' id='par_1_7' title="bbox 640 1013 1393 1069">
     <span class='ocr_line' id='line_1_7' title="bbox 640 1013 1393 1069; baseline 0.003 -2"><span class='ocrx_word' id='word_1_36' title='bbox 640 1013 740 1068; x_wconf 83' lang='lat' dir='ltr'><strong>Per</strong></span> <span class='ocrx_word' id='word_1_37' title='bbox 772 1014 1195 1069; x_wconf 64' lang='lat' dir='ltr'><strong>misericérdiam</strong></span> <span class='ocrx_word' id='word_1_38' title='bbox 1227 1024 1393 1069; x_wconf 84' lang='lat' dir='ltr'><strong>tuam.</strong></span> 
     </span>
    </p>
   </div>
   <div class='ocr_carea' id='block_1_8' title="bbox 639 1107 2137 1180">
    <p class='ocr_par' dir='ltr' id='par_1_8' title="bbox 639 1107 2137 1180">
     <span class='ocr_line' id='line_1_8' title="bbox 639 1107 2137 1180; baseline 0.003 -21"><span class='ocrx_word' id='word_1_39' title='bbox 639 1107 947 1176; x_wconf 73' lang='lat' dir='ltr'><strong>Antiphone.</strong></span> <span class='ocrx_word' id='word_1_40' title='bbox 984 1108 1183 1162; x_wconf 71' lang='lat' dir='ltr'><strong>Lmtare</strong></span> <span class='ocrx_word' id='word_1_41' title='bbox 1212 1108 1314 1162; x_wconf 84' lang='lat' dir='ltr'><strong>lilia</strong></span> <span class='ocrx_word' id='word_1_42' title='bbox 1340 1110 1489 1175; x_wconf 87' lang='lat' dir='ltr'><strong>Sion,</strong></span> <span class='ocrx_word' id='word_1_43' title='bbox 1520 1110 1640 1179; x_wconf 87' lang='lat' dir='ltr'><strong>quia</strong></span> <span class='ocrx_word' id='word_1_44' title='bbox 1686 1110 1937 1180; x_wconf 81' lang='lat' dir='ltr'><strong>gaudebit</strong></span> <span class='ocrx_word' id='word_1_45' title='bbox 1970 1126 2137 1179; x_wconf 81' lang='lat' dir='ltr'><strong>super</strong></span> 
     </span>
    </p>
   </div>
   <div class='ocr_carea' id='block_1_9' title="bbox 572 1199 2129 1264">
    <p class='ocr_par' dir='ltr' id='par_1_9' title="bbox 572 1199 2129 1264">
     <span class='ocr_line' id='line_1_9' title="bbox 572 1199 2129 1264; baseline 0.001 -12"><span class='ocrx_word' id='word_1_46' title='bbox 572 1211 622 1253; x_wconf 90' lang='lat' dir='ltr'><strong>te</strong></span> <span class='ocrx_word' id='word_1_47' title='bbox 652 1199 791 1255; x_wconf 90' lang='lat' dir='ltr'><strong>Deus</strong></span> <span class='ocrx_word' id='word_1_48' title='bbox 816 1209 971 1254; x_wconf 85' lang='lat' dir='ltr'><strong>tuus:</strong></span> <span class='ocrx_word' id='word_1_49' title='bbox 1002 1200 1178 1254; x_wconf 76' lang='lat' dir='ltr'><strong>silebit</strong></span> <span class='ocrx_word' id='word_1_50' title='bbox 1227 1200 1277 1254; x_wconf 92' lang='lat' dir='ltr'><strong>in</strong></span> <span class='ocrx_word' id='word_1_51' title='bbox 1308 1201 1595 1256; x_wconf 70' lang='lat' dir='ltr'><strong>dilectit‘ine</strong></span> <span class='ocrx_word' id='word_1_52' title='bbox 1628 1210 1736 1264; x_wconf 85' lang='lat' dir='ltr'><strong>tua,</strong></span> <span class='ocrx_word' id='word_1_53' title='bbox 1765 1200 1829 1254; x_wconf 82' lang='grc' dir='ltr'><strong>Ρ.</strong></span> <span class='ocrx_word' id='word_1_54' title='bbox 1871 1200 1943 1255; x_wconf 85' lang='grc' dir='ltr'>Ει</span> <span class='ocrx_word' id='word_1_55' title='bbox 1973 1202 2129 1255; x_wconf 81' lang='lat' dir='ltr'><strong>exul-</strong></span> 
     </span>
    </p>
   </div>
   <div class='ocr_carea' id='block_1_10' title="bbox 571 1292 2134 1361">
    <p class='ocr_par' dir='ltr' id='par_1_10' title="bbox 571 1292 2134 1361">
     <span class='ocr_line' id='line_1_10' title="bbox 571 1292 2134 1361; baseline 0 -16"><span class='ocrx_word' id='word_1_56' title='bbox 571 1293 707 1347; x_wconf 73' lang='lat' dir='ltr'><strong>tavit</strong></span> <span class='ocrx_word' id='word_1_57' title='bbox 733 1308 890 1359; x_wconf 81' lang='lat' dir='ltr'><strong>super</strong></span> <span class='ocrx_word' id='word_1_58' title='bbox 912 1302 961 1346; x_wconf 93' lang='lat' dir='ltr'><strong>te</strong></span> <span class='ocrx_word' id='word_1_59' title='bbox 985 1295 1033 1345; x_wconf 93' lang='lat' dir='ltr'><strong>in</strong></span> <span class='ocrx_word' id='word_1_60' title='bbox 1061 1293 1235 1346; x_wconf 85' lang='lat' dir='ltr'><strong>laude.</strong></span> <span class='ocrx_word' id='word_1_61' title='bbox 1286 1294 1354 1361; x_wconf 58' lang='grc' dir='ltr'><strong>ᾖ.</strong></span> <span class='ocrx_word' id='word_1_62' title='bbox 1394 1292 1565 1347; x_wconf 82' lang='lat' dir='ltr'><strong>Lauda</strong></span> <span class='ocrx_word' id='word_1_63' title='bbox 1587 1293 1919 1348; x_wconf 82' lang='lat' dir='ltr'><strong>Hierusalem</strong></span> <span class='ocrx_word' id='word_1_64' title='bbox 1950 1293 2134 1346; x_wconf 78' lang='lat' dir='ltr'><strong>dei-</strong></span> 
     </span>
    </p>
   </div>
   <div class='ocr_carea' id='block_1_11' title="bbox 570 1382 2131 1440">
    <p class='ocr_par' dir='ltr' id='par_1_11' title="bbox 570 1382 2131 1440">
     <span class='ocr_line' id='line_1_11' title="bbox 570 1382 2131 1440; baseline 0.001 -3"><span class='ocrx_word' id='word_1_65' title='bbox 570 1400 695 1439; x_wconf 88' lang='lat' dir='ltr'><strong>num</strong></span> <span class='ocrx_word' id='word_1_66' title='bbox 737 1404 747 1437; x_wconf 92' lang='lat'>:</span> <span class='ocrx_word' id='word_1_67' title='bbox 781 1383 1033 1438; x_wconf 79' lang='lat' dir='ltr'><strong>conlauda</strong></span> <span class='ocrx_word' id='word_1_68' title='bbox 1066 1384 1226 1439; x_wconf 86' lang='lat' dir='ltr'><strong>Deum</strong></span> <span class='ocrx_word' id='word_1_69' title='bbox 1264 1393 1409 1438; x_wconf 89' lang='lat' dir='ltr'><strong>tuum</strong></span> <span class='ocrx_word' id='word_1_70' title='bbox 1457 1384 1607 1439; x_wconf 89' lang='lat' dir='ltr'><strong>Sion.</strong></span> <span class='ocrx_word' id='word_1_71' title='bbox 1645 1382 1713 1440; x_wconf 87' lang='grc' dir='ltr'><strong>Ρ.</strong></span> <span class='ocrx_word' id='word_1_72' title='bbox 1749 1384 1816 1438; x_wconf 83' lang='grc' dir='ltr'>Ει</span> <span class='ocrx_word' id='word_1_73' title='bbox 1848 1384 2131 1438; x_wconf 76' lang='lat' dir='ltr'><strong>exultavit.</strong></span> 
     </span>
    </p>
   </div>
   <div class='ocr_carea' id='block_1_12' title="bbox 586 1475 1640 1543">
    <p class='ocr_par' dir='ltr' id='par_1_12' title="bbox 586 1475 1640 1543">
     <span class='ocr_line' id='line_1_12' title="bbox 586 1475 1640 1543; baseline -0.004 -10"><span class='ocrx_word' id='word_1_74' title='bbox 586 1481 615 1543; x_wconf 58' lang='grc' dir='ltr'>ἓ</span> <span class='ocrx_word' id='word_1_75' title='bbox 642 1519 656 1532; x_wconf 92' lang='grc'><strong>.</strong></span> <span class='ocrx_word' id='word_1_76' title='bbox 682 1478 856 1533; x_wconf 85' lang='lat' dir='ltr'><strong>Gloria</strong></span> <span class='ocrx_word' id='word_1_77' title='bbox 885 1486 936 1531; x_wconf 89' lang='lat' dir='ltr'><strong>et</strong></span> <span class='ocrx_word' id='word_1_78' title='bbox 960 1477 1143 1531; x_wconf 84' lang='lat' dir='ltr'><strong>honor.</strong></span> <span class='ocrx_word' id='word_1_79' title='bbox 1176 1475 1242 1529; x_wconf 90' lang='lat' dir='ltr'><strong>P.</strong></span> <span class='ocrx_word' id='word_1_80' title='bbox 1275 1476 1339 1531; x_wconf 84' lang='lat' dir='ltr'><strong>Et</strong></span> <span class='ocrx_word' id='word_1_81' title='bbox 1366 1477 1640 1531; x_wconf 76' lang='lat' dir='ltr'><strong>exultavit.</strong></span> 
     </span>
    </p>
   </div>
   <div class='ocr_carea' id='block_1_13' title="bbox 633 1566 2125 1639">
    <p class='ocr_par' dir='ltr' id='par_1_13' title="bbox 633 1566 2125 1639">
     <span class='ocr_line' id='line_1_13' title="bbox 633 1566 2125 1639; baseline -0.003 -17"><span class='ocrx_word' id='word_1_82' title='bbox 633 1570 829 1623; x_wconf 71' lang='lat' dir='ltr'><strong>Orcitio.</strong></span> <span class='ocrx_word' id='word_1_83' title='bbox 847 1568 1051 1622; x_wconf 76' lang='lat' dir='ltr'><strong>Lmtare</strong></span> <span class='ocrx_word' id='word_1_84' title='bbox 1070 1568 1174 1622; x_wconf 86' lang='lat' dir='ltr'><strong>ﬁlia</strong></span> <span class='ocrx_word' id='word_1_85' title='bbox 1196 1568 1351 1635; x_wconf 90' lang='lat' dir='ltr'><strong>Sion,</strong></span> <span class='ocrx_word' id='word_1_86' title='bbox 1366 1569 1483 1638; x_wconf 92' lang='lat' dir='ltr'><strong>quia</strong></span> <span class='ocrx_word' id='word_1_87' title='bbox 1502 1568 1693 1639; x_wconf 88' lang='lat' dir='ltr'><strong>gaudet</strong></span> <span class='ocrx_word' id='word_1_88' title='bbox 1709 1566 2016 1637; x_wconf 84' lang='lat' dir='ltr'><strong>Unigénitus</strong></span> <span class='ocrx_word' id='word_1_89' title='bbox 2035 1567 2125 1621; x_wconf 87' lang='lat' dir='ltr'><strong>Dei</strong></span> 
     </span>
    </p>
   </div>
   <div class='ocr_carea' id='block_1_14' title="bbox 573 1660 2136 1731">
    <p class='ocr_par' dir='ltr' id='par_1_14' title="bbox 573 1660 2136 1731">
     <span class='ocr_line' id='line_1_14' title="bbox 573 1660 2136 1731; baseline -0.004 -14"><span class='ocrx_word' id='word_1_90' title='bbox 573 1664 732 1717; x_wconf 73' lang='lat' dir='ltr'><strong>Filius</strong></span> <span class='ocrx_word' id='word_1_91' title='bbox 762 1677 921 1731; x_wconf 83' lang='lat' dir='ltr'><strong>super</strong></span> <span class='ocrx_word' id='word_1_92' title='bbox 953 1670 1021 1729; x_wconf 87' lang='lat' dir='ltr'><strong>te,</strong></span> <span class='ocrx_word' id='word_1_93' title='bbox 1056 1671 1107 1717; x_wconf 91' lang='lat' dir='ltr'><strong>et</strong></span> <span class='ocrx_word' id='word_1_94' title='bbox 1135 1663 1314 1716; x_wconf 79' lang='lat' dir='ltr'><strong>exulta</strong></span> <span class='ocrx_word' id='word_1_95' title='bbox 1344 1662 1396 1715; x_wconf 90' lang='lat' dir='ltr'><strong>in</strong></span> <span class='ocrx_word' id='word_1_96' title='bbox 1422 1661 1595 1725; x_wconf 86' lang='lat' dir='ltr'><strong>laude,</strong></span> <span class='ocrx_word' id='word_1_97' title='bbox 1621 1661 1746 1715; x_wconf 80' lang='lat' dir='ltr'><strong>dum</strong></span> <span class='ocrx_word' id='word_1_98' title='bbox 1778 1669 1851 1724; x_wconf 85' lang='lat' dir='ltr'><strong>te,</strong></span> <span class='ocrx_word' id='word_1_99' title='bbox 1875 1668 1929 1714; x_wconf 89' lang='lat' dir='ltr'><strong>et</strong></span> <span class='ocrx_word' id='word_1_100' title='bbox 1960 1660 2136 1713; x_wconf 90' lang='lat' dir='ltr'><strong>incor-</strong></span> 
     </span>
    </p>
   </div>
   <div class='ocr_carea' id='block_1_15' title="bbox 567 1750 2135 1824">
    <p class='ocr_par' dir='ltr' id='par_1_15' title="bbox 567 1750 2135 1824">
     <span class='ocr_line' id='line_1_15' title="bbox 567 1750 2135 1824; baseline -0.004 -15"><span class='ocrx_word' id='word_1_101' title='bbox 567 1757 776 1824; x_wconf 69' lang='lat' dir='ltr'><strong>ruptam</strong></span> <span class='ocrx_word' id='word_1_102' title='bbox 795 1754 1063 1824; x_wconf 82' lang='lat' dir='ltr'><strong>Virginem</strong></span> <span class='ocrx_word' id='word_1_103' title='bbox 1087 1766 1207 1809; x_wconf 89' lang='lat' dir='ltr'><strong>esse</strong></span> <span class='ocrx_word' id='word_1_104' title='bbox 1230 1760 1466 1823; x_wconf 55' lang='grc' dir='ltr'>ιιι-αδδιδι,</span> <span class='ocrx_word' id='word_1_105' title='bbox 1487 1761 1540 1808; x_wconf 87' lang='lat' dir='ltr'><strong>et</strong></span> <span class='ocrx_word' id='word_1_106' title='bbox 1563 1750 1913 1806; x_wconf 72' lang='lat' dir='ltr'><strong>confessit‘inis</strong></span> <span class='ocrx_word' id='word_1_107' title='bbox 1930 1750 2135 1804; x_wconf 71' lang='lat' dir='ltr'><strong>hondre</strong></span> 
     </span>
    </p>
   </div>
   <div class='ocr_carea' id='block_1_16' title="bbox 566 1821 2211 1913">
    <p class='ocr_par' dir='ltr' id='par_1_16' title="bbox 566 1821 2211 1913">
     <span class='ocr_line' id='line_1_16' title="bbox 566 1821 2211 1913; baseline -0.002 -18"><span class='ocrx_word' id='word_1_108' title='bbox 566 1821 825 1910; x_wconf 79' lang='lat' dir='ltr'><strong>gloriticat</strong></span> <span class='ocrx_word' id='word_1_109' title='bbox 858 1821 1199 1913; x_wconf 73' lang='lat' dir='ltr'><strong>:qumsumus</strong></span> <span class='ocrx_word' id='word_1_110' title='bbox 1230 1821 1472 1913; x_wconf 77' lang='lat' dir='ltr'><strong>proinde,</strong></span> <span class='ocrx_word' id='word_1_111' title='bbox 1505 1851 1561 1897; x_wconf 87' lang='grc' dir='ltr'><strong>ιιι</strong></span> <span class='ocrx_word' id='word_1_112' title='bbox 1582 1858 1673 1911; x_wconf 90' lang='lat' dir='ltr'><strong>per</strong></span> <span class='ocrx_word' id='word_1_113' title='bbox 1698 1850 1768 1906; x_wconf 77' lang='lat' dir='ltr'><strong>te,</strong></span> <span class='ocrx_word' id='word_1_114' title='bbox 1791 1841 1879 1911; x_wconf 91' lang='lat' dir='ltr'><strong>qui</strong></span> <span class='ocrx_word' id='word_1_115' title='bbox 1910 1841 2135 1910; x_wconf 76' lang='lat' dir='ltr'><strong>utréque</strong></span> <span class='ocrx_word' id='word_1_116' title='bbox 2166 1821 2211 1880; x_wconf 80' lang='grc' dir='ltr'><strong>Β</strong></span> 
     </span>
    </p>
   </div>
   <div class='ocr_carea' id='block_1_17' title="bbox 569 1932 2140 2005">
    <p class='ocr_par' dir='ltr' id='par_1_17' title="bbox 569 1932 2140 2005">
     <span class='ocr_line' id='line_1_17' title="bbox 569 1932 2140 2005; baseline 0.001 -20"><span class='ocrx_word' id='word_1_117' title='bbox 569 1934 789 1988; x_wconf 79' lang='lat' dir='ltr'><strong>munere</strong></span> <span class='ocrx_word' id='word_1_118' title='bbox 814 1934 1004 1999; x_wconf 74' lang='lat' dir='ltr'><strong>claros,</strong></span> <span class='ocrx_word' id='word_1_119' title='bbox 1040 1934 1141 1988; x_wconf 85' lang='lat' dir='ltr'><strong>vita</strong></span> <span class='ocrx_word' id='word_1_120' title='bbox 1166 1943 1367 2001; x_wconf 88' lang='lat' dir='ltr'><strong>nostra,</strong></span> <span class='ocrx_word' id='word_1_121' title='bbox 1396 1951 1511 2005; x_wconf 65' lang='lat' dir='ltr'><strong>quae</strong></span> <span class='ocrx_word' id='word_1_122' title='bbox 1541 1935 1680 1988; x_wconf 92' lang='lat' dir='ltr'><strong>dono</strong></span> <span class='ocrx_word' id='word_1_123' title='bbox 1701 1932 2015 2004; x_wconf 77' lang='lat' dir='ltr'><strong>virginitatis</strong></span> <span class='ocrx_word' id='word_1_124' title='bbox 2056 1946 2140 1987; x_wconf 86' lang='lat' dir='ltr'><strong>ca-</strong></span> 
     </span>
    </p>
   </div>
   <div class='ocr_carea' id='block_1_18' title="bbox 564 2022 2128 2091">
    <p class='ocr_par' dir='ltr' id='par_1_18' title="bbox 564 2022 2128 2091">
     <span class='ocr_line' id='line_1_18' title="bbox 564 2022 2128 2091; baseline -0.001 -14"><span class='ocrx_word' id='word_1_125' title='bbox 564 2033 668 2091; x_wconf 91' lang='lat' dir='ltr'><strong>ret,</strong></span> <span class='ocrx_word' id='word_1_126' title='bbox 700 2024 1053 2079; x_wconf 74' lang='lat' dir='ltr'><strong>confessit‘mis</strong></span> <span class='ocrx_word' id='word_1_127' title='bbox 1085 2026 1261 2079; x_wconf 87' lang='lat' dir='ltr'><strong>saltim</strong></span> <span class='ocrx_word' id='word_1_128' title='bbox 1293 2027 1484 2081; x_wconf 81' lang='lat' dir='ltr'><strong>virtute</strong></span> <span class='ocrx_word' id='word_1_129' title='bbox 1514 2024 1812 2079; x_wconf 80' lang='lat' dir='ltr'><strong>fructiﬁcet.</strong></span> <span class='ocrx_word' id='word_1_130' title='bbox 1845 2023 1880 2080; x_wconf 66' lang='lat' dir='ltr'><strong>ii</strong></span> <span class='ocrx_word' id='word_1_131' title='bbox 1908 2066 1917 2076; x_wconf 95' lang='lat'><strong>.</strong></span> <span class='ocrx_word' id='word_1_132' title='bbox 1943 2022 2128 2078; x_wconf 72' lang='lat' dir='ltr'><strong>Amen.</strong></span> 
     </span>
    </p>
   </div>
   <div class='ocr_carea' id='block_1_19' title="bbox 635 2115 1512 2184">
    <p class='ocr_par' dir='ltr' id='par_1_19' title="bbox 635 2115 1512 2184">
     <span class='ocr_line' id='line_1_19' title="bbox 635 2115 1512 2184; baseline 0 -15"><span class='ocrx_word' id='word_1_133' title='bbox 635 2115 735 2170; x_wconf 85' lang='lat' dir='ltr'><strong>Per</strong></span> <span class='ocrx_word' id='word_1_134' title='bbox 761 2116 1179 2172; x_wconf 74' lang='lat' dir='ltr'><strong>misericordiam</strong></span> <span class='ocrx_word' id='word_1_135' title='bbox 1214 2128 1379 2184; x_wconf 87' lang='lat' dir='ltr'><strong>tuam,</strong></span> <span class='ocrx_word' id='word_1_136' title='bbox 1411 2128 1512 2172; x_wconf 87' lang='lat' dir='ltr'><strong>etc.</strong></span> 
     </span>
    </p>
   </div>
   <div class='ocr_carea' id='block_1_20' title="bbox 630 2208 2127 2278">
    <p class='ocr_par' dir='ltr' id='par_1_20' title="bbox 630 2208 2127 2278">
     <span class='ocr_line' id='line_1_20' title="bbox 630 2208 2127 2278; baseline 0.001 -19"><span class='ocrx_word' id='word_1_137' title='bbox 630 2208 940 2278; x_wconf 72' lang='grc' dir='ltr'><strong>Αιιιίρήοηα.</strong></span> <span class='ocrx_word' id='word_1_138' title='bbox 966 2209 1153 2264; x_wconf 75' lang='lat' dir='ltr'><strong>Exulta</strong></span> <span class='ocrx_word' id='word_1_139' title='bbox 1177 2212 1305 2263; x_wconf 90' lang='lat' dir='ltr'><strong>satis</strong></span> <span class='ocrx_word' id='word_1_140' title='bbox 1332 2211 1435 2263; x_wconf 85' lang='lat' dir='ltr'><strong>lilia</strong></span> <span class='ocrx_word' id='word_1_141' title='bbox 1460 2210 1607 2273; x_wconf 86' lang='lat' dir='ltr'><strong>Sion,</strong></span> <span class='ocrx_word' id='word_1_142' title='bbox 1631 2210 1800 2278; x_wconf 77' lang='lat' dir='ltr'><strong>jt’ibila</strong></span> <span class='ocrx_word' id='word_1_143' title='bbox 1834 2218 1886 2262; x_wconf 93' lang='lat' dir='ltr'><strong>tu</strong></span> <span class='ocrx_word' id='word_1_144' title='bbox 1920 2210 2086 2263; x_wconf 79' lang='lat' dir='ltr'><strong>lsraél</strong></span> <span class='ocrx_word' id='word_1_145' title='bbox 2117 2226 2127 2260; x_wconf 93' lang='lat'>:</span> 
     </span>
    </p>
   </div>
   <div class='ocr_carea' id='block_1_21' title="bbox 572 2297 2129 2369">
    <p class='ocr_par' dir='ltr' id='par_1_21' title="bbox 572 2297 2129 2369">
     <span class='ocr_line' id='line_1_21' title="bbox 572 2297 2129 2369; baseline 0.002 -19"><span class='ocrx_word' id='word_1_146' title='bbox 572 2297 638 2351; x_wconf 79' lang='grc' dir='ltr'><strong>Ι).</strong></span> <span class='ocrx_word' id='word_1_147' title='bbox 683 2298 819 2353; x_wconf 84' lang='lat' dir='ltr'><strong>Ecce</strong></span> <span class='ocrx_word' id='word_1_148' title='bbox 867 2298 976 2353; x_wconf 78' lang='lat' dir='ltr'><strong>Rex</strong></span> <span class='ocrx_word' id='word_1_149' title='bbox 1001 2309 1122 2354; x_wconf 89' lang='lat' dir='ltr'><strong>tuus</strong></span> <span class='ocrx_word' id='word_1_150' title='bbox 1146 2300 1282 2354; x_wconf 86' lang='lat' dir='ltr'><strong>venit</strong></span> <span class='ocrx_word' id='word_1_151' title='bbox 1340 2299 1642 2369; x_wconf 88' lang='lat' dir='ltr'><strong>tibijustus,</strong></span> <span class='ocrx_word' id='word_1_152' title='bbox 1675 2300 2003 2354; x_wconf 76' lang='lat' dir='ltr'><strong>etsalvator.</strong></span> <span class='ocrx_word' id='word_1_153' title='bbox 2054 2300 2085 2367; x_wconf 63' lang='grc' dir='ltr'><em>ᾖ</em></span> <span class='ocrx_word' id='word_1_154' title='bbox 2116 2339 2129 2353; x_wconf 91' lang='grc'><strong>.</strong></span> 
     </span>
    </p>
   </div>
   <div class='ocr_carea' id='block_1_22' title="bbox 560 2387 2133 2459">
    <p class='ocr_par' dir='ltr' id='par_1_22' title="bbox 560 2387 2133 2459">
     <span class='ocr_line' id='line_1_22' title="bbox 560 2387 2133 2459; baseline 0 -16"><span class='ocrx_word' id='word_1_155' title='bbox 560 2387 673 2443; x_wconf 85' lang='lat' dir='ltr'><strong>Non</strong></span> <span class='ocrx_word' id='word_1_156' title='bbox 704 2389 792 2442; x_wconf 85' lang='lat' dir='ltr'><strong>det</strong></span> <span class='ocrx_word' id='word_1_157' title='bbox 835 2389 885 2442; x_wconf 93' lang='lat' dir='ltr'><strong>in</strong></span> <span class='ocrx_word' id='word_1_158' title='bbox 919 2391 1331 2445; x_wconf 74' lang='lat' dir='ltr'><strong>commotiénem</strong></span> <span class='ocrx_word' id='word_1_159' title='bbox 1366 2392 1554 2459; x_wconf 86' lang='lat' dir='ltr'><strong>pedem</strong></span> <span class='ocrx_word' id='word_1_160' title='bbox 1582 2399 1727 2443; x_wconf 90' lang='lat' dir='ltr'><strong>tuum</strong></span> <span class='ocrx_word' id='word_1_161' title='bbox 1760 2406 1773 2443; x_wconf 92' lang='lat'><strong>:</strong></span> <span class='ocrx_word' id='word_1_162' title='bbox 1809 2404 1981 2458; x_wconf 88' lang='lat' dir='ltr'><strong>neque</strong></span> <span class='ocrx_word' id='word_1_163' title='bbox 2007 2388 2133 2443; x_wconf 72' lang='lat' dir='ltr'><strong>dur-</strong></span> 
     </span>
    </p>
   </div>
   <div class='ocr_carea' id='block_1_23' title="bbox 562 2478 2131 2549">
    <p class='ocr_par' dir='ltr' id='par_1_23' title="bbox 562 2478 2131 2549">
     <span class='ocr_line' id='line_1_23' title="bbox 562 2478 2131 2549; baseline 0.001 -18"><span class='ocrx_word' id='word_1_164' title='bbox 562 2479 689 2533; x_wconf 87' lang='lat' dir='ltr'><strong>miet</strong></span> <span class='ocrx_word' id='word_1_165' title='bbox 713 2479 801 2548; x_wconf 90' lang='lat' dir='ltr'><strong>qui</strong></span> <span class='ocrx_word' id='word_1_166' title='bbox 823 2479 1058 2534; x_wconf 69' lang='lat' dir='ltr'><strong>custtidit</strong></span> <span class='ocrx_word' id='word_1_167' title='bbox 1079 2490 1148 2534; x_wconf 92' lang='lat' dir='ltr'><strong>te.</strong></span> <span class='ocrx_word' id='word_1_168' title='bbox 1175 2479 1240 2535; x_wconf 88' lang='lat' dir='ltr'><strong>P.</strong></span> <span class='ocrx_word' id='word_1_169' title='bbox 1269 2481 1403 2536; x_wconf 79' lang='lat' dir='ltr'><strong>Ecce</strong></span> <span class='ocrx_word' id='word_1_170' title='bbox 1428 2480 1536 2534; x_wconf 79' lang='lat' dir='ltr'><strong>Rex</strong></span> <span class='ocrx_word' id='word_1_171' title='bbox 1570 2491 1709 2535; x_wconf 86' lang='lat' dir='ltr'><strong>tuus.</strong></span> <span class='ocrx_word' id='word_1_172' title='bbox 1754 2481 1785 2549; x_wconf 58' lang='grc' dir='ltr'><em>ᾖ</em></span> <span class='ocrx_word' id='word_1_173' title='bbox 1812 2522 1821 2533; x_wconf 93' lang='grc'><strong><em>.</em></strong></span> <span class='ocrx_word' id='word_1_174' title='bbox 1849 2478 2050 2547; x_wconf 68' lang='lat' dir='ltr'><strong>GIOria,</strong></span> <span class='ocrx_word' id='word_1_175' title='bbox 2077 2490 2131 2534; x_wconf 89' lang='lat' dir='ltr'><strong>et</strong></span> 
     </span>
    </p>
   </div>
   <div class='ocr_carea' id='block_1_24' title="bbox 560 2568 1342 2625">
    <p class='ocr_par' dir='ltr' id='par_1_24' title="bbox 560 2568 1342 2625">
     <span class='ocr_line' id='line_1_24' title="bbox 560 2568 1342 2625; baseline 0 -3"><span class='ocrx_word' id='word_1_176' title='bbox 560 2570 750 2624; x_wconf 87' lang='lat' dir='ltr'><strong>honor.</strong></span> <span class='ocrx_word' id='word_1_177' title='bbox 783 2568 849 2622; x_wconf 91' lang='lat' dir='ltr'><strong>P.</strong></span> <span class='ocrx_word' id='word_1_178' title='bbox 884 2570 1021 2625; x_wconf 86' lang='lat' dir='ltr'><strong>Ecce</strong></span> <span class='ocrx_word' id='word_1_179' title='bbox 1059 2571 1167 2623; x_wconf 78' lang='lat' dir='ltr'><strong>Rex</strong></span> <span class='ocrx_word' id='word_1_180' title='bbox 1201 2580 1342 2625; x_wconf 90' lang='lat' dir='ltr'><strong>tuus.</strong></span> 
     </span>
    </p>
   </div>
   <div class='ocr_carea' id='block_1_25' title="bbox 634 2658 2126 2729">
    <p class='ocr_par' dir='ltr' id='par_1_25' title="bbox 634 2658 2126 2729">
     <span class='ocr_line' id='line_1_25' title="bbox 634 2658 2126 2729; baseline 0.001 -18"><span class='ocrx_word' id='word_1_181' title='bbox 634 2660 833 2714; x_wconf 67' lang='lat' dir='ltr'><strong>Urritio.</strong></span> <span class='ocrx_word' id='word_1_182' title='bbox 896 2660 1127 2729; x_wconf 79' lang='lat' dir='ltr'><strong>Propera</strong></span> <span class='ocrx_word' id='word_1_183' title='bbox 1158 2661 1208 2714; x_wconf 93' lang='lat' dir='ltr'><strong>in</strong></span> <span class='ocrx_word' id='word_1_184' title='bbox 1232 2661 1510 2715; x_wconf 81' lang='lat' dir='ltr'><strong>occursum</strong></span> <span class='ocrx_word' id='word_1_185' title='bbox 1558 2660 1651 2713; x_wconf 86' lang='lat' dir='ltr'><strong>Dei</strong></span> <span class='ocrx_word' id='word_1_186' title='bbox 1714 2659 1785 2712; x_wconf 90' lang='lat' dir='ltr'><strong>tui</strong></span> <span class='ocrx_word' id='word_1_187' title='bbox 1818 2658 1977 2728; x_wconf 72' lang='lat' dir='ltr'><strong>Virgo</strong></span> <span class='ocrx_word' id='word_1_188' title='bbox 2026 2658 2126 2713; x_wconf 80' lang='lat' dir='ltr'><strong>lilia</strong></span> 
     </span>
    </p>
   </div>
   <div class='ocr_carea' id='block_1_26' title="bbox 560 2749 2130 2820">
    <p class='ocr_par' dir='ltr' id='par_1_26' title="bbox 560 2749 2130 2820">
     <span class='ocr_line' id='line_1_26' title="bbox 560 2749 2130 2820; baseline -0.001 -15"><span class='ocrx_word' id='word_1_189' title='bbox 560 2753 711 2816; x_wconf 84' lang='lat' dir='ltr'><strong>Sion,</strong></span> <span class='ocrx_word' id='word_1_190' title='bbox 736 2752 856 2820; x_wconf 88' lang='lat' dir='ltr'><strong>quia</strong></span> <span class='ocrx_word' id='word_1_191' title='bbox 878 2753 990 2820; x_wconf 85' lang='lat' dir='ltr'><strong>ipse</strong></span> <span class='ocrx_word' id='word_1_192' title='bbox 1019 2750 1193 2806; x_wconf 78' lang='lat' dir='ltr'><strong>veniet</strong></span> <span class='ocrx_word' id='word_1_193' title='bbox 1224 2751 1313 2805; x_wconf 88' lang='lat' dir='ltr'><strong>tibi</strong></span> <span class='ocrx_word' id='word_1_194' title='bbox 1345 2749 1671 2815; x_wconf 80' lang='lat' dir='ltr'><strong>mansuetus,</strong></span> <span class='ocrx_word' id='word_1_195' title='bbox 1718 2749 2043 2815; x_wconf 68' lang='lat' dir='ltr'><strong>confertans,</strong></span> <span class='ocrx_word' id='word_1_196' title='bbox 2075 2760 2130 2804; x_wconf 84' lang='lat' dir='ltr'><strong>et</strong></span> 
     </span>
    </p>
   </div>
   <div class='ocr_carea' id='block_1_27' title="bbox 564 2840 2124 2913">
    <p class='ocr_par' dir='ltr' id='par_1_27' title="bbox 564 2840 2124 2913">
     <span class='ocr_line' id='line_1_27' title="bbox 564 2840 2124 2913; baseline -0.002 -15"><span class='ocrx_word' id='word_1_197' title='bbox 564 2844 935 2913; x_wconf 84' lang='lat' dir='ltr'><strong>redintegrans</strong></span> <span class='ocrx_word' id='word_1_198' title='bbox 964 2852 1013 2898; x_wconf 93' lang='lat' dir='ltr'><strong>te</strong></span> <span class='ocrx_word' id='word_1_199' title='bbox 1045 2845 1092 2896; x_wconf 93' lang='lat' dir='ltr'><strong>in</strong></span> <span class='ocrx_word' id='word_1_200' title='bbox 1118 2842 1450 2897; x_wconf 78' lang='lat' dir='ltr'><strong>coniessidne</strong></span> <span class='ocrx_word' id='word_1_201' title='bbox 1477 2856 1596 2895; x_wconf 84' lang='lat' dir='ltr'><strong>sua:</strong></span> <span class='ocrx_word' id='word_1_202' title='bbox 1624 2840 1845 2909; x_wconf 77' lang='lat' dir='ltr'><strong>proinde</strong></span> <span class='ocrx_word' id='word_1_203' title='bbox 1876 2840 2124 2909; x_wconf 81' lang='lat' dir='ltr'><strong>petimus,</strong></span> 
     </span>
    </p>
   </div>
   <div class='ocr_carea' id='block_1_28' title="bbox 561 2929 2129 2999">
    <p class='ocr_par' dir='ltr' id='par_1_28' title="bbox 561 2929 2129 2999">
     <span class='ocr_line' id='line_1_28' title="bbox 561 2929 2129 2999; baseline -0.002 -11"><span class='ocrx_word' id='word_1_204' title='bbox 561 2946 616 2989; x_wconf 88' lang='lat' dir='ltr'><strong>ut</strong></span> <span class='ocrx_word' id='word_1_205' title='bbox 649 2936 752 2989; x_wconf 91' lang='lat' dir='ltr'><strong>vita</strong></span> <span class='ocrx_word' id='word_1_206' title='bbox 782 2945 960 2989; x_wconf 86' lang='lat' dir='ltr'><strong>nostra</strong></span> <span class='ocrx_word' id='word_1_207' title='bbox 988 2934 1370 2989; x_wconf 74' lang='lat' dir='ltr'><strong>intereessidne</strong></span> <span class='ocrx_word' id='word_1_208' title='bbox 1424 2934 1509 2985; x_wconf 77' lang='lat' dir='ltr'><strong>tua</strong></span> <span class='ocrx_word' id='word_1_209' title='bbox 1539 2932 1791 2999; x_wconf 72' lang='lat' dir='ltr'><strong>augeatur</strong></span> <span class='ocrx_word' id='word_1_210' title='bbox 1821 2931 1873 2985; x_wconf 92' lang='lat' dir='ltr'><strong>iu</strong></span> <span class='ocrx_word' id='word_1_211' title='bbox 1923 2929 2129 2985; x_wconf 87' lang='lat' dir='ltr'><strong>tnéritis</strong></span> 
     </span>
    </p>
   </div>
   <div class='ocr_carea' id='block_1_29' title="bbox 558 3024 2125 3098">
    <p class='ocr_par' dir='ltr' id='par_1_29' title="bbox 558 3024 2125 3098">
     <span class='ocr_line' id='line_1_29' title="bbox 558 3024 2125 3098; baseline -0.003 -17"><span class='ocrx_word' id='word_1_212' title='bbox 558 3030 697 3082; x_wconf 83' lang='lat' dir='ltr'><strong>tuis:</strong></span> <span class='ocrx_word' id='word_1_213' title='bbox 733 3036 809 3094; x_wconf 89' lang='lat' dir='ltr'><strong>ut,</strong></span> <span class='ocrx_word' id='word_1_214' title='bbox 835 3027 921 3098; x_wconf 86' lang='lat' dir='ltr'><strong>qui</strong></span> <span class='ocrx_word' id='word_1_215' title='bbox 951 3027 1043 3082; x_wconf 87' lang='lat' dir='ltr'><strong>tibi</strong></span> <span class='ocrx_word' id='word_1_216' title='bbox 1074 3027 1307 3080; x_wconf 80' lang='lat' dir='ltr'><strong>occurrit</strong></span> <span class='ocrx_word' id='word_1_217' title='bbox 1337 3026 1387 3079; x_wconf 92' lang='lat' dir='ltr'><strong>in</strong></span> <span class='ocrx_word' id='word_1_218' title='bbox 1426 3026 1623 3080; x_wconf 76' lang='lat' dir='ltr'><strong>szeculo</strong></span> <span class='ocrx_word' id='word_1_219' title='bbox 1649 3024 1984 3094; x_wconf 85' lang='lat' dir='ltr'><strong>gratissimus</strong></span> <span class='ocrx_word' id='word_1_220' title='bbox 2030 3039 2125 3079; x_wconf 89' lang='lat' dir='ltr'><strong>co-</strong></span> 
     </span>
    </p>
   </div>
   <div class='ocr_carea' id='block_1_30' title="bbox 559 3117 2125 3189">
    <p class='ocr_par' dir='ltr' id='par_1_30' title="bbox 559 3117 2125 3189">
     <span class='ocr_line' id='line_1_30' title="bbox 559 3117 2125 3189; baseline -0.001 -16"><span class='ocrx_word' id='word_1_221' title='bbox 559 3121 799 3187; x_wconf 75' lang='lat' dir='ltr'><strong>ronator,</strong></span> <span class='ocrx_word' id='word_1_222' title='bbox 834 3121 883 3174; x_wconf 92' lang='lat' dir='ltr'><strong>in</strong></span> <span class='ocrx_word' id='word_1_223' title='bbox 930 3119 1131 3189; x_wconf 88' lang='lat' dir='ltr'><strong>judicio</strong></span> <span class='ocrx_word' id='word_1_224' title='bbox 1182 3120 1250 3172; x_wconf 86' lang='lat' dir='ltr'><strong>sit</strong></span> <span class='ocrx_word' id='word_1_225' title='bbox 1280 3118 1431 3172; x_wconf 89' lang='lat' dir='ltr'><strong>nobis</strong></span> <span class='ocrx_word' id='word_1_226' title='bbox 1473 3117 1649 3171; x_wconf 79' lang='lat' dir='ltr'><strong>futuro</strong></span> <span class='ocrx_word' id='word_1_227' title='bbox 1680 3118 2125 3173; x_wconf 63' lang='lat' dir='ltr'><strong>clementissimus</strong></span> 
     </span>
    </p>
   </div>
   <div class='ocr_carea' id='block_1_31' title="bbox 558 3210 1179 3280">
    <p class='ocr_par' dir='ltr' id='par_1_31' title="bbox 558 3210 1179 3280">
     <span class='ocr_line' id='line_1_31' title="bbox 558 3210 1179 3280; baseline 0 -15"><span class='ocrx_word' id='word_1_228' title='bbox 558 3212 828 3267; x_wconf 70' lang='lat' dir='ltr'><strong>liberator.</strong></span> <span class='ocrx_word' id='word_1_229' title='bbox 880 3212 915 3280; x_wconf 77' lang='lat' dir='ltr'><strong>ri)</strong></span> <span class='ocrx_word' id='word_1_230' title='bbox 941 3252 953 3265; x_wconf 94' lang='lat'><strong>.</strong></span> <span class='ocrx_word' id='word_1_231' title='bbox 984 3210 1179 3265; x_wconf 85' lang='lat' dir='ltr'><strong>Amen.</strong></span> 
     </span>
    </p>
   </div>
   <div class='ocr_carea' id='block_1_32' title="bbox 627 3304 1191 3360">
    <p class='ocr_par' dir='ltr' id='par_1_32' title="bbox 627 3304 1191 3360">
     <span class='ocr_line' id='line_1_32' title="bbox 627 3304 1191 3360; baseline 0.002 -3"><span class='ocrx_word' id='word_1_232' title='bbox 627 3304 727 3360; x_wconf 86' lang='lat' dir='ltr'><strong>Per</strong></span> <span class='ocrx_word' id='word_1_233' title='bbox 750 3305 1191 3359; x_wconf 74' lang='lat' dir='ltr'><strong>misericdrdiam.</strong></span> 
     </span>
    </p>
   </div>
   <div class='ocr_carea' id='block_1_33' title="bbox 644 3392 2128 3463">
    <p class='ocr_par' dir='ltr' id='par_1_33' title="bbox 644 3392 2128 3463">
     <span class='ocr_line' id='line_1_33' title="bbox 644 3392 2128 3463; baseline -0.001 -14"><span class='ocrx_word' id='word_1_234' title='bbox 644 3398 680 3463; x_wconf 69' lang='grc' dir='ltr'>ιῆ</span> <span class='ocrx_word' id='word_1_235' title='bbox 703 3436 716 3449; x_wconf 92' lang='grc'><strong>.</strong></span> <span class='ocrx_word' id='word_1_236' title='bbox 768 3396 956 3451; x_wconf 80' lang='lat' dir='ltr'><strong>Exulta</strong></span> <span class='ocrx_word' id='word_1_237' title='bbox 986 3396 1117 3450; x_wconf 84' lang='lat' dir='ltr'><strong>satis</strong></span> <span class='ocrx_word' id='word_1_238' title='bbox 1166 3395 1273 3449; x_wconf 79' lang='lat' dir='ltr'><strong>lilia</strong></span> <span class='ocrx_word' id='word_1_239' title='bbox 1306 3394 1467 3459; x_wconf 85' lang='lat' dir='ltr'><strong>Sion,</strong></span> <span class='ocrx_word' id='word_1_240' title='bbox 1526 3394 1681 3448; x_wconf 87' lang='lat' dir='ltr'><strong>lauda</strong></span> <span class='ocrx_word' id='word_1_241' title='bbox 1730 3402 1783 3449; x_wconf 83' lang='lat' dir='ltr'><strong>et</strong></span> <span class='ocrx_word' id='word_1_242' title='bbox 1812 3394 1993 3450; x_wconf 59' lang='lat' dir='ltr'><strong>lmtﬁre</strong></span> <span class='ocrx_word' id='word_1_243' title='bbox 2021 3392 2128 3448; x_wconf 76' lang='lat' dir='ltr'><strong>ﬁlia</strong></span> 
     </span>
    </p>
   </div>
   <div class='ocr_carea' id='block_1_34' title="bbox 562 3484 2126 3554">
    <p class='ocr_par' dir='ltr' id='par_1_34' title="bbox 562 3484 2126 3554">
     <span class='ocr_line' id='line_1_34' title="bbox 562 3484 2126 3554; baseline -0.002 -14"><span class='ocrx_word' id='word_1_244' title='bbox 562 3486 892 3541; x_wconf 79' lang='lat' dir='ltr'><strong>Hierusalem</strong></span> <span class='ocrx_word' id='word_1_245' title='bbox 921 3506 933 3541; x_wconf 91' lang='lat'><strong>:</strong></span> <span class='ocrx_word' id='word_1_246' title='bbox 989 3487 1109 3554; x_wconf 85' lang='lat' dir='ltr'><strong>quia</strong></span> <span class='ocrx_word' id='word_1_247' title='bbox 1140 3501 1264 3541; x_wconf 85' lang='lat' dir='ltr'><strong>ecce</strong></span> <span class='ocrx_word' id='word_1_248' title='bbox 1302 3486 1414 3540; x_wconf 77' lang='lat' dir='ltr'><strong>Rex</strong></span> <span class='ocrx_word' id='word_1_249' title='bbox 1479 3496 1601 3539; x_wconf 90' lang='lat' dir='ltr'><strong>tuus</strong></span> <span class='ocrx_word' id='word_1_250' title='bbox 1635 3484 1811 3539; x_wconf 78' lang='lat' dir='ltr'><strong>veniet</strong></span> <span class='ocrx_word' id='word_1_251' title='bbox 1841 3484 1935 3539; x_wconf 88' lang='lat' dir='ltr'><strong>tibi</strong></span> <span class='ocrx_word' id='word_1_252' title='bbox 1964 3485 2126 3549; x_wconf 85' lang='lat' dir='ltr'><strong>mitis,</strong></span> 
     </span>
    </p>
   </div>
   <div class='ocr_carea' id='block_1_35' title="bbox 560 3575 2131 3647">
    <p class='ocr_par' dir='ltr' id='par_1_35' title="bbox 560 3575 2131 3647">
     <span class='ocr_line' id='line_1_35' title="bbox 560 3575 2131 3647; baseline -0.003 -14"><span class='ocrx_word' id='word_1_253' title='bbox 560 3588 613 3633; x_wconf 88' lang='lat' dir='ltr'><strong>et</strong></span> <span class='ocrx_word' id='word_1_254' title='bbox 638 3578 906 3633; x_wconf 74' lang='lat' dir='ltr'><strong>salvator:</strong></span> <span class='ocrx_word' id='word_1_255' title='bbox 943 3579 1056 3646; x_wconf 86' lang='lat' dir='ltr'><strong>ipse</strong></span> <span class='ocrx_word' id='word_1_256' title='bbox 1084 3593 1281 3647; x_wconf 86' lang='lat' dir='ltr'><strong>pauper</strong></span> <span class='ocrx_word' id='word_1_257' title='bbox 1330 3576 1625 3633; x_wconf 83' lang='lat' dir='ltr'><strong>asce’odens</strong></span> <span class='ocrx_word' id='word_1_258' title='bbox 1660 3591 1820 3646; x_wconf 91' lang='lat' dir='ltr'><strong>super</strong></span> <span class='ocrx_word' id='word_1_259' title='bbox 1846 3576 2041 3644; x_wconf 85' lang='lat' dir='ltr'><strong>pullum</strong></span> <span class='ocrx_word' id='word_1_260' title='bbox 2072 3575 2131 3629; x_wconf 83' lang='lat' dir='ltr'><strong>li-</strong></span> 
     </span>
    </p>
   </div>
   <div class='ocr_carea' id='block_1_36' title="bbox 564 3672 2134 3743">
    <p class='ocr_par' dir='ltr' id='par_1_36' title="bbox 564 3672 2134 3743">
     <span class='ocr_line' id='line_1_36' title="bbox 564 3672 2134 3743; baseline 0.001 -20"><span class='ocrx_word' id='word_1_261' title='bbox 564 3673 685 3726; x_wconf 91' lang='lat' dir='ltr'><strong>lium</strong></span> <span class='ocrx_word' id='word_1_262' title='bbox 709 3672 1021 3743; x_wconf 72' lang='lat' dir='ltr'><strong>subjugalis.</strong></span> <span class='ocrx_word' id='word_1_263' title='bbox 1074 3673 1139 3726; x_wconf 86' lang='lat' dir='ltr'><strong>Et</strong></span> <span class='ocrx_word' id='word_1_264' title='bbox 1167 3672 1509 3739; x_wconf 75' lang='lat' dir='ltr'><strong>dissipabitur</strong></span> <span class='ocrx_word' id='word_1_265' title='bbox 1539 3686 1694 3725; x_wconf 83' lang='lat' dir='ltr'><strong>arcus</strong></span> <span class='ocrx_word' id='word_1_266' title='bbox 1747 3672 1873 3726; x_wconf 86' lang='lat' dir='ltr'><strong>belli</strong></span> <span class='ocrx_word' id='word_1_267' title='bbox 1905 3688 1918 3723; x_wconf 78' lang='grc' dir='ltr'>ε</span> <span class='ocrx_word' id='word_1_268' title='bbox 1953 3680 2006 3724; x_wconf 90' lang='lat' dir='ltr'><strong>et</strong></span> <span class='ocrx_word' id='word_1_269' title='bbox 2054 3672 2134 3724; x_wconf 86' lang='lat' dir='ltr'><strong>lo—</strong></span> 
     </span>
    </p>
   </div>
   <div class='ocr_carea' id='block_1_37' title="bbox 558 3759 2125 3833">
    <p class='ocr_par' dir='ltr' id='par_1_37' title="bbox 558 3759 2125 3833">
     <span class='ocr_line' id='line_1_37' title="bbox 558 3759 2125 3833; baseline -0.001 -18"><span class='ocrx_word' id='word_1_270' title='bbox 558 3766 747 3832; x_wconf 82' lang='lat' dir='ltr'><strong>quetur</strong></span> <span class='ocrx_word' id='word_1_271' title='bbox 772 3778 950 3831; x_wconf 89' lang='lat' dir='ltr'><strong>pacem</strong></span> <span class='ocrx_word' id='word_1_272' title='bbox 980 3762 1245 3833; x_wconf 76' lang='lat' dir='ltr'><strong>gentibus,</strong></span> <span class='ocrx_word' id='word_1_273' title='bbox 1284 3759 1351 3817; x_wconf 87' lang='lat' dir='ltr'><strong>P.</strong></span> <span class='ocrx_word' id='word_1_274' title='bbox 1392 3761 1653 3827; x_wconf 75' lang='lat' dir='ltr'><strong>Quoniam</strong></span> <span class='ocrx_word' id='word_1_275' title='bbox 1692 3761 1926 3830; x_wconf 78' lang='lat' dir='ltr'><strong>potestas</strong></span> <span class='ocrx_word' id='word_1_276' title='bbox 1957 3759 2073 3829; x_wconf 86' lang='lat' dir='ltr'><strong>ejus</strong></span> <span class='ocrx_word' id='word_1_277' title='bbox 2097 3760 2125 3813; x_wconf 64' lang='grc' dir='ltr'>ὰ</span> 
     </span>
    </p>
   </div>
   <div class='ocr_carea' id='block_1_38' title="bbox 563 3851 2133 3921">
    <p class='ocr_par' dir='ltr' id='par_1_38' title="bbox 563 3851 2133 3921">
     <span class='ocr_line' id='line_1_38' title="bbox 563 3851 2133 3921; baseline 0.001 -17"><span class='ocrx_word' id='word_1_278' title='bbox 563 3853 694 3906; x_wconf 87' lang='lat' dir='ltr'><strong>mari</strong></span> <span class='ocrx_word' id='word_1_279' title='bbox 728 3869 893 3921; x_wconf 89' lang='lat' dir='ltr'><strong>usque</strong></span> <span class='ocrx_word' id='word_1_280' title='bbox 921 3854 985 3906; x_wconf 84' lang='lat' dir='ltr'><strong>ad</strong></span> <span class='ocrx_word' id='word_1_281' title='bbox 1018 3868 1162 3908; x_wconf 90' lang='lat' dir='ltr'><strong>mare</strong></span> <span class='ocrx_word' id='word_1_282' title='bbox 1191 3864 1242 3906; x_wconf 92' lang='lat' dir='ltr'><strong>et</strong></span> <span class='ocrx_word' id='word_1_283' title='bbox 1273 3854 1301 3906; x_wconf 65' lang='grc' dir='ltr'><strong>Ξ]</strong></span> <span class='ocrx_word' id='word_1_284' title='bbox 1356 3853 1663 3907; x_wconf 88' lang='lat' dir='ltr'><strong>ﬂuminibus</strong></span> <span class='ocrx_word' id='word_1_285' title='bbox 1709 3867 1874 3919; x_wconf 90' lang='lat' dir='ltr'><strong>usque</strong></span> <span class='ocrx_word' id='word_1_286' title='bbox 1906 3851 1969 3904; x_wconf 87' lang='lat' dir='ltr'><strong>ad</strong></span> <span class='ocrx_word' id='word_1_287' title='bbox 2002 3853 2133 3905; x_wconf 80' lang='lat' dir='ltr'><strong>ﬁnes</strong></span> 
     </span>
    </p>
   </div>
   <div class='ocr_carea' id='block_1_39' title="bbox 564 3942 2132 4011">
    <p class='ocr_par' dir='ltr' id='par_1_39' title="bbox 564 3942 2132 4011">
     <span class='ocr_line' id='line_1_39' title="bbox 564 3942 2132 4011; baseline 0 -16"><span class='ocrx_word' id='word_1_288' title='bbox 564 3954 742 3997; x_wconf 70' lang='lat' dir='ltr'><strong>terrae.</strong></span> <span class='ocrx_word' id='word_1_289' title='bbox 781 3943 915 4010; x_wconf 83' lang='lat' dir='ltr'><strong>Quid</strong></span> <span class='ocrx_word' id='word_1_290' title='bbox 947 3945 1087 3996; x_wconf 90' lang='lat' dir='ltr'><strong>enim</strong></span> <span class='ocrx_word' id='word_1_291' title='bbox 1116 3944 1310 3998; x_wconf 87' lang='lat' dir='ltr'><strong>bonum</strong></span> <span class='ocrx_word' id='word_1_292' title='bbox 1360 3944 1496 4011; x_wconf 86' lang='lat' dir='ltr'><strong>ejus.</strong></span> <span class='ocrx_word' id='word_1_293' title='bbox 1550 3952 1639 3995; x_wconf 88' lang='lat' dir='ltr'><strong>aut</strong></span> <span class='ocrx_word' id='word_1_294' title='bbox 1675 3943 1801 4010; x_wconf 86' lang='lat' dir='ltr'><strong>quid</strong></span> <span class='ocrx_word' id='word_1_295' title='bbox 1855 3942 2132 4010; x_wconf 73' lang='lat' dir='ltr'><strong>pulchrum</strong></span> 
     </span>
    </p>
   </div>
   <div class='ocr_carea' id='block_1_40' title="bbox 561 4035 2132 4105">
    <p class='ocr_par' dir='ltr' id='par_1_40' title="bbox 561 4035 2132 4105">
     <span class='ocr_line' id='line_1_40' title="bbox 561 4035 2132 4105; baseline 0.001 -17"><span class='ocrx_word' id='word_1_296' title='bbox 561 4035 679 4105; x_wconf 75' lang='lat' dir='ltr'><strong>ejus</strong></span> <span class='ocrx_word' id='word_1_297' title='bbox 700 4045 801 4101; x_wconf 88' lang='lat' dir='ltr'><strong>est,</strong></span> <span class='ocrx_word' id='word_1_298' title='bbox 832 4036 931 4090; x_wconf 75' lang='lat' dir='ltr'><strong>nisi</strong></span> <span class='ocrx_word' id='word_1_299' title='bbox 956 4036 1270 4091; x_wconf 76' lang='lat' dir='ltr'><strong>frumentum</strong></span> <span class='ocrx_word' id='word_1_300' title='bbox 1290 4036 1607 4102; x_wconf 77' lang='lat' dir='ltr'><strong>eiectdrum,</strong></span> <span class='ocrx_word' id='word_1_301' title='bbox 1632 4046 1720 4088; x_wconf 86' lang='lat' dir='ltr'><strong>aut</strong></span> <span class='ocrx_word' id='word_1_302' title='bbox 1741 4038 1920 4089; x_wconf 90' lang='lat' dir='ltr'><strong>vinum</strong></span> <span class='ocrx_word' id='word_1_303' title='bbox 1944 4036 2132 4105; x_wconf 76' lang='lat' dir='ltr'><strong>germi-</strong></span> 
     </span>
    </p>
   </div>
   <div class='ocr_carea' id='block_1_41' title="bbox 566 4127 2138 4196">
    <p class='ocr_par' dir='ltr' id='par_1_41' title="bbox 566 4127 2138 4196">
     <span class='ocr_line' id='line_1_41' title="bbox 566 4127 2138 4196; baseline 0.001 -17"><span class='ocrx_word' id='word_1_304' title='bbox 566 4142 696 4181; x_wconf 89' lang='lat' dir='ltr'><strong>nans</strong></span> <span class='ocrx_word' id='word_1_305' title='bbox 715 4127 1161 4196; x_wconf 80' lang='lat' dir='ltr'><strong>virgines?Pétite</strong></span> <span class='ocrx_word' id='word_1_306' title='bbox 1192 4129 1257 4180; x_wconf 86' lang='lat' dir='ltr'><strong>ab</strong></span> <span class='ocrx_word' id='word_1_307' title='bbox 1277 4142 1341 4181; x_wconf 86' lang='lat' dir='ltr'><strong>eo</strong></span> <span class='ocrx_word' id='word_1_308' title='bbox 1370 4129 1602 4196; x_wconf 82' lang='lat' dir='ltr'><strong>pluviam</strong></span> <span class='ocrx_word' id='word_1_309' title='bbox 1631 4129 1679 4181; x_wconf 91' lang='lat' dir='ltr'><strong>in</strong></span> <span class='ocrx_word' id='word_1_310' title='bbox 1714 4128 1951 4196; x_wconf 79' lang='lat' dir='ltr'><strong>tempore</strong></span> <span class='ocrx_word' id='word_1_311' title='bbox 1984 4127 2138 4182; x_wconf 79' lang='lat' dir='ltr'><strong>sero-</strong></span> 
     </span>
    </p>
   </div>
   <div class='ocr_carea' id='block_1_42' title="bbox 566 4218 2136 4288">
    <p class='ocr_par' dir='ltr' id='par_1_42' title="bbox 566 4218 2136 4288">
     <span class='ocr_line' id='line_1_42' title="bbox 566 4218 2136 4288; baseline 0.002 -17"><span class='ocrx_word' id='word_1_312' title='bbox 566 4219 693 4282; x_wconf 89' lang='lat' dir='ltr'><strong>tino,</strong></span> <span class='ocrx_word' id='word_1_313' title='bbox 718 4218 935 4271; x_wconf 86' lang='lat' dir='ltr'><strong>ctdabit</strong></span> <span class='ocrx_word' id='word_1_314' title='bbox 966 4219 1188 4272; x_wconf 83' lang='lat' dir='ltr'><strong>imbrem</strong></span> <span class='ocrx_word' id='word_1_315' title='bbox 1220 4220 1385 4281; x_wconf 87' lang='lat' dir='ltr'><strong>vobis,</strong></span> <span class='ocrx_word' id='word_1_316' title='bbox 1414 4229 1465 4273; x_wconf 92' lang='lat' dir='ltr'><strong>et</strong></span> <span class='ocrx_word' id='word_1_317' title='bbox 1497 4220 1714 4272; x_wconf 84' lang='lat' dir='ltr'><strong>herbam</strong></span> <span class='ocrx_word' id='word_1_318' title='bbox 1746 4220 1795 4271; x_wconf 91' lang='lat' dir='ltr'><strong>in</strong></span> <span class='ocrx_word' id='word_1_319' title='bbox 1824 4222 1985 4288; x_wconf 84' lang='lat' dir='ltr'><strong>agris.</strong></span> <span class='ocrx_word' id='word_1_320' title='bbox 2061 4221 2093 4288; x_wconf 59' lang='grc' dir='ltr'><em>ᾖ</em></span> <span class='ocrx_word' id='word_1_321' title='bbox 2122 4259 2136 4274; x_wconf 92' lang='grc'><strong>.</strong></span> 
     </span>
    </p>
   </div>
   <div class='ocr_carea' id='block_1_43' title="bbox 568 4309 2141 4380">
    <p class='ocr_par' dir='ltr' id='par_1_43' title="bbox 568 4309 2141 4380">
     <span class='ocr_line' id='line_1_43' title="bbox 568 4309 2141 4380; baseline 0 -15"><span class='ocrx_word' id='word_1_322' title='bbox 568 4310 810 4365; x_wconf 70' lang='lat' dir='ltr'><strong>Visitabit</strong></span> <span class='ocrx_word' id='word_1_323' title='bbox 840 4309 1094 4364; x_wconf 70' lang='lat' dir='ltr'><strong>Demittus</strong></span> <span class='ocrx_word' id='word_1_324' title='bbox 1124 4309 1374 4380; x_wconf 77' lang='lat' dir='ltr'><strong>populum</strong></span> <span class='ocrx_word' id='word_1_325' title='bbox 1435 4326 1611 4376; x_wconf 86' lang='lat' dir='ltr'><strong>suum,</strong></span> <span class='ocrx_word' id='word_1_326' title='bbox 1671 4310 1885 4363; x_wconf 78' lang='lat' dir='ltr'><strong>domum</strong></span> <span class='ocrx_word' id='word_1_327' title='bbox 1920 4311 2055 4365; x_wconf 70' lang='lat' dir='ltr'><strong>ludit</strong></span> <span class='ocrx_word' id='word_1_328' title='bbox 2086 4321 2141 4367; x_wconf 86' lang='lat' dir='ltr'><strong>et</strong></span> 
     </span>
    </p>
   </div>
   <div class='ocr_carea' id='block_1_44' title="bbox 566 4404 2133 4473">
    <p class='ocr_par' dir='ltr' id='par_1_44' title="bbox 566 4404 2133 4473">
     <span class='ocr_line' id='line_1_44' title="bbox 566 4404 2133 4473; baseline -0.001 -14"><span class='ocrx_word' id='word_1_329' title='bbox 566 4406 847 4459; x_wconf 83' lang='lat' dir='ltr'><strong>constituet</strong></span> <span class='ocrx_word' id='word_1_330' title='bbox 877 4421 997 4459; x_wconf 88' lang='lat' dir='ltr'><strong>eum</strong></span> <span class='ocrx_word' id='word_1_331' title='bbox 1022 4406 1155 4458; x_wconf 91' lang='lat' dir='ltr'><strong>sicut</strong></span> <span class='ocrx_word' id='word_1_332' title='bbox 1186 4420 1377 4473; x_wconf 87' lang='lat' dir='ltr'><strong>equum</strong></span> <span class='ocrx_word' id='word_1_333' title='bbox 1409 4405 1707 4471; x_wconf 73' lang='lat' dir='ltr'><strong>specidsum</strong></span> <span class='ocrx_word' id='word_1_334' title='bbox 1737 4406 1789 4456; x_wconf 89' lang='lat' dir='ltr'><strong>in</strong></span> <span class='ocrx_word' id='word_1_335' title='bbox 1820 4404 2133 4459; x_wconf 72' lang='lat' dir='ltr'><strong>certamine.</strong></span> 
     </span>
    </p>
   </div>
   <div class='ocr_carea' id='block_1_45' title="bbox 570 4494 2139 4565">
    <p class='ocr_par' dir='ltr' id='par_1_45' title="bbox 570 4494 2139 4565">
     <span class='ocr_line' id='line_1_45' title="bbox 570 4494 2139 4565; baseline 0 -16"><span class='ocrx_word' id='word_1_336' title='bbox 570 4498 634 4551; x_wconf 84' lang='grc' dir='ltr'><strong>Ρ.</strong></span> <span class='ocrx_word' id='word_1_337' title='bbox 657 4498 918 4563; x_wconf 75' lang='lat' dir='ltr'><strong>Qudniam</strong></span> <span class='ocrx_word' id='word_1_338' title='bbox 943 4498 1194 4565; x_wconf 77' lang='lat' dir='ltr'><strong>potestas.</strong></span> <span class='ocrx_word' id='word_1_339' title='bbox 1234 4497 1267 4565; x_wconf 60' lang='grc' dir='ltr'><em>ᾗ</em></span> <span class='ocrx_word' id='word_1_340' title='bbox 1294 4537 1305 4548; x_wconf 94' lang='grc'><em>.</em></span> <span class='ocrx_word' id='word_1_341' title='bbox 1332 4494 1531 4560; x_wconf 77' lang='lat' dir='ltr'><strong>Gloria,</strong></span> <span class='ocrx_word' id='word_1_342' title='bbox 1564 4506 1615 4548; x_wconf 91' lang='lat' dir='ltr'><strong>et</strong></span> <span class='ocrx_word' id='word_1_343' title='bbox 1644 4496 1831 4549; x_wconf 83' lang='lat' dir='ltr'><strong>honor.</strong></span> <span class='ocrx_word' id='word_1_344' title='bbox 1881 4494 1946 4548; x_wconf 87' lang='lat' dir='ltr'><strong>P.</strong></span> <span class='ocrx_word' id='word_1_345' title='bbox 1994 4495 2139 4563; x_wconf 83' lang='lat' dir='ltr'><strong>Quo-</strong></span> 
     </span>
    </p>
   </div>
   <div class='ocr_carea' id='block_1_46' title="bbox 570 4586 991 4655">
    <p class='ocr_par' dir='ltr' id='par_1_46' title="bbox 570 4586 991 4655">
     <span class='ocr_line' id='line_1_46' title="bbox 570 4586 991 4655; baseline 0.005 -15"><span class='ocrx_word' id='word_1_346' title='bbox 570 4588 707 4642; x_wconf 82' lang='lat' dir='ltr'><strong>niam</strong></span> <span class='ocrx_word' id='word_1_347' title='bbox 739 4586 991 4655; x_wconf 87' lang='lat' dir='ltr'><strong>potéstas.</strong></span> 
     </span>
    </p>
   </div>
   <div class='ocr_carea' id='block_1_47' title="bbox 642 4678 2133 4747">
    <p class='ocr_par' dir='ltr' id='par_1_47' title="bbox 642 4678 2133 4747">
     <span class='ocr_line' id='line_1_47' title="bbox 642 4678 2133 4747; baseline 0.001 -15"><span class='ocrx_word' id='word_1_348' title='bbox 642 4679 844 4733; x_wconf 76' lang='grc' dir='ltr'><strong>Ονάιὶυ.</strong></span> <span class='ocrx_word' id='word_1_349' title='bbox 878 4679 1067 4734; x_wconf 70' lang='lat' dir='ltr'><strong>Exultat</strong></span> <span class='ocrx_word' id='word_1_350' title='bbox 1100 4678 1231 4734; x_wconf 76' lang='lat' dir='ltr'><strong>satis</strong></span> <span class='ocrx_word' id='word_1_351' title='bbox 1279 4679 1384 4733; x_wconf 88' lang='lat' dir='ltr'><strong>ﬂlia</strong></span> <span class='ocrx_word' id='word_1_352' title='bbox 1438 4680 1614 4733; x_wconf 88' lang='lat' dir='ltr'><strong>Sion:</strong></span> <span class='ocrx_word' id='word_1_353' title='bbox 1673 4680 1794 4747; x_wconf 87' lang='lat' dir='ltr'><strong>quia</strong></span> <span class='ocrx_word' id='word_1_354' title='bbox 1848 4693 1971 4733; x_wconf 88' lang='lat' dir='ltr'><strong>ecce</strong></span> <span class='ocrx_word' id='word_1_355' title='bbox 2019 4680 2133 4734; x_wconf 79' lang='lat' dir='ltr'><strong>Rex</strong></span> 
     </span>
    </p>
   </div>
   <div class='ocr_carea' id='block_1_48' title="bbox 571 4769 2141 4838">
    <p class='ocr_par' dir='ltr' id='par_1_48' title="bbox 571 4769 2141 4838">
     <span class='ocr_line' id='line_1_48' title="bbox 571 4769 2141 4838; baseline 0.001 -14"><span class='ocrx_word' id='word_1_356' title='bbox 571 4781 694 4825; x_wconf 89' lang='lat' dir='ltr'><strong>tuus</strong></span> <span class='ocrx_word' id='word_1_357' title='bbox 722 4769 900 4825; x_wconf 80' lang='lat' dir='ltr'><strong>veniet</strong></span> <span class='ocrx_word' id='word_1_358' title='bbox 925 4770 1018 4825; x_wconf 87' lang='lat' dir='ltr'><strong>tibi</strong></span> <span class='ocrx_word' id='word_1_359' title='bbox 1070 4772 1373 4826; x_wconf 81' lang='lat' dir='ltr'><strong>mansuetus</strong></span> <span class='ocrx_word' id='word_1_360' title='bbox 1408 4814 1421 4837; x_wconf 93' lang='lat'><strong>,</strong></span> <span class='ocrx_word' id='word_1_361' title='bbox 1455 4772 1605 4838; x_wconf 87' lang='lat' dir='ltr'><strong>cujus</strong></span> <span class='ocrx_word' id='word_1_362' title='bbox 1635 4772 1778 4825; x_wconf 83' lang='lat' dir='ltr'><strong>dono</strong></span> <span class='ocrx_word' id='word_1_363' title='bbox 1808 4779 1861 4825; x_wconf 86' lang='lat' dir='ltr'><strong>et</strong></span> <span class='ocrx_word' id='word_1_364' title='bbox 1893 4771 2141 4825; x_wconf 74' lang='lat' dir='ltr'><strong>frumen-</strong></span> 
     </span>
    </p>
   </div>
   <div class='ocr_carea' id='block_1_49' title="bbox 572 4859 2136 4931">
    <p class='ocr_par' dir='ltr' id='par_1_49' title="bbox 572 4859 2136 4931">
     <span class='ocr_line' id='line_1_49' title="bbox 572 4859 2136 4931; baseline 0 -16"><span class='ocrx_word' id='word_1_365' title='bbox 572 4872 683 4917; x_wconf 87' lang='lat' dir='ltr'><strong>tum</strong></span> <span class='ocrx_word' id='word_1_366' title='bbox 711 4861 1091 4916; x_wconf 72' lang='lat' dir='ltr'><strong>Coniessérum</strong></span> <span class='ocrx_word' id='word_1_367' title='bbox 1122 4862 1369 4917; x_wconf 73' lang='lat' dir='ltr'><strong>clarescit</strong></span> <span class='ocrx_word' id='word_1_368' title='bbox 1422 4862 1703 4915; x_wconf 82' lang='lat' dir='ltr'><strong>virtutibus</strong></span> <span class='ocrx_word' id='word_1_369' title='bbox 1727 4903 1742 4927; x_wconf 92' lang='lat'><strong>,</strong></span> <span class='ocrx_word' id='word_1_370' title='bbox 1768 4870 1822 4915; x_wconf 93' lang='lat' dir='ltr'><strong>et</strong></span> <span class='ocrx_word' id='word_1_371' title='bbox 1851 4859 2136 4931; x_wconf 77' lang='lat' dir='ltr'><strong>integritas</strong></span> 
     </span>
    </p>
   </div>
   <div class='ocr_carea' id='block_1_50' title="bbox 572 4951 2138 5025">
    <p class='ocr_par' dir='ltr' id='par_1_50' title="bbox 572 4951 2138 5025">
     <span class='ocr_line' id='line_1_50' title="bbox 572 4951 2138 5025; baseline -0.001 -18"><span class='ocrx_word' id='word_1_372' title='bbox 572 4953 847 5025; x_wconf 78' lang='lat' dir='ltr'><strong>Virginum</strong></span> <span class='ocrx_word' id='word_1_373' title='bbox 877 4951 1195 5022; x_wconf 81' lang='lat' dir='ltr'><strong>fulgéscitin</strong></span> <span class='ocrx_word' id='word_1_374' title='bbox 1242 4952 1509 5007; x_wconf 75' lang='lat' dir='ltr'><strong>laudibus.</strong></span> <span class='ocrx_word' id='word_1_375' title='bbox 1560 4951 1758 5005; x_wconf 70' lang='lat' dir='ltr'><strong>Przesta</strong></span> <span class='ocrx_word' id='word_1_376' title='bbox 1788 4966 1915 5019; x_wconf 84' lang='lat' dir='ltr'><strong>ergo</strong></span> <span class='ocrx_word' id='word_1_377' title='bbox 1962 4951 2138 5013; x_wconf 87' lang='lat' dir='ltr'><strong>nobis,</strong></span> 
     </span>
    </p>
   </div>
   <div class='ocr_carea' id='block_1_51' title="bbox 574 5041 2134 5110">
    <p class='ocr_par' dir='ltr' id='par_1_51' title="bbox 574 5041 2134 5110">
     <span class='ocr_line' id='line_1_51' title="bbox 574 5041 2134 5110; baseline -0.002 -12"><span class='ocrx_word' id='word_1_378' title='bbox 574 5045 787 5099; x_wconf 90' lang='lat' dir='ltr'><strong>utiuter</strong></span> <span class='ocrx_word' id='word_1_379' title='bbox 846 5042 1112 5098; x_wconf 74' lang='lat' dir='ltr'><strong>frumenta</strong></span> <span class='ocrx_word' id='word_1_380' title='bbox 1164 5044 1454 5097; x_wconf 64' lang='lat' dir='ltr'><strong>electr‘irum</strong></span> <span class='ocrx_word' id='word_1_381' title='bbox 1513 5044 1813 5097; x_wconf 73' lang='lat' dir='ltr'><strong>mereamur</strong></span> <span class='ocrx_word' id='word_1_382' title='bbox 1854 5041 2134 5110; x_wconf 77' lang='lat' dir='ltr'><strong>justilicati</strong></span> 
     </span>
    </p>
   </div>
   <div class='ocr_carea' id='block_1_52' title="bbox 572 5132 2142 5203">
    <p class='ocr_par' dir='ltr' id='par_1_52' title="bbox 572 5132 2142 5203">
     <span class='ocr_line' id='line_1_52' title="bbox 572 5132 2142 5203; baseline -0.001 -15"><span class='ocrx_word' id='word_1_383' title='bbox 572 5135 891 5203; x_wconf 73' lang='lat' dir='ltr'><strong>quandﬁque</strong></span> <span class='ocrx_word' id='word_1_384' title='bbox 913 5134 1142 5199; x_wconf 84' lang='lat' dir='ltr'><strong>admitti,</strong></span> <span class='ocrx_word' id='word_1_385' title='bbox 1169 5135 1256 5201; x_wconf 87' lang='lat' dir='ltr'><strong>qui</strong></span> <span class='ocrx_word' id='word_1_386' title='bbox 1279 5150 1420 5189; x_wconf 88' lang='lat' dir='ltr'><strong>nunc</strong></span> <span class='ocrx_word' id='word_1_387' title='bbox 1442 5136 1743 5187; x_wconf 67' lang='lat' dir='ltr'><strong>nostrarum</strong></span> <span class='ocrx_word' id='word_1_388' title='bbox 1768 5132 1990 5199; x_wconf 71' lang='lat' dir='ltr'><strong>cperunt</strong></span> <span class='ocrx_word' id='word_1_389' title='bbox 2022 5148 2142 5187; x_wconf 88' lang='lat' dir='ltr'><strong>ma-</strong></span> 
     </span>
    </p>
   </div>
   <div class='ocr_carea' id='block_1_53' title="bbox 573 5225 2141 5294">
    <p class='ocr_par' dir='ltr' id='par_1_53' title="bbox 573 5225 2141 5294">
     <span class='ocr_line' id='line_1_53' title="bbox 573 5225 2141 5294; baseline 0.001 -16"><span class='ocrx_word' id='word_1_390' title='bbox 573 5226 760 5279; x_wconf 86' lang='lat' dir='ltr'><strong>némus</strong></span> <span class='ocrx_word' id='word_1_391' title='bbox 812 5225 1024 5294; x_wconf 81' lang='lat' dir='ltr'><strong>ﬂagitiis</strong></span> <span class='ocrx_word' id='word_1_392' title='bbox 1071 5225 1310 5293; x_wconf 77' lang='lat' dir='ltr'><strong>cooperti</strong></span> <span class='ocrx_word' id='word_1_393' title='bbox 1338 5241 1351 5277; x_wconf 87' lang='lat'><strong>:</strong></span> <span class='ocrx_word' id='word_1_394' title='bbox 1408 5235 1485 5291; x_wconf 91' lang='lat' dir='ltr'><strong>ut,</strong></span> <span class='ocrx_word' id='word_1_395' title='bbox 1516 5241 1633 5293; x_wconf 67' lang='lat' dir='ltr'><strong>quae</strong></span> <span class='ocrx_word' id='word_1_396' title='bbox 1662 5225 1799 5294; x_wconf 86' lang='lat' dir='ltr'><strong>apud</strong></span> <span class='ocrx_word' id='word_1_397' title='bbox 1831 5225 1997 5280; x_wconf 92' lang='lat' dir='ltr'><strong>Deum</strong></span> <span class='ocrx_word' id='word_1_398' title='bbox 2032 5241 2141 5279; x_wconf 85' lang='lat' dir='ltr'><strong>rne-</strong></span> 
     </span>
    </p>
   </div>
   <div class='ocr_carea' id='block_1_54' title="bbox 572 5315 2143 5380">
    <p class='ocr_par' dir='ltr' id='par_1_54' title="bbox 572 5315 2143 5380">
     <span class='ocr_line' id='line_1_54' title="bbox 572 5315 2143 5380; baseline 0.001 -10"><span class='ocrx_word' id='word_1_399' title='bbox 572 5316 725 5370; x_wconf 88' lang='lat' dir='ltr'><strong>ruisti</strong></span> <span class='ocrx_word' id='word_1_400' title='bbox 780 5316 847 5370; x_wconf 91' lang='lat' dir='ltr'><strong>de</strong></span> <span class='ocrx_word' id='word_1_401' title='bbox 896 5316 1234 5371; x_wconf 75' lang='lat' dir='ltr'><strong>confessione</strong></span> <span class='ocrx_word' id='word_1_402' title='bbox 1264 5317 1539 5380; x_wconf 75' lang='lat' dir='ltr'><strong>cortinam,</strong></span> <span class='ocrx_word' id='word_1_403' title='bbox 1590 5318 1739 5371; x_wconf 87' lang='lat' dir='ltr'><strong>nobis</strong></span> <span class='ocrx_word' id='word_1_404' title='bbox 1771 5315 2143 5372; x_wconf 80' lang='lat' dir='ltr'><strong>conﬁtentibus</strong></span> 
     </span>
    </p>
   </div>
   <div class='ocr_carea' id='block_1_55' title="bbox 574 5407 2145 5477">
    <p class='ocr_par' dir='ltr' id='par_1_55' title="bbox 574 5407 2145 5477">
     <span class='ocr_line' id='line_1_55' title="bbox 574 5407 2145 5477; baseline -0.001 -15"><span class='ocrx_word' id='word_1_405' title='bbox 574 5408 815 5462; x_wconf 85' lang='lat' dir='ltr'><strong>obtineas</strong></span> <span class='ocrx_word' id='word_1_406' title='bbox 840 5408 978 5477; x_wconf 86' lang='lat' dir='ltr'><strong>apud</strong></span> <span class='ocrx_word' id='word_1_407' title='bbox 1004 5408 1174 5475; x_wconf 81' lang='lat' dir='ltr'><strong>ipsum</strong></span> <span class='ocrx_word' id='word_1_408' title='bbox 1207 5408 1546 5476; x_wconf 75' lang='lat' dir='ltr'><strong>peccatdrum</strong></span> <span class='ocrx_word' id='word_1_409' title='bbox 1573 5409 1875 5460; x_wconf 73' lang='lat' dir='ltr'><strong>nustrdrum</strong></span> <span class='ocrx_word' id='word_1_410' title='bbox 1907 5407 2145 5460; x_wconf 67' lang='lat' dir='ltr'><strong>uirtutium</strong></span> 
     </span>
    </p>
   </div>
   <div class='ocr_carea' id='block_1_56' title="bbox 572 5497 2142 5568">
    <p class='ocr_par' dir='ltr' id='par_1_56' title="bbox 572 5497 2142 5568">
     <span class='ocr_line' id='line_1_56' title="bbox 572 5497 2142 5568; baseline 0.001 -17"><span class='ocrx_word' id='word_1_411' title='bbox 572 5497 976 5566; x_wconf 79' lang='lat' dir='ltr'><strong>indulgentiam.</strong></span> <span class='ocrx_word' id='word_1_412' title='bbox 1024 5499 1312 5563; x_wconf 73' lang='lat' dir='ltr'><strong>ri].Amen.</strong></span> <span class='ocrx_word' id='word_1_413' title='bbox 1366 5500 1497 5566; x_wconf 83' lang='lat' dir='ltr'><strong>Quia</strong></span> <span class='ocrx_word' id='word_1_414' title='bbox 1525 5498 1641 5568; x_wconf 90' lang='lat' dir='ltr'><strong>pius</strong></span> <span class='ocrx_word' id='word_1_415' title='bbox 1687 5507 1789 5563; x_wconf 87' lang='lat' dir='ltr'><strong>est,</strong></span> <span class='ocrx_word' id='word_1_416' title='bbox 1822 5508 1877 5552; x_wconf 87' lang='lat' dir='ltr'><strong>et</strong></span> <span class='ocrx_word' id='word_1_417' title='bbox 1922 5500 2142 5554; x_wconf 86' lang='lat' dir='ltr'><strong>misera—</strong></span> 
     </span>
    </p>
   </div>
   <div class='ocr_carea' id='block_1_57' title="bbox 576 5588 2142 5657">
    <p class='ocr_par' dir='ltr' id='par_1_57' title="bbox 576 5588 2142 5657">
     <span class='ocr_line' id='line_1_57' title="bbox 576 5588 2142 5657; baseline 0.005 -19"><span class='ocrx_word' id='word_1_418' title='bbox 576 5588 739 5641; x_wconf 71' lang='lat' dir='ltr'><strong>tionis</strong></span> <span class='ocrx_word' id='word_1_419' title='bbox 769 5588 1093 5657; x_wconf 76' lang='lat' dir='ltr'><strong>digudscitur</strong></span> <span class='ocrx_word' id='word_1_420' title='bbox 1125 5589 1383 5646; x_wconf 65' lang='lat' dir='ltr'><strong>Diminus</strong></span> <span class='ocrx_word' id='word_1_421' title='bbox 1404 5634 1416 5657; x_wconf 94' lang='lat'><strong>,</strong></span> <span class='ocrx_word' id='word_1_422' title='bbox 1453 5592 1505 5644; x_wconf 87' lang='lat' dir='ltr'><strong>in</strong></span> <span class='ocrx_word' id='word_1_423' title='bbox 1537 5590 1712 5646; x_wconf 68' lang='lat' dir='ltr'><strong>Omnia</strong></span> <span class='ocrx_word' id='word_1_424' title='bbox 1746 5592 2142 5646; x_wconf 65' lang='lat' dir='ltr'><strong>szccula&#39;smcu-</strong></span> 
     </span>
    </p>
   </div>
   <div class='ocr_carea' id='block_1_58' title="bbox 576 5678 1100 5745">
    <p class='ocr_par' dir='ltr' id='par_1_58' title="bbox 576 5678 1100 5745">
     <span class='ocr_line' id='line_1_58' title="bbox 576 5678 1100 5745; baseline 0.006 -16"><span class='ocrx_word' id='word_1_425' title='bbox 576 5678 770 5730; x_wconf 77' lang='lat' dir='ltr'><strong>16mm.</strong></span> <span class='ocrx_word' id='word_1_426' title='bbox 812 5679 847 5745; x_wconf 68' lang='lat' dir='ltr'><strong>ti)</strong></span> <span class='ocrx_word' id='word_1_427' title='bbox 869 5718 883 5731; x_wconf 92' lang='lat'><strong>.</strong></span> <span class='ocrx_word' id='word_1_428' title='bbox 909 5682 1100 5734; x_wconf 84' lang='lat' dir='ltr'><strong>Amen.</strong></span> 
     </span>
    </p>
   </div>
   <div class='ocr_carea' id='block_1_59' title="bbox 651 5772 1222 5831">
    <p class='ocr_par' dir='ltr' id='par_1_59' title="bbox 651 5772 1222 5831">
     <span class='ocr_line' id='line_1_59' title="bbox 651 5772 1222 5831; baseline 0.011 -9"><span class='ocrx_word' id='word_1_429' title='bbox 651 5773 749 5824; x_wconf 78' lang='lat' dir='ltr'><strong>l’er</strong></span> <span class='ocrx_word' id='word_1_430' title='bbox 778 5772 1222 5831; x_wconf 82' lang='lat' dir='ltr'><strong>misericordiam.</strong></span> 
     </span>
    </p>
   </div>
   <div class='ocr_carea' id='block_1_60' title="bbox 1773 348 2604 408">
    <p class='ocr_par' dir='ltr' id='par_1_60' title="bbox 1773 348 2604 408">
     <span class='ocr_line' id='line_1_60' title="bbox 1773 348 2604 408; baseline 0.005 -6"><span class='ocrx_word' id='word_1_431' title='bbox 1773 348 2195 405; x_wconf 69' lang='lat' dir='ltr'><strong>BREVIARIUM</strong></span> <span class='ocrx_word' id='word_1_432' title='bbox 2238 349 2604 408; x_wconf 80' lang='lat' dir='ltr'><strong>GUTIIICUM.</strong></span> 
     </span>
    </p>
   </div>
   <div class='ocr_carea' id='block_1_61' title="bbox 640 461 2207 533">
    <p class='ocr_par' dir='ltr' id='par_1_61' title="bbox 640 461 2207 533">
     <span class='ocr_line' id='line_1_61' title="bbox 640 461 2207 533; baseline 0.004 -21"><span class='ocrx_word' id='word_1_433' title='bbox 640 461 834 515; x_wconf 76' lang='grc' dir='ltr'><strong>Ονιὶιὶο.</strong></span> <span class='ocrx_word' id='word_1_434' title='bbox 866 462 1019 516; x_wconf 72' lang='lat' dir='ltr'><strong>Beata</strong></span> <span class='ocrx_word' id='word_1_435' title='bbox 1048 461 1135 516; x_wconf 85' lang='lat' dir='ltr'><strong>Dei</strong></span> <span class='ocrx_word' id='word_1_436' title='bbox 1168 464 1332 533; x_wconf 76' lang='lat' dir='ltr'><strong>virgo,</strong></span> <span class='ocrx_word' id='word_1_437' title='bbox 1360 479 1477 531; x_wconf 76' lang='lat' dir='ltr'><strong>qua:</strong></span> <span class='ocrx_word' id='word_1_438' title='bbox 1505 462 1557 516; x_wconf 89' lang='lat' dir='ltr'><strong>in</strong></span> <span class='ocrx_word' id='word_1_439' title='bbox 1582 462 1719 518; x_wconf 89' lang='lat' dir='ltr'><strong>Sion</strong></span> <span class='ocrx_word' id='word_1_440' title='bbox 1749 464 2120 533; x_wconf 74' lang='lat' dir='ltr'><strong>speculatiOne</strong></span> <span class='ocrx_word' id='word_1_441' title='bbox 2161 468 2207 519; x_wconf 85' lang='lat' dir='ltr'><strong>A</strong></span> 
     </span>
    </p>
   </div>
   <div class='ocr_carea' id='block_1_62' title="bbox 3672 372 3798 427">
    <p class='ocr_par' dir='ltr' id='par_1_62' title="bbox 3672 372 3798 427">
     <span class='ocr_line' id='line_1_62' title="bbox 3672 372 3798 427; baseline 0 -3"><span class='ocrx_word' id='word_1_442' title='bbox 3672 372 3798 427; x_wconf 67' lang='grc' dir='ltr'><strong>12ἴῖ</strong></span> 
     </span>
    </p>
   </div>
   <div class='ocr_carea' id='block_1_63' title="bbox 2305 462 3796 556">
    <p class='ocr_par' dir='ltr' id='par_1_63' title="bbox 2305 462 3796 556">
     <span class='ocr_line' id='line_1_63' title="bbox 2305 462 3796 556; baseline 0.017 -45"><span class='ocrx_word' id='word_1_443' title='bbox 2305 462 2618 556; x_wconf 14' lang='grc' dir='ltr'><strong>Ληιίμιιοῗιια.</strong></span> <span class='ocrx_word' id='word_1_444' title='bbox 2639 464 2922 521; x_wconf 84' lang='lat' dir='ltr'><strong>Benedicta</strong></span> <span class='ocrx_word' id='word_1_445' title='bbox 2938 476 2991 523; x_wconf 92' lang='lat' dir='ltr'><strong>tu</strong></span> <span class='ocrx_word' id='word_1_446' title='bbox 3011 468 3039 522; x_wconf 68' lang='grc' dir='ltr'>ὸ</span> <span class='ocrx_word' id='word_1_447' title='bbox 3053 468 3164 525; x_wconf 88' lang='lat' dir='ltr'><strong>Deo</strong></span> <span class='ocrx_word' id='word_1_448' title='bbox 3175 470 3435 528; x_wconf 83' lang='lat' dir='ltr'><strong>altissimo</strong></span> <span class='ocrx_word' id='word_1_449' title='bbox 3450 476 3796 556; x_wconf 74' lang='lat' dir='ltr'><strong>[cccxxxvm]</strong></span> 
     </span>
    </p>
   </div>
   <div class='ocr_carea' id='block_1_64' title="bbox 2247 552 3791 632">
    <p class='ocr_par' dir='ltr' id='par_1_64' title="bbox 2247 552 3791 632">
     <span class='ocr_line' id='line_1_64' title="bbox 2247 552 3791 632; baseline 0.017 -27"><span class='ocrx_word' id='word_1_450' title='bbox 2247 568 2353 619; x_wconf 75' lang='lat' dir='ltr'><strong>pra:</strong></span> <span class='ocrx_word' id='word_1_451' title='bbox 2376 552 2619 611; x_wconf 82' lang='lat' dir='ltr'><strong>omnibus</strong></span> <span class='ocrx_word' id='word_1_452' title='bbox 2646 557 2977 615; x_wconf 76' lang='lat' dir='ltr'><strong>mulieribus.</strong></span> <span class='ocrx_word' id='word_1_453' title='bbox 3010 561 3078 614; x_wconf 90' lang='lat' dir='ltr'><strong>P.</strong></span> <span class='ocrx_word' id='word_1_454' title='bbox 3108 562 3328 629; x_wconf 83' lang='lat' dir='ltr'><strong>PrOpter</strong></span> <span class='ocrx_word' id='word_1_455' title='bbox 3367 567 3471 623; x_wconf 85' lang='lat' dir='ltr'><strong>hoc</strong></span> <span class='ocrx_word' id='word_1_456' title='bbox 3494 586 3600 625; x_wconf 86' lang='lat' dir='ltr'><strong>non</strong></span> <span class='ocrx_word' id='word_1_457' title='bbox 3628 552 3791 632; x_wconf 40' lang='lat' dir='ltr'><strong>disce;</strong></span> 
     </span>
    </p>
   </div>
   <div class='ocr_carea' id='block_1_65' title="bbox 2242 643 3785 723">
    <p class='ocr_par' dir='ltr' id='par_1_65' title="bbox 2242 643 3785 723">
     <span class='ocr_line' id='line_1_65' title="bbox 2242 643 3785 723; baseline 0.014 -25"><span class='ocrx_word' id='word_1_458' title='bbox 2242 643 2332 698; x_wconf 90' lang='lat' dir='ltr'><strong>dat</strong></span> <span class='ocrx_word' id='word_1_459' title='bbox 2361 644 2477 699; x_wconf 89' lang='lat' dir='ltr'><strong>laus</strong></span> <span class='ocrx_word' id='word_1_460' title='bbox 2525 654 2609 700; x_wconf 85' lang='lat' dir='ltr'><strong>tua</strong></span> <span class='ocrx_word' id='word_1_461' title='bbox 2633 646 2699 701; x_wconf 86' lang='lat' dir='ltr'><strong>de</strong></span> <span class='ocrx_word' id='word_1_462' title='bbox 2753 664 2845 704; x_wconf 92' lang='lat' dir='ltr'><strong>ore</strong></span> <span class='ocrx_word' id='word_1_463' title='bbox 2888 648 3185 718; x_wconf 79' lang='lat' dir='ltr'><strong>hominum,</strong></span> <span class='ocrx_word' id='word_1_464' title='bbox 3214 669 3377 723; x_wconf 90' lang='lat' dir='ltr'><strong>usque</strong></span> <span class='ocrx_word' id='word_1_465' title='bbox 3424 657 3475 711; x_wconf 93' lang='lat' dir='ltr'><strong>in</strong></span> <span class='ocrx_word' id='word_1_466' title='bbox 3524 664 3785 720; x_wconf 71' lang='lat' dir='ltr'><strong>smculum.</strong></span> 
     </span>
    </p>
   </div>
   <div class='ocr_carea' id='block_1_66' title="bbox 2258 733 3792 824">
    <p class='ocr_par' dir='ltr' id='par_1_66' title="bbox 2258 733 3792 824">
     <span class='ocr_line' id='line_1_66' title="bbox 2258 733 3792 824; baseline 0.014 -37"><span class='ocrx_word' id='word_1_467' title='bbox 2258 735 2291 803; x_wconf 67' lang='grc' dir='ltr'><strong><em>Ῡ</em></strong></span> <span class='ocrx_word' id='word_1_468' title='bbox 2314 775 2328 787; x_wconf 93' lang='grc'><strong>.</strong></span> <span class='ocrx_word' id='word_1_469' title='bbox 2356 733 2599 791; x_wconf 77' lang='lat' dir='ltr'><strong>Gloridsa</strong></span> <span class='ocrx_word' id='word_1_470' title='bbox 2622 738 2762 793; x_wconf 87' lang='lat' dir='ltr'><strong>dicta</strong></span> <span class='ocrx_word' id='word_1_471' title='bbox 2792 749 2916 794; x_wconf 85' lang='lat' dir='ltr'><strong>sunt</strong></span> <span class='ocrx_word' id='word_1_472' title='bbox 2943 741 3009 796; x_wconf 91' lang='lat' dir='ltr'><strong>de</strong></span> <span class='ocrx_word' id='word_1_473' title='bbox 3041 751 3091 795; x_wconf 90' lang='lat' dir='ltr'><strong>te</strong></span> <span class='ocrx_word' id='word_1_474' title='bbox 3108 743 3295 799; x_wconf 77' lang='lat' dir='ltr'><strong>civitas</strong></span> <span class='ocrx_word' id='word_1_475' title='bbox 3323 746 3437 801; x_wconf 86' lang='lat' dir='ltr'><strong>Dei.</strong></span> <span class='ocrx_word' id='word_1_476' title='bbox 3475 747 3541 803; x_wconf 80' lang='grc' dir='ltr'><strong>Ρ.</strong></span> <span class='ocrx_word' id='word_1_477' title='bbox 3570 749 3792 824; x_wconf 80' lang='lat' dir='ltr'><strong>Propter.</strong></span> 
     </span>
    </p>
   </div>
   <div class='ocr_carea' id='block_1_67' title="bbox 2256 824 3252 903">
    <p class='ocr_par' dir='ltr' id='par_1_67' title="bbox 2256 824 3252 903">
     <span class='ocr_line' id='line_1_67' title="bbox 2256 824 3252 903; baseline 0.01 -24"><span class='ocrx_word' id='word_1_478' title='bbox 2256 826 2291 893; x_wconf 71' lang='grc' dir='ltr'><strong><em>Ῡ</em></strong></span> <span class='ocrx_word' id='word_1_479' title='bbox 2319 868 2330 880; x_wconf 93' lang='grc'><strong>.</strong></span> <span class='ocrx_word' id='word_1_480' title='bbox 2363 824 2568 889; x_wconf 75' lang='lat' dir='ltr'><strong>Gléria,</strong></span> <span class='ocrx_word' id='word_1_481' title='bbox 2594 837 2648 882; x_wconf 89' lang='lat' dir='ltr'><strong>et</strong></span> <span class='ocrx_word' id='word_1_482' title='bbox 2675 828 2874 885; x_wconf 89' lang='lat' dir='ltr'><strong>honor.</strong></span> <span class='ocrx_word' id='word_1_483' title='bbox 2907 830 2972 884; x_wconf 84' lang='lat' dir='ltr'><strong>P.</strong></span> <span class='ocrx_word' id='word_1_484' title='bbox 3007 831 3252 903; x_wconf 87' lang='lat' dir='ltr'><strong>Propter.</strong></span> 
     </span>
    </p>
   </div>
   <div class='ocr_carea' id='block_1_68' title="bbox 2314 918 3795 1002">
    <p class='ocr_par' dir='ltr' id='par_1_68' title="bbox 2314 918 3795 1002">
     <span class='ocr_line' id='line_1_68' title="bbox 2314 918 3795 1002; baseline 0.016 -31"><span class='ocrx_word' id='word_1_485' title='bbox 2314 918 2514 973; x_wconf 82' lang='lat' dir='ltr'><strong>Onitio.</strong></span> <span class='ocrx_word' id='word_1_486' title='bbox 2548 920 2792 977; x_wconf 77' lang='lat' dir='ltr'><strong>Gloriosa</strong></span> <span class='ocrx_word' id='word_1_487' title='bbox 2831 923 2964 978; x_wconf 83' lang='lat' dir='ltr'><strong>facta</strong></span> <span class='ocrx_word' id='word_1_488' title='bbox 2988 934 3071 980; x_wconf 89' lang='lat' dir='ltr'><strong>est</strong></span> <span class='ocrx_word' id='word_1_489' title='bbox 3100 928 3249 999; x_wconf 86' lang='lat' dir='ltr'><strong>virgo</strong></span> <span class='ocrx_word' id='word_1_490' title='bbox 3273 939 3380 995; x_wconf 90' lang='lat' dir='ltr'><strong>tua,</strong></span> <span class='ocrx_word' id='word_1_491' title='bbox 3413 931 3648 1002; x_wconf 86' lang='lat' dir='ltr'><strong>Christe,</strong></span> <span class='ocrx_word' id='word_1_492' title='bbox 3677 937 3795 994; x_wconf 56' lang='lat' dir='ltr'><strong>Leo.</strong></span> 
     </span>
    </p>
   </div>
   <div class='ocr_carea' id='block_1_69' title="bbox 2242 1011 3793 1096">
    <p class='ocr_par' dir='ltr' id='par_1_69' title="bbox 2242 1011 3793 1096">
     <span class='ocr_line' id='line_1_69' title="bbox 2242 1011 3793 1096; baseline 0.012 -31"><span class='ocrx_word' id='word_1_493' title='bbox 2242 1011 2415 1075; x_wconf 75' lang='lat' dir='ltr'><strong>cadis,</strong></span> <span class='ocrx_word' id='word_1_494' title='bbox 2445 1027 2564 1081; x_wconf 74' lang='lat' dir='ltr'><strong>quze</strong></span> <span class='ocrx_word' id='word_1_495' title='bbox 2593 1014 2938 1086; x_wconf 75' lang='lat' dir='ltr'><strong>consurgenti</strong></span> <span class='ocrx_word' id='word_1_496' title='bbox 2982 1017 3190 1073; x_wconf 67' lang='lat' dir='ltr'><strong>aurora:</strong></span> <span class='ocrx_word' id='word_1_497' title='bbox 3223 1026 3554 1092; x_wconf 73' lang='lat' dir='ltr'><strong>comparata,</strong></span> <span class='ocrx_word' id='word_1_498' title='bbox 3586 1030 3793 1096; x_wconf 82' lang='lat' dir='ltr'><strong>pulchra</strong></span> 
     </span>
    </p>
   </div>
   <div class='ocr_carea' id='block_1_70' title="bbox 2242 1102 3792 1177">
    <p class='ocr_par' dir='ltr' id='par_1_70' title="bbox 2242 1102 3792 1177">
     <span class='ocr_line' id='line_1_70' title="bbox 2242 1102 3792 1177; baseline 0.013 -22"><span class='ocrx_word' id='word_1_499' title='bbox 2242 1112 2301 1155; x_wconf 92' lang='lat' dir='ltr'><strong>ut</strong></span> <span class='ocrx_word' id='word_1_500' title='bbox 2325 1102 2467 1168; x_wconf 89' lang='lat' dir='ltr'><strong>luna,</strong></span> <span class='ocrx_word' id='word_1_501' title='bbox 2497 1113 2654 1172; x_wconf 88' lang='lat' dir='ltr'><strong>atque</strong></span> <span class='ocrx_word' id='word_1_502' title='bbox 2685 1105 2853 1160; x_wconf 79' lang='lat' dir='ltr'><strong>electa</strong></span> <span class='ocrx_word' id='word_1_503' title='bbox 2880 1114 2937 1161; x_wconf 92' lang='lat' dir='ltr'><strong>ut</strong></span> <span class='ocrx_word' id='word_1_504' title='bbox 2959 1109 3061 1173; x_wconf 89' lang='lat' dir='ltr'><strong>sol,</strong></span> <span class='ocrx_word' id='word_1_505' title='bbox 3095 1110 3384 1177; x_wconf 60' lang='lat' dir='ltr'><strong>probetur:</strong></span> <span class='ocrx_word' id='word_1_506' title='bbox 3436 1115 3563 1170; x_wconf 76' lang='lat' dir='ltr'><strong>dum</strong></span> <span class='ocrx_word' id='word_1_507' title='bbox 3594 1118 3792 1175; x_wconf 78' lang='lat' dir='ltr'><strong>clariori</strong></span> 
     </span>
    </p>
   </div>
   <div class='ocr_carea' id='block_1_71' title="bbox 2242 1195 3787 1269">
    <p class='ocr_par' dir='ltr' id='par_1_71' title="bbox 2242 1195 3787 1269">
     <span class='ocr_line' id='line_1_71' title="bbox 2242 1195 3787 1269; baseline 0.014 -21"><span class='ocrx_word' id='word_1_508' title='bbox 2242 1195 2461 1249; x_wconf 81' lang='lat' dir='ltr'><strong>rutilans</strong></span> <span class='ocrx_word' id='word_1_509' title='bbox 2481 1195 2701 1265; x_wconf 81' lang='lat' dir='ltr'><strong>lumine,</strong></span> <span class='ocrx_word' id='word_1_510' title='bbox 2723 1206 2778 1252; x_wconf 90' lang='lat' dir='ltr'><strong>et</strong></span> <span class='ocrx_word' id='word_1_511' title='bbox 2800 1209 2854 1253; x_wconf 94' lang='lat' dir='ltr'><strong>ut</strong></span> <span class='ocrx_word' id='word_1_512' title='bbox 2874 1198 2996 1253; x_wconf 84' lang='lat' dir='ltr'><strong>luna</strong></span> <span class='ocrx_word' id='word_1_513' title='bbox 3016 1200 3193 1269; x_wconf 89' lang='lat' dir='ltr'><strong>plena,</strong></span> <span class='ocrx_word' id='word_1_514' title='bbox 3240 1205 3490 1261; x_wconf 80' lang='lat' dir='ltr'><strong>clarescit</strong></span> <span class='ocrx_word' id='word_1_515' title='bbox 3513 1211 3565 1264; x_wconf 90' lang='lat' dir='ltr'><strong>in</strong></span> <span class='ocrx_word' id='word_1_516' title='bbox 3588 1213 3787 1268; x_wconf 72' lang='lat' dir='ltr'><strong>confes-</strong></span> 
     </span>
    </p>
   </div>
   <div class='ocr_carea' id='block_1_72' title="bbox 2243 1286 3790 1359">
    <p class='ocr_par' dir='ltr' id='par_1_72' title="bbox 2243 1286 3790 1359">
     <span class='ocr_line' id='line_1_72' title="bbox 2243 1286 3790 1359; baseline 0.011 -20"><span class='ocrx_word' id='word_1_517' title='bbox 2243 1286 2416 1351; x_wconf 74' lang='lat' dir='ltr'><strong>sidne,</strong></span> <span class='ocrx_word' id='word_1_518' title='bbox 2444 1295 2499 1340; x_wconf 91' lang='lat' dir='ltr'><strong>et</strong></span> <span class='ocrx_word' id='word_1_519' title='bbox 2523 1297 2579 1341; x_wconf 91' lang='lat' dir='ltr'><strong>ut</strong></span> <span class='ocrx_word' id='word_1_520' title='bbox 2632 1288 2711 1341; x_wconf 88' lang='lat' dir='ltr'><strong>sul</strong></span> <span class='ocrx_word' id='word_1_521' title='bbox 2742 1287 2999 1358; x_wconf 87' lang='lat' dir='ltr'><strong>ﬂagrans,</strong></span> <span class='ocrx_word' id='word_1_522' title='bbox 3042 1299 3200 1359; x_wconf 86' lang='lat' dir='ltr'><strong>atque</strong></span> <span class='ocrx_word' id='word_1_523' title='bbox 3262 1295 3691 1355; x_wconf 75' lang='lat' dir='ltr'><strong>imminutiénem</strong></span> <span class='ocrx_word' id='word_1_524' title='bbox 3718 1304 3790 1356; x_wconf 87' lang='lat' dir='ltr'><strong>sui</strong></span> 
     </span>
    </p>
   </div>
   <div class='ocr_carea' id='block_1_73' title="bbox 2243 1376 3794 1461">
    <p class='ocr_par' dir='ltr' id='par_1_73' title="bbox 2243 1376 3794 1461">
     <span class='ocr_line' id='line_1_73' title="bbox 2243 1376 3794 1461; baseline 0.012 -31"><span class='ocrx_word' id='word_1_525' title='bbox 2243 1376 2505 1443; x_wconf 83' lang='lat' dir='ltr'><strong>nesciens,</strong></span> <span class='ocrx_word' id='word_1_526' title='bbox 2536 1378 2836 1433; x_wconf 77' lang='lat' dir='ltr'><strong>sanctitatis</strong></span> <span class='ocrx_word' id='word_1_527' title='bbox 2866 1381 3109 1447; x_wconf 85' lang='lat' dir='ltr'><strong>persistit</strong></span> <span class='ocrx_word' id='word_1_528' title='bbox 3138 1385 3188 1437; x_wconf 93' lang='lat' dir='ltr'><strong>in</strong></span> <span class='ocrx_word' id='word_1_529' title='bbox 3215 1384 3381 1454; x_wconf 58' lang='lat' dir='ltr'><strong>Opere</strong></span> <span class='ocrx_word' id='word_1_530' title='bbox 3414 1406 3426 1439; x_wconf 87' lang='lat'><strong>:</strong></span> <span class='ocrx_word' id='word_1_531' title='bbox 3476 1389 3544 1443; x_wconf 81' lang='lat' dir='ltr'><strong>da</strong></span> <span class='ocrx_word' id='word_1_532' title='bbox 3565 1406 3693 1461; x_wconf 87' lang='lat' dir='ltr'><strong>ergo</strong></span> <span class='ocrx_word' id='word_1_533' title='bbox 3712 1409 3794 1448; x_wconf 83' lang='lat' dir='ltr'><strong>no~</strong></span> 
     </span>
    </p>
   </div>
   <div class='ocr_carea' id='block_1_74' title="bbox 2243 1466 3781 1550">
    <p class='ocr_par' dir='ltr' id='par_1_74' title="bbox 2243 1466 3781 1550">
     <span class='ocr_line' id='line_1_74' title="bbox 2243 1466 3781 1550; baseline 0.012 -32"><span class='ocrx_word' id='word_1_534' title='bbox 2243 1466 2343 1530; x_wconf 87' lang='lat' dir='ltr'><strong>his,</strong></span> <span class='ocrx_word' id='word_1_535' title='bbox 2369 1476 2425 1520; x_wconf 91' lang='lat' dir='ltr'><strong>ut</strong></span> <span class='ocrx_word' id='word_1_536' title='bbox 2448 1480 2541 1535; x_wconf 89' lang='lat' dir='ltr'><strong>per</strong></span> <span class='ocrx_word' id='word_1_537' title='bbox 2564 1482 2681 1521; x_wconf 86' lang='lat' dir='ltr'><strong>eam</strong></span> <span class='ocrx_word' id='word_1_538' title='bbox 2725 1468 2863 1537; x_wconf 89' lang='lat' dir='ltr'><strong>apud</strong></span> <span class='ocrx_word' id='word_1_539' title='bbox 2886 1477 2938 1524; x_wconf 89' lang='lat' dir='ltr'><strong>te</strong></span> <span class='ocrx_word' id='word_1_540' title='bbox 2967 1484 3061 1539; x_wconf 92' lang='lat' dir='ltr'><strong>pro</strong></span> <span class='ocrx_word' id='word_1_541' title='bbox 3086 1473 3218 1526; x_wconf 82' lang='lat' dir='ltr'><strong>votis</strong></span> <span class='ocrx_word' id='word_1_542' title='bbox 3246 1475 3489 1533; x_wconf 80' lang='lat' dir='ltr'><strong>obtinere</strong></span> <span class='ocrx_word' id='word_1_543' title='bbox 3514 1479 3781 1550; x_wconf 76' lang='lat' dir='ltr'><strong>indulgeu-</strong></span> 
     </span>
    </p>
   </div>
   <div class='ocr_carea' id='block_1_75' title="bbox 2243 1560 3791 1644">
    <p class='ocr_par' dir='ltr' id='par_1_75' title="bbox 2243 1560 3791 1644">
     <span class='ocr_line' id='line_1_75' title="bbox 2243 1560 3791 1644; baseline 0.012 -35"><span class='ocrx_word' id='word_1_544' title='bbox 2243 1560 2367 1611; x_wconf 84' lang='lat' dir='ltr'><strong>tiam</strong></span> <span class='ocrx_word' id='word_1_545' title='bbox 2397 1560 2719 1628; x_wconf 61' lang='lat' dir='ltr'><strong>mercemur,</strong></span> <span class='ocrx_word' id='word_1_546' title='bbox 2785 1560 2875 1630; x_wconf 91' lang='lat' dir='ltr'><strong>qui</strong></span> <span class='ocrx_word' id='word_1_547' title='bbox 2902 1576 3042 1618; x_wconf 90' lang='lat' dir='ltr'><strong>nunc</strong></span> <span class='ocrx_word' id='word_1_548' title='bbox 3070 1578 3165 1631; x_wconf 92' lang='lat' dir='ltr'><strong>pro</strong></span> <span class='ocrx_word' id='word_1_549' title='bbox 3212 1566 3437 1637; x_wconf 86' lang='lat' dir='ltr'><strong>delictis,</strong></span> <span class='ocrx_word' id='word_1_550' title='bbox 3485 1571 3568 1625; x_wconf 81' lang='lat' dir='ltr'><strong>vel</strong></span> <span class='ocrx_word' id='word_1_551' title='bbox 3600 1571 3791 1644; x_wconf 56' lang='lat' dir='ltr'><strong>lachry.</strong></span> 
     </span>
    </p>
   </div>
   <div class='ocr_carea' id='block_1_76' title="bbox 2240 1647 3740 1725">
    <p class='ocr_par' dir='ltr' id='par_1_76' title="bbox 2240 1647 3740 1725">
     <span class='ocr_line' id='line_1_76' title="bbox 2240 1647 3740 1725; baseline 0.011 -22"><span class='ocrx_word' id='word_1_552' title='bbox 2240 1664 2353 1703; x_wconf 86' lang='lat' dir='ltr'><strong>mas</strong></span> <span class='ocrx_word' id='word_1_553' title='bbox 2380 1647 2665 1714; x_wconf 81' lang='lat' dir='ltr'><strong>fundimus,</strong></span> <span class='ocrx_word' id='word_1_554' title='bbox 2699 1652 2780 1706; x_wconf 85' lang='lat' dir='ltr'><strong>vel</strong></span> <span class='ocrx_word' id='word_1_555' title='bbox 2803 1650 3029 1719; x_wconf 78' lang='lat' dir='ltr'><strong>gemitus</strong></span> <span class='ocrx_word' id='word_1_556' title='bbox 3058 1654 3393 1716; x_wconf 77' lang='lat' dir='ltr'><strong>exhibemus.</strong></span> <span class='ocrx_word' id='word_1_557' title='bbox 3443 1660 3480 1725; x_wconf 53' lang='lat' dir='ltr'><strong>ti?</strong></span> <span class='ocrx_word' id='word_1_558' title='bbox 3504 1699 3519 1713; x_wconf 93' lang='lat'><strong>.</strong></span> <span class='ocrx_word' id='word_1_559' title='bbox 3554 1663 3740 1719; x_wconf 86' lang='lat' dir='ltr'><strong>Amen.</strong></span> 
     </span>
    </p>
   </div>
   <div class='ocr_carea' id='block_1_77' title="bbox 2315 1740 3355 1795">
    <p class='ocr_par' dir='ltr' id='par_1_77' title="bbox 2315 1740 3355 1795">
     <span class='ocr_line' id='line_1_77' title="bbox 2315 1740 3355 1795; baseline 0.002 -1"><span class='ocrx_word' id='word_1_560' title='bbox 2315 1740 2432 1795; x_wconf 81' lang='lat' dir='ltr'><strong>Per.</strong></span> <span class='ocrx_word' id='word_1_561' title='bbox 3354 1746 3355 1749; x_wconf 65' lang='grc'><em>“</em></span> 
     </span>
    </p>
   </div>
   <div class='ocr_carea' id='block_1_78' title="bbox 2330 1829 3790 1911">
    <p class='ocr_par' dir='ltr' id='par_1_78' title="bbox 2330 1829 3790 1911">
     <span class='ocr_line' id='line_1_78' title="bbox 2330 1829 3790 1911; baseline 0.008 -30"><span class='ocrx_word' id='word_1_562' title='bbox 2330 1829 2631 1899; x_wconf 62' lang='lat' dir='ltr'><strong>Antiphone.</strong></span> <span class='ocrx_word' id='word_1_563' title='bbox 2667 1831 2936 1901; x_wconf 76' lang='lat' dir='ltr'><strong>Egredere</strong></span> <span class='ocrx_word' id='word_1_564' title='bbox 2965 1836 3115 1903; x_wconf 89' lang='lat' dir='ltr'><strong>quasi</strong></span> <span class='ocrx_word' id='word_1_565' title='bbox 3143 1837 3334 1890; x_wconf 71' lang='lat' dir='ltr'><strong>aurern</strong></span> <span class='ocrx_word' id='word_1_566' title='bbox 3364 1841 3790 1911; x_wconf 79' lang='lat' dir='ltr'><strong>consurgens,P.</strong></span> 
     </span>
    </p>
   </div>
   <div class='ocr_carea' id='block_1_79' title="bbox 2244 1922 3768 2001">
    <p class='ocr_par' dir='ltr' id='par_1_79' title="bbox 2244 1922 3768 2001">
     <span class='ocr_line' id='line_1_79' title="bbox 2244 1922 3768 2001; baseline 0.01 -26"><span class='ocrx_word' id='word_1_567' title='bbox 2244 1922 2467 1976; x_wconf 88' lang='lat' dir='ltr'><strong>Pulchra</strong></span> <span class='ocrx_word' id='word_1_568' title='bbox 2497 1932 2554 1975; x_wconf 91' lang='lat' dir='ltr'><strong>ut</strong></span> <span class='ocrx_word' id='word_1_569' title='bbox 2580 1924 2725 1989; x_wconf 71' lang='lat' dir='ltr'><strong>lunia,</strong></span> <span class='ocrx_word' id='word_1_570' title='bbox 2758 1935 2811 1979; x_wconf 91' lang='lat' dir='ltr'><strong>et</strong></span> <span class='ocrx_word' id='word_1_571' title='bbox 2838 1925 3005 1981; x_wconf 85' lang='lat' dir='ltr'><strong>eléeta</strong></span> <span class='ocrx_word' id='word_1_572' title='bbox 3036 1937 3093 1981; x_wconf 93' lang='lat' dir='ltr'><strong>ut</strong></span> <span class='ocrx_word' id='word_1_573' title='bbox 3120 1931 3219 1991; x_wconf 85' lang='lat' dir='ltr'><strong>sul,</strong></span> <span class='ocrx_word' id='word_1_574' title='bbox 3250 1938 3307 1983; x_wconf 81' lang='lat' dir='ltr'><strong>et</strong></span> <span class='ocrx_word' id='word_1_575' title='bbox 3333 1934 3544 1985; x_wconf 64' lang='lat' dir='ltr'><strong>orneta.</strong></span> <span class='ocrx_word' id='word_1_576' title='bbox 3598 1935 3627 2001; x_wconf 60' lang='grc' dir='ltr'><em>ᾖ</em></span> <span class='ocrx_word' id='word_1_577' title='bbox 3656 1974 3669 1986; x_wconf 93' lang='grc'><strong>.</strong></span> <span class='ocrx_word' id='word_1_578' title='bbox 3698 1937 3768 1990; x_wconf 76' lang='lat' dir='ltr'><strong>An</strong></span> 
     </span>
    </p>
   </div>
   <div class='ocr_carea' id='block_1_80' title="bbox 2239 2013 3792 2082">
    <p class='ocr_par' dir='ltr' id='par_1_80' title="bbox 2239 2013 3792 2082">
     <span class='ocr_line' id='line_1_80' title="bbox 2239 2013 3792 2082; baseline 0.009 -15"><span class='ocrx_word' id='word_1_579' title='bbox 2239 2013 2288 2068; x_wconf 90' lang='lat' dir='ltr'><strong>di</strong></span> <span class='ocrx_word' id='word_1_580' title='bbox 2312 2014 2441 2080; x_wconf 88' lang='lat' dir='ltr'><strong>ﬁlia,</strong></span> <span class='ocrx_word' id='word_1_581' title='bbox 2468 2023 2523 2069; x_wconf 89' lang='lat' dir='ltr'><strong>et</strong></span> <span class='ocrx_word' id='word_1_582' title='bbox 2542 2015 2681 2082; x_wconf 89' lang='lat' dir='ltr'><strong>vide,</strong></span> <span class='ocrx_word' id='word_1_583' title='bbox 2705 2026 2756 2070; x_wconf 91' lang='lat' dir='ltr'><strong>et</strong></span> <span class='ocrx_word' id='word_1_584' title='bbox 2778 2016 2971 2072; x_wconf 86' lang='lat' dir='ltr'><strong>inclina</strong></span> <span class='ocrx_word' id='word_1_585' title='bbox 2991 2033 3171 2073; x_wconf 89' lang='lat' dir='ltr'><strong>aurem</strong></span> <span class='ocrx_word' id='word_1_586' title='bbox 3204 2030 3342 2073; x_wconf 87' lang='lat' dir='ltr'><strong>tuam</strong></span> <span class='ocrx_word' id='word_1_587' title='bbox 3376 2039 3388 2073; x_wconf 76' lang='grc' dir='ltr'>ε</span> <span class='ocrx_word' id='word_1_588' title='bbox 3421 2022 3792 2081; x_wconf 82' lang='lat' dir='ltr'><strong>etobliviscere</strong></span> 
     </span>
    </p>
   </div>
   <div class='ocr_carea' id='block_1_81' title="bbox 2240 2105 3777 2179">
    <p class='ocr_par' dir='ltr' id='par_1_81' title="bbox 2240 2105 3777 2179">
     <span class='ocr_line' id='line_1_81' title="bbox 2240 2105 3777 2179; baseline 0.007 -20"><span class='ocrx_word' id='word_1_589' title='bbox 2240 2105 2490 2175; x_wconf 74' lang='lat' dir='ltr'><strong>pupulum</strong></span> <span class='ocrx_word' id='word_1_590' title='bbox 2513 2115 2683 2173; x_wconf 90' lang='lat' dir='ltr'><strong>tuum,</strong></span> <span class='ocrx_word' id='word_1_591' title='bbox 2712 2118 2768 2162; x_wconf 88' lang='lat' dir='ltr'><strong>et</strong></span> <span class='ocrx_word' id='word_1_592' title='bbox 2790 2110 3004 2163; x_wconf 88' lang='lat' dir='ltr'><strong>domum</strong></span> <span class='ocrx_word' id='word_1_593' title='bbox 3028 2111 3305 2179; x_wconf 85' lang='lat' dir='ltr'><strong>patristui.</strong></span> <span class='ocrx_word' id='word_1_594' title='bbox 3336 2109 3399 2166; x_wconf 88' lang='lat' dir='ltr'><strong>P.</strong></span> <span class='ocrx_word' id='word_1_595' title='bbox 3429 2111 3678 2169; x_wconf 83' lang='lat' dir='ltr'><strong>Pulchra.</strong></span> <span class='ocrx_word' id='word_1_596' title='bbox 3717 2118 3777 2169; x_wconf 65' lang='grc' dir='ltr'><strong>ὖ.</strong></span> 
     </span>
    </p>
   </div>
   <div class='ocr_carea' id='block_1_82' title="bbox 2246 2196 3134 2263">
    <p class='ocr_par' dir='ltr' id='par_1_82' title="bbox 2246 2196 3134 2263">
     <span class='ocr_line' id='line_1_82' title="bbox 2246 2196 3134 2263; baseline 0.005 -13"><span class='ocrx_word' id='word_1_597' title='bbox 2246 2196 2455 2263; x_wconf 77' lang='lat' dir='ltr'><strong>Gldria,</strong></span> <span class='ocrx_word' id='word_1_598' title='bbox 2488 2205 2542 2251; x_wconf 86' lang='lat' dir='ltr'><strong>et</strong></span> <span class='ocrx_word' id='word_1_599' title='bbox 2568 2198 2758 2251; x_wconf 90' lang='lat' dir='ltr'><strong>honor.</strong></span> <span class='ocrx_word' id='word_1_600' title='bbox 2790 2197 2855 2252; x_wconf 85' lang='grc' dir='ltr'><strong>Ρ.</strong></span> <span class='ocrx_word' id='word_1_601' title='bbox 2887 2198 3134 2255; x_wconf 87' lang='lat' dir='ltr'><strong>Pulchra.</strong></span> 
     </span>
    </p>
   </div>
   <div class='ocr_carea' id='block_1_83' title="bbox 2311 2290 3783 2365">
    <p class='ocr_par' dir='ltr' id='par_1_83' title="bbox 2311 2290 3783 2365">
     <span class='ocr_line' id='line_1_83' title="bbox 2311 2290 3783 2365; baseline 0.007 -22"><span class='ocrx_word' id='word_1_602' title='bbox 2311 2290 2505 2343; x_wconf 62' lang='lat' dir='ltr'><strong>Oratio.</strong></span> <span class='ocrx_word' id='word_1_603' title='bbox 2538 2290 2699 2357; x_wconf 90' lang='lat' dir='ltr'><strong>Deus,</strong></span> <span class='ocrx_word' id='word_1_604' title='bbox 2724 2291 2812 2359; x_wconf 89' lang='lat' dir='ltr'><strong>qui</strong></span> <span class='ocrx_word' id='word_1_605' title='bbox 2838 2307 3022 2347; x_wconf 89' lang='lat' dir='ltr'><strong>navem</strong></span> <span class='ocrx_word' id='word_1_606' title='bbox 3053 2294 3305 2348; x_wconf 69' lang='lat' dir='ltr'><strong>Ecclesia:</strong></span> <span class='ocrx_word' id='word_1_607' title='bbox 3334 2303 3459 2360; x_wconf 68' lang='lat' dir='ltr'><strong>tute,</strong></span> <span class='ocrx_word' id='word_1_608' title='bbox 3496 2310 3593 2365; x_wconf 89' lang='lat' dir='ltr'><strong>pro</strong></span> <span class='ocrx_word' id='word_1_609' title='bbox 3624 2296 3783 2353; x_wconf 74' lang='lat' dir='ltr'><strong>Mundi</strong></span> 
     </span>
    </p>
   </div>
   <div class='ocr_carea' id='block_1_84' title="bbox 2238 2382 3783 2456">
    <p class='ocr_par' dir='ltr' id='par_1_84' title="bbox 2238 2382 3783 2456">
     <span class='ocr_line' id='line_1_84' title="bbox 2238 2382 3783 2456; baseline 0.005 -20"><span class='ocrx_word' id='word_1_610' title='bbox 2238 2383 2389 2437; x_wconf 86' lang='lat' dir='ltr'><strong>istius</strong></span> <span class='ocrx_word' id='word_1_611' title='bbox 2411 2384 2659 2453; x_wconf 89' lang='lat' dir='ltr'><strong>periculis</strong></span> <span class='ocrx_word' id='word_1_612' title='bbox 2686 2382 3051 2447; x_wconf 76' lang='lat' dir='ltr'><strong>ﬂuctuantem,</strong></span> <span class='ocrx_word' id='word_1_613' title='bbox 3084 2383 3317 2454; x_wconf 78' lang='lat' dir='ltr'><strong>optimus</strong></span> <span class='ocrx_word' id='word_1_614' title='bbox 3338 2396 3498 2441; x_wconf 89' lang='lat' dir='ltr'><strong>nauta</strong></span> <span class='ocrx_word' id='word_1_615' title='bbox 3514 2389 3783 2456; x_wconf 75' lang='lat' dir='ltr'><strong>gubernas;</strong></span> 
     </span>
    </p>
   </div>
   <div class='ocr_carea' id='block_1_85' title="bbox 2234 2476 3782 2549">
    <p class='ocr_par' dir='ltr' id='par_1_85' title="bbox 2234 2476 3782 2549">
     <span class='ocr_line' id='line_1_85' title="bbox 2234 2476 3782 2549; baseline 0.003 -17"><span class='ocrx_word' id='word_1_616' title='bbox 2234 2485 2289 2532; x_wconf 88' lang='lat' dir='ltr'><strong>et</strong></span> <span class='ocrx_word' id='word_1_617' title='bbox 2318 2492 2383 2531; x_wconf 93' lang='lat' dir='ltr'><strong>ne</strong></span> <span class='ocrx_word' id='word_1_618' title='bbox 2426 2476 2755 2532; x_wconf 65' lang='lat' dir='ltr'><strong>inﬁdelitﬁitis</strong></span> <span class='ocrx_word' id='word_1_619' title='bbox 2780 2478 3015 2546; x_wconf 72' lang='lat' dir='ltr'><strong>procella</strong></span> <span class='ocrx_word' id='word_1_620' title='bbox 3042 2478 3315 2544; x_wconf 74' lang='lat' dir='ltr'><strong>obruatur,</strong></span> <span class='ocrx_word' id='word_1_621' title='bbox 3368 2479 3782 2549; x_wconf 83' lang='lat' dir='ltr'><strong>vigilantissimus</strong></span> 
     </span>
    </p>
   </div>
   <div class='ocr_carea' id='block_1_86' title="bbox 2232 2568 3779 2640">
    <p class='ocr_par' dir='ltr' id='par_1_86' title="bbox 2232 2568 3779 2640">
     <span class='ocr_line' id='line_1_86' title="bbox 2232 2568 3779 2640; baseline 0.003 -17"><span class='ocrx_word' id='word_1_622' title='bbox 2232 2579 2413 2624; x_wconf 87' lang='lat' dir='ltr'><strong>custos</strong></span> <span class='ocrx_word' id='word_1_623' title='bbox 2434 2570 2720 2623; x_wconf 75' lang='lat' dir='ltr'><strong>sollicitas:</strong></span> <span class='ocrx_word' id='word_1_624' title='bbox 2748 2568 2995 2623; x_wconf 71' lang='lat' dir='ltr'><strong>Omnibus</strong></span> <span class='ocrx_word' id='word_1_625' title='bbox 3018 2570 3134 2640; x_wconf 85' lang='lat' dir='ltr'><strong>ejus</strong></span> <span class='ocrx_word' id='word_1_626' title='bbox 3162 2570 3373 2624; x_wconf 76' lang='lat' dir='ltr'><strong>lavacro</strong></span> <span class='ocrx_word' id='word_1_627' title='bbox 3405 2571 3605 2625; x_wconf 75' lang='lat' dir='ltr'><strong>renatis</strong></span> <span class='ocrx_word' id='word_1_628' title='bbox 3629 2572 3779 2628; x_wconf 83' lang='lat' dir='ltr'><strong>tribue</strong></span> 
     </span>
    </p>
   </div>
   <div class='ocr_carea' id='block_1_87' title="bbox 2235 2658 3777 2729">
    <p class='ocr_par' dir='ltr' id='par_1_87' title="bbox 2235 2658 3777 2729">
     <span class='ocr_line' id='line_1_87' title="bbox 2235 2658 3777 2729; baseline 0.003 -17"><span class='ocrx_word' id='word_1_629' title='bbox 2235 2674 2327 2728; x_wconf 89' lang='lat' dir='ltr'><strong>per</strong></span> <span class='ocrx_word' id='word_1_630' title='bbox 2358 2658 2703 2713; x_wconf 81' lang='lat' dir='ltr'><strong>intercessum</strong></span> <span class='ocrx_word' id='word_1_631' title='bbox 2730 2658 2975 2728; x_wconf 68' lang='lat' dir='ltr'><strong>gloritisxe</strong></span> <span class='ocrx_word' id='word_1_632' title='bbox 3016 2658 3341 2714; x_wconf 74' lang='lat' dir='ltr'><strong>confesséris</strong></span> <span class='ocrx_word' id='word_1_633' title='bbox 3370 2670 3423 2714; x_wconf 91' lang='lat' dir='ltr'><strong>et</strong></span> <span class='ocrx_word' id='word_1_634' title='bbox 3452 2660 3667 2729; x_wconf 81' lang='lat' dir='ltr'><strong>virginis</strong></span> <span class='ocrx_word' id='word_1_635' title='bbox 3692 2670 3777 2717; x_wconf 69' lang='lat' dir='ltr'><strong>tua:</strong></span> 
     </span>
    </p>
   </div>
   <div class='ocr_carea' id='block_1_88' title="bbox 2235 2750 3765 2818">
    <p class='ocr_par' dir='ltr' id='par_1_88' title="bbox 2235 2750 3765 2818">
     <span class='ocr_line' id='line_1_88' title="bbox 2235 2750 3765 2818; baseline 0.003 -13"><span class='ocrx_word' id='word_1_636' title='bbox 2235 2750 2530 2816; x_wconf 74' lang='lat' dir='ltr'><strong>Leocadim,</strong></span> <span class='ocrx_word' id='word_1_637' title='bbox 2568 2750 2994 2817; x_wconf 75' lang='lat' dir='ltr'><strong>persecutiduum</strong></span> <span class='ocrx_word' id='word_1_638' title='bbox 3015 2751 3352 2818; x_wconf 72' lang='lat' dir='ltr'><strong>tempestates</strong></span> <span class='ocrx_word' id='word_1_639' title='bbox 3368 2753 3418 2806; x_wconf 92' lang='lat' dir='ltr'><strong>in</strong></span> <span class='ocrx_word' id='word_1_640' title='bbox 3450 2753 3526 2806; x_wconf 92' lang='lat' dir='ltr'><strong>tui</strong></span> <span class='ocrx_word' id='word_1_641' title='bbox 3550 2751 3765 2809; x_wconf 80' lang='lat' dir='ltr'><strong>nominis</strong></span> 
     </span>
    </p>
   </div>
   <div class='ocr_carea' id='block_1_89' title="bbox 2232 2843 3770 2913">
    <p class='ocr_par' dir='ltr' id='par_1_89' title="bbox 2232 2843 3770 2913">
     <span class='ocr_line' id='line_1_89' title="bbox 2232 2843 3770 2913; baseline 0.002 -15"><span class='ocrx_word' id='word_1_642' title='bbox 2232 2843 2567 2898; x_wconf 76' lang='lat' dir='ltr'><strong>eonfessidne</strong></span> <span class='ocrx_word' id='word_1_643' title='bbox 2591 2844 2893 2913; x_wconf 90' lang='lat' dir='ltr'><strong>deviucere,</strong></span> <span class='ocrx_word' id='word_1_644' title='bbox 2937 2844 3139 2913; x_wconf 86' lang='lat' dir='ltr'><strong>tibique</strong></span> <span class='ocrx_word' id='word_1_645' title='bbox 3192 2844 3445 2913; x_wconf 82' lang='lat' dir='ltr'><strong>placitum</strong></span> <span class='ocrx_word' id='word_1_646' title='bbox 3480 2846 3770 2901; x_wconf 81' lang='lat' dir='ltr'><strong>sacriﬁcium</strong></span> 
     </span>
    </p>
   </div>
   <div class='ocr_carea' id='block_1_90' title="bbox 2234 2932 3769 3006">
    <p class='ocr_par' dir='ltr' id='par_1_90' title="bbox 2234 2932 3769 3006">
     <span class='ocr_line' id='line_1_90' title="bbox 2234 2932 3769 3006; baseline 0.001 -17"><span class='ocrx_word' id='word_1_647' title='bbox 2234 2934 2587 3003; x_wconf 85' lang='lat' dir='ltr'><strong>nosmetipsos</strong></span> <span class='ocrx_word' id='word_1_648' title='bbox 2614 2932 2839 2989; x_wconf 79' lang='lat' dir='ltr'><strong>oﬁ‘érre:</strong></span> <span class='ocrx_word' id='word_1_649' title='bbox 2868 2934 3065 3004; x_wconf 90' lang='lat' dir='ltr'><strong>quique</strong></span> <span class='ocrx_word' id='word_1_650' title='bbox 3131 2935 3446 2990; x_wconf 81' lang='lat' dir='ltr'><strong>mirabiliter</strong></span> <span class='ocrx_word' id='word_1_651' title='bbox 3475 2937 3769 3006; x_wconf 86' lang='lat' dir='ltr'><strong>prospiciunt</strong></span> 
     </span>
    </p>
   </div>
   <div class='ocr_carea' id='block_1_91' title="bbox 2234 3026 3765 3098">
    <p class='ocr_par' dir='ltr' id='par_1_91' title="bbox 2234 3026 3765 3098">
     <span class='ocr_line' id='line_1_91' title="bbox 2234 3026 3765 3098; baseline 0.002 -17"><span class='ocrx_word' id='word_1_652' title='bbox 2234 3028 2287 3081; x_wconf 88' lang='lat' dir='ltr'><strong>in</strong></span> <span class='ocrx_word' id='word_1_653' title='bbox 2318 3026 2635 3096; x_wconf 65' lang='lat' dir='ltr'><strong>profundum</strong></span> <span class='ocrx_word' id='word_1_654' title='bbox 2669 3070 2684 3095; x_wconf 96' lang='lat'><strong>,</strong></span> <span class='ocrx_word' id='word_1_655' title='bbox 2718 3027 2939 3097; x_wconf 84' lang='lat' dir='ltr'><strong>remigio</strong></span> <span class='ocrx_word' id='word_1_656' title='bbox 2968 3026 3195 3082; x_wconf 73' lang='lat' dir='ltr'><strong>déxtercr</strong></span> <span class='ocrx_word' id='word_1_657' title='bbox 3229 3038 3330 3083; x_wconf 82' lang='lat' dir='ltr'><strong>tuae</strong></span> <span class='ocrx_word' id='word_1_658' title='bbox 3361 3027 3703 3098; x_wconf 79' lang='lat' dir='ltr'><strong>perducantur</strong></span> <span class='ocrx_word' id='word_1_659' title='bbox 3725 3034 3765 3084; x_wconf 86' lang='lat' dir='ltr'><strong>iu</strong></span> 
     </span>
    </p>
   </div>
   <div class='ocr_carea' id='block_1_92' title="bbox 2232 3118 2794 3185">
    <p class='ocr_par' dir='ltr' id='par_1_92' title="bbox 2232 3118 2794 3185">
     <span class='ocr_line' id='line_1_92' title="bbox 2232 3118 2794 3185; baseline -0.005 -10"><span class='ocrx_word' id='word_1_660' title='bbox 2232 3118 2445 3175; x_wconf 64' lang='lat' dir='ltr'><strong>caelum.</strong></span> <span class='ocrx_word' id='word_1_661' title='bbox 2500 3118 2537 3185; x_wconf 69' lang='grc' dir='ltr'>ιῆ</span> <span class='ocrx_word' id='word_1_662' title='bbox 2558 3158 2571 3173; x_wconf 94' lang='grc'><strong>.</strong></span> <span class='ocrx_word' id='word_1_663' title='bbox 2601 3118 2794 3174; x_wconf 83' lang='lat' dir='ltr'><strong>Amen.</strong></span> 
     </span>
    </p>
   </div>
   <div class='ocr_carea' id='block_1_93' title="bbox 2154 3176 3206 3271">
    <p class='ocr_par' dir='ltr' id='par_1_93' title="bbox 2154 3176 3206 3271">
     <span class='ocr_line' id='line_1_93' title="bbox 2154 3176 3206 3271; baseline 0.001 -4"><span class='ocrx_word' id='word_1_664' title='bbox 2154 3176 2201 3240; x_wconf 63' lang='grc' dir='ltr'><strong>ϐ</strong></span> <span class='ocrx_word' id='word_1_665' title='bbox 2304 3212 2405 3267; x_wconf 87' lang='lat' dir='ltr'><strong>Per</strong></span> <span class='ocrx_word' id='word_1_666' title='bbox 2426 3211 2843 3267; x_wconf 77' lang='lat' dir='ltr'><strong>misericdrdiam</strong></span> <span class='ocrx_word' id='word_1_667' title='bbox 2875 3222 3015 3269; x_wconf 88' lang='lat' dir='ltr'><strong>tuam</strong></span> <span class='ocrx_word' id='word_1_668' title='bbox 3050 3215 3206 3271; x_wconf 88' lang='lat' dir='ltr'><strong>Deus.</strong></span> 
     </span>
    </p>
   </div>
   <div class='ocr_carea' id='block_1_94' title="bbox 2308 3302 3771 3377">
    <p class='ocr_par' dir='ltr' id='par_1_94' title="bbox 2308 3302 3771 3377">
     <span class='ocr_line' id='line_1_94' title="bbox 2308 3302 3771 3377; baseline 0.003 -21"><span class='ocrx_word' id='word_1_669' title='bbox 2308 3304 2615 3372; x_wconf 74' lang='lat' dir='ltr'><strong>Antiphone.</strong></span> <span class='ocrx_word' id='word_1_670' title='bbox 2652 3302 2903 3372; x_wconf 75' lang='lat' dir='ltr'><strong>Speciésa</strong></span> <span class='ocrx_word' id='word_1_671' title='bbox 2939 3306 3073 3360; x_wconf 82' lang='lat' dir='ltr'><strong>iacta</strong></span> <span class='ocrx_word' id='word_1_672' title='bbox 3094 3320 3152 3360; x_wconf 90' lang='lat' dir='ltr'><strong>es</strong></span> <span class='ocrx_word' id='word_1_673' title='bbox 3177 3306 3421 3362; x_wconf 79' lang='lat' dir='ltr'><strong>Alleluia.</strong></span> <span class='ocrx_word' id='word_1_674' title='bbox 3460 3307 3555 3377; x_wconf 94' lang='lat' dir='ltr'><strong>fol.</strong></span> <span class='ocrx_word' id='word_1_675' title='bbox 3586 3324 3771 3363; x_wconf 79' lang='lat' dir='ltr'><strong>cum.</strong></span> 
     </span>
    </p>
   </div>
   <div class='ocr_carea' id='block_1_95' title="bbox 2238 3396 3773 3469">
    <p class='ocr_par' dir='ltr' id='par_1_95' title="bbox 2238 3396 3773 3469">
     <span class='ocr_line' id='line_1_95' title="bbox 2238 3396 3773 3469; baseline 0.001 -19"><span class='ocrx_word' id='word_1_676' title='bbox 2238 3396 2415 3450; x_wconf 75' lang='grc' dir='ltr'><strong>Οτάιὶο</strong></span> <span class='ocrx_word' id='word_1_677' title='bbox 2468 3396 2727 3462; x_wconf 72' lang='lat' dir='ltr'><strong>Domine,</strong></span> <span class='ocrx_word' id='word_1_678' title='bbox 2786 3397 2875 3467; x_wconf 90' lang='lat' dir='ltr'><strong>qui</strong></span> <span class='ocrx_word' id='word_1_679' title='bbox 2922 3412 2980 3453; x_wconf 90' lang='lat' dir='ltr'><strong>es</strong></span> <span class='ocrx_word' id='word_1_680' title='bbox 3031 3412 3293 3467; x_wconf 86' lang='lat' dir='ltr'><strong>magnus,</strong></span> <span class='ocrx_word' id='word_1_681' title='bbox 3345 3409 3399 3452; x_wconf 81' lang='lat' dir='ltr'><strong>ut</strong></span> <span class='ocrx_word' id='word_1_682' title='bbox 3456 3401 3650 3469; x_wconf 65' lang='lat' dir='ltr'><strong>supra,</strong></span> <span class='ocrx_word' id='word_1_683' title='bbox 3694 3400 3773 3469; x_wconf 82' lang='lat' dir='ltr'><strong>fol.</strong></span> 
     </span>
    </p>
   </div>
   <div class='ocr_carea' id='block_1_96' title="bbox 2234 3486 3626 3558">
    <p class='ocr_par' dir='ltr' id='par_1_96' title="bbox 2234 3486 3626 3558">
     <span class='ocr_line' id='line_1_96' title="bbox 2234 3486 3626 3558; baseline 0 -15"><span class='ocrx_word' id='word_1_684' title='bbox 2234 3502 2538 3543; x_wconf 80' lang='lat' dir='ltr'><strong>cccxxxvu.</strong></span> <span class='ocrx_word' id='word_1_685' title='bbox 2566 3486 2991 3555; x_wconf 77' lang='lat' dir='ltr'><strong>Responsdrium.</strong></span> <span class='ocrx_word' id='word_1_686' title='bbox 3023 3488 3299 3558; x_wconf 74' lang='lat' dir='ltr'><strong>Speciésa,</strong></span> <span class='ocrx_word' id='word_1_687' title='bbox 3332 3499 3387 3543; x_wconf 91' lang='lat' dir='ltr'><strong>et</strong></span> <span class='ocrx_word' id='word_1_688' title='bbox 3412 3489 3626 3545; x_wconf 77' lang='lat' dir='ltr'><strong>decora.</strong></span> 
     </span>
    </p>
   </div>
   <div class='ocr_carea' id='block_1_97' title="bbox 2310 3577 3783 3650">
    <p class='ocr_par' dir='ltr' id='par_1_97' title="bbox 2310 3577 3783 3650">
     <span class='ocr_line' id='line_1_97' title="bbox 2310 3577 3783 3650; baseline 0 -17"><span class='ocrx_word' id='word_1_689' title='bbox 2310 3578 2512 3633; x_wconf 71' lang='grc' dir='ltr'><strong>Οτάιὶο.</strong></span> <span class='ocrx_word' id='word_1_690' title='bbox 2548 3578 2770 3632; x_wconf 76' lang='grc' dir='ltr'><strong>ῡόιηῑηε</strong></span> <span class='ocrx_word' id='word_1_691' title='bbox 2798 3577 2927 3633; x_wconf 84' lang='lat' dir='ltr'><strong>Jesu</strong></span> <span class='ocrx_word' id='word_1_692' title='bbox 2959 3578 3196 3648; x_wconf 85' lang='lat' dir='ltr'><strong>Christe,</strong></span> <span class='ocrx_word' id='word_1_693' title='bbox 3240 3581 3327 3650; x_wconf 91' lang='lat' dir='ltr'><strong>qui</strong></span> <span class='ocrx_word' id='word_1_694' title='bbox 3354 3595 3415 3635; x_wconf 92' lang='lat' dir='ltr'><strong>es</strong></span> <span class='ocrx_word' id='word_1_695' title='bbox 3434 3596 3593 3650; x_wconf 81' lang='lat' dir='ltr'><strong>supra</strong></span> <span class='ocrx_word' id='word_1_696' title='bbox 3616 3594 3783 3634; x_wconf 77' lang='lat' dir='ltr'><strong>omnes</strong></span> 
     </span>
    </p>
   </div>
   <div class='ocr_carea' id='block_1_98' title="bbox 2236 3670 3782 3742">
    <p class='ocr_par' dir='ltr' id='par_1_98' title="bbox 2236 3670 3782 3742">
     <span class='ocr_line' id='line_1_98' title="bbox 2236 3670 3782 3742; baseline -0.002 -16"><span class='ocrx_word' id='word_1_697' title='bbox 2236 3680 2419 3742; x_wconf 85' lang='lat' dir='ltr'><strong>gentes</strong></span> <span class='ocrx_word' id='word_1_698' title='bbox 2447 3672 2691 3726; x_wconf 75' lang='lat' dir='ltr'><strong>excelsus</strong></span> <span class='ocrx_word' id='word_1_699' title='bbox 2717 3713 2731 3738; x_wconf 89' lang='lat'><strong>,</strong></span> <span class='ocrx_word' id='word_1_700' title='bbox 2766 3680 2821 3725; x_wconf 88' lang='lat' dir='ltr'><strong>et</strong></span> <span class='ocrx_word' id='word_1_701' title='bbox 2847 3672 2897 3725; x_wconf 90' lang='lat' dir='ltr'><strong>in</strong></span> <span class='ocrx_word' id='word_1_702' title='bbox 2925 3671 3235 3727; x_wconf 76' lang='lat' dir='ltr'><strong>creléstibus</strong></span> <span class='ocrx_word' id='word_1_703' title='bbox 3267 3670 3472 3726; x_wconf 76' lang='lat' dir='ltr'><strong>habitas</strong></span> <span class='ocrx_word' id='word_1_704' title='bbox 3500 3671 3782 3740; x_wconf 75' lang='lat' dir='ltr'><strong>gloriésus;</strong></span> 
     </span>
    </p>
   </div>
   <div class='ocr_carea' id='block_1_99' title="bbox 2241 3762 3783 3834">
    <p class='ocr_par' dir='ltr' id='par_1_99' title="bbox 2241 3762 3783 3834">
     <span class='ocr_line' id='line_1_99' title="bbox 2241 3762 3783 3834; baseline -0.001 -16"><span class='ocrx_word' id='word_1_705' title='bbox 2241 3765 2591 3820; x_wconf 75' lang='lat' dir='ltr'><strong>humilitatem</strong></span> <span class='ocrx_word' id='word_1_706' title='bbox 2641 3776 2876 3820; x_wconf 89' lang='lat' dir='ltr'><strong>nostram</strong></span> <span class='ocrx_word' id='word_1_707' title='bbox 2908 3766 2975 3819; x_wconf 88' lang='lat' dir='ltr'><strong>ab</strong></span> <span class='ocrx_word' id='word_1_708' title='bbox 3004 3764 3213 3820; x_wconf 77' lang='lat' dir='ltr'><strong>excelso</strong></span> <span class='ocrx_word' id='word_1_709' title='bbox 3252 3762 3466 3819; x_wconf 85' lang='lat' dir='ltr'><strong>inténde</strong></span> <span class='ocrx_word' id='word_1_710' title='bbox 3514 3765 3783 3834; x_wconf 72' lang='lat' dir='ltr'><strong>placatus;</strong></span> 
     </span>
    </p>
   </div>
   <div class='ocr_carea' id='block_1_100' title="bbox 2240 3854 3784 3923">
    <p class='ocr_par' dir='ltr' id='par_1_100' title="bbox 2240 3854 3784 3923">
     <span class='ocr_line' id='line_1_100' title="bbox 2240 3854 3784 3923; baseline -0.001 -16"><span class='ocrx_word' id='word_1_711' title='bbox 2240 3869 2301 3908; x_wconf 88' lang='lat' dir='ltr'><strong>ac</strong></span> <span class='ocrx_word' id='word_1_712' title='bbox 2332 3855 2466 3909; x_wconf 89' lang='lat' dir='ltr'><strong>sicut</strong></span> <span class='ocrx_word' id='word_1_713' title='bbox 2496 3854 2730 3909; x_wconf 79' lang='lat' dir='ltr'><strong>Ecclesia</strong></span> <span class='ocrx_word' id='word_1_714' title='bbox 2764 3864 2874 3921; x_wconf 89' lang='lat' dir='ltr'><strong>tua,</strong></span> <span class='ocrx_word' id='word_1_715' title='bbox 2904 3870 3023 3923; x_wconf 84' lang='lat' dir='ltr'><strong>quae</strong></span> <span class='ocrx_word' id='word_1_716' title='bbox 3050 3864 3169 3909; x_wconf 87' lang='lat' dir='ltr'><strong>erat</strong></span> <span class='ocrx_word' id='word_1_717' title='bbox 3213 3855 3507 3911; x_wconf 75' lang='lat' dir='ltr'><strong>sterilitatis</strong></span> <span class='ocrx_word' id='word_1_718' title='bbox 3536 3855 3668 3909; x_wconf 80' lang='lat' dir='ltr'><strong>vitio</strong></span> <span class='ocrx_word' id='word_1_719' title='bbox 3696 3856 3784 3908; x_wconf 81' lang='lat' dir='ltr'><strong>im-</strong></span> 
     </span>
    </p>
   </div>
   <div class='ocr_carea' id='block_1_101' title="bbox 2243 3946 3788 4015">
    <p class='ocr_par' dir='ltr' id='par_1_101' title="bbox 2243 3946 3788 4015">
     <span class='ocr_line' id='line_1_101' title="bbox 2243 3946 3788 4015; baseline -0.002 -14"><span class='ocrx_word' id='word_1_720' title='bbox 2243 3946 2438 4014; x_wconf 89' lang='lat' dir='ltr'><strong>pedita,</strong></span> <span class='ocrx_word' id='word_1_721' title='bbox 2465 3962 2603 3999; x_wconf 89' lang='lat' dir='ltr'><strong>nunc</strong></span> <span class='ocrx_word' id='word_1_722' title='bbox 2633 3955 2735 4011; x_wconf 88' lang='lat' dir='ltr'><strong>est,</strong></span> <span class='ocrx_word' id='word_1_723' title='bbox 2764 3947 2816 3999; x_wconf 93' lang='lat' dir='ltr'><strong>in</strong></span> <span class='ocrx_word' id='word_1_724' title='bbox 2842 3955 2891 4001; x_wconf 89' lang='lat' dir='ltr'><strong>te</strong></span> <span class='ocrx_word' id='word_1_725' title='bbox 2920 3946 3166 4013; x_wconf 88' lang='lat' dir='ltr'><strong>credens,</strong></span> <span class='ocrx_word' id='word_1_726' title='bbox 3191 3946 3442 4001; x_wconf 77' lang='lat' dir='ltr'><strong>virtutum</strong></span> <span class='ocrx_word' id='word_1_727' title='bbox 3460 3946 3665 4002; x_wconf 74' lang='lat' dir='ltr'><strong>meritis</strong></span> <span class='ocrx_word' id='word_1_728' title='bbox 3692 3946 3788 4015; x_wconf 85' lang='lat' dir='ltr'><strong>ple-</strong></span> 
     </span>
    </p>
   </div>
   <div class='ocr_carea' id='block_1_102' title="bbox 2243 4036 3777 4103">
    <p class='ocr_par' dir='ltr' id='par_1_102' title="bbox 2243 4036 3777 4103">
     <span class='ocr_line' id='line_1_102' title="bbox 2243 4036 3777 4103; baseline -0.003 -9"><span class='ocrx_word' id='word_1_729' title='bbox 2243 4055 2329 4103; x_wconf 89' lang='lat' dir='ltr'><strong>na,</strong></span> <span class='ocrx_word' id='word_1_730' title='bbox 2360 4046 2414 4093; x_wconf 87' lang='lat' dir='ltr'><strong>et</strong></span> <span class='ocrx_word' id='word_1_731' title='bbox 2442 4037 2563 4090; x_wconf 91' lang='lat' dir='ltr'><strong>ﬁliis</strong></span> <span class='ocrx_word' id='word_1_732' title='bbox 2590 4038 2895 4102; x_wconf 75' lang='lat' dir='ltr'><strong>numerésa;</strong></span> <span class='ocrx_word' id='word_1_733' title='bbox 2930 4038 2997 4091; x_wconf 88' lang='lat' dir='ltr'><strong>ita</strong></span> <span class='ocrx_word' id='word_1_734' title='bbox 3028 4052 3179 4092; x_wconf 89' lang='lat' dir='ltr'><strong>mens</strong></span> <span class='ocrx_word' id='word_1_735' title='bbox 3204 4046 3403 4102; x_wconf 85' lang='lat' dir='ltr'><strong>nostra,</strong></span> <span class='ocrx_word' id='word_1_736' title='bbox 3437 4039 3504 4091; x_wconf 87' lang='lat' dir='ltr'><strong>ab</strong></span> <span class='ocrx_word' id='word_1_737' title='bbox 3534 4036 3777 4092; x_wconf 72' lang='lat' dir='ltr'><strong>sterilita-</strong></span> 
     </span>
    </p>
   </div>
   <div class='ocr_carea' id='block_1_103' title="bbox 2245 4127 3787 4201">
    <p class='ocr_par' dir='ltr' id='par_1_103' title="bbox 2245 4127 3787 4201">
     <span class='ocr_line' id='line_1_103' title="bbox 2245 4127 3787 4201; baseline -0.005 -17"><span class='ocrx_word' id='word_1_738' title='bbox 2245 4143 2295 4186; x_wconf 88' lang='lat' dir='ltr'><strong>te</strong></span> <span class='ocrx_word' id='word_1_739' title='bbox 2316 4131 2537 4201; x_wconf 78' lang='lat' dir='ltr'><strong>6perum</strong></span> <span class='ocrx_word' id='word_1_740' title='bbox 2567 4128 2893 4195; x_wconf 58' lang='lat' dir='ltr'><strong>infacundo,</strong></span> <span class='ocrx_word' id='word_1_741' title='bbox 2926 4136 2978 4184; x_wconf 92' lang='lat' dir='ltr'><strong>te</strong></span> <span class='ocrx_word' id='word_1_742' title='bbox 3010 4130 3295 4196; x_wconf 78' lang='lat' dir='ltr'><strong>tribuente,</strong></span> <span class='ocrx_word' id='word_1_743' title='bbox 3343 4143 3436 4197; x_wconf 87' lang='lat' dir='ltr'><strong>per</strong></span> <span class='ocrx_word' id='word_1_744' title='bbox 3458 4127 3787 4183; x_wconf 71' lang='lat' dir='ltr'><strong>interventum</strong></span> 
     </span>
    </p>
   </div>
   <div class='ocr_carea' id='block_1_104' title="bbox 2243 4218 3783 4291">
    <p class='ocr_par' dir='ltr' id='par_1_104' title="bbox 2243 4218 3783 4291">
     <span class='ocr_line' id='line_1_104' title="bbox 2243 4218 3783 4291; baseline -0.005 -15"><span class='ocrx_word' id='word_1_745' title='bbox 2243 4220 2491 4291; x_wconf 69' lang='lat' dir='ltr'><strong>gloriaste</strong></span> <span class='ocrx_word' id='word_1_746' title='bbox 2518 4220 2839 4275; x_wconf 74' lang='lat' dir='ltr'><strong>conlessdris</strong></span> <span class='ocrx_word' id='word_1_747' title='bbox 2868 4229 2920 4274; x_wconf 93' lang='lat' dir='ltr'><strong>et</strong></span> <span class='ocrx_word' id='word_1_748' title='bbox 2950 4220 3171 4290; x_wconf 82' lang='lat' dir='ltr'><strong>virginis</strong></span> <span class='ocrx_word' id='word_1_749' title='bbox 3189 4229 3289 4275; x_wconf 76' lang='lat' dir='ltr'><strong>tua:</strong></span> <span class='ocrx_word' id='word_1_750' title='bbox 3308 4219 3610 4286; x_wconf 74' lang='lat' dir='ltr'><strong>Leocitdire,</strong></span> <span class='ocrx_word' id='word_1_751' title='bbox 3637 4218 3783 4287; x_wconf 82' lang='lat' dir='ltr'><strong>possit</strong></span> 
     </span>
    </p>
   </div>
   <div class='ocr_carea' id='block_1_105' title="bbox 2246 4306 3790 4378">
    <p class='ocr_par' dir='ltr' id='par_1_105' title="bbox 2246 4306 3790 4378">
     <span class='ocr_line' id='line_1_105' title="bbox 2246 4306 3790 4378; baseline -0.003 -14"><span class='ocrx_word' id='word_1_752' title='bbox 2246 4320 2299 4364; x_wconf 88' lang='lat' dir='ltr'><strong>et</strong></span> <span class='ocrx_word' id='word_1_753' title='bbox 2328 4325 2508 4366; x_wconf 88' lang='lat' dir='ltr'><strong>semen</strong></span> <span class='ocrx_word' id='word_1_754' title='bbox 2530 4308 2678 4364; x_wconf 79' lang='lat' dir='ltr'><strong>verbi</strong></span> <span class='ocrx_word' id='word_1_755' title='bbox 2701 4309 2995 4377; x_wconf 83' lang='lat' dir='ltr'><strong>suscipere,</strong></span> <span class='ocrx_word' id='word_1_756' title='bbox 3021 4317 3073 4363; x_wconf 89' lang='lat' dir='ltr'><strong>et</strong></span> <span class='ocrx_word' id='word_1_757' title='bbox 3094 4308 3324 4378; x_wconf 77' lang='lat' dir='ltr'><strong>copiosis</strong></span> <span class='ocrx_word' id='word_1_758' title='bbox 3344 4309 3603 4362; x_wconf 81' lang='lat' dir='ltr'><strong>fructibus</strong></span> <span class='ocrx_word' id='word_1_759' title='bbox 3624 4306 3790 4361; x_wconf 80' lang='lat' dir='ltr'><strong>redun-</strong></span> 
     </span>
    </p>
   </div>
   <div class='ocr_carea' id='block_1_106' title="bbox 2248 4399 3787 4473">
    <p class='ocr_par' dir='ltr' id='par_1_106' title="bbox 2248 4399 3787 4473">
     <span class='ocr_line' id='line_1_106' title="bbox 2248 4399 3787 4473; baseline -0.003 -15"><span class='ocrx_word' id='word_1_760' title='bbox 2248 4404 2376 4459; x_wconf 77' lang='lat' dir='ltr'><strong>dare</strong></span> <span class='ocrx_word' id='word_1_761' title='bbox 2406 4421 2418 4456; x_wconf 91' lang='lat'><strong>:</strong></span> <span class='ocrx_word' id='word_1_762' title='bbox 2454 4402 2751 4473; x_wconf 79' lang='lat' dir='ltr'><strong>nomenque</strong></span> <span class='ocrx_word' id='word_1_763' title='bbox 2782 4411 2950 4467; x_wconf 92' lang='lat' dir='ltr'><strong>tuum,</strong></span> <span class='ocrx_word' id='word_1_764' title='bbox 2984 4402 3014 4455; x_wconf 68' lang='grc' dir='ltr'>ὸ</span> <span class='ocrx_word' id='word_1_765' title='bbox 3047 4402 3173 4457; x_wconf 91' lang='lat' dir='ltr'><strong>solis</strong></span> <span class='ocrx_word' id='word_1_766' title='bbox 3203 4412 3320 4456; x_wconf 91' lang='lat' dir='ltr'><strong>ortu</strong></span> <span class='ocrx_word' id='word_1_767' title='bbox 3370 4416 3540 4471; x_wconf 90' lang='lat' dir='ltr'><strong>usque</strong></span> <span class='ocrx_word' id='word_1_768' title='bbox 3568 4400 3632 4454; x_wconf 82' lang='lat' dir='ltr'><strong>ad</strong></span> <span class='ocrx_word' id='word_1_769' title='bbox 3656 4399 3787 4453; x_wconf 69' lang='lat' dir='ltr'><strong>occa-</strong></span> 
     </span>
    </p>
   </div>
   <div class='ocr_carea' id='block_1_107' title="bbox 2251 4490 3773 4562">
    <p class='ocr_par' dir='ltr' id='par_1_107' title="bbox 2251 4490 3773 4562">
     <span class='ocr_line' id='line_1_107' title="bbox 2251 4490 3773 4562; baseline -0.005 -13"><span class='ocrx_word' id='word_1_770' title='bbox 2251 4509 2365 4549; x_wconf 90' lang='lat' dir='ltr'><strong>sum</strong></span> <span class='ocrx_word' id='word_1_771' title='bbox 2390 4495 2722 4562; x_wconf 69' lang='lat' dir='ltr'><strong>praeclarum,</strong></span> <span class='ocrx_word' id='word_1_772' title='bbox 2754 4494 2933 4548; x_wconf 84' lang='lat' dir='ltr'><strong>cordis</strong></span> <span class='ocrx_word' id='word_1_773' title='bbox 2954 4493 3151 4547; x_wconf 73' lang='lat' dir='ltr'><strong>ambiat</strong></span> <span class='ocrx_word' id='word_1_774' title='bbox 3174 4491 3525 4545; x_wconf 78' lang='lat' dir='ltr'><strong>unanimitate</strong></span> <span class='ocrx_word' id='word_1_775' title='bbox 3548 4490 3773 4559; x_wconf 84' lang='lat' dir='ltr'><strong>diligere,</strong></span> 
     </span>
    </p>
   </div>
   <div class='ocr_carea' id='block_1_108' title="bbox 2244 4584 3379 4647">
    <p class='ocr_par' dir='ltr' id='par_1_108' title="bbox 2244 4584 3379 4647">
     <span class='ocr_line' id='line_1_108' title="bbox 2244 4584 3379 4647; baseline -0.004 -6"><span class='ocrx_word' id='word_1_776' title='bbox 2244 4596 2298 4642; x_wconf 90' lang='lat' dir='ltr'><strong>et</strong></span> <span class='ocrx_word' id='word_1_777' title='bbox 2327 4586 2449 4640; x_wconf 79' lang='lat' dir='ltr'><strong>ﬁdt-i</strong></span> <span class='ocrx_word' id='word_1_778' title='bbox 2474 4586 2785 4640; x_wconf 75' lang='lat' dir='ltr'><strong>assensidne</strong></span> <span class='ocrx_word' id='word_1_779' title='bbox 2811 4585 3046 4638; x_wconf 74' lang='lat' dir='ltr'><strong>laudare.</strong></span> <span class='ocrx_word' id='word_1_780' title='bbox 3092 4584 3125 4647; x_wconf 62' lang='lat' dir='ltr'><strong>ri,</strong></span> <span class='ocrx_word' id='word_1_781' title='bbox 3152 4625 3163 4637; x_wconf 95' lang='lat'><strong>.</strong></span> <span class='ocrx_word' id='word_1_782' title='bbox 3194 4586 3379 4637; x_wconf 79' lang='lat' dir='ltr'><strong>Amen.</strong></span> 
     </span>
    </p>
   </div>
   <div class='ocr_carea' id='block_1_109' title="bbox 2306 4676 3568 4737">
    <p class='ocr_par' dir='ltr' id='par_1_109' title="bbox 2306 4676 3568 4737">
     <span class='ocr_line' id='line_1_109' title="bbox 2306 4676 3568 4737; baseline -0.006 -5"><span class='ocrx_word' id='word_1_783' title='bbox 2306 4678 2407 4732; x_wconf 88' lang='lat' dir='ltr'><strong>Per</strong></span> <span class='ocrx_word' id='word_1_784' title='bbox 2434 4676 2851 4730; x_wconf 74' lang='lat' dir='ltr'><strong>miscricordiam</strong></span> <span class='ocrx_word' id='word_1_785' title='bbox 2886 4686 3027 4729; x_wconf 85' lang='lat' dir='ltr'><strong>tuam</strong></span> <span class='ocrx_word' id='word_1_786' title='bbox 3061 4676 3199 4729; x_wconf 89' lang='lat' dir='ltr'><strong>Deus</strong></span> <span class='ocrx_word' id='word_1_787' title='bbox 3228 4683 3428 4737; x_wconf 89' lang='lat' dir='ltr'><strong>noster,</strong></span> <span class='ocrx_word' id='word_1_788' title='bbox 3462 4683 3568 4727; x_wconf 90' lang='lat' dir='ltr'><strong>etc.</strong></span> 
     </span>
    </p>
   </div>
   <div class='ocr_carea' id='block_1_110' title="bbox 2851 4765 3230 4819">
    <p class='ocr_par' dir='ltr' id='par_1_110' title="bbox 2851 4765 3230 4819">
     <span class='ocr_line' id='line_1_110' title="bbox 2851 4765 3230 4819; baseline -0.003 0"><span class='ocrx_word' id='word_1_789' title='bbox 2851 4765 2916 4819; x_wconf 81' lang='lat' dir='ltr'><strong>In</strong></span> <span class='ocrx_word' id='word_1_790' title='bbox 2950 4766 3230 4819; x_wconf 64' lang='lat' dir='ltr'><strong>Laudibus.</strong></span> 
     </span>
    </p>
   </div>
   <div class='ocr_carea' id='block_1_111' title="bbox 2319 4850 3785 4925">
    <p class='ocr_par' dir='ltr' id='par_1_111' title="bbox 2319 4850 3785 4925">
     <span class='ocr_line' id='line_1_111' title="bbox 2319 4850 3785 4925; baseline 0 -12"><span class='ocrx_word' id='word_1_791' title='bbox 2319 4862 2395 4913; x_wconf 83' lang='lat' dir='ltr'><strong>Ad</strong></span> <span class='ocrx_word' id='word_1_792' title='bbox 2417 4860 2701 4914; x_wconf 75' lang='lat' dir='ltr'><strong>Cdnticum.</strong></span> <span class='ocrx_word' id='word_1_793' title='bbox 2738 4860 3050 4925; x_wconf 74' lang='lat' dir='ltr'><strong>Amp/tona.</strong></span> <span class='ocrx_word' id='word_1_794' title='bbox 3085 4857 3395 4913; x_wconf 76' lang='lat' dir='ltr'><strong>Conﬂtébor</strong></span> <span class='ocrx_word' id='word_1_795' title='bbox 3418 4855 3537 4923; x_wconf 75' lang='lat' dir='ltr'><strong>tibi,</strong></span> <span class='ocrx_word' id='word_1_796' title='bbox 3572 4850 3785 4913; x_wconf 66' lang='lat' dir='ltr'><strong>Domine.</strong></span> 
     </span>
    </p>
   </div>
   <div class='ocr_carea' id='block_1_112' title="bbox 2248 4949 3079 5021">
    <p class='ocr_par' dir='ltr' id='par_1_112' title="bbox 2248 4949 3079 5021">
     <span class='ocr_line' id='line_1_112' title="bbox 2248 4949 3079 5021; baseline -0.005 -16"><span class='ocrx_word' id='word_1_797' title='bbox 2248 4951 2388 5021; x_wconf 87' lang='lat' dir='ltr'><strong>quia.</strong></span> <span class='ocrx_word' id='word_1_798' title='bbox 2421 4951 2705 5005; x_wconf 79' lang='lat' dir='ltr'><strong>Cdnticum.</strong></span> <span class='ocrx_word' id='word_1_799' title='bbox 2749 4949 3079 5004; x_wconf 84' lang='lat' dir='ltr'><strong>Conﬂtébor.</strong></span> 
     </span>
    </p>
   </div>
   <div class='ocr_carea' id='block_1_113' title="bbox 2319 5034 3792 5112">
    <p class='ocr_par' dir='ltr' id='par_1_113' title="bbox 2319 5034 3792 5112">
     <span class='ocr_line' id='line_1_113' title="bbox 2319 5034 3792 5112; baseline -0.009 -14"><span class='ocrx_word' id='word_1_800' title='bbox 2319 5045 2397 5097; x_wconf 80' lang='lat' dir='ltr'><strong>Ad</strong></span> <span class='ocrx_word' id='word_1_801' title='bbox 2432 5043 2751 5097; x_wconf 80' lang='lat' dir='ltr'><strong>Benedictus.</strong></span> <span class='ocrx_word' id='word_1_802' title='bbox 2804 5042 3121 5112; x_wconf 73' lang='lat' dir='ltr'><strong>Antiphona.</strong></span> <span class='ocrx_word' id='word_1_803' title='bbox 3157 5040 3289 5095; x_wconf 85' lang='lat' dir='ltr'><strong>Filia</strong></span> <span class='ocrx_word' id='word_1_804' title='bbox 3317 5040 3448 5095; x_wconf 86' lang='lat' dir='ltr'><strong>Sion</strong></span> <span class='ocrx_word' id='word_1_805' title='bbox 3471 5034 3792 5093; x_wconf 66' lang='lat' dir='ltr'><strong>bénedicDi—</strong></span> 
     </span>
    </p>
   </div>
   <div class='ocr_carea' id='block_1_114' title="bbox 2251 5128 3716 5195">
    <p class='ocr_par' dir='ltr' id='par_1_114' title="bbox 2251 5128 3716 5195">
     <span class='ocr_line' id='line_1_114' title="bbox 2251 5128 3716 5195; baseline -0.007 -5"><span class='ocrx_word' id='word_1_806' title='bbox 2251 5136 2396 5190; x_wconf 88' lang='lat' dir='ltr'><strong>mino</strong></span> <span class='ocrx_word' id='word_1_807' title='bbox 2430 5135 2537 5189; x_wconf 92' lang='lat' dir='ltr'><strong>Deo</strong></span> <span class='ocrx_word' id='word_1_808' title='bbox 2564 5133 2787 5188; x_wconf 79' lang='lat' dir='ltr'><strong>excelso</strong></span> <span class='ocrx_word' id='word_1_809' title='bbox 2817 5135 2868 5186; x_wconf 92' lang='lat' dir='ltr'><strong>in</strong></span> <span class='ocrx_word' id='word_1_810' title='bbox 2897 5133 3040 5186; x_wconf 88' lang='lat' dir='ltr'><strong>omni</strong></span> <span class='ocrx_word' id='word_1_811' title='bbox 3064 5131 3456 5195; x_wconf 77' lang='lat' dir='ltr'><strong>benedictione,</strong></span> <span class='ocrx_word' id='word_1_812' title='bbox 3483 5138 3539 5186; x_wconf 89' lang='lat' dir='ltr'><strong>et</strong></span> <span class='ocrx_word' id='word_1_813' title='bbox 3558 5128 3716 5183; x_wconf 85' lang='lat' dir='ltr'><strong>laude.</strong></span> 
     </span>
    </p>
   </div>
   <div class='ocr_carea' id='block_1_115' title="bbox 2325 5227 2989 5284">
    <p class='ocr_par' dir='ltr' id='par_1_115' title="bbox 2325 5227 2989 5284">
     <span class='ocr_line' id='line_1_115' title="bbox 2325 5227 2989 5284; baseline -0.006 0"><span class='ocrx_word' id='word_1_814' title='bbox 2325 5231 2618 5284; x_wconf 67' lang='lat' dir='ltr'><strong>canticum.</strong></span> <span class='ocrx_word' id='word_1_815' title='bbox 2647 5227 2989 5282; x_wconf 89' lang='lat' dir='ltr'><strong>Benedictus.</strong></span> 
     </span>
    </p>
   </div>
   <div class='ocr_carea' id='block_1_116' title="bbox 2326 5317 3793 5388">
    <p class='ocr_par' dir='ltr' id='par_1_116' title="bbox 2326 5317 3793 5388">
     <span class='ocr_line' id='line_1_116' title="bbox 2326 5317 3793 5388; baseline -0.012 -10"><span class='ocrx_word' id='word_1_816' title='bbox 2326 5323 2487 5378; x_wconf 86' lang='lat' dir='ltr'><strong>Sono.</strong></span> <span class='ocrx_word' id='word_1_817' title='bbox 2538 5321 2593 5376; x_wconf 93' lang='lat' dir='ltr'><strong>ln</strong></span> <span class='ocrx_word' id='word_1_818' title='bbox 2624 5321 2936 5388; x_wconf 80' lang='lat' dir='ltr'><strong>conspectu.</strong></span> <span class='ocrx_word' id='word_1_819' title='bbox 3001 5319 3141 5373; x_wconf 73' lang='grc' dir='ltr'><strong>Ρεαι.</strong></span> <span class='ocrx_word' id='word_1_820' title='bbox 3187 5333 3415 5374; x_wconf 70' lang='lat' dir='ltr'><strong>cxevm.</strong></span> <span class='ocrx_word' id='word_1_821' title='bbox 3440 5317 3535 5385; x_wconf 93' lang='lat' dir='ltr'><strong>fol.</strong></span> <span class='ocrx_word' id='word_1_822' title='bbox 3591 5325 3793 5370; x_wconf 69' lang='lat' dir='ltr'><strong>curiit.</strong></span> 
     </span>
    </p>
   </div>
   <div class='ocr_carea' id='block_1_117' title="bbox 2265 5403 3793 5483">
    <p class='ocr_par' dir='ltr' id='par_1_117' title="bbox 2265 5403 3793 5483">
     <span class='ocr_line' id='line_1_117' title="bbox 2265 5403 3793 5483; baseline -0.01 -15"><span class='ocrx_word' id='word_1_823' title='bbox 2265 5412 2569 5483; x_wconf 76' lang='lat' dir='ltr'><strong>PrOphetia.</strong></span> <span class='ocrx_word' id='word_1_824' title='bbox 2610 5411 2787 5481; x_wconf 82' lang='lat' dir='ltr'><strong>Longe</strong></span> <span class='ocrx_word' id='word_1_825' title='bbox 2822 5408 3100 5464; x_wconf 70' lang='lat' dir='ltr'><strong>Deminus.</strong></span> <span class='ocrx_word' id='word_1_826' title='bbox 3157 5409 3249 5478; x_wconf 93' lang='lat' dir='ltr'><strong>fol.</strong></span> <span class='ocrx_word' id='word_1_827' title='bbox 3296 5420 3509 5462; x_wconf 76' lang='lat' dir='ltr'><strong>cum.</strong></span> <span class='ocrx_word' id='word_1_828' title='bbox 3566 5403 3793 5472; x_wconf 71' lang='lat' dir='ltr'><strong>Hymnus.</strong></span> 
     </span>
    </p>
   </div>
   <div class='ocr_carea' id='block_1_118' title="bbox 2257 5485 3793 5570">
    <p class='ocr_par' dir='ltr' id='par_1_118' title="bbox 2257 5485 3793 5570">
     <span class='ocr_line' id='line_1_118' title="bbox 2257 5485 3793 5570; baseline -0.015 -9"><span class='ocrx_word' id='word_1_829' title='bbox 2257 5505 2616 5561; x_wconf 61' lang='lat' dir='ltr'><strong>Sanctissimae</strong></span> <span class='ocrx_word' id='word_1_830' title='bbox 2668 5502 2965 5557; x_wconf 69' lang='lat' dir='ltr'><strong>Leocadite.</strong></span> <span class='ocrx_word' id='word_1_831' title='bbox 3026 5499 3374 5570; x_wconf 76' lang='lat' dir='ltr'><strong>Supplicritio.</strong></span> <span class='ocrx_word' id='word_1_832' title='bbox 3459 5496 3694 5552; x_wconf 74' lang='lat' dir='ltr'><strong>Oremus.</strong></span> <span class='ocrx_word' id='word_1_833' title='bbox 3744 5485 3793 5540; x_wconf 76' lang='lat' dir='ltr'><strong>In</strong></span> 
     </span>
    </p>
   </div>
   <div class='ocr_carea' id='block_1_119' title="bbox 2264 5598 2947 5671">
    <p class='ocr_par' dir='ltr' id='par_1_119' title="bbox 2264 5598 2947 5671">
     <span class='ocr_line' id='line_1_119' title="bbox 2264 5598 2947 5671; baseline -0.004 -16"><span class='ocrx_word' id='word_1_834' title='bbox 2264 5601 2501 5670; x_wconf 70' lang='lat' dir='ltr'><strong>l&#39;ésperis</strong></span> <span class='ocrx_word' id='word_1_835' title='bbox 2528 5598 2947 5671; x_wconf 75' lang='lat' dir='ltr'><strong>prwcedéutibus.</strong></span> 
     </span>
    </p>
   </div>
   <div class='ocr_carea' id='block_1_120' title="bbox 2327 5673 3799 5758">
    <p class='ocr_par' dir='ltr' id='par_1_120' title="bbox 2327 5673 3799 5758">
     <span class='ocr_line' id='line_1_120' title="bbox 2327 5673 3799 5758; baseline -0.01 -15"><span class='ocrx_word' id='word_1_836' title='bbox 2327 5690 2583 5758; x_wconf 78' lang='lat' dir='ltr'><strong>Capitula.</strong></span> <span class='ocrx_word' id='word_1_837' title='bbox 2611 5688 2861 5745; x_wconf 74' lang='lat' dir='ltr'><strong>GIoridse</strong></span> <span class='ocrx_word' id='word_1_838' title='bbox 2892 5701 2953 5741; x_wconf 86' lang='lat' dir='ltr'><strong>ac</strong></span> <span class='ocrx_word' id='word_1_839' title='bbox 2985 5686 3296 5742; x_wconf 78' lang='lat' dir='ltr'><strong>misericors</strong></span> <span class='ocrx_word' id='word_1_840' title='bbox 3313 5683 3562 5747; x_wconf 80' lang='lat' dir='ltr'><strong>Domine,</strong></span> <span class='ocrx_word' id='word_1_841' title='bbox 3589 5679 3670 5750; x_wconf 87' lang='lat' dir='ltr'><strong>qui</strong></span> <span class='ocrx_word' id='word_1_842' title='bbox 3694 5673 3799 5730; x_wconf 64' lang='lat' dir='ltr'><strong>bei-</strong></span> 
     </span>
    </p>
   </div>
   <div class='ocr_carea' id='block_1_121' title="bbox 2266 5765 3796 5838">
    <p class='ocr_par' dir='ltr' id='par_1_121' title="bbox 2266 5765 3796 5838">
     <span class='ocr_line' id='line_1_121' title="bbox 2266 5765 3796 5838; baseline -0.012 -3"><span class='ocrx_word' id='word_1_843' title='bbox 2266 5792 2328 5838; x_wconf 70' lang='lat' dir='ltr'><strong>tre</strong></span> <span class='ocrx_word' id='word_1_844' title='bbox 2358 5780 2632 5837; x_wconf 75' lang='lat' dir='ltr'><strong>Leocadiae</strong></span> <span class='ocrx_word' id='word_1_845' title='bbox 2674 5780 2765 5835; x_wconf 87' lang='lat' dir='ltr'><strong>tibi</strong></span> <span class='ocrx_word' id='word_1_846' title='bbox 2794 5780 2949 5835; x_wconf 91' lang='lat' dir='ltr'><strong>nimis</strong></span> <span class='ocrx_word' id='word_1_847' title='bbox 2986 5779 3036 5832; x_wconf 91' lang='lat' dir='ltr'><strong>in</strong></span> <span class='ocrx_word' id='word_1_848' title='bbox 3068 5792 3160 5834; x_wconf 90' lang='lat' dir='ltr'><strong>ore</strong></span> <span class='ocrx_word' id='word_1_849' title='bbox 3189 5791 3287 5832; x_wconf 90' lang='lat' dir='ltr'><strong>suo</strong></span> <span class='ocrx_word' id='word_1_850' title='bbox 3326 5772 3566 5831; x_wconf 85' lang='lat' dir='ltr'><strong>conﬁtéri</strong></span> <span class='ocrx_word' id='word_1_851' title='bbox 3592 5765 3796 5827; x_wconf 78' lang='lat' dir='ltr'><strong>dedisti&#39;</strong></span> 
     </span>
    </p>
   </div>
  </div>
