3984 6376
248 392 382 447 1275
1224 382 1698 441 SANCTOIKALE.
1736 408 1806 419 -—
1847 378 2066 432 FESTA
2106 375 2507 431 DECEMBRIS.

244 782 439 836 scimus
461 778 536 832 tui
565 779 800 832 muneris
826 777 1026 831 donum
1058 791 1073 837 ;
1104 785 1159 828 ut
1184 775 1303 842 ejus
1332 773 1581 843 precibus
1615 772 1816 825 tribuas
1916 764 2031 817 cuia
2057 766 2395 818 saeculérum.
2440 765 2476 833 ti
2499 805 2511 818 .
2544 765 2732 819 Amen.

247 870 399 925 nobis
423 871 451 923 ὲ
482 868 680 938 peccati
705 866 1020 935 contagione
1051 863 1259 933 purgari
1286 880 1299 928 ;
1340 862 1406 915 ab
1428 860 1803 927 ardoribusun

250 960 519 1030 perpetuis
539 959 649 1013 erui
682 975 697 1023 ;
724 966 777 1011 et
797 956 980 1026 glutis:
999 965 1100 1007 ture
1134 952 1512 1007 beatitudinem
1535 949 1814 1018 consequi.

320 1052 479 1106 Pater
504 1059 699 1102 noster.
736 1046 964 1102 Liberali
991 1046 1020 1098 ἐι
1051 1046 1211 1098 male.
1236 1044 1327 1111 fol.
1361 1043 1415 1095 ἓ.

324 1142 521 1196 Lauda.
567 1139 948 1213 Germinabunt
974 1151 1092 1190 ossa
1121 1147 1229 1189 tua.
1252 1135 1345 1205 fol.
1381 1149 1543 1189 ccxx.

323 1236 634 1289 Benedictio.
680 1233 838 1298 Dens,
871 1232 957 1301 qui
986 1229 1324 1283 confessione
1349 1228 1598 1296 inclytam
1618 1222 1820 1278 Leocit-

251 1328 413 1391 diam,
441 1327 505 1378 ad
534 1323 909 1379 Confessdrum
944 1320 1065 1375 fecit
1097 1320 1371 1388 pervenire
1399 1316 1672 1381 decorem,
1704 1313 1818 1382 jus-

254 1420 417 1474 tilicet
443 1432 537 1472 vos
566 1418 633 1471 ab
653 1415 796 1469 ουιηί
819 1413 1133 1483 contagione
1156 1412 1326 1479 culp'e
1357 1427 1368 1459 τ
1409 1410 1445 1475 ιζ
1468 1446 1480 1459 .
1515 1408 1707 1460 Amen.
1760 1406 1821 1457 Et

252 1511 344 1579 qui
372 1509 511 1563 illam
569 1504 922 1560 coniessidnis
980 1502 1219 1555 ubertate
1268 1500 1392 1554 fecit
1442 1512 1562 1552 esse
1611 1495 1822 1563 conspi-

253 1615 437 1667 cuam,
471 1613 567 1652 vos
591 1596 854 1652 evidentia
887 1609 1024 1648 verae
1054 1591 1384 1663 paenitentia:
1413 1586 1675 1658 gloriasos
1719 1584 1813 1640 eiii

250 1691 401 1751 ciat;
459 1688 531 1750 rit.
575 1689 766 1740 Amen.
811 1683 877 1740 Ut
907 1685 1044 1737 sicut
1071 1682 1239 1735 dulcis
1306 1678 1478 1733 fuitin
1527 1693 1620 1731 ore
1672 1675 1825 1744 hujus

256 1779 490 1849 Virginis
531 1776 793 1831 confessio
834 1773 1050 1837 Christi,
1084 1773 1155 1825 ita
1208 1768 1478 1824 dulcéscat
1533 1767 1584 1820 in
1636 1765 1827 1821 vestris

253 1871 505 1926 cordibus
526 1884 675 1923 amor
704 1868 849 1937 regni
880 1864 1139 1936 perpétui.
1190 1864 1225 1931 [ἢ
1248 1905 1261 1915 .
1296 1863 1484 1915 Amen.

329 1963 451 2017 Per.

335 2052 563 2106 Eminte
597 2049 841 2117 l’ésperti,
874 2049 1047 2101 omm'a
1102 2046 1335 2097 dictintur
1368 2080 1383 2105 ,
1437 2051 1487 2094 nt
1540 2041 1595 2092 in
1650 2037 1827 2108 primis

262 2142 502 2211 Vésperis
566 2142 784 2209 excéptis
811 2138 1066 2209 Capitula,
1117 2145 1161 2190 et
1192 2133 1573 2198 Benedictione,
1606 2144 1722 2200 qua:
1749 2145 1827 2182 se-

255 2237 495 2302 qutintur.

334 2322 592 2391 Capitula.
637 2321 848 2390 Accipe,
894 2321 1048 2385 Deus,
1083 2318 1387 2372 nostrarum
1430 2312 1826 2369 confessiunem

261 2413 546 2476 labrorum,
577 2414 920 2481 omniumque
971 2408 1252 2478 ligamenta
1287 2407 1435 2461 solve
1492 2405 1782 2458 facinorum
1814 2420 1827 2455 :

261 2506 369 2575 quo
394 2507 549 2575 hujus
583 2506 799 2574 virginis
825 2512 925 2558 tua:
966 2502 1242 2557 Leoct'tdiae
1272 2515 1450 2569 prere,
1482 2509 1534 2551 et
1566 2497 1709 2551 vitiis
1740 2513 1830 2550 ca-

263 2600 497 2663 reamus,
529 2608 582 2652 et
606 2597 910 2650 muneribus
938 2591 1274 2661 ampliémur,
1303 2589 1421 2643 cum
1455 2589 1520 2642 ad
1554 2596 1604 2642 te
1632 2589 1833 2656 procla-

264 2688 635 2745 marérimuse
675 2688 829 2742 terris
878 2700 893 2739 :

338 2783 494 2836 Pater
524 2790 722 2835 noster.
756 2778 981 2833 Liberali
1013 2778 1040 2830 ὲ
1072 2777 1229 2830 malo.
1261 2776 1354 2844 fol.
1388 2774 1439 2827 2.

338 2870 644 2946 [cccxxxtx]
688 2870 995 2924 Benedictio.
1035 2868 1277 2921 Christus
1320 2867 1457 2919 Deus
1506 2863 1695 2927 Filius,
1746 2862 1836 2931 qui

265 2966 320 3018 in
352 2963 691 3018 confessiéne
720 2962 799 3015 sui
830 2960 1061 3015 neminis
1090 2959 1333 3027 spiritum
1372 2956 1603 3022 suscepit
1641 2953 1841 3007 Leoca-

268 3058 403 3124 dire,
434 3065 663 3111 vestram
694 3053 946 3123 suscipiat
981 3052 1185 3106 ﬁdelem
1216 3051 1650 3104 remuneraturus
1678 3046 1836 3099 devo-

267 3149 470 3203 tidnem
496 3164 511 3202 :
548 3148 583 3215 ἡ
606 3188 620 3200 .
650 3152 839 3200 Amen.
869 3144 1074 3212 Quique
1103 3139 1431 3196 Confessoris
1461 3139 1612 3205 hujus
1644 3138 1832 3190 festum

265 3241 323 3294 in
352 3240 575 3294 canticis
601 3237 998 3292 confessionum
1028 3232 1286 3296 attonitis,
1318 3229 1348 3283 ii
1378 3230 1487 3283 Deo
1518 3226 1840 3282 remunere-

267 3332 399 3385 tnini
441 3328 807 3398 sempiternis;
854 3327 929 3394 ἢ.
973 3326 1164 3379 Amen.
1196 3322 1264 3377 Ut
1305 3322 1409 3377 illic
1451 3319 1839 3374 remuneranda

265 3422 544 3492 proveniat
580 3419 793 3475 devotio
824 3428 997 3474 vestra
1017 3459 1031 3481 ,
1076 3418 1179 3487 qui)
1222 3414 1538 3470 beatissimus
1569 3411 1841 3466 Leucadia:

267 3514 539 3569 confessio
571 3502 824 3582 perducta
854 3520 939 3565 est
966 3507 1287 3563 muneranda
1318 3521 1334 3560 :
1379 3505 1416 3574 ri)
1439 3544 1452 3557 .
1487 3504 1675 3557 Amen.
1705 3500 1843 3555 Con-

270 3610 493 3666 cedénte
522 3607 685 3679 gratia
718 3605 1029 3665 divinitatis,
1058 3602 1231 3666 illius;
1280 3600 1367 3669 qui
1411 3606 1494 3654 est
1534 3594 1843 3652 benedictus

270 3703 324 3755 in
358 3701 549 3755 saecula
577 3699 915 3753 saeculérum.
963 3696 999 3763 ii
1021 3733 1034 3747 .
1070 3696 1257 3748 Amen.

341 3791 445 3846 Per
476 3790 889 3844 miscricérdiam
919 3788 1103 3856 ipsius,
1132 3794 1235 3839 etc.

344 3882 546 3935 Lauda.
579 3881 978 3935 Cerminabunt.

348 3972 547 4026 Ονάιίο.
572 3972 817 4032 Durniue,
843 3973 928 4041 qui
955 3987 1012 4026 es
1036 3983 1254 4039 magnus
1276 4011 1290 4035 ,
1317 3980 1370 4022 ut
1402 3969 1559 4039 supra
1579 3968 1631 4021 in
1659 3966 1845 4037 Véspe-

265 4065 344 4121 ris
373 4064 780 4134 prwcedéutibus.

1865 3196 1913 3258 C

953 4157 1062 4210 DIE
1104 4157 1148 4209 Χ

308 4266 363 4306 IN
402 4267 566 4304 PESTO
603 4264 815 4303 SANCTAS
856 4263 1120 4310 ευιΛιιιι-ῑ,
1163 4259 1384 4299 νικῦιμιε
1424 4260 1489 4297 ΕΤ
1530 4260 1804 4297 ιιλιιτῐιιις.

862 4341 934 4392 Ad
975 4339 1262 4408 Vesperum.

349 4432 548 4485 Lauda.
595 4433 838 4500 Speravit
879 4433 1052 4485 anima
1104 4446 1217 4483 mea
1268 4432 1317 4482 in
1368 4430 1612 4488 Domino.
1666 4432 1846 4495 Quane

272 4524 374 4596 fol.
404 4538 626 4577 ccxxtx.
658 4523 821 4577 Sana.
852 4523 1102 4576 Deminus
1130 4522 1270 4575 Deus
1298 4523 1440 4576 coeli.
1470 4520 1590 4574 Fol.
1618 4538 1837 4576 cum.
1874 4550 1925 4610 Β

352 4617 663 4686 Antiphone.
700 4616 947 4670 Alleluia.
982 4616 1193 4676 Gaude,
1225 4627 1273 4669 et
1321 4616 1501 4669 laetare
1536 4616 1637 4668 lilia
1668 4616 1791 4669 Sion
1828 4632 1843 4668 :

272 4705 530 4776 queniam
562 4721 688 4759 ecce
718 4722 816 4761 eeo
846 4706 1017 4771 venio,
1061 4716 1114 4760 et
1156 4707 1405 4761 habitabo
1446 4708 1496 4759 in
1536 4707 1712 4760 medio
1748 4709 1846 4769 tui,

271 4795 409 4850 dicit
440 4795 712 4851 Deminus.
744 4796 809 4850 Ρ.
836 4798 900 4850 Et
930 4794 1329 4863 applicabuntur
1358 4808 1543 4865 gentes
1575 4801 1754 4851 multa:
1781 4802 1845 4851 all

275 4887 562 4941 Dominum
595 4890 644 4940 in
690 4888 774 4940 illa
817 4888 920 4941 die.
968 4888 1036 4954 ᾖ.
1079 4886 1352 4940 Eructavit
1390 4902 1482 4940 cor
1514 4904 1687 4941 meum
1719 4904 1850 4943 ver-

277 4982 409 5035 bum
437 4981 634 5034 bonum
667 5000 677 5034 :
712 4982 832 5036 dico
859 4997 957 5039 ego
996 4982 1157 5049 opera
1193 4996 1306 5035 mea
1338 4984 1470 5049 regi.
1498 4982 1697 5047 Lingua
1732 5000 1845 5039 mea

278 5073 517 5126 calamus
558 5074 771 5139 scribae,
812 5074 1061 5129 velociter
1090 5074 1393 5129 scribentis.
1430 5074 1496 5128 P.
1528 5076 1588 5129 Et
1618 5078 1850 5145 applica-

280 5162 500 5215 buntur.
547 5163 581 5231 Ῡ
606 5203 619 5215 .
650 5162 851 5226 GIéria,
878 5172 933 5220 et
958 5165 1128 5218 honor
1158 5165 1296 5218 Patri
1352 5174 1454 5219 etc.
1490 5165 1552 5219 P.
1590 5167 1653 5219 Et
1677 5168 1846 5234 appli-

274 5253 563 5311 cabuntur.
1334 5306 1342 5313 .

354 5344 555 5401 Oratio.
596 5348 796 5404 Gaude.
824 5358 878 5403 et
906 5350 1091 5404 laetare
1118 5350 1220 5403 lilia
1249 5349 1405 5415 Sion,
1438 5349 1557 5417 quia
1591 5351 1643 5402 in
1674 5348 1850 5403 medio

280 5441 356 5494 tui
385 5441 740 5497 habitaturum
768 5457 826 5496 se
851 5442 1111 5497 Dominus
1143 5442 1421 5511 promittit,
1452 5442 1578 5495 dum
1610 5451 1679 5504 te,
1713 5451 1768 5495 et
1797 5443 1846 5495 in

279 5534 530 5603 passitine
572 5536 876 5602 victricem,
917 5548 969 5591 et
1009 5538 1078 5590 ab
1118 5536 1262 5590 omni
1300 5534 1547 5603 contagio
1586 5535 1846 5589 hmresum

278 5627 511 5682 reddidit
560 5626 926 5691 innocentem;
980 5643 1285 5695 quaesumus
1332 5642 1490 5697 ergo,
1546 5638 1599 5681 ut
1646 5626 1849 5682 meritis

281 5720 387 5774 tuis
428 5720 495 5774 ab
535 5720 677 5775 omni
724 5718 1015 5774 tentatiene
1053 5718 1339 5786 salrémur,
1387 5718 1474 5786 qui
1515 5718 1652 5772 diem
1702 5727 1845 5769 tuum

281 5812 593 5870 venerantes
632 5811 909 5867 incolimus
931 5853 945 5878 ,
986 5819 1039 5866 et
1067 5814 1153 5881 qui
1188 5811 1237 5864 in
1271 5820 1319 5865 te
1351 5811 1539 5866 vicisse
1579 5808 1843 5865 credimus

1990 854 2243 909 Diminus
2270 857 2339 909 sit
2363 871 2595 925 semper.
2643 858 2679 925 ἡ
2703 898 2715 909 .
2753 855 2981 912 Etcum.

1988 947 2303 1016 Antiphone.
2332 946 2589 1001 Columna
2620 949 2887 1015 speciésa,
2918 948 3143 1018 periéCIa
3172 964 3321 1015 auro,
3352 966 3491 1020 gem-

1920 1039 2128 1107 misque
2159 1038 2464 1106 praacincta.
2510 1038 2573 1092 Ρ.
2614 1039 2778 1108 Cujus
2804 1050 2959 1108 caput
3001 1040 3212 1105 plenum
3238 1051 3320 1095 est
3349 1058 3489 1106 rore,

1921 1140 1975 1186 et
1997 1132 2167 1185 crines
2189 1132 2370 1201 guttis.
2417 1131 2449 1199 ᾗ
2477 1171 2489 1184 .
2522 1131 2657 1184 Audi
2686 1130 2813 1195 ﬁlia,
2843 1142 2895 1185 et
2925 1130 3063 1194 vide,
3100 1141 3151 1185 et
3181 1132 3373 1187 inclina
3404 1149 3495 1186 auo

1925 1240 2037 1280 rem
2066 1234 2206 1279 tuam
2237 1242 2251 1278 :
2285 1232 2339 1278 et
2366 1223 2681 1278 obliviscere
2706 1221 2956 1293 populum
2990 1233 3166 1287 tuum,
3200 1233 3253 1278 et
3276 1225 3487 1279 domum

1924 1316 2086 1385 patris
2128 1317 2222 1369 tui.
2274 1313 2337 1368 P.
2371 1314 2532 1384 Cujus
2558 1323 2732 1383 caput.
2777 1314 2810 1383 ᾖ
2838 1356 2851 1370 .
2886 1314 3086 1382 Gloria,
3116 1323 3169 1371 ct
3198 1317 3365 1371 houur
3395 1318 3490 1371 Pa-

1928 1409 2013 1463 tri.
2044 1407 2108 1460 P.
2143 1408 2303 1474 Cujus
2333 1418 2507 1477 caput.

1998 1498 2253 1553 Deminus
2279 1500 2349 1553 sit
2369 1516 2598 1568 semper.
2634 1484 2715 1569 ti}.
2754 1502 2815 1556 Et
2842 1516 2982 1556 cum.

2001 1590 2195 1643 Lauda.
2247 1591 2375 1646 Filia
2405 1592 2554 1656 Sion,
2600 1608 2763 1661 usque
2794 1594 2857 1646 ad
2903 1604 2954 1648 te
2979 1592 3152 1647 veniet
3195 1592 3501 1647 Dominﬁtor

1932 1680 2114 1735 Israél.
2174 1682 2236 1735 Ρ.
2285 1683 2352 1736 Et
2385 1680 2557 1736 veniet
2605 1684 2836 1752 potri-stas
2888 1684 3058 1752 prima
3112 1699 3329 1755 regnum
3379 1686 3501 1738 lilia:

1934 1770 2260 1826 Hierusalem
2296 1791 2309 1825 :
2342 1773 2588 1843 egressus
2616 1774 2730 1843 ejus
2760 1775 2791 1829 ὲ
2828 1774 3014 1830 tliebus
3042 1778 3371 1831 te‘ernitatis.
3409 1779 3499 1830 Al-

1852 1836 1901 1897 Β
1932 1862 2108 1920 lehiia.
2154 1866 2227 1933 ψ.
2266 1864 2443 1919 Lauda
2485 1866 2814 1922 Hierusalem
2857 1868 3135 1923 Deminnm

1934 1956 2099 2011 Deum
2130 1965 2274 2010 tuum
2303 1958 2453 2012 Sion.
2489 1958 2553 2011 Ρ.
2600 1958 2663 2011 Et
2694 1958 2865 2015 réniet
2895 1960 3151 2031 pote’stas.
3196 1962 3270 2028 ᾖ..
3300 1959 3501 2020 Gloria.

1931 2059 1983 2101 et
2013 2050 2182 2102 honor
2208 2047 2371 2102 Patri.
2407 2048 2470 2101 P.
2508 2050 2571 2103 Et
2599 2049 2775 2107 véniet

2596 2140 2854 2209 Hymnus.

2217 2229 2466 2284 Gérmine
2496 2230 2683 2285 nobilis
2717 2232 2947 2295 Eulalia,

2150 2321 2329 2375 Mortis
2359 2333 2410 2376 et
2442 2323 2617 2376 indole
2646 2325 2891 2391 nobilior,

2150 2413 2433 2467 Emeritam
2466 2429 2614 2469 sacra
2644 2417 2789 2486 virgo
2818 2433 2987 2487 suam,

2146 2506 2310 2578 Cujus
2337 2509 2403 2561 ab
2433 2509 2596 2563 ubere
2628 2510 2897 2579 progenita
2924 2522 3023 2578 est,

2149 2600 2368 2653 Ossibus
2396 2610 2570 2667 ornat,
2602 2601 2887 2670 amereque
2916 2603 3057 2656 colit.

2224 2692 2501 2747 Proximus
2524 2694 2756 2748 Occiduo
2786 2694 2933 2749 locus
2961 2704 3061 2760 est,

2152 2781 2251 2850 Qui
2285 2782 2402 2836 tulit
2430 2781 2526 2837 hoc
2553 2782 2714 2838 decus
2744 2782 3031 2853 egregium,

2155 2872 2289 2929 Urbs
2321 2883 2526 2942 potens,
2558 2874 2764 2944 populis
2794 2874 3033 2943 locuples
3071 2896 3081 2926 :

2155 2965 2258 3020 Sed
2292 2967 2441 3037 mage
2468 2967 2723 3037 sanguine
2754 2969 3013 3037 martyrii,

2160 3057 2508 3128 Virgineéque
2538 3069 2724 3129 potens
2756 3060 2924 3115 titulo.

2228 3152 2515 3209 Curriculis
2546 3156 2712 3210 tribus
2741 3163 2898 3225 atque
2928 3170 3112 3209 novem

2154 3244 2287 3299 Tres
2314 3260 2481 3298 annos
2510 3246 2696 3316 quater
2723 3248 2994 3315 attigerat;

2156 3335 2287 3391 Cum
2316 3337 2606 3407 crepitante
2636 3354 2761 3409 pyra
2791 3337 3022 3409 ttépidos

2157 3428 2369 3482 Terruit
2392 3428 2577 3498 aspera
2604 3431 2902 3494 carniﬁces,

2158 3523 2483 3593 Supplicium
2512 3522 2654 3578 subit
2681 3522 2834 3579 dulce
2862 3532 2994 3577 rata.

2227 3617 2342 3672 Jam
2370 3616 2591 3672 déderat
2620 3618 2762 3685 prius
2790 3618 3061 3685 iudicium,

2157 3705 2400 3761 Tendere
2428 3722 2484 3761 se
2514 3706 2685 3761 Patris
2712 3707 2776 3759 ad
2803 3706 2992 3760 sélium
3015 3724 3027 3769 ;

2159 3797 2226 3850 Et
2250 3812 2344 3851 sua
2374 3797 2610 3851 membra
2642 3797 2811 3850 dicina
2845 3796 2998 3851 thoro

2158 3886 2272 3956 Ipsa
2299 3886 2588 3956 crepundia
2614 3886 2905 3957 repulerat,

2159 3976 2369 4031 Ludere
2393 3976 2569 4031 néscia
2599 3976 2806 4045 pusilla.

2230 4069 2496 4138 Spc’rnere
2522 4068 2756 4135 succina,
2786 4069 2966 4135 ﬂores,
3003 4082 3167 4133 rosas,

2159 4159 2321 4214 Fulva
2351 4159 2562 4211 monilia
2592 4159 2844 4225 respuere
2874 4177 2884 4210 :

2159 4249 2263 4302 Ore
2290 4248 2495 4311 severa,
2528 4247 2765 4302 modesta
2796 4248 2981 4315 gradu,

2160 4340 2395 4395 Moribus
2422 4348 2476 4395 et
2504 4340 2722 4393 nimium
2752 4338 2970 4405 tc'neris,

2159 4431 2429 4486 Caniciem
2463 4431 2714 4485 meditata
2743 4445 2953 4485 senum.

2233 4527 2327 4577 Ast
2356 4523 2442 4577 ubi
2472 4538 2530 4578 se
2559 4523 2743 4577 furiata
2773 4523 2884 4578 lues

2163 4616 2369 4670 Excitat
2398 4616 2448 4668 iu
2480 4614 2704 4669 fantulos
2735 4612 2962 4678 Domini,

2159 4706 2608 4775 Christicolasque
2635 4705 2850 4761 cruénta
2878 4707 3027 4774 jubet

2163 4798 2339 4853 Thura
2372 4798 2631 4861 cremAre,
2662 4797 2811 4866 jecur
2841 4796 3060 4866 pecudis

2163 4885 2446 4942 Mortiferis
2471 4885 2684 4939 adolére
2708 4886 2810 4941 diis
2841 4906 2853 4939 :

2232 4978 2509 5034 Infremuit
2535 4994 2686 5034 sacer
2716 4979 2931 5034 Eulalia:

2160 5072 2412 5139 Spiritus,
2445 5071 2745 5141 ingeniique
2772 5070 2918 5126 ferox

2161 5164 2395 5219 Turbida
2423 5164 2677 5235 frangere
2697 5164 2831 5219 bella
2862 5172 3028 5232 parat,

2163 5256 2227 5309 Et
2254 5256 2384 5309 rude
2408 5266 2610 5324 pectus,
2638 5255 2823 5309 anhela
2852 5253 2961 5307 Deo

2162 5346 2378 5402 Femina
2409 5346 2657 5416 ιιι-ὀνοοω
2683 5359 2827 5398 arma
2856 5343 3045 5399 vitam.

2230 5438 2337 5493 Sed
2365 5438 2447 5506 pia
2476 5451 2601 5491 cura
2628 5434 2860 5502 parentis
2886 5433 3020 5503 agit,

2166 5528 2323 5596 Virgo
2349 5525 2584 5578 animésa
2610 5522 2751 5575 domi
2774 5531 2835 5574 ut
2864 5520 3047 5582 lateat,

2160 5619 2353 5675 Abdita
2378 5632 2519 5680 rure,
2548 5623 2603 5669 et
2632 5615 2698 5668 ab
2727 5613 2857 5668 urbe
2888 5613 3099 5681 procul;

2159 5713 2238 5769 Ne
2264 5711 2373 5766 fera
2400 5706 2669 5777 sanguinis
2699 5707 2751 5761 in
2782 5706 3007 5774 prétium

2162 5805 2342 5860 Mortis
2370 5804 2547 5857 amere
2574 5801 2743 5869 puclla
2773 5812 2907 5857 ruat.

3352 378 3486 435 1274

245 519 400 577 teque
427 505 479 559 in
509 502 683 557 médio
725 500 997 554 lustdrum
1029 497 1143 566 ejus
1190 496 1530 549 confessiOue
1589 492 1805 545 laudare
1837 491 1879 546 Α
1910 488 2202 554 Christum,
2235 503 2329 542 nos
2362 504 2455 556 per
2484 503 2607 543 eum
2641 490 2833 544 vreissc
2864 490 3103 546 laetemur
3132 491 3482 560 impulsiones

246 596 455 652 voluisti
491 612 504 662 ;
536 603 592 648 ut
610 609 725 648 eam
749 604 803 647 et
833 594 885 646 in
908 591 1064 645 terris
1084 587 1428 643 conﬁtentem
1456 628 1471 651 ,
1495 595 1551 640 et
1572 586 1623 640 in
1646 584 1813 638 con~i-
1916 580 2205 635 carnalium
2252 581 2590 646 passionum;
2648 582 2682 649 ti
2704 624 2717 638 .
2750 584 2942 637 Amen.
2976 583 3106 651 Quia
3144 600 3283 640 nunc
3322 600 3482 639 unum

246 692 316 745 lio
342 688 658 745 Sanctdrum
688 685 990 756 gloriﬁcans
1020 682 1223 740 faceres
1245 682 1568 737 exultantem
1603 699 1615 731 :
1648 679 1813 747 expe-
1916 686 2034 724 cum
2064 672 2241 737 Patre,
2272 681 2325 726 el
2349 672 2546 741 Spiritu
2578 672 2778 728 Sancto
2809 674 3043 743 pessiilet
3073 691 3265 731 nomen
3292 677 3343 731 in
3373 691 3487 731 δευ-

3188 1888 3199 1922 :
3249 1870 3503 1923 conlauda
