3984 6376
566 297 704 360 Ιὲ75

1769 314 2189 375 BREVIAltlUM
2236 316 2611 385 COTlllCUM.

848 413 938 469 illa
971 418 1163 487 perdsa
1190 422 1385 490 quitus
1413 438 1570 492 opem

782 505 1035 576 Degéneri
1069 512 1298 571 tolerare
1326 519 1498 584 mora,

779 599 987 673 [δραι]
1026 601 1192 661 Nocte
1220 607 1361 665 fores
1389 611 1505 667 sine
1538 623 1671 669 teste
1701 626 1897 683 movet,

777 688 1043 760 septaque
1072 694 1299 751 claustra
1332 698 1492 770 fugax
1522 700 1713 773 aperit,

778 787 906 843 Inde
938 805 1032 858 per
1062 792 1202 848 invia
1231 797 1403 864 carpit
1428 798 1548 854 iter.

851 880 1149 949 Ingreditur
1177 885 1397 954 pedibus
1430 888 1625 945 laceris

779 972 881 1028 Per
911 974 1026 1029 loca
1055 986 1204 1031 senta
1236 979 1363 1043 situ,
1394 991 1449 1035 et
1479 982 1746 1053 vepribus,

777 1063 1036 1135 Angélico
1061 1069 1308 1122 comitata
1338 1070 1503 1126 choro
1532 1089 1548 1128 :

783 1155 843 1207 Et
878 1156 997 1212 licet
1027 1158 1242 1213 horrida
1273 1178 1376 1216 nox
1406 1164 1583 1229 sileat,

778 1247 937 1303 Lucis
969 1248 1126 1304 habet
1154 1259 1330 1307 tamen
1362 1254 1449 1309 illa
1478 1257 1685 1310 duceni.

850 1337 937 1392 Sic
968 1339 1144 1394 habuit
1178 1344 1437 1412 generésa
1473 1346 1687 1399 Patrum

779 1426 952 1481 Turba
983 1429 1395 1488 columniferum
1425 1436 1631 1491 radium
1665 1456 1675 1488 :

775 1516 1036 1575 Scindcre
1063 1523 1151 1585 qui
1186 1525 1469 1580 tenebrusa
1501 1538 1689 1595 potens

778 1604 943 1663 Nocte
974 1608 1110 1664 viam
1140 1609 1257 1667 face
1288 1616 1566 1683 perspicua

722 1732 729 1733 κ
776 1698 1044 1767 Pnestitit,
1081 1703 1381 1761 intereunte
1408 1708 1575 1764 Chao.

848 1792 961 1850 Non
994 1795 1151 1852 aliter
1176 1801 1261 1867 pia
1290 1800 1451 1870 Virgo
1480 1804 1615 1858 viam

776 1883 940 1938 Nocte
971 1889 1175 1953 secuta,
1206 1889 1346 1945 diem
1380 1892 1592 1955 meruit.

781 1972 890 2029 Nec
922 1976 1153 2032 tenebris
1185 1982 1438 2050 adoperta
1472 1983 1595 2051 fuit,

782 2068 957 2138 ltegna
986 2070 1250 2141 Canupica
1279 2076 1399 2130 cum
1432 2077 1657 2147 fugeret,

778 2162 838 2215 Et
867 2178 1027 2233 super
1054 2175 1198 2221 astra
1230 2171 1439 2236 pararet
1469 2172 1591 2228 iter.

846 2254 935 2308 Illa
962 2258 1129 2325 gradu
1155 2260 1259 2313 cita
1286 2263 1550 2332 pervigili,

774 2343 934 2397 Millia
967 2348 1127 2402 multa
1162 2350 1305 2419 prius
1339 2354 1563 2425 peragit,

772 2434 938 2499 Quam
973 2437 1121 2506 plaga
1156 2442 1350 2509 pandat
1381 2443 1489 2498 Eua
1521 2448 1695 2514 polum
1728 2468 1739 2503 :

772 2524 923 2581 Mane
952 2530 1179 2598 superba
1210 2534 1488 2589 tribunalia
1519 2538 1647 2605 adit,

772 2614 1032 2672 Fascibus
1060 2622 1234 2677 adstat
1263 2633 1318 2680 et
1346 2628 1397 2680 in
1430 2629 1637 2684 mediis.

847 2706 1154 2767 Vociferans
1182 2714 1250 2767 ita
1284 2732 1299 2768 :
1331 2716 1461 2784 Quis
1491 2720 1637 2776 furor
1665 2734 1767 2790 est,

781 2796 1013 2855 Pérdere
1043 2803 1339 2873 praecipites
1364 2806 1598 2876 animas;

778 2888 841 2942 Et
874 2892 1011 2947 male
1042 2894 1259 2966 prodiga
1288 2901 1445 2955 corda

774 2980 1026 3041 Sternere
1052 2988 1302 3044 rasilibus
1334 2992 1598 3062 scapulis;

772 3074 1243 3151 Omnipatrémque
1275 3087 1469 3155 negare
1502 3087 1707 3145 Deum?

837 3167 1105 3240 Qureritis,
1136 3172 1169 3227 ὸ
1198 3176 1502 3234 miseranda
1533 3197 1741 3249 manus,

762 3254 1132 3317 Christicolum
1160 3268 1367 3335 genus?
1398 3270 1504 3325 En!
1536 3286 1636 3343 ego
1665 3289 1782 3331 sum

768 3347 1089 3406 Doeménicis
1118 3354 1329 3412 inimica
1359 3362 1526 3415 sacris
1555 3379 1567 3414 :

765 3437 908 3494 ldtila
940 3442 1154 3510 protero
1182 3448 1282 3502 sub
1311 3449 1563 3517 pedibus;

764 3530 1004 3598 Pc’ctore,
1035 3528 1087 3591 et
1112 3554 1207 3594 ore
1234 3540 1399 3596 Deum
1428 3542 1616 3600 fateor.

831 3622 947 3691 Isis,
981 3624 1195 3697 Apollo,
1232 3630 1412 3689 Venus
1439 3636 1570 3691 nihil
1601 3647 1701 3702 est,

756 3713 1105 3775 Maximianus
1134 3733 1185 3778 et
1214 3724 1327 3794 ipse
1356 3728 1486 3785 nihil
1514 3750 1527 3783 :

756 3806 846 3860 Illa
880 3809 1031 3875 nihil,
1062 3815 1183 3883 quia
1217 3820 1350 3873 facta
1385 3838 1577 3889 manu;

760 3899 875 3963 llic,
908 3902 1157 3959 manuum
1187 3910 1309 3976 quia
1342 3913 1475 3968 facta
1507 3917 1635 3972 colit
1664 3936 1678 3971 :

757 3987 967 4043 Frivola
999 3993 1240 4065 utraque,
1272 4008 1327 4054 et
1355 4002 1578 4075 utraque
1605 4009 1755 4063 nihil.

829 4081 1175 4141 Maximianus
1205 4105 1363 4161 opum
1396 4095 1673 4164 Dominus,

754 4174 822 4229 Et
854 4186 1026 4235 tamen
1060 4181 1172 4251 ipse
1200 4187 1367 4245 cliens
1397 4191 1652 4264 lapidum,

752 4266 1055 4339 Prostituat,
1092 4280 1385 4351 voveatque
1414 4289 1524 4342 suis

752 4362 1067 4423 Numinibus
1094 4382 1253 4440 caput
1282 4376 1399 4442 ipse
1428 4396 1580 4437 suum
1604 4404 1616 4449 ;

754 4454 975 4513 Pectora
1005 4476 1100 4514 cur
1128 4468 1386 4531 generusa
1417 4475 1622 4540 quatit?

824 4546 938 4603 Dux
968 4549 1157 4617 bonus,
1188 4554 1387 4614 arbiter
1415 4562 1657 4633 egregius

747 4634 1014 4706 sanguine
1043 4642 1275 4709 pascitur
1304 4649 1532 4708 innocuo
1568 4676 1579 4709 :

749 4727 1179 4803 Corporibusque
1208 4738 1305 4807 piis
1335 4742 1567 4813 inhians,

750 4817 963 4874 Viscera
994 4823 1172 4881 subria
1202 4829 1477 4900 dilacerat,

749 4908 957 4967 Gaudet
979 4922 1033 4968 et
1057 4919 1367 4976 excruciare
1396 4924 1573 4980 fidem.

816 5001 953 5072 Ergo
979 5004 1077 5074 age
1105 5014 1271 5062 tortor
1296 5012 1483 5080 adure,
1516 5031 1662 5083 seca,

748 5091 933 5149 Diiide
962 5099 1198 5155 membra
1228 5102 1411 5159 coacta
1443 5107 1571 5163 luto.

748 5182 968 5239 solvere
996 5202 1108 5242 rem
1138 5188 1400 5261 fragilem,
1433 5197 1585 5255 facile
1613 5215 1692 5257 cst
1716 5223 1730 5269 ;

742 5273 857 5328 Non
890 5277 1251 5346 penetrabitur
1280 5284 1491 5343 intériOt

741 5364 1054 5435 Exagitante
1082 5372 1271 5432 dolore
1299 5376 1525 5434 animus.

808 5456 1022 5515 Talibus
1050 5461 1254 5521 éxcitus
1284 5467 1337 5522 in
1369 5468 1535 5526 furias

739 5547 963 5619 Praztor,
994 5554 1097 5621 ait;
1129 5557 1275 5626 Rape
1305 5564 1631 5635 praecipitem

739 5639 939 5710 Lictor,
967 5656 1022 5701 et
1050 5647 1215 5707 obrue
1243 5658 1394 5725 suppl
1412 5659 1515 5713 'ciis
1541 5681 1559 5715 ι

738 5731 938 5791 Séntiat
962 5753 1081 5796 esse
1108 5743 1239 5801 deos
1269 5748 1486 5819 patrios,

2464 439 2542 497 Ne
2573 442 2810 502 témneat
2838 446 3100 521 Principis
3127 453 3411 528 imperium;

2537 534 2708 603 Quam
2736 540 2989 611 cuperem
3022 554 3220 614 tamen,
3250 561 3362 609 ante
3387 570 3565 629 necem,

2376 660 2385 669 -
2478 626 2532 682 Si
2567 630 2705 698 potis
2731 647 2790 687 es
2820 637 3074 692 revocare
3108 646 3248 695 tuam

2474 719 2646 777 Torva
2678 723 2916 781 Puéllula
2948 730 3273 800 nequitiam!

2472 809 2719 885 Respice,
2749 817 2944 887 gaudia
2974 832 3171 890 quanta
3202 836 3379 893 metas,

2471 906 2602 972 Quae
2633 909 2724 963 tibi
2757 910 2861 965 fert
2886 912 3127 970 Genialis
3160 917 3355 972 honor!

2534 999 2611 1055 Te
2640 1001 2930 1075 lachrymis
2958 1005 3219 1064 labefacta
3246 1010 3426 1068 domus

2471 1089 2831 1163 Prosequitur,
2864 1101 3182 1170 generisque
3211 1103 3285 1158 tui

2477 1180 2667 1252 ingerit
2696 1185 2857 1241 anxia
2887 1190 3140 1246 nobilitas

2478 1273 2633 1330 Flore
2659 1278 2800 1347 quad
2829 1279 3032 1336 occidis
3060 1284 3112 1337 in
3146 1285 3346 1350 tenero.

2471 1364 2718 1421 Proxima
2747 1367 2984 1435 dotibus,
3017 1383 3071 1428 et
3103 1374 3352 1431 thalamo.

2536 1456 2651 1512 Non
2680 1472 2853 1516 movet
2882 1464 3041 1521 aurea
3069 1483 3260 1538 pompa
3290 1472 3454 1528 thorit

2468 1546 2582 1602 Non
2612 1549 2781 1619 pietas
2808 1556 3110 1612 veneranda
3138 1576 3347 1631 senum,

2468 1637 2615 1704 Quos
2645 1644 2928 1700 temeraria
2960 1647 3247 1706 debilitas?

2474 1726 2612 1785 Ecce
2638 1734 2820 1801 parata
2849 1737 3137 1795 ministeria

2475 1818 2549 1874 Ex
2578 1826 2953 1884 cruciabilibus
2976 1831 3172 1889 exitiis.

2537 1913 2641 1968 Aut
2669 1917 2844 1985 gladio
2873 1920 3065 1979 feriere
3091 1934 3284 1995 caput;

2472 2003 2578 2058 Aut
2603 2006 2872 2066 laniabere
2901 2016 3140 2071 membra
3173 2016 3331 2086 feris;

2466 2099 2571 2150 Aut
2600 2098 2801 2157 lucibus
2832 2107 2952 2159 data
2988 2106 3258 2177 fumificis,

2470 2187 2851 2264 Flebilitérque
2879 2199 3123 2256 ululanda
3156 2203 3261 2260 tuis

2465 2280 2521 2335 In
2550 2283 2760 2341 cineres
2784 2292 3017 2346 resoluta
3044 2293 3201 2350 ﬂues.

2532 2372 2677 2439 Haec,
2711 2392 2863 2447 rogo,
2892 2383 3014 2449 quis
3045 2384 3200 2441 labor
3227 2397 3307 2444 est
3334 2388 3533 2462 fugere?

2459 2460 2516 2517 Si
2548 2464 2815 2522 modicum
2845 2471 2970 2526 salis
2994 2475 3268 2547 eminulis,

2464 2550 2662 2609 Thuris
2687 2566 2744 2611 et
2769 2560 3016 2631 exiguum
3048 2566 3236 2636 digitis

2458 2643 2701 2717 Tangere
2728 2650 2889 2721 Virgo
2917 2653 3147 2727 benigna
3176 2662 3331 2729 velis,

2460 2734 2678 2793 Pwnam
2706 2756 2921 2810 gravem
2952 2750 3084 2815 proh
3114 2752 3401 2824 aufugeris.

2529 2829 2729 2903 Martyr
2748 2835 2813 2888 ad
2840 2837 2959 2904 ista,
2990 2841 3123 2896 nihil
3155 2862 3168 2896 :
3198 2846 3291 2901 sed
3318 2849 3449 2903 enim

2462 2920 2717 2989 lnfremit,
2748 2928 2907 2999 inque
2934 2932 3171 3002 Tyranni
3200 2939 3382 2996 oculos

2454 3012 2618 3082 Sputa
2640 3016 2770 3086 jacit
2798 3037 2810 3072 :
2840 3023 3166 3083 simulachra
3195 3033 3384 3089 dehinc

2452 3102 2704 3175 Dissipat,
2737 3109 3151 3185 impositamque
3184 3124 3376 3177 molam

2457 3194 2759 3254 Thuribulis
2789 3204 2923 3272 pede
2955 3209 3247 3274 prosilivit.

2518 3294 2626 3350 Nec
2656 3314 2824 3367 mora,
2856 3302 3147 3361 Carnifices
3177 3308 3369 3377 gémini

2451 3386 2662 3444 Lancea
2692 3392 2903 3459 péctora
2932 3395 3264 3468 dilacerant;

2451 3478 2515 3533 Et
2544 3480 2682 3535 latus
2711 3485 2907 3555 ungula
2946 3488 3259 3561 Virgineum

2448 3572 2627 3628 Pulsat
2658 3580 2964 3649 utrumque,
2998 3593 3051 3637 et
3081 3585 3148 3640 ad
3185 3601 3308 3643 ossa
3339 3600 3490 3657 secat,

2449 3663 2655 3721 Eulalia
2688 3672 3006 3729 numerante
3038 3688 3216 3734 notas.

2513 3755 2777 3814 Scriberis
2806 3778 2933 3818 ecce
2963 3768 3110 3832 mihi,
3148 3770 3374 3829 Damine

2444 3849 2613 3916 Quam
2646 3851 2773 3908 libet
2804 3856 2899 3911 bos
2927 3857 3107 3928 apices
3144 3863 3342 3934 legere,

2443 3942 2545 4009 Qui
2576 3951 2687 4012 tua,
2716 3946 2948 4016 Christe,
2984 3955 3224 4021 troiiliara
3260 3968 3457 4025 notant,

2444 4032 2647 4090 Nomen
2678 4044 2735 4092 et
2764 4038 2875 4109 ipsa
2907 4056 3117 4099 sacrum
3152 4047 3390 4120 laquitur

2441 4124 2679 4196 Purpura
2713 4130 2987 4200 sanguinis
3017 4137 3205 4194 eliciti.

2512 4217 2636 4275 Haec
2662 4221 2780 4277 sine
2810 4223 3021 4280 ﬂetibus
3051 4236 3105 4282 et
3136 4231 3335 4302 gémitu

2442 4309 2581 4365 Laeta
2610 4314 2833 4370 canebat
2857 4326 2912 4372 et
2941 4318 3204 4389 intrepida
3236 4328 3268 4386 :l

2444 4400 2597 4455 Dirus
2625 4404 2774 4459 abest
2803 4406 2959 4463 dolor
2987 4426 3051 4465 ex
3083 4412 3288 4483 animo,

2441 4492 2781 4566 Membraque
2808 4497 2965 4554 tincta
2995 4504 3192 4561 cruore
3222 4522 3380 4571 novo.

2442 4583 2613 4641 Fonte
2641 4596 2815 4643 cutem
2848 4593 3118 4649 recalente
3154 4598 3353 4653 lavant.

2506 4678 2698 4735 Ultima
2728 4685 3033 4741 carnificina
3064 4689 3285 4759 dehinc,

2433 4769 2547 4824 Non
2578 4772 2832 4830 laceratio
2864 4779 3108 4835 vulniﬁca

2430 4862 2604 4918 Cratis
2632 4876 2819 4933 genus,
2854 4882 2954 4924 nec
2982 4872 3130 4926 arata
3162 4877 3340 4943 cutis;

2436 4950 2694 5022 Flamma,
2725 4958 2819 5011 sed
2849 4959 3085 5029 undique
3116 4964 3453 5035 lampadibus

2435 5043 2489 5095 In
2522 5043 2707 5107 latera,
2738 5049 3183 5122 stomachumque
3214 5056 3358 5111 furit.

2504 5130 2732 5206 [cccxu]
2763 5135 2939 5192 Crinis
2967 5146 3023 5195 et
3051 5143 3186 5198 odor
3213 5154 3274 5200 ut
3296 5147 3350 5203 in
3376 5148 3574 5217 jugulos

2437 5224 2706 5291 Fluxerat,
2736 5228 3022 5288 involitans
3054 5235 3317 5306 humeris,

2428 5314 2544 5380 Qui)
2576 5317 2877 5385 pudibunda
2908 5323 3185 5396 pudicitia,

2427 5404 2811 5478 Virgineusque
2841 5410 3001 5469 lateat
3029 5414 3222 5488 bonos,

2421 5494 2675 5565 Tegmine
2706 5498 2922 5557 vérticis
2950 5505 3225 5574 Oppasito.

2490 5585 2728 5643 Flamma
2756 5604 2980 5661 crepans
3003 5596 3145 5652 volat
3169 5596 3226 5653 in
3257 5597 3465 5665 faciem,

2419 5678 2625 5749 Perque
2644 5694 2827 5737 comas
2855 5687 3118 5757 vegetata,
3150 5702 3314 5762 caput

2408 5768 2675 5840 Occupat,
2706 5775 3068 5847 exuperath
3093 5778 3304 5850 apicem
3341 5803 3351 5836 :

3630 367 3729 427 1216
