3984 6376
254 361 389 415 1277

1205 350 1685 411 SANCTORALE.
1730 381 1797 391 —
1839 348 2059 409 FESTA
2102 354 2517 418 DECEMBRIS.
3382 372 3519 428 l218

464 470 618 537 \‘irgo
648 468 811 521 citum
835 467 1060 535 cupiens
1086 464 1310 531 dbitum,

458 559 678 631 Appetit
705 568 758 614 et
790 558 924 615 bibit
954 574 1047 614 ore
1071 573 1281 628 rogum.

529 651 738 707 Emicat
761 650 887 708 inde
910 652 1168 707 Columba
1190 651 1404 723 replens

456 749 701 820 Martyris
734 763 814 813 os,
845 749 967 804 nive
992 748 1268 803 candidior

460 842 580 896 Visa
613 842 938 910 relinquere,
972 852 1025 896 et
1047 852 1189 897 astra
1219 842 1367 910 sequi
1396 860 1432 909 ε,

457 934 685 1003 Spiritus
710 934 795 988 hic
820 945 934 989 erat
964 935 1182 990 Eulaliae

452 1026 753 1093 Lactéolus,
783 1028 946 1093 celer,
977 1026 1257 1081 innocuus.

523 1116 671 1173 Colla
703 1119 892 1184 ﬂuunt,
924 1120 1157 1175 abeunte
1185 1119 1385 1182 animi,

457 1210 524 1266 Et
552 1226 713 1281 rogus
742 1213 929 1281 igneus
955 1212 1214 1269 emoritur
1238 1232 1249 1265 :

452 1300 562 1355 Pax
594 1301 751 1357 datur
774 1302 994 1358 artubus
1020 1303 1299 1369 exanimis,

450 1391 632 1447 Fletus
662 1394 716 1448 in
740 1394 939 1449 aethera
972 1395 1175 1465 plaudit
1202 1410 1395 1463 ovans,

451 1480 781 1552 Témplaque
808 1484 950 1539 celsa
980 1487 1114 1555 petit
1140 1484 1384 1544 volucer.

524 1578 669 1633 Vidit
696 1586 751 1634 et
783 1580 896 1649 ipse
928 1580 1147 1636 satelles
1178 1580 1347 1638 Avem

450 1667 687 1724 Femina:
712 1670 781 1725 ab
807 1684 900 1726 ore
926 1673 1108 1727 meare
1136 1676 1315 1740 palam
1350 1694 1359 1727 :

450 1761 879 1831 Obstupelactus,
909 1770 963 1819 et
988 1762 1246 1822 attonitus

450 1854 686 1923 Prosilit,
718 1866 771 1912 et
797 1872 895 1912 sua
924 1867 1070 1927 gesta
1106 1861 1266 1932 fugit;

447 1947 629 2003 Lictor
655 1957 711 2004 et
736 1950 850 2019 ipse
881 1947 1016 2019 fugit
1046 1953 1291 2021 pavidus.

522 2038 660 2096 Ecce
687 2040 864 2096 nivem
893 2043 1133 2110 glacialis
1164 2046 1353 2117 hycms

446 2132 666 2203 Ingerit,
698 2144 751 2188 et
782 2133 912 2205 tegit
941 2149 1103 2192 omne
1132 2136 1305 2193 forum
1333 2155 1345 2191 :

448 2222 789 2295 Membraque
820 2230 956 2299 tegit
984 2229 1138 2284 simul
1167 2229 1409 2287 Eulaliae.

444 2319 577 2372 Ossa
599 2318 778 2387 iacent
808 2327 909 2377 suo
938 2322 1135 2392 gelido,

444 2408 650 2464 Pallioli
676 2410 797 2469 vice
820 2412 1045 2469 lintéoli.

514 2504 689 2563 Cedat
710 2523 861 2564 amor
882 2509 1305 2582 lachrymantum
1336 2510 1633 2572 hominum.

442 2598 541 2666 Qui
570 2601 849 2658 celebralre
874 2602 1122 2672 suprema
1149 2604 1352 2662 solent:

449 2689 653 2748 Flébile
679 2694 834 2750 cedat
856 2702 909 2749 et
936 2694 1170 2749 officium
1200 2710 1215 2747 :

441 2777 557 2855 lp’sa
579 2782 862 2848 elementa,
885 2783 1108 2852 jubéntc
1140 2785 1267 2849 Deo,

447 2873 715 2945 Exéquias
744 2877 858 2942 tibi,
890 2876 1071 2947 Virgo,
1103 2877 1295 2933 ferunt.

513 2965 665 3021 Nunc
694 2968 840 3024 locus
868 2968 1102 3024 Emerita
1133 2980 1215 3025 est
1247 2971 1448 3025 tumqu

445 3056 597 3112 Clara
623 3057 845 3113 Colonia
879 3058 1162 3127 Vettoniae,

450 3148 617 3217 Quam
649 3150 1015 3206 memorabilis
1044 3150 1217 3207 amnis
1242 3151 1355 3206 Ana

443 3241 708 3309 Praeterit,
734 3251 788 3298 et
816 3243 1084 3299 viridante
1111 3260 1276 3314 rapax

440 3332 662 3403 Gurgite
692 3339 888 3391 mtenia
917 3334 1137 3405 pulchra
1166 3336 1317 3406 pluit.

513 3425 633 3493 Hic,
658 3426 748 3482 ubi
771 3426 1037 3484 marmore
1066 3430 1342 3497 perspicuo

445 3520 589 3575 Atria
619 3520 883 3576 luminant
909 3523 1048 3577 alma
1080 3522 1271 3588 viator,

444 3609 511 3666 Et
540 3614 869 3684 peregrinus,
897 3624 952 3670 et
981 3614 1223 3686 indigena
1255 3635 1266 3668 :

446 3705 736 3776 Reliquias,
764 3708 1075 3779 cineresque
1099 3724 1280 3764 sacros

447 3797 636 3853 Servat
664 3801 857 3854 humus
886 3800 1183 3855 veneranda
1212 3800 1349 3855 sinu.

512 3888 676 3944 Tecta
702 3891 925 3945 corusca
952 3906 1115 3961 super
1140 3892 1358 3948 rutilant

441 3978 519 4035 De
548 3979 884 4050 laquearibus
910 3983 1165 4049 aureolis,

439 4070 687 4143 saxaque
713 4087 848 4128 causa
880 4076 1052 4128 solum
1082 4075 1285 4132 variant
1315 4098 1325 4130 :

444 4163 689 4220 Floribus
716 4172 775 4218 ut
800 4164 1069 4219 rorulenta
1096 4176 1247 4235 putes

444 4253 601 4309 Prata
630 4254 917 4311 rubescere
948 4256 1293 4312 multimodis.

510 4348 725 4417 carpite
753 4349 1051 4419 purpureas
1081 4350 1269 4416 violas,

443 4438 878 4510 Sanguineosque
909 4455 1095 4497 crocos
1124 4442 1305 4498 métite
1330 4464 1343 4498 :

443 4532 557 4587 Non
588 4542 737 4590 caret
765 4534 845 4590 his
875 4535 1113 4604 gemellis
1143 4536 1359 4608 hyems,

443 4624 613 4680 Laxat
639 4635 693 4681 et
715 4634 882 4684 arctat
914 4636 1099 4697 tepens
1124 4630 1340 4699 glacies,

446 4716 692 4773 Floribus
714 4728 774 4773 ut
793 4720 1029 4775 cumulet
1053 4721 1314 4776 calathos.

519 4810 619 4865 Ista
648 4812 979 4867 comantibus
1006 4814 1036 4868 ὁ
1060 4814 1199 4869 foliis

446 4900 691 4967 Munera,
719 4904 867 4973 virgo
896 4902 1128 4973 puérque
1152 4905 1303 4970 date;

446 4991 546 5045 Ast
574 5006 674 5063 ego
702 5004 842 5047 serta
864 4994 1031 5049 choro
1054 5005 1107 5049 et
1134 4994 1185 5049 in
1219 4995 1392 5051 medio

444 5082 614 5140 Texta
644 5085 809 5141 feram
836 5087 973 5157 pede
1001 5088 1288 5161 Dactylico,

445 5174 602 5242 Vilia,
634 5177 887 5246 marcida,
920 5178 1053 5235 festa
1081 5180 1275 5236 tamen.

518 5265 607 5323 Sic
635 5268 880 5323 venerari
908 5283 1029 5326 ossa
1056 5270 1203 5338 libet,

442 5356 662 5414 Ossibus
685 5360 868 5417 Altare
899 5370 953 5417 et
981 5362 1283 5433 impositum
1314 5384 1325 5419 :

445 5453 536 5509 Illa
567 5455 659 5510 Dei
690 5456 788 5510 sita
815 5456 916 5511 sub
943 5459 1165 5523 pedibus

442 5544 716 5618 Prdspécit
740 5548 876 5618 haec,
907 5551 1236 5622 populdsque
1268 5570 1392 5609 suos

442 5635 695 5694 Carmine
719 5639 910 5709 prdpio
937 5642 1022 5696 tali
1047 5643 1242 5699 foveat.

516 5729 784 5789 Laudibus
807 5731 1027 5789 élierant
1048 5736 1258 5792 eximiis

450 5824 624 5888 Astra,
650 5825 845 5891 solum,
874 5841 1038 5896 mare,
1072 5828 1319 5900 quicquid
1351 5831 1525 5898 habet,

1859 464 1907 522 Λ
2153 476 2247 542 Te,
2284 477 2527 544 Génimr,
2553 480 2912 553 Genitt'unque
2945 497 3113 553 tuum,

2150 570 2457 642 Simplicem
2483 571 2645 628 etiam
2676 586 2727 631 et
2758 578 3014 647 Spiritum

2150 662 2426 731 Perpetuis
2455 666 2709 723 résonent
2737 671 2987 726 modulis.

2221 757 2362 813 Festi
2398 760 2555 828 hujus
2585 764 2635 815 in
2665 762 2930 830 laudibus,
2963 766 3170 823 Dumini

2153 850 2383 906 Vticihus
2413 854 2619 910 intonet
2638 857 2777 910 alma
2808 860 3021 923 cohors,

2154 945 2431 1000 Victricem
2462 950 2549 1017 qui
2586 948 2710 1004 fecit
2742 950 3026 1016 Eulaliam,

2144 1035 2367 1092 Sicians
2390 1040 2639 1095 mthc’reis
2669 1043 2871 1097 civibus
2899 1044 3155 1114 pérpetim

2144 1128 2357 1195 Trinus,
2389 1130 2536 1186 Unus
2566 1130 2843 1187 Dominus.

2212 1224 2406 1278 Amen.

2002 1313 2348 1381 Supplicdtio.
2382 1316 2608 1371 Urémus
2641 1316 3079 1387 Redempldrcm,
3112 1320 3308 1373 muttito
3343 1324 3514 1375 nimi—

1929 1424 2012 1471 ne,
2043 1406 2138 1475 fol.
2170 1424 2447 1464 CLxxxvtt.

1999 1496 2262 1567 Capitula.
2290 1501 2439 1567 Jesu,
2470 1500 2562 1554 Dei
2607 1501 2795 1568 Filius,
2828 1501 2916 1571 qui
2965 1501 3175 1555 hortum
3209 1502 3511 1558 Electdrum

1931 1591 2252 1659 ingrediens,
2289 1594 2431 1647 inter
2474 1594 2579 1648 lilia
2629 1593 2883 1663 pasceris.
2919 1594 3130 1663 quando
3182 1595 3233 1647 in
3285 1594 3513 1663 corpore

1930 1694 2039 1747 tuo,
2070 1686 2211 1753 quod
2255 1696 2336 1739 cst
2385 1687 2644 1753 Ecclésia,
2676 1688 2992 1743 Sanctarum
3026 1690 3299 1760 Virginum
3357 1691 3513 1746 casti-

1932 1776 2028 1829 lius
2057 1776 2349 1841 decoraris,
2386 1777 2473 1831 ubi
2504 1779 2864 1834 beatissimam
2905 1781 3165 1835 Eulaliam
3194 1782 3512 1839 mirabiliter

1935 1865 2297 1936 introducens,
2338 1868 2407 1921 ita
2441 1869 2682 1925 miriﬁcis
2711 1884 2830 1925 eam
2877 1871 3099 1926 nuribus
3129 1873 3361 1928 maluisti
3404 1874 3507 1928 ful-

1928 1960 2057 2022 (τετε,
2091 1968 2149 2013 ut
2174 1959 2306 2014 odor
2331 1961 2583 2016 virtutum
2615 1962 2731 2032 ejus
2765 1964 3015 2033 tanquam
3044 1964 3264 2020 lldscula
3292 1963 3507 2019 arumn-

1928 2061 2037 2104 tum
2066 2052 2129 2105 ad
2158 2068 2254 2107 nos
2278 2068 2447 2121 usque
2474 2054 2856 2111 descenderet:
2884 2066 2935 2110 te
2960 2057 3184 2127 supplici
3212 2058 3507 2113 intentione

1928 2145 2198 2211 rogamus,
2223 2153 2298 2212 ut,
2327 2146 2521 2201 amotis
2554 2147 2733 2215 iiguris
2758 2148 2950 2204 véteris
2980 2151 3332 2218 Testaméuti,
3366 2168 3505 2222 qum,

1926 2234 2069 2289 velut
2114 2235 2337 2302 umbraa,
2366 2238 2418 2292 in
2453 2238 2663 2307 -typicis
2712 2240 3180 2296 observatidnihus
3212 2242 3505 2311 praecesse-

1925 2334 2067 2389 runt,
2099 2326 2216 2381 dies
2256 2327 2360 2393 illa,
2398 2328 2712 2399 Evange’lica
2756 2332 2940 2401 utique
2985 2332 3218 2399 traditio,
3258 2332 3309 2385 in
3354 2331 3507 2386 nobis

1923 2416 2211 2486 aspirando
2242 2419 2504 2487 proficiat,
2529 2421 2759 2491 qualiter
2783 2421 2853 2475 ita
2876 2422 3121 2492 exemplo
3151 2423 3370 2490 virginis
3398 2422 3505 2477 Eu-

1924 2506 2064 2561 laliae
2106 2508 2376 2578 Evangelii
2427 2510 2597 2564 lucem
2648 2512 2754 2566 tota
2787 2510 3069 2565 devotidne
3112 2512 3418 2580 sequamur,
3454 2521 3509 2563 ut

1925 2600 2140 2653 umbras
2170 2600 2422 2669 ιιι-πιότὶιί
2455 2602 2676 2665 erroris,
2703 2612 2753 2656 et
2784 2602 3022 2655 criminis
3046 2602 3370 2656 nesciamus.

1994 2687 2153 2744 Pater
2185 2698 2384 2746 noster.
2418 2690 2649 2745 Liberali
2672 2691 2700 2744 ἐι
2730 2692 2888 2746 malo.
2917 2691 3010 2761 fol.
3033 2689 3091 2745 ‘2.

2001 2780 2314 2837 Benedictio.
2348 2782 2486 2838 Deus
2516 2785 2789 2850 virtutum,
2824 2800 2919 2854 per
2945 2800 3103 2856 quem
3134 2792 3318 2839 sancta
3345 2783 3503 2839 Eula-

1924 2874 2016 2942 lia,
2042 2874 2167 2927 dhm
2184 2874 2249 2928 ad
2283 2875 2586 2943 passidnem
2617 2877 2783 2940 vadit,
2802 2876 2867 2930 ad
2891 2875 3112 2944 gldriam
3138 2875 3504 2944 pervénit,det

1920 2965 2093 3033 vobis,
2129 2980 2225 3020 nec
2252 2966 2503 3021 vitiorum
2541 2966 2881 3036 passibnibus
2930 2967 3209 3033 adstringi,
3242 2976 3294 3020 et
3326 2965 3355 3020 ὲ
3382 2979 3505 3033 pas-

1919 3058 2133 3112 sionum
2166 3058 2306 3113 vitiis
2335 3058 2552 3114 liberari
2581 3077 2592 3111 :
2641 3059 2677 3125 ιῆ
2702 3100 2715 3112 .
2748 3060 2939 3112 Amen.
2973 3058 3099 3124 Qum
3130 3073 3223 3111 sua
3256 3056 3495 3111 membra

1841 3178 1889 3243 α
1921 3167 2025 3206 non
2056 3152 2221 3219 vitiis,
2272 3153 2365 3207 sed
2399 3168 2493 3220 pro
2540 3153 2650 3207 Dco
2698 3151 3033 3222 passionibus
3063 3149 3320 3243 subdidit,
3352 3148 3496 3243 obti—

1920 3252 2044 3299 neat
2070 3260 2167 3299 vos
2194 3244 2485 3315 numquam
2519 3244 2874 3299 tentatiénum
2903 3242 3284 3297 ccrtaminibus
3319 3240 3493 3305 vinci;

1932 3337 1969 3403 ἡ
1996 3376 2007 3388 .
2042 3337 2237 3390 Amen.
2266 3335 2354 3399 Ut.
2385 3338 2523 3391 sicut
2552 3337 2639 3390 illa
2674 3344 2793 3401 post
2820 3336 3121 3405 passidnem
3149 3333 3379 3387 obtinuit
3401 3346 3498 3387 co-

1918 3428 2131 3493 ronam,
2164 3429 2235 3482 ita
2262 3443 2356 3483 vos
2390 3444 2486 3498 per
2514 3426 2887 3498 pmniténtiam
2914 3424 3142 3480 veniatis
3172 3423 3237 3478 ad
3264 3423 3499 3478 véniam.

1933 3523 1970 3583 Ii
1992 3564 2007 3578 .
2041 3528 2230 3578 Amen.

1992 3614 2093 3669 Per
2122 3612 2572 3671 misericordiam.

1991 3706 2240 3779 [cccxut]
2293 3708 2499 3763 Lauda.
2548 3707 2695 3763 Sicut
2752 3706 2927 3777 palma
2996 3705 3223 3761 exausta
3281 3716 3397 3756 sum
3444 3702 3497 3756 in

1918 3800 2135 3869 gaudio.
2160 3803 2411 3858 Alleluia.
2450 3802 2516 3856 Et
2562 3804 2703 3857 sicut
2742 3803 2879 3856 oliva
2909 3800 3151 3869 Specidsa
3187 3800 3238 3853 in
3269 3796 3495 3865 campis,

1919 3892 2166 3948 Alleluia.
2201 3893 2270 3950 P.
2299 3896 2449 3950 Sicnt
2466 3895 2588 3951 vitis
2610 3893 2920 3950 fructificavi
2944 3890 3257 3947 suavitl‘item
3287 3888 3491 3949 oddris.

1919 3984 2173 4053 Alleluia,
2195 3986 2429 4054 alleluia,
2452 3988 2687 4043 alleluia.
2734 3989 2767 4057 Ῡ
2793 4026 2807 4042 .
2846 3987 3165 4057 Egoautem,
3195 3983 3331 4038 sicut
3358 3980 3494 4035 oliva
3592 3996 3601 4005 ι

1919 4078 2193 4134 fructifera
2236 4082 2288 4135 in
2327 4081 2487 4134 domo
2532 4080 2772 4146 Domini,
2806 4080 3069 4150 sperabo;
3116 4088 3169 4133 et
3197 4078 3247 4131 in
3286 4073 3495 4130 miseri—

1916 4168 2099 4226 cordia
2142 4171 2235 4226 Dei
2268 4172 2373 4226 mei
2414 4172 2465 4226 in
2513 4172 2793 4236 aeternum,
2845 4181 2898 4225 et
2929 4171 2981 4224 in
3012 4169 3263 4224 saeculum
3294 4166 3495 4222 saeculi.

1918 4261 1984 4315 P.
2015 4262 2166 4317 Sicut
2203 4262 2345 4316 vitis.
2391 4262 2463 4329 Ῡ.
2493 4260 2697 4326 Gloria,
2757 4272 2811 4315 et
2851 4261 3040 4314 honor.
3078 4259 3141 4312 P.
3177 4260 3322 4315 Sicut
3352 4259 3497 4310 vitis.

1992 4356 2187 4408 Ortitio.
2218 4354 2441 4408 Dt'imine
2464 4356 2594 4410 Jcsu
2617 4354 2848 4417 Christe,
2878 4353 2966 4422 qui
2992 4351 3205 4407 bellam
3239 4349 3496 4404 Eulaliam

1918 4451 2176 4519 virginem
2210 4449 2263 4503 in
2294 4449 2479 4504 ténero
2507 4449 2680 4503 audtis
2724 4458 2885 4510 statu,
2937 4462 3034 4501 nec
3084 4444 3265 4499 mundi
3298 4442 3494 4499 inlece-

1842 4543 1894 4604 ι)
1923 4542 2053 4608 hris,
2085 4556 2184 4596 nec
2213 4541 2622 4610 persecuturum
2671 4537 2957 4610 permisisti
2990 4536 3230 4607 superari
3260 4535 3498 4591 tormen-

1917 4633 2103 4686 tis:in
2148 4648 2251 4703 qua
2298 4633 2522 4687 munere
2573 4642 2683 4697 tuo,
2738 4645 2838 4684 nec
2885 4644 3047 4684 sexus
3096 4629 3345 4694 vincitur,
3396 4643 3494 4682 nec

1916 4720 2178 4787 affectus;
2209 4721 2358 4789 cnjus
2389 4720 2745 4775 constantiam
2780 4734 2877 4775 nec
2905 4719 3109 4775 saevitia
3144 4718 3362 4784 térruit,
3400 4732 3497 4771 nee

1917 4826 2071 4880 paena
2096 4812 2357 4877 edomuit,
2385 4826 2482 4867 nec
2505 4813 2702 4881 t‘tngula
2737 4813 2949 4878 minuit,
2980 4827 3079 4867 nec
3110 4811 3319 4866 ﬂamma
3350 4825 3497 4864 com-

1919 4902 2121 4971 péscuit
2153 4922 2163 4956 :
2193 4903 2360 4973 llujus
2388 4918 2515 4974 ergo
2559 4903 2868 4973 deprecatio
2905 4919 3001 4973 pro
3031 4903 3185 4958 nobis
3235 4902 3303 4955 ita
3350 4900 3491 4966 apud

1919 5002 1969 5047 te
2002 4994 2311 5060 praevaleat,
2349 5004 2404 5049 ut
2449 4994 2586 5051 mala
2618 4994 2649 5050 ὲ
2682 4996 2836 5052 nobis
2876 4992 3182 5065 prmséntla,
3212 4991 3495 5061 futuraque

1916 5086 2210 5142 removeat.
2251 5088 2287 5147 ἡ
2311 5127 2323 5141 .
2357 5090 2547 5146 Amen.

1988 5178 2090 5235 Per
2117 5181 2559 5237 misericordiam.

2483 5277 2561 5329 At!
2601 5275 2924 5330 Matutinum.

1986 5363 2307 5434 Antiphona.
2342 5365 2503 5421 Lahia
2536 5382 2652 5422 mea
2675 5367 2904 5438 apérics.
2937 5364 3178 5421 Psalmua
3209 5382 3262 5422 t..
3289 5366 3488 5423 Ονᾶιὶο.

1920 5455 2171 5511 Exultent
2198 5457 2442 5513 Domine.
2473 5459 2565 5529 fol.
2594 5474 2785 5515 ειυς.

1988 5548 2307 5618 ΑηιίρΙιοηα.
2350 5551 2541 5617 Surge,
2569 5548 2796 5618 propera
2831 5562 3025 5619 sponsa
3050 5563 3190 5613 mea,
3242 5556 3297 5602 et
3324 5547 3445 5603 veni
3479 5564 3493 5576 -

1916 5637 2032 5691 Jam
2064 5638 2205 5694 enim
2251 5638 2436 5709 hyems
2480 5637 2709 5707 transiit,
2745 5650 2799 5696 et
2846 5639 3090 5696 rece'ssit.
3122 5639 3304 5694 Flores
3333 5653 3496 5708 appa-

1920 5727 2138 5785 ruérunt
2187 5730 2236 5784 in
2283 5740 2476 5785 terram
2507 5739 2767 5786 nostram.
2818 5730 2884 5788 Ρ.
2934 5731 3105 5799 Quam
3160 5731 3382 5803 pulchra
3435 5745 3493 5784 es

1924 5818 2100 5875 amica
2134 5836 2271 5887 mea,
2304 5829 2356 5877 et
2385 5820 2540 5890 quam
2589 5820 2808 5878 decdra!
2866 5822 3205 5881 Pulchridres
3249 5819 3387 5877 oculi
3423 5819 3493 5872 lui

1860 1821 1901 1875 ll

3482 6046 3531 6085 ἶ
