3984 6376
201 363 323 420 ηδε

1140 356 1611 417 SANCTORALE.
1653 385 1722 397 —-
1762 354 1978 411 FES'I‘A
2018 355 2416 413 DECEMBRIS.

3289 359 3422 413 ηδε

268 482 577 549 Antiphona.
626 478 809 535 Gaude
836 489 888 535 ct
928 479 1107 535 latore
1137 480 1188 534 in
1218 476 1364 533 omni
1408 475 1595 541 corde,
1650 473 1751 528 tilia
1785 474 1825 527 Α
1859 485 1954 525 nos
1982 472 2170 527 liberet
2200 472 2229 526 ξι
2257 473 2550 541 suppliciis,
2591 482 2644 528 et
2677 472 2918 542 amictus,
2962 491 3065 544 qun
3098 474 3172 528 illi
3200 477 3415 545 propin-

196 571 317 627 Sion
345 588 356 623 :
382 570 448 625 P.
484 570 618 625 Ecce
663 568 917 624 Dominus
954 571 1008 623 in
1054 568 1229 624 médio
1256 569 1329 622 tui
1356 566 1508 623 fortis
1536 566 1749 623 exulta-

198 665 271 718 bit
291 675 457 732 super
489 673 542 718 te
570 663 626 718 in
653 661 827 717 laude.
868 661 904 729 Ῡ
928 700 941 715 .
975 660 1253 716 Delectare
1299 661 1353 714 in
1394 658 1620 714 Domino
1653 676 1666 711 :
1703 667 1758 712 et

196 757 339 812 dabit
386 756 480 811 tibi
527 755 811 825 petitiones
858 755 1031 809 cordis
1061 755 1157 808 tui.
1203 752 1267 807 P.
1301 753 1439 807 Ecce
1473 751 1749 807 Dominus.

210 848 243 916 γ
269 890 279 902 .
310 845 514 915 Gloria,
542 856 598 902 et
623 847 795 902 honor
823 847 984 901 Patri.
1022 845 1083 899 P.
1109 846 1245 900 Ecce
1274 845 1554 899 Dominus.

265 940 465 994 Οτάιὶο.
510 938 693 994 Gaude
714 949 769 994 et
793 938 973 993 latore
1016 938 1121 991 lilia
1166 937 1317 1000 Sion,
1360 936 1481 1005 quia
1530 933 1748 991 abstulit

195 1030 451 1085 Dominus
494 1030 738 1084 inimicos
782 1037 923 1097 tuos,
960 1028 1085 1083 dum
1116 1036 1186 1092 te,
1219 1037 1272 1082 et
1298 1028 1347 1080 in
1371 1026 1616 1096 passione
1643 1025 1755 1079 vic-

196 1120 404 1186 tricem,
436 1127 490 1175 et
519 1119 587 1173 ab
607 1118 750 1173 omni
776 1119 1024 1188 contagio
1051 1119 1313 1173 haeresum
1340 1115 1571 1170 reddidit
1596 1117 1756 1170 inno-

194 1212 430 1276 centem;
479 1224 780 1281 quaesumus
826 1224 977 1279 ergo,
1023 1219 1080 1264 ut
1127 1208 1334 1263 tnéritis
1383 1207 1489 1262 tuis
1516 1205 1582 1260 ab
1608 1206 1750 1261 omni

196 1302 486 1357 tentatione
525 1301 814 1368 salvemur,
854 1301 943 1369 qui
974 1301 1111 1355 diem
1143 1309 1290 1354 tuum
1320 1297 1641 1354 venerantes
1667 1299 1750 1353 in-

193 1394 455 1458 colimus;
499 1402 556 1448 et
593 1394 680 1463 qui
724 1395 777 1447 in
819 1401 871 1448 te
909 1391 1101 1447 vicisse
1144 1391 1407 1457 crédimus
1450 1389 1746 1457 Christum,

195 1499 290 1538 nos
318 1499 411 1552 per
434 1499 555 1538 eum
584 1483 773 1539 vicisse
801 1483 1038 1539 laetemur
1068 1481 1413 1553 impulsiones
1448 1482 1740 1538 carnalium

193 1576 517 1645 passionum.
567 1575 603 1643 ιῆ
628 1614 642 1628 .
677 1577 868 1630 Amen.

260 1669 368 1724 Per
398 1668 839 1724 misericordiam.

256 1760 571 1831 Antiphonta.
628 1759 761 1816 Veni
805 1774 1001 1830 sponsa
1030 1760 1095 1815 ad
1141 1760 1493 1830 preparatum
1534 1772 1750 1829 regnum

1858 560 2020 628 quare
2049 561 2289 629 nitimur,
2322 577 2420 618 nos
2448 562 2580 618 ditet
2604 563 2906 621 muneribus
2928 566 3283 636 sempiternis.
3333 566 3370 634 ιῆ
3395 604 3410 620 .

1859 652 2046 704 Amen.

1931 740 2031 795 Per
2059 743 2500 796 misericordiam.

2444 853 2510 907 In
2550 854 2829 911 Laudibus.

1930 966 2010 1019 Ad
2050 965 2338 1023 canticum.
2382 970 2694 1040 Antiphona.
2725 972 2805 1027 Tu
2835 976 2994 1040 nosti,
3017 974 3258 1045 Domine,
3298 980 3420 1049 quia

1862 1070 1965 1110 non
2010 1058 2333 1113 coméderim
2361 1059 2413 1113 in
2440 1076 2624 1117 mensa
2664 1066 3040 1131 execrationis,
3076 1083 3171 1123 nec
3198 1070 3419 1127 biberim

1857 1150 2039 1204 vinum
2084 1150 2435 1205 libaminum:
2475 1154 2744 1223 nunquam
2794 1158 2935 1212 enim
2979 1158 3152 1214 Imtata
3200 1171 3282 1216 est
3326 1178 3421 1216 an-

1860 1240 1976 1296 cilla
2009 1251 2117 1306 tua,
2151 1244 2251 1296 nisi
2285 1244 2335 1298 in
2368 1252 2441 1309 te,
2472 1245 2718 1301 Domine.

2112 1410 2115 1412 ἓ
2183 1388 2188 1393 ι
2226 1352 2489 1408 Cdnticum
2517 1355 2701 1411 Est/ter
2734 1358 2882 1427 (Cap.
2920 1361 3054 1429 xw).

1935 1464 2165 1521 Domine
2212 1468 2305 1535 mi,
2356 1468 2447 1524 rex
2501 1471 2856 1542 omnipotens,
2896 1475 3083 1543 adjuva
3116 1494 3200 1533 me
3228 1481 3422 1535 sollici-

1869 1564 1994 1621 tam,
2038 1566 2092 1611 ct
2120 1558 2264 1627 cujus
2315 1570 2507 1628 prmter
2550 1572 2599 1617 te
2639 1563 2814 1621 nullus
2843 1567 3125 1621 auxiliator
3154 1578 3234 1623 est
3262 1570 3422 1625 illius.

1862 1647 1891 1681 l‘
1920 1647 2215 1703 Periculum
2248 1666 2423 1706 meum
2454 1652 2503 1706 in
2530 1669 2686 1708 manu
2717 1671 2830 1711 mea
2856 1666 2960 1712 est.

1933 1740 2125 1795 Audivi
2168 1745 2307 1797 enim
2339 1744 2367 1798 ἐι
2396 1757 2542 1813 patre
2586 1764 2723 1814 meo,
2775 1751 2913 1819 quod
2965 1762 3020 1806 ιιι
3072 1753 3294 1809 Domine
3340 1765 3422 1810 tu-

189 1823 470 1918 οωιὸηίηι,
504 1853 637 1908 inm
666 1854 719 1907 ίη
748 1823 1021 1922 “hu-dium,
1053 1852 1118 1907 Ρ,
1143 1823 1221 1908 Ἐι
1253 1823 1469 1923 'pércipe
1507 1823 1755 1906 δευέαίο,
1784 1823 1830 1884 Β
1861 1830 1968 1923 Iisti
2010 1831 2170 1888 lsraél
2205 1834 2271 1888 de
2315 1838 2519 1890 cunctis
2565 1839 2827 1907 ge’ntibns,
2853 1843 2882 1875 ἰ
2909 1851 2961 1897 et
2994 1852 3167 1911 patres
3213 1855 3420 1901 nostros

190 1944 385 1999 lienem
416 1944 446 1997 δ
476 1942 773 2013 ῡόιιιίηο.ᾓ
802 1983 818 1998 .
858 1944 970 1999 Non
997 1945 1088 1999 det
1123 1944 1623 1999 in‘commotionem
1662 1957 1755 2011 pe-

188 2034 311 2089 dem
356 2043 545 2088 tuum:
580 2046 754 2103 neque
799 2033 1121 2088 obdormitet
1171 2034 1257 2102 qui
1306 2032 1535 2087 custodit
1566 2040 1637 2086 te.
1685 2028 1751 2085 P.

190 2125 252 2180 Et
281 2125 512 2195 pércipe.
555 2125 589 2194 ᾖ
618 2163 634 2179 .
659 2123 862 2191 Gloria,
894 2133 949 2180 et
978 2125 1147 2180 honor
1189 2124 1349 2179 Patri.
1392 2122 1460 2177 P.
1518 2123 1585 2177 Et
1626 2122 1755 2191 pér-

187 2222 328 2284 cipe.

258 2306 461 2361 Ονάιιο.
496 2305 717 2361 Domine
744 2306 869 2362 Jesu
890 2305 1118 2372 Christe,
1148 2308 1235 2375 qui
1266 2298 1585 2362 beatissimm
1611 2307 1756 2362 mar-

188 2398 325 2467 tyris
355 2405 458 2451 tuae
501 2396 717 2451 Eulaliae
755 2398 1121 2464 corpusculum
1148 2397 1200 2451 in
1231 2395 1400 2451 Cruce
1434 2396 1749 2465 pendentem

188 2485 417 2555 superna
436 2486 782 2556 adsparsione
798 2487 1020 2553 vestisti,
1039 2495 1099 2541 ut
1114 2497 1167 2543 et
1186 2491 1384 2542 candor
1400 2488 1679 2557 virginem,
1700 2496 1756 2542 et

189 2575 522 2646 refrigerium
567 2577 809 2632 indueret
851 2576 1138 2649 martyrem
1170 2595 1185 2633 :
1218 2578 1417 2633 adsiste
1447 2579 1601 2634 nobis
1633 2593 1754 2646 pro-

191 2666 371 2731 pitius,
402 2675 456 2721 et
491 2669 647 2723 tantis
674 2666 727 2721 in
753 2669 986 2739 martyre
1028 2684 1239 2737 semper
1277 2668 1502 2725 osténde
1544 2670 1744 2725 beneﬁ-

189 2760 317 2825 ciis;
365 2758 490 2814 dum
520 2775 614 2829 per
642 2760 808 2829 illam,
841 2770 895 2816 et
922 2760 1151 2831 superna
1190 2762 1326 2816 dona
1357 2777 1650 2833 prterogas,
1699 2773 1753 2818 et

192 2852 447 2923 martyris
490 2852 744 2908 excubias
789 2853 1059 2908 miraculis
1100 2853 1382 2922 propagas,
1413 2866 1464 2909 et
1495 2855 1753 2909 Ecclesia:

189 2943 341 3009 festa,
368 2942 554 2997 eadem
578 2942 841 2998 visitando
864 2942 1141 3011 dignanter
1163 2944 1416 2998 inradias.
1458 2944 1493 3011 ἢ
1519 2985 1531 2997 .
1562 2946 1747 2998 Amen.

255 3034 360 3089 Per
389 3034 805 3090 misericordiam
836 3044 1001 3090 tuam.

256 3124 573 3191 Antiphone.
612 3124 770 3195 Virgo
802 3124 981 3191 lsraél,
1018 3122 1293 3182 ornaberis
1327 3135 1593 3197 tympanis
1622 3126 1747 3192 tuis,

1860 1936 1922 1977 ex
1945 1921 2189 1978 omnibus
2217 1926 2359 1981 retro
2385 1926 2679 1996 majoribus
2710 1932 2838 1997 suis,

1933 2014 1997 2069 Ut
2028 2017 2331 2084 possideres
2364 2018 2713 2075 hereditétem
2746 2025 3145 2093 sempiternam,
3166 2027 3197 2059 ¥
3228 2026 3427 2081 leciszl-

1858 2124 1961 2177 que
1983 2110 2065 2164 eis
2087 2111 2229 2165 sicut
2260 2112 2467 2167 locutus
2496 2128 2575 2168 es.
2656 2152 2663 2157 ι

1930 2198 2270 2255 Peccavimus
2316 2202 2366 2256 in
2423 2204 2715 2273 conspectu
2761 2218 2872 2271 tuo,
2925 2218 2979 2263 et
3026 2210 3222 2265 idcirco
3267 2213 3425 2267 tradi-

1859 2289 1984 2344 disti
2014 2307 2108 2346 nos
2135 2292 2186 2346 in
2220 2309 2376 2348 manu
2410 2295 2748 2352 iuimicérum
2779 2294 3118 2356 nostrorum}

1928 2380 2114 2437 Justus
2135 2397 2195 2438 es
2220 2383 2441 2439 Domine
2468 2404 2479 2438 :
2505 2388 2536 2420 ⁸
2558 2397 2612 2442 et
2635 2404 2775 2443 nunc
2804 2406 2906 2444 non
2939 2393 3015 2446 eis
3044 2392 3261 2458 sufﬁcit,
3284 2394 3422 2463 quod

1856 2470 2143 2526 durissima
2175 2490 2272 2528 nos
2302 2474 2614 2545 opprimunt
2644 2481 2923 2546 servitote,

1929 2563 2033 2617 Sed
2062 2564 2225 2617 robur
2271 2565 2521 2620 manuum
2572 2569 2807 2636 suarum,
2856 2572 3116 2627 idolorum
3172 2575 3424 2644 potentia:

1857 2656 2196 2725 deputantes,
2232 2659 2251 2678 '
2274 2659 2467 2713 volunt
2499 2670 2583 2713 tua
2618 2663 2826 2717 mutare
2859 2666 3145 2732 promissa,
3170 2676 3223 2721 et
3248 2669 3425 2723 delere

1860 2746 2205 2803 hereditétem
2236 2758 2398 2816 tuam,

1932 2839 1996 2893 Et
2024 2840 2274 2925 claudere
2319 2858 2411 2897 ora
2461 2844 2813 2913 laudantium,
2847 2848 2877 2882 ἰ
2905 2858 3062 2919 atque
3108 2860 3422 2922 extinguere

1855 2928 2085 2998 gloriam
2112 2932 2293 3000 templi
2324 2942 2379 2986 et
2404 2934 2585 2987 altaris
2615 2936 2717 3001 tui,

1931 3022 1998 3077 Ut
2025 3023 2266 3092 aperiant
2293 3040 2385 3079 ora
2408 3024 2665 3095 géntium,
2693 3039 2744 3082 et
2774 3028 2989 3084 laudent
3012 3030 3275 3087 idolorum
3306 3034 3422 3088 lor-

1858 3115 2163 3186 titodinem,
2197 3119 2229 3152 δι
2262 3129 2317 3173 et
2344 3120 2916 3189 prmdicentcarnillem
2942 3140 3115 3195 regem
3148 3126 3199 3179 in
3230 3128 3397 3196 sempi

192 3215 253 3268 ρ.
310 3177 396 3270 δι’
423 3177 736 3286 egredieris”
759 3177 1747 3287 nam."5;;11i;;...1;;";:ira;
1776 3177 1827 3243 (ἶ
1859 3210 2093 3262 lérnum.

188 3307 315 3373 lilia,
348 3315 403 3362 et
432 3307 574 3373 vide,
608 3315 663 3362 et
692 3307 885 3362 inclina
916 3323 1101 3364 aurem
1133 3317 1272 3363 tuam
1301 3328 1312 3361 :
1348 3319 1402 3363 et
1429 3308 1750 3365 obliviscere

188 3396 444 3465 populum
477 3405 648 3463 tuum,
679 3406 732 3450 et
759 3396 975 3450 domum
1006 3398 1168 3466 patris
1198 3399 1293 3451 tui.
1328 3396 1390 3449 ιι.
1423 3398 1486 3451 Ει
1506 3397 1743 3467 egredie-

185 3487 274 3539 ris.
327 3486 364 3554 ᾗ
389 3527 402 3540 .
425 3484 629 3553 Gloria,
660 3496 717 3541 et
740 3488 930 3542 honor.
964 3487 1028 3541 P.
1061 3489 1127 3543 Et
1155 3488 1463 3558 egredieris.

258 3578 463 3631 (Initio.
493 3578 719 3633 Domine
745 3578 870 3634 Jesu
901 3578 1129 3644 Christe,
1161 3580 1250 3650 qui
1279 3580 1505 3635 animam
1541 3582 1750 3635 lhmnlae

187 3677 286 3721 tuze
342 3668 563 3723 Eulalia:
614 3668 938 3725 beatissima:
979 3670 1233 3741 martyris
1281 3686 1375 3740 pro
1425 3682 1476 3726 te
1523 3670 1746 3727 feliciter

187 3756 604 3826 triumphantem
645 3758 915 3814 examines
954 3774 1048 3829 per
1073 3760 1363 3828 ﬂammam,
1395 3761 1625 3829 suscipis
1657 3777 1749 3831 per

184 3848 517 3914 columbam,
542 3856 597 3903 et
629 3849 831 3904 tibimet
859 3849 1077 3918 copulas
1105 3851 1153 3904 in
1181 3850 1349 3920 gloria
1376 3849 1695 3920 sempiterna
1730 3869 1742 3903 :

182 3936 370 3992 adesto
389 3935 649 4010 [cccxuv]
693 3939 866 4004 nobis,
899 3949 954 3995 ut
976 3940 1203 4010 Spiritus
1229 3940 1478 4012 martyris
1523 3956 1628 3995 non
1656 3940 1751 3995 de-

181 4032 253 4093 sit
281 4028 706 4097 supplicantibus
736 4030 789 4084 in
817 4029 1089 4100 suffragio,
1123 4032 1210 4100 qui
1239 4030 1395 4086 etiam
1426 4031 1749 4101 persequen-

181 4119 327 4173 tibus
377 4119 586 4175 rel‘ulsit
625 4121 813 4191 insigni
840 4122 1131 4187 miraculo;
1165 4138 1262 4177 nec
1288 4122 1571 4193 aliquando
1597 4123 1748 4178 rece-

179 4209 272 4262 dat
293 4208 537 4265 benllciis
577 4210 645 4265 ab
702 4211 965 4281 Ecclesia,
1010 4227 1126 4282 quae
1183 4213 1319 4279 apud
1369 4222 1421 4267 te
1466 4212 1750 4282 requiescit

178 4298 229 4351 in
253 4300 463 4355 ccelésti
491 4302 632 4356 aula.
670 4303 708 4370 ti)
727 4339 744 4357 .
774 4304 965 4359 Amen.

252 4392 357 4447 Per
382 4392 799 4449 misericordiam
826 4404 989 4450 tuam.

1926 3296 2002 3353 Ne
2032 3298 2210 3355 tradas
2258 3300 2482 3357 Domine
2525 3314 2792 3373 sceptrum
2840 3313 2984 3359 tuum
3037 3305 3141 3372 his,
3184 3310 3270 3376 qui
3315 3324 3417 3365 non

1856 3400 2001 3458 sunt,
2034 3393 2063 3426 ¥
2086 3408 2151 3447 ne
2180 3393 2388 3449 rideant
2414 3396 2478 3450 ad
2514 3398 2716 3451 ruinam
2746 3409 2981 3453 nostram
3008 3417 3020 3452 :

1930 3484 2035 3538 Sed
2087 3486 2399 3541 convertere
2438 3488 2718 3542 consilium
2760 3490 2945 3545 eorum
2990 3506 3150 3562 super
3173 3507 3288 3560 eos,
3316 3494 3348 3527 *ι
3372 3502 3419 3549 e'

1853 3592 1996 3642 eum,
2026 3576 2117 3646 qui
2143 3577 2194 3632 in
2221 3594 2317 3633 nos
2347 3581 2505 3649 coepit
2535 3584 2743 3647 san-ire,
2777 3582 3047 3652 dispérde.

1922 3666 2189 3723 Memento
2215 3670 2460 3736 Domine,
2493 3682 2545 3725 et
2574 3673 2795 3728 osténde
2829 3684 2878 3728 te
2910 3675 3062 3729 nobis
3092 3675 3143 3728 in
3177 3677 3415 3745 tempore

1854 3758 2213 3814 tribulationis
2239 3772 2461 3827 nostra},
2495 3763 2527 3797 *
2561 3773 2614 3817 et
2643 3765 2768 3817 mihi
2797 3765 2861 3818 da
2893 3765 3139 3820 lidneiam
3170 3783 3266 3822 rex
3296 3769 3422 3824 deo-

1850 3864 1992 3918 rum,
2024 3861 2079 3905 et
2111 3851 2394 3921 univérsze,
2422 3851 2668 3921 Domine,
2702 3856 3016 3925 potestdtis:

1921 3944 2117 4000 Tribue
2145 3940 2451 4003 sermonem
2485 3948 2840 4017 compositum
2870 3951 2920 4004 in
2951 3966 3043 4006 ore
3075 3965 3192 4006 meo
3222 3951 3274 4006 in
3297 3966 3425 4008 con-

1851 4034 2039 4103 spéctu
2068 4038 2256 4103 leonis,
2288 4047 2343 4092 et
2370 4038 2597 4095 transfer
2641 4054 2731 4095 cor
2771 4040 2914 4095 illius
2949 4044 2997 4095 in
3028 4042 3207 4097 odium
3255 4043 3424 4099 hostis

1852 4128 2041 4189 nostri,
2058 4126 2086 4159 “
2103 4137 2157 4180 ut
2178 4137 2230 4181 et
2252 4128 2365 4196 ipse
2386 4140 2587 4198 pereat,
2602 4134 2844 4186 etcaateri
2873 4134 2959 4200 qui
2985 4134 3032 4188 ei
3058 4134 3421 4191 consentiunt.

1919 4214 2026 4269 Nos
2073 4230 2192 4269 cum
2237 4215 2400 4269 libera
2429 4234 2584 4271 manu
2620 4229 2703 4272 tua
2735 4219 2950 4288 adjuva,
3007 4223 3210 4277 nullum
3256 4225 3419 4280 alium

1852 4310 2108 4366 habemus
2136 4310 2527 4379 auxiliatorem,
2546 4315 2573 4345 “
2597 4316 2694 4368 nisi
2722 4322 2789 4380 te,
2817 4314 3056 4381 Domine,
3084 4317 3284 4372 habens
3304 4319 3420 4373 oin-

1850 4403 1997 4458 nium
2039 4402 2432 4469 sciéntiam;et
2474 4406 2611 4459 nosti
2654 4406 2792 4471 quod
2833 4406 3036 4463 oderim
3061 4408 3284 4479 gloriam
3317 4411 3417 4467 ini-

264 4483 304 4547 ιῖι
328 4520 344 4534 .
376 4481 498 4537 llaac
544 4482 670 4538 dicit
711 4483 1003 4539 Dominus:
1034 4484 1322 4541 DileCtione
1351 4486 1550 4543 :rtérna
1587 4487 1746 4542 dilexi
1784 4529 1832 4590 υ
1852 4494 2099 4566 quorum.

177 4582 251 4628 te.
290 4573 358 4626 Ρ.
384 4573 667 4643 Propterea
695 4575 887 4629 attraxi
914 4586 963 4630 te
988 4576 1052 4630 ad
1077 4576 1513 4633 misericordiam.
1556 4578 1744 4635 Adhuc

171 4663 457 4719 aedificabo
484 4672 557 4732 te,
589 4677 643 4721 et
669 4666 1019 4723 :edilicaberis
1042 4670 1188 4740 virgo
1212 4670 1372 4726 Israel
1402 4688 1414 4723 :
1443 4671 1568 4727 tolle
1600 4681 1749 4742 tym-

172 4770 378 4822 panum
413 4765 582 4825 tuum,
616 4766 670 4812 et
697 4759 926 4827 procede
957 4762 1007 4815 in
1033 4761 1196 4817 choro
1224 4764 1582 4831 psallentium,
1609 4766 1743 4833 quo-

170 4848 322 4902 niam
371 4847 551 4905 véniet
588 4851 679 4905 tibi
709 4850 823 4906 dies
856 4854 1257 4909 consolationis.
1305 4856 1340 4923 ιξ
1365 4895 1378 4908 .
1415 4856 1742 4912 Recordatus

170 4953 295 4992 sum
327 4940 424 5005 tui,
466 4940 726 4997 miserans
768 4942 1186 5007 adolescentiam
1219 4955 1385 5013 tuam,
1415 4956 1469 5001 et
1498 4947 1743 5002 Charita-

170 5036 283 5083 tem
327 5028 755 5099 desponsatidnis
798 5041 919 5088 tua}.
953 5033 1019 5088 P.
1064 5035 1350 5104 Propterea
1404 5038 1620 5095 attraxi.
1670 5042 1702 5107 ἃ
1731 5080 1745 5094 .

167 5119 387 5188 Gloria,
417 5130 473 5177 et
502 5123 670 5179 honor
698 5124 860 5180 Patri.
899 5126 965 5179 P.
994 5128 1300 5198 Propterea.

246 5214 454 5268 Oratio.
484 5215 643 5282 Audi,
692 5226 744 5272 et
772 5218 984 5289 suscipe
1014 5221 1337 5288 precantium
1368 5232 1513 5291 vota,
1544 5224 1740 5281 dilécta

172 5305 272 5361 Dei
304 5306 457 5377 virgo
484 5307 707 5377 Eulalia,
745 5324 865 5381 qua:
893 5326 1084 5381 sponsa
1112 5312 1308 5368 Christi
1333 5317 1398 5370 de
1429 5316 1558 5383 ηδε,
1596 5332 1750 5373 soror

166 5399 494 5455 monstrﬁris
536 5414 657 5457 esse
683 5401 754 5458 de
778 5403 1072 5475 sanguine:
1118 5404 1337 5460 efﬂuant
1366 5407 1418 5461 in
1454 5410 1607 5465 nobis
1648 5412 1746 5465 llo-

168 5503 265 5543 res
310 5489 583 5559 virtutum,
622 5493 873 5564 effugiant
903 5497 1102 5552 umbra:
1134 5499 1482 5553 tentationum
1516 5519 1527 5553 :
1557 5502 1737 5557 exem-

164 5582 263 5649 plo
303 5592 396 5639 tuo
435 5587 771 5654 proﬁciamus
806 5589 856 5643 in
897 5589 1105 5659 melius,
1153 5607 1219 5646 ne
1249 5592 1300 5645 in
1329 5593 1563 5647 detérihs
1614 5609 1742 5649 con-

160 5676 446 5745 sisténtes,
478 5678 597 5735 vitae
624 5680 760 5735 dona
792 5682 1074 5753 perdomus
1099 5701 1112 5737 :
1133 5695 1196 5738 ut
1224 5686 1352 5739 cum
1385 5695 1593 5754 tempus
1643 5703 1744 5757 pu-

163 5768 389 5824 tationis
411 5770 681 5827 advénerit
707 5790 720 5837 ;
752 5783 804 5829 et
833 5775 981 5839 εἶδος,
1017 5778 1116 5844 qua
1138 5776 1405 5834 Christum
1439 5777 1732 5844 credimus,

1927 4586 2246 4643 Etdetéster
2292 4588 2465 4642 cubile
2517 4588 3034 4660 incircumcisorum,
3069 4594 3099 4628 ⁴
3140 4601 3195 4649 et
3245 4593 3419 4650 omnis

1851 4679 2185 4749 alienigenae.

1921 4769 1999 4822 Tu
2042 4769 2147 4824 scis
2174 4768 2545 4825 necessitatem
2576 4785 2777 4838 meam,
2808 4772 2946 4842 quod
2976 4771 3180 4830 oderim
3211 4775 3418 4846 signum

1850 4861 2114 4931 superbiae
2143 4871 2195 4917 et
2225 4861 2410 4931 gloria:
2459 4877 2614 4927 mem,
2654 4864 2683 4897 ¥
2731 4865 2871 4933 quod
2923 4874 3006 4921 est
3052 4881 3212 4935 super
3258 4878 3417 4935 caput

1851 4968 2027 5008 meum
2056 4954 2108 5007 in
2140 4952 2327 5007 diébus
2352 4953 2729 5008 ostentationis
2761 4970 2913 5023 mea),

1924 5046 1987 5100 Et
2012 5045 2243 5101 detester
2290 5044 2418 5100 illud
2459 5047 2613 5116 quasi
2658 5062 2888 5116 pannum
2919 5044 3281 5113 menstruam,
3312 5048 3342 5082 "
3366 5059 3420 5104 ct

1850 5139 1989 5210 quod
2017 5155 2122 5194 non
2151 5138 2481 5209 comportcm
2514 5140 2643 5196 illud
2677 5142 2728 5196 in
2759 5141 2948 5196 diebus
2974 5140 3167 5196 siléntii
3203 5142 3328 5197 mei.

1925 5233 1989 5286 Et
2034 5231 2173 5303 quod
2217 5249 2321 5287 non
2365 5234 2688 5290 coméderim
2736 5235 2789 5288 in
2817 5248 2998 5288 mensa
3045 5236 3232 5300 Aman,
3259 5234 3291 5268 ν
3320 5249 3421 5290 nec

1852 5327 1980 5381 mihi
2011 5327 2272 5397 placuerit
2298 5330 2603 5384 convivium
2641 5330 2811 5397 regis,
2858 5339 2955 5380 nec
2986 5324 3209 5380 biberitn
3241 5316 3417 5381 vinum

1851 5421 2190 5476 libatninum:

1930 5513 1995 5567 Et
2031 5512 2171 5580 qubd
2219 5514 2487 5584 nunquam
2536 5512 2715 5566 lmtata
2747 5511 2815 5565 sit
2840 5510 3035 5564 ancilla
3066 5520 3175 5575 tua,
3216 5524 3279 5565 ex
3316 5524 3420 5578 quo

1854 5602 1958 5657 huc
1996 5604 2250 5659 translata
2282 5619 2397 5657 sum
2433 5617 2597 5671 usque
2637 5602 2688 5655 in
2722 5600 3035 5670 prmséntem
3064 5600 3227 5665 diem,
3258 5600 3288 5632 "
3318 5599 3417 5654 nisi

1855 5698 1904 5749 in
1937 5706 1986 5752 te
2015 5696 2240 5751 Domine
2271 5697 2409 5751 Deus
2437 5696 2731 5751 Abraham.

1928 5790 2067 5845 Deus
2118 5789 2265 5850 tortis
2310 5804 2468 5857 super
2518 5803 2728 5858 omnes,
2776 5787 2970 5844 exaudi
3019 5801 3198 5843 vocem
3238 5787 3416 5843 eorum
