3984 6376
527 380 670 439 ηδε
1743 352 2140 414 BREVIARIUI

2220 342 2583 417 GOTHICUH.

533 605 692 646 manu
718 586 1042 656 iniqudrum.
1073 591 1127 637 et
1154 580 1282 636 érue
1310 592 1393 631 me
1416 577 1445 630 ὲ
1470 573 1660 628 timure
1684 585 1824 625 meo.

610 678 813 734 (initio.
849 674 1066 730 Auxilio
1098 683 1208 735 tuo,
1236 668 1484 733 Duinine,
1516 660 1928 725 defendendam,
1962 667 2113 711 tuen-

536 775 765 843 damque
821 777 1057 823 nostram
1108 762 1491 819 committimus
1542 755 2001 817 imbecillitt’item,
2062 758 2119 803 ut

537 880 686 923 tuum
718 864 809 931 sit,
835 877 934 916 nos
975 857 1206 915 evudere
1233 857 1299 910 de
1326 852 1639 921 muscipulis
1671 848 1981 917 impidrum,
2015 858 2119 896 cu—

535 959 625 1029 jus
655 957 774 1019 fuit,
804 950 1167 1008 venerandam
1194 948 1446 1003 Eululiam
1475 960 1581 998 non
1603 942 1799 998 cédere
1823 936 2119 994 terruribus

540 1028 1006 1120 persequentium;
1038 1059 1100 1099 ac
1129 1044 1267 1097 sicut
1304 1040 1449 1095 illam
1496 1036 1755 1091 atrocitas
1795 1048 1900 1088 non
1933 1028 2125 1085 terruit

545 1138 842 1202 saevientis,
867 1136 939 1189 ita
964 1151 1067 1188 non
1096 1141 1293 1202 queant
1314 1129 1567 1183 inducere
1597 1142 1695 1182 nos
1717 1124 1956 1193 decipula
1980 1120 2125 1174 obla-

546 1232 771 1294 trantis;
806 1238 864 1283 ut
893 1229 1006 1297 ipse
1034 1242 1168 1281 unus
1200 1240 1293 1294 per
1324 1238 1425 1277 nos
1454 1222 1699 1275 vincatur
1729 1220 1843 1274 suis
1873 1213 2126 1271 convitiis

544 1334 599 1380 et
626 1322 900 1378 erruribus
938 1319 1162 1380 cunctis,
1197 1319 1285 1386 qui
1326 1315 1658 1383 expugnatus
1699 1322 1779 1367 est
1828 1320 1917 1379 per
1962 1303 2124 1361 Eula-

544 1418 695 1478 liam,
728 1414 975 1483 passidne
1004 1410 1307 1479 superante.
1356 1408 1391 1476 ii
1416 1448 1431 1462 .
1462 1411 1653 1463 Amen.

616 1507 718 1562 Per
748 1501 1177 1558 misericurdiam
1210 1512 1373 1554 tuam.

615 1600 695 1652 Ad
746 1595 1077 1649 Benedictus.
1135 1592 1451 1661 Antiphone.
1508 1588 1644 1643 Filia
1704 1587 1857 1653 Sion,
1904 1582 2132 1640 bénedic

550 1691 781 1748 Βόηιὶηο
808 1690 915 1743 Deo
948 1685 1160 1742 excelso
1184 1687 1235 1739 in
1265 1685 1409 1739 omni
1441 1680 1837 1743 benedictiéne,
1868 1686 1925 1733 et
1948 1676 2129 1731 laude.

622 1781 917 1836 Canticum.
952 1777 1271 1831 Benedictus
1300 1789 1359 1830 es
1394 1772 1638 1826 Dumine.
1668 1771 1761 1841 fol.
1793 1768 1847 1823 6.

626 1865 889 1941 'cccxcv]
924 1868 1126 1923 Ονάιίο.
1181 1867 1341 1921 Beiua
1375 1866 1466 1921 Dei
1501 1864 1686 1933 Virgo,
1730 1876 1851 1932 quae
1896 1860 1949 1913 in
1997 1856 2129 1913 Sion
2164 1842 2207 1902 Β

550 1965 922 2036 speculatidne
971 1963 1203 2032 gloriﬁsa
1258 1960 1512 2015 consistis
1543 2002 1558 2027 ,
1617 1972 1779 2027 quam
1835 1955 1976 2009 Deus
2024 1956 2139 2022 ipse

558 2058 813 2113 dilexisse
847 2056 1099 2121 testatur,
1132 2070 1199 2108 ex
1231 2069 1335 2123 quo
1368 2053 1457 2107 tibi
1492 2067 1598 2106 non
1638 2051 1972 2104 recessuram
2002 2046 2141 2101 ultra

554 2149 979 2205 misericurdiam
1012 2148 1296 2218 pollicetur
1335 2132 1441 2199 :‘da
1495 2144 1647 2199 nobis
1680 2142 1907 2197 Domine
1935 2140 2142 2195 meritis

553 2240 687 2307 suis,
722 2248 782 2293 ut
810 2239 996 2294 amere
1048 2238 1231 2292 divino
1282 2236 1595 2306 ﬂagrantes,
1628 2235 1679 2288 in
1711 2233 1895 2287 futuro
1941 2228 2142 2299 judicio

554 2330 887 2385 inveniamur
933 2327 1234 2382 indemnes.
1290 2327 1481 2381 Amen.
1514 2324 1579 2378 Et
1619 2322 1786 2392 adjuti
1838 2321 2007 2391 gratia
2058 2319 2143 2374 di-

554 2420 790 2474 vinitatis
819 2417 980 2484 illius,
1012 2419 1101 2486 qui
1141 2426 1225 2473 est
1248 2416 1387 2485 pius,
1420 2424 1475 2470 et
1522 2413 1834 2468 misericors
1879 2411 1932 2466 in
1964 2410 2143 2465 umnia

555 2513 748 2567 saecula
780 2511 1122 2565 smeuldrum.
1180 2510 1217 2577 ii)
1242 2549 1254 2563 .
1287 2511 1481 2565 Amen.

630 2601 729 2654 Per
759 2598 1211 2653 misericurdiam.

632 2687 794 2743 Sana.
835 2687 1085 2743 Alleluia.
1142 2686 1412 2755 Egredere
1469 2694 1591 2755 post
1646 2685 1869 2755 vestigia
1925 2700 2145 2757 gregum

561 2782 798 2847 tuorum,
826 2782 977 2850 virgo
1012 2780 1117 2834 lilia
1165 2778 1323 2844 Sion,
1352 2789 1404 2834 et
1432 2793 1588 2847 pasce
1612 2794 1781 2850 agnos
1813 2788 1954 2834 tuos.
2000 2769 2146 2834 Alle-

560 2875 691 2941 luia,
725 2874 962 2939 alleluia,
991 2874 1223 2928 alleluia.
1269 2873 1300 2942 ᾖ
1327 2913 1339 2924 .
1372 2872 1621 2927 Alleluia.
1678 2871 1820 2925 Intra
1850 2873 1901 2925 in
1934 2872 2146 2925 hortum

561 2983 738 3023 meum
768 2980 964 3036 Sponsa
994 2982 1112 3021 mea
1145 3007 1160 3033 ,
1190 2965 1293 3020 ﬁlia
1325 2966 1677 3019 Hierusalem.
1728 2965 1862 3019 Ecce
1890 2964 2048 3020 ﬂores
2075 2964 2147 3019 tui

558 3057 937 3130 germinubunt
971 3059 1024 3112 in
1063 3067 1281 3113 terram.
1319 3056 1483 3111 Pasce
1507 3058 1617 3125 jam
1652 3056 1790 3111 inter
1821 3055 1951 3122 lilia,
1976 3055 2149 3111 donec

560 3151 790 3220 respiret
814 3150 953 3219 dies,
982 3159 1039 3206 et
1068 3148 1418 3204 amoveantur
1460 3148 1685 3203 umbrae.

629 3240 835 3295 Lauda.
860 3240 1095 3295 Laudate
1128 3240 1412 3294 Duminum
1456 3239 1523 3293 de
1553 3239 1706 3294 cmlis
1739 3256 1750 3291 :
1787 3238 2031 3304 Alleluia,

575 3332 717 3387 eluia
757 3351 771 3385 :
811 3332 1025 3387 laudate
1068 3346 1189 3387 eum
1232 3331 1284 3386 in
1333 3328 1581 3387 excélsis.
1606 3329 1858 3394 Alleluia,
1897 3330 2115 3385 alleluia

564 3421 805 3477 Paulum:
826 3439 1049 3478 cxcvm.

633 3514 809 3567 Léctio
839 3515 957 3568 libri
987 3513 1338 3568 Ecclesiuuici
1378 3514 1672 3570 Salonium:
1699 3514 1866 3585 (Cap.
1901 3513 2076 3583 xxiv).

651 3605 689 3665 ἢ
712 3646 724 3659 .
754 3606 862 3660 Deo
891 3606 1103 3675 griitias.

639 3696 907 3766 Sapientia
939 3697 1173 3751 laudabit
1204 3697 1437 3751 animam
1482 3712 1657 3761 suam,
1708 3708 1763 3752 et
1813 3715 1865 3752 in
1924 3698 2151 3755 Dumino

572 3789 943 3859 honorabitur,
970 3792 1020 3845 in
1046 3789 1221 3845 médio
1253 3789 1437 3858 pupuli
1485 3792 1563 3845 sui
1593 3790 1926 3860 gloriabitur,
1958 3791 2011 3844 iu
2060 3804 2154 3846 ec-

568 3880 743 3934 clesiis
788 3880 1045 3934 Altissimi
1099 3880 1305 3949 aperiet
1348 3894 1410 3933 os
1453 3895 1633 3945 suum,
1681 3890 1733 3935 et
1782 3882 1833 3934 in
1863 3878 2151 3949 conspéctn

578 3972 791 4025 virtutis
822 3971 963 4024 illius
995 3969 1362 4031 lionorubitur,
1400 3971 1453 4023 in
1505 3970 1684 4025 me'dio
1736 3969 1917 4040 pupuli
1950 3971 2152 4025 exaltu-

580 4065 743 4131 bitur,
778 4074 832 4127 et
861 4064 914 4118 in
947 4064 1278 4134 plenitudine
1309 4073 1489 4119 sancta
1532 4066 1905 4134 admirabitur,
1936 4069 1987 4122 in
2019 4068 2153 4122 mul-

580 4153 804 4208 titudine
852 4154 1153 4209 eiecturum
1194 4152 1410 4208 habebit
1457 4155 1692 4221 laudem,
1733 4167 1786 4213 et
1829 4158 1965 4214 inter
1993 4159 2152 4214 bette-

572 4245 743 4300 diclos
772 4244 1139 4309 benedicétur,
1186 4243 1373 4300 dicens
1422 4247 1629 4314 :Quasi
1680 4248 1872 4304 cedrus
1921 4250 2150 4305 exalthta

580 4353 697 4394 sum
727 4338 780 4393 in
808 4340 1034 4404 Libano,
1065 4350 1117 4394 et
1149 4341 1299 4410 quasi
1327 4341 1615 4411 cypréssus
1636 4343 1688 4398 in
1724 4354 1955 4399 montem
1982 4345 2109 4399 Sion
2139 4364 2148 4397 :

576 4429 729 4498 quasi
761 4432 937 4498 palma
976 4431 1208 4486 exaltata
1240 4448 1357 4487 sum
1409 4433 1462 4487 in
1505 4432 1699 4500 Gades,
1731 4443 1786 4490 et
1824 4438 1973 4505 quasi
2008 4437 2157 4506 plan-

2065 3238 2147 3293 al-
2175 3199 2243 3261 Ci

2901 1013 2945 1067 Η
2954 1030 3156 1085 ymnns.

2514 1110 2748 1166 Laudem
2801 1107 2973 1162 beata:
3019 1104 3237 1159 Eulaliae

2447 1202 2590 1258 Puro
2631 1201 2887 1257 canamus
2936 1198 3149 1269 pectore
3176 1213 3190 1249 :

2444 1299 2613 1366 Quam
2645 1297 2894 1351 Christus
2936 1296 3074 1347 inter
3114 1290 3381 1360 Martyres

2444 1390 2606 1445 Caslo
2636 1388 2869 1443 sacrlvit
2908 1385 3186 1454 sanguine.

2529 1483 2659 1551 Qua:
2704 1482 2886 1536 clausa
2916 1478 3063 1532 duris
3102 1476 3381 1547 postibus,

2450 1578 2702 1647 lntérque
2741 1574 2907 1629 fortes
2950 1572 3230 1637 cardines;

2453 1671 2659 1734 Somni,
2692 1668 2902 1736 cibique
2928 1665 3111 1720 néscia

2458 1762 2731 1817 Christum
2775 1760 2999 1815 canébat
3042 1756 3286 1829 pervigil.

2520 1855 2712 1910 Custos
2756 1853 3015 1908 tremendi
3063 1851 3283 1905 luminis

2456 1950 2565 2006 Lux
2597 1948 2843 2017 stupebat
2888 1949 2940 2001 in
2984 1946 3252 2002 vinculis:

2459 2044 2515 2098 lu
2562 2042 2805 2097 Ciirceris
2846 2041 3094 2110 angustia

2460 2135 2649 2189 Mentis
2685 2134 2853 2189 beatae
2899 2132 3109 2203 gaudia.

2525 2228 2695 2283 Judex
2739 2226 2922 2281 furdre
2955 2225 3203 2281 turbidus
3221 2269 3236 2293 ,

2462 2321 2644 2389 Surgit
2682 2319 2917 2375 cruentis
2964 2318 3240 2384 faucibus,

2469 2411 2535 2465 Et
2566 2412 2808 2481 increpat
2855 2410 3028 2464 noctis
3069 2424 3310 2471 moram,

2460 2503 2711 2556 Sanctam
2750 2500 2972 2554 daturus
3008 2500 3259 2554 hostiam.

2537 2594 2814 2663 Lentdque
2858 2594 3033 2664 primo
3072 2592 3296 2649 verbere

2462 2686 2660 2743 Christi
2704 2686 2885 2741 Puella
2934 2686 3186 2751 Caeditur;

2462 2779 2567 2834 Sed
2610 2779 2933 2833 consecrare
2974 2778 3231 2848 pernegat

2462 2872 2719 2928 Libameu
2761 2872 2867 2925 aris
2914 2871 3156 2940 impium.

2534 2966 2683 3021 Tunc
2708 2968 2759 3020 in
2794 2964 2969 3020 reciso
2999 2965 3181 3035 stipite

2473 3059 2652 3114 Ductis
2687 3060 2737 3113 in
2771 3062 2934 3113 altum
2978 3056 3244 3123 brachiis,

2478 3152 2639 3207 Latus
2683 3150 2878 3206 Puella:
2922 3149 3164 3214 caeditur,

2475 3245 2733 3315 Nudaque
2771 3243 2999 3297 ﬂammis
3034 3242 3231 3297 uritur.

2545 3337 2725 3392 Victor
2764 3334 2962 3390 recedit
3006 3334 3262 3404 spiritus,

2474 3428 2678 3498 Corpus
2710 3428 3018 3497 relinquens
3062 3426 3346 3495 pallidum;

2468 3522 2620 3590 Quod
2669 3521 2784 3591 lege
2830 3520 3017 3576 mortis
3064 3518 3321 3587 perditum

2472 3616 2710 3672 Reducat
2738 3615 2803 3668 ad
2845 3614 3008 3667 vitam
3046 3614 3204 3667 Deus.

2544 3706 2659 3762 Jam
2688 3706 2796 3775 jam
2833 3704 2997 3775 quiéti
3044 3705 3252 3775 psallite
3275 3745 3289 3770 ,

2476 3798 2727 3869 Patrique
2776 3799 2986 3853 laudem
3020 3796 3181 3853 dicite
3199 3837 3213 3863 ,

2477 3889 2861 3960 Christumque
2889 3889 3165 3943 laudemus
3206 3888 3352 3958 pium
3376 3930 3393 3955 ,

2476 3982 2753 4051 Simulque
2799 3980 3054 4035 Sanctum
3084 3979 3375 4050 Spiritum.

2548 4074 2672 4129 llicc
2706 4089 2803 4128 nos
2845 4074 3073 4129 redémit
3115 4074 3387 4134 Trinitas.

2474 4167 2639 4238 Cujus
2682 4166 2931 4236 perennis
2972 4166 3140 4236 gldria

2474 4258 2529 4311 in
2560 4259 2715 4312 saecla
2757 4258 2926 4312 nescit
2960 4259 3130 4323 mori,

2480 4349 2673 4404 Vivens
2716 4364 2810 4418 per
2843 4363 3001 4403 omne
3038 4347 3317 4403 seculum.

2548 4444 2743 4497 Amen.

3635 337 3749 392 ηει

528 499 615 569 qui
665 493 862 550 nullam
912 492 1070 545 aliam
1119 503 1268 557 spem
1317 484 1540 549 habent,
1596 488 1650 535 et
1695 479 1862 533 libera
1902 488 2000 529 nos
2038 472 2105 525 de
2139 481 2181 534 Α
2211 480 2363 569 meus
2391 462 2684 569 supra-mel
2708 460 2909 563 dulcis,
2954 468 3009 561 et
3037 456 3450 569 hereditasmea
3489 468 3639 569 super
3663 460 3748 512 tnel

2218 570 2274 615 et
2300 556 2485 613 favum
2512 573 2526 609 :
2555 552 2811 610 Memuria
2838 567 2957 607 mea
2987 550 3041 604 in
3081 546 3424 620 generatiune
3446 546 3751 604 sacult‘trum.

2220 656 2318 721 Qui
2347 654 2513 709 edunt
2561 667 2667 717 me,
2708 650 2881 705 adhuc
2911 647 3152 704 esurieut
3186 664 3197 697 :
3231 653 3288 698 et
3333 644 3420 714 qui
3451 644 3627 699 bibunt
3665 660 3753 711 me,

2221 749 2397 803 adhuc
2438 746 2646 801 sitiunt.
2700 743 2801 811 Qui
2832 741 3053 797 audiunt
3095 753 3204 804 me,
3236 752 3341 791 non
3370 734 3751 792 confundentur-

2223 848 2277 896 et
2309 838 2400 909 qui
2432 835 2723 907 aperiantur
2748 835 2799 887 in
2836 847 2944 898 me,
2978 846 3083 886 non
3117 836 3359 900 peccant.
3405 826 3503 893 Qui
3528 825 3758 882 elucidant

2226 946 2336 999 me,
2371 932 2534 984 vitam
2569 926 2825 983 aeternam
2865 921 3234 994 possidebunt.
3274 919 3310 985 ἡ
3334 956 3349 972 .
3372 921 3558 974 Amen.

580 4521 712 4615 talio
752 4537 892 4577 rosa:
923 4522 975 4577 in
1005 4522 1221 4578 Jéricho
1254 4544 1264 4577 :
1293 4524 1454 4592 Quasi
1482 4525 1621 4579 oliva
1646 4525 1890 4596 specidsa
1916 4526 1969 4582 in
2009 4542 2154 4583 cam-
2182 4557 2232 4615 D
2335 4536 2684 4607 Suppliczilt'o.
2718 4533 2946 4590 Oremus
2988 4535 3407 4605 Redemptorem
3470 4536 3674 4600 mundi,
3718 4545 3803 4583 m-

578 4614 681 4684 pis,
711 4622 765 4669 et
786 4616 935 4684 quasi
966 4616 1215 4685 plutanns
1247 4616 1466 4671 dilatéta
1513 4634 1629 4672 sum
1653 4618 1804 4689 juxta
1858 4636 2047 4689 aquam
2101 4621 2152 4676 in
2184 4614 2211 4615 ί
2263 4631 2367 4683 ιάιο
2394 4629 2621 4695 uo’mine,
2654 4629 2745 4696 fol.
2782 4643 3059 4682 CLXXXVII.

580 4704 791 4773 platéis.
848 4706 999 4761 Sicut
1052 4708 1449 4762 cinnamémum
1504 4710 1839 4778 aspulathum
1909 4714 2159 4768 aromati-
2334 4719 2603 4789 Capitula.
2638 4716 2864 4773 Dumine
2893 4718 3020 4773 Jesu
3050 4718 3280 4786 Christe,
3310 4721 3399 4774 cui
3439 4720 3593 4775 beata
3642 4714 3807 4773 Eulalia

579 4812 709 4853 zans
738 4796 958 4853 oddrem
983 4799 1105 4854 dedi
1137 4819 1151 4853 :
1183 4800 1337 4869 quasi
1371 4801 1585 4871 myrrha
1625 4800 1793 4856 elécta
1834 4802 1954 4856 dedi
1982 4804 2159 4858 suavi-
2262 4820 2317 4867 ei
2347 4812 2495 4881 Virgo
2552 4809 2768 4879 placuit,
2821 4820 2877 4864 ei
2921 4819 3125 4879 many;
3173 4811 3446 4866 341mm:
3480 4811 3606 4865 dum
3655 4808 3737 4863 [ibi
3773 4816 3813 4860 ει

582 4887 746 4943 ιὸῑεῐη
776 4889 959 4943 oderis
1004 4908 1014 4941 :
1048 4891 1196 4959 quasi
1227 4903 1429 4953 εισι-ηπ,
1462 4900 1515 4945 et
1551 4890 1826 4958 galbanus,
1855 4902 1909 4947 et
1938 4894 2130 4965 ungula

2268 4905 2414 4972 virgo
2462 4899 2743 4970 pérmanet
2789 4909 2933 4956 casta
2960 4941 2977 4968 ,
3023 4911 3074 4955 et
3107 4915 3200 4971 pro
3231 4910 3284 4957 te
3322 4901 3630 4957 extenditur
3671 4900 3718 4953 in
3743 4912 3812 4951 ea.

581 4988 637 5033 et
683 4988 851 5050 gutta,
897 4990 951 5034 et
987 4982 1135 5051 quasi
1194 4981 1402 5036 libanus
1462 4998 1563 5035 non
1614 4984 1861 5039 incensus
1906 4988 2159 5057 vaporuvi
2266 4995 2443 5060 tasta;
2487 4993 2611 5047 dum
2651 4993 2745 5047 tibi
2789 5007 2984 5062 corpus
3022 5002 3203 5049 servat
3242 4994 3541 5065 integium,
3572 5004 3625 5050 et
3652 5008 3738 5063 pro
3777 5000 3817 5042 te

584 5071 961 5125 habitatidncm
992 5082 1261 5141 meam,et
1287 5073 1435 5140 quasi
1466 5073 1766 5128 baISamum
1801 5091 1905 5130 non
1938 5078 2155 5132 mistum
2270 5087 2466 5156 gaudet
2518 5086 2731 5153 ungulis
2784 5089 3063 5141 exaratum
3114 5104 3127 5140 :
3171 5087 3291 5155 ejus
3344 5088 3639 5156 pudicitiae,
3684 5092 3815 5149 atque

582 5162 716 5217 odor
761 5177 929 5218 meus.
986 5163 1097 5234 Ego
1126 5165 1273 5233 quasi
1313 5164 1646 5220 terebinthus
1695 5167 1925 5236 expundi
1983 5185 2160 5228 ramos
2263 5176 2503 5233 victuriaz
2563 5176 2781 5241 favens,
2830 5177 2984 5231 nobis
3037 5178 3303 5248 propitius
3329 5193 3453 5234 esse
3503 5178 3743 5249 dignare;
3776 5182 3819 5227 ut

579 5266 751 5319 meos,
775 5262 826 5306 et
851 5254 984 5306 rami
1009 5254 1109 5307 mei
1140 5253 1273 5306 rami
1305 5252 1524 5308 hondris
1555 5263 1608 5308 et
1628 5254 1833 5323 gratiae.
1873 5257 1983 5326 Ego
2008 5274 2140 5327 quas

2265 5276 2317 5322 et
2374 5266 2726 5323 immunditite
2783 5276 2983 5323 nostra:
3032 5269 3150 5338 ejus
3204 5270 3451 5325 oratidne
3524 5269 3816 5324 abluantur.

579 5344 702 5398 vitis
719 5342 1030 5398 Γάιοιὶῐίεήνί
1056 5344 1279 5398 odorem
1304 5346 1684 5400 suavitatiszet
1699 5348 1856 5402 liores
1877 5349 1978 5402 mei
2002 5350 2162 5405 liores
2266 5355 2558 5427 [ccchVI]
2604 5368 2659 5414 et
2688 5358 2951 5414 tormenta
2985 5359 3103 5429 ejus
3131 5360 3445 5418 fortitudine
3488 5362 3817 5420 resolvantur.

582 5435 805 5489 ItOltOriS
822 5445 874 5489 et
902 5436 1212 5490 honestatis.
1234 5437 1343 5506 Ego
1366 5447 1538 5492 mater
1554 5440 1793 5508 pulchrae
1815 5443 2145 5511 dilectidnis,
2335 5450 2490 5505 Pater
2519 5459 2720 5505 noster.
2756 5450 2991 5506 Liberati
3029 5452 3057 5507 ξι
3084 5454 3246 5509 malo.
3269 5455 3363 5525 fol.
3396 5454 3457 5508 2.

582 5532 637 5578 et
666 5524 891 5592 timdris,
947 5536 999 5580 et
1022 5527 1330 5595 agnitidnis,
1364 5539 1563 5584 sancta:
1607 5531 1740 5598 spei.
1776 5533 1833 5586 In
1874 5550 1958 5588 me
1992 5536 2158 5605 gratia
2356 5538 2557 5596 Lauda.
2617 5539 2767 5595 Sicut
2815 5544 2989 5611 palma
3046 5524 3278 5602 enim;
3327 5561 3471 5603 sum,
3527 5544 3819 5603 Βιηεάίιιῑο,

583 5620 757 5672 ("imis
793 5619 913 5709 Ῠξίίε
941 5629 997 5672 ei
1028 5619 1292 5687 νθΐῖῑῧιίεο
1347 5622 1397 5676 in
1448 5639 1532 5678 me
1563 5624 1739 5687 omnis
1785 5640 1909 5694 spes
1939 5630 2062 5683 vita:
2109 5639 2165 5683 et
2268 5632 2407 5689 Deus
2439 5634 2713 5688 virtutum.
2764 5632 2982 5701 Require
3034 5636 3086 5690 in
3135 5635 3366 5707 Vesperis
3414 5638 3817 5709 prwcedéutibus.

584 5709 774 5762 virtus.
807 5708 1053 5764 Transite
1084 5712 1149 5764 ad
1182 5728 1266 5767 me
1297 5729 1488 5769 omnes
1516 5719 1602 5783 qui
1644 5717 2025 5785 concupiscitis
2054 5734 2162 5785 me,
2750 5724 2820 5780 In
2854 5730 3065 5784 exeunte
3113 5729 3347 5802 Vésperti.

586 5809 639 5855 et
664 5799 691 5852 a
718 5800 1151 5868 generationibus
1181 5805 1316 5860 meis
1360 5806 1652 5878 impléniini
1697 5826 1707 5860 :
1760 5808 1989 5878 Spiritus
2020 5813 2162 5869 enim
2340 5817 2538 5872 Lauda.
2575 5815 2814 5873 Lucerna
2846 5818 3069 5889 pédibus
3113 5799 3266 5878 meis.
3290 5824 3375 5893 fat.
3406 5840 3514 5879 cu
