3984 6376
567 379 703 436 '98-:
1122 424 1129 435 .
1779 372 2205 437 BREVIARIUM
2247 374 2612 435 cornuum.
3641 394 3750 448 Im

560 515 695 567 nias,
722 498 1096 567 diluatculpas.
1131 500 1661 570 impértiatgratiam,
1688 510 1741 556 et
1770 501 1949 555 arceat
1978 518 2121 569 qme-
2155 497 2198 551 Α
2232 494 2361 549 nere
2381 506 2577 550 sancta:
2600 498 2865 565 Eugeniae.
2896 499 3242 565 δειμριέεάιὶο.
3265 500 3503 559 Oremus.
3531 507 3747 577 Capitula,

560 596 786 663 cumque
815 591 966 646 nobis
992 591 1237 646 videntur
1277 608 1396 648 esse
1434 593 1687 648 advérsa.
1717 594 1769 648 Si
1801 594 1943 648 enim
1978 608 2133 661 roga-

2247 585 2424 641 Vidéte
2449 628 2463 651 ,
2495 588 2687 643 videte.
2720 586 2782 641 In
2813 588 3043 657 Vésperis
3073 595 3483 661 prmcedéntibus.

560 686 793 739 vérimus
819 697 939 739 eum
971 682 1304 750 ﬁducialitér,
1336 698 1463 753 spes
1492 685 1642 740 nobis
1672 693 1776 747 est,
1806 684 1945 753 qubd
1974 684 2138 738 etau-
2309 675 2610 749 [ccchvuI]
2644 678 2843 731 Lauda.
2894 680 3027 735 Laus
3070 680 3281 737 Domini
3328 685 3378 737 iu
3410 685 3620 741 Ecclesia
3644 689 3753 746 Sau-

562 778 673 832 diet
721 792 904 831 vocem
948 776 1115 831 nostri
1163 776 1431 841 clamdris,
1477 776 1599 831 ciIm
1648 775 1714 830 ad
1752 790 1895 841 eum,
1926 790 1987 830 ea
2018 790 2138 843 qua:
2241 770 2468 823 eturum.
2498 771 2749 825 Alleluia.
2807 772 2862 825 1³.
2905 772 3133 829 Laetetur
3161 776 3324 831 lsraél
3358 778 3409 831 in
3448 793 3509 833 eo
3535 782 3615 849 qui
3652 783 3752 841 fecit

564 866 1423 923 deiuoJesuChristoedocénte
1452 867 1757 933 didicimus,
1777 865 2142 936 proclamavé-
2245 860 2415 927 ipsum
2465 862 2712 928 Alleluia,
2764 864 2995 930 alleluia,
3041 866 3274 921 alleluia.
3340 870 3411 937 ᾗ.
3452 868 3650 927 Caritate
3670 874 3754 929 Do-

565 960 728 1015 rimus
755 956 787 1014 é
816 959 976 1013 terris
1003 975 1015 1010 :
2242 950 2387 1003 mino
2417 951 2678 1007 canticum
2710 970 2901 1008 novum
2927 974 2939 1009 :
2988 957 3109 1025 quia
3141 959 3400 1013 mirabilia
3425 961 3559 1016 fecit.
3586 963 3642 1017 P.
3664 965 3755 1021 La:-

642 1050 793 1105 Pater
817 1059 1020 1105 noster.
1055 1050 1283 1105 Liberali
1309 1050 1338 1105 ὸ
1365 1050 1527 1104 malo.
1558 1049 1653 1120 fol,
1685 1049 1739 1104 2,
2245 1041 2382 1097 tétur
2409 1043 2596 1097 lsraél.
2638 1044 2669 1113 ᾖ
2698 1083 2711 1097 .
2740 1044 2886 1099 0ΙὺΓί
2908 1068 2940 1109 I,
2970 1056 3022 1101 et
3048 1048 3234 1103 itOttOl'.
3269 1048 3337 1102 P.
3362 1049 3580 1106 Lmtétur
3605 1054 3753 1111 lsraél.

642 1142 948 1196 Benedictio.
978 1141 1113 1195 Deus
1142 1154 1397 1206 summus,
1424 1149 1581 1208 atque
1605 1140 1836 1195 aeternus
1864 1139 2142 1202 terribilis,

567 1234 617 1287 in
663 1220 814 1303 cujus
857 1233 1128 1287 servitium
1179 1231 1409 1300 Eugéuia
1456 1232 1590 1285 virili
1641 1232 1845 1297 habitu,
1899 1231 2141 1285 detonsis

565 1322 831 1387 crinibus,
864 1336 923 1377 se
964 1321 1154 1379 ob'tulit
1187 1321 1524 1385 servituram,
1559 1321 1719 1374 faciat
1764 1336 1857 1374 vos
1884 1320 2143 1375 desséclis

568 1421 727 1481 atque
767 1411 953 1466 recisis
990 1411 1131 1465 curis
1176 1411 1379 1475 saeculi,
1415 1411 1820 1479 adprehendere
1852 1412 2011 1464 vitam
2041 1412 2140 1464 im-

567 1502 879 1556 maculatam
924 1518 942 1554 :
1001 1501 1295 1568 Ii}.Amen.
1365 1501 1570 1570 Quique
1620 1501 1735 1569 ejus
1782 1502 2141 1571 virginitétcm

568 1594 871 1648 Mel‘JIutiam
914 1591 1185 1647 lalléntem
1226 1592 1558 1645 manifestam
1602 1591 1779 1646 effecit
1826 1592 2008 1646 cuneis
2050 1606 2143 1660 po-

2316 1133 2630 1189 Benedt’ctio.
2659 1136 2794 1190 Deus
2812 1155 3047 1192 summus
3067 1149 3225 1209 atque
3250 1141 3497 1197 aeternus.
3521 1141 3580 1198 In
3600 1144 3753 1213 Vespe-

2244 1226 2314 1278 ri:
2341 1226 2753 1294 prwcedéntibus.

2892 1319 3000 1374 DIE
3034 1321 3165 1375 XIV.

2563 1428 2611 1465 IN
2640 1429 2801 1467 FESTO
2829 1429 3012 1469 SANCTI
3036 1432 3177 1470 JUSTI
3209 1434 3274 1471 ΕΤ
3303 1433 3511 1474 ABUNDI.

2825 1504 2902 1557 Ad
2942 1503 3233 1573 Véspcrum.

2320 1592 2521 1646 Lauda.
2560 1594 2812 1649 Exdrtum
2844 1604 2943 1649 est.
2994 1597 3153 1651 Sana.
3208 1596 3447 1655 Gaudete
3486 1599 3621 1669 justi.
3660 1602 3754 1657 Foi.

572 1686 838 1756 pulcrum,
882 1685 1123 1739 ostéudat
1148 1684 1197 1738 in
1225 1684 1375 1738 vobis
1404 1684 1613 1737 divitias
1656 1681 2142 1737 miscricordiArum

568 1779 808 1845 suirum;
871 1778 943 1845 ἡ.
971 1781 1161 1832 Amen.
1213 1778 1383 1845 Atque
1411 1791 1530 1830 cum
1566 1776 1650 1829 illa
1693 1785 1811 1843 post
1860 1774 2139 1829 transitum

569 1870 878 1928 mereamiui
910 1880 1112 1940 partem
1141 1868 1369 1932 habere,
1401 1884 1517 1936 qua:
1540 1881 1634 1936 pro
1667 1866 1881 1920 Christo
1912 1866 2140 1920 Domino

569 1982 666 2021 suo
697 1963 885 2019 méruit
916 1960 1162 2016 laureari.
1210 1960 1246 2028 ἡ
1271 2001 1282 2012 .
1311 1963 1499 2015 Amen.

645 2056 745 2109 l‘er
777 2050 1223 2107 misericdrdiam.

649 2146 849 2200 Lauda.
878 2143 1137 2199 Gaudium
1168 2125 1571 2212 sempitfrnum.
1600 2141 1695 2212 [οι.
1729 2156 1893 2197 cun.

651 2237 847 2290 Oratio.
885 2236 1043 2301 Deus,
1090 2234 1175 2301 qui
1229 2232 1426 2288 sanctis
1481 2231 1583 2286 tuis
1629 2231 1881 2301 Eugénize
1930 2229 2143 2299 virgini,

577 2340 631 2387 et
676 2328 792 2399 ejus
832 2325 1126 2382 Comitibus
1190 2323 1506 2394 martyribus
1560 2332 1759 2376 tantam
1814 2321 2034 2392 gratiam
2092 2320 2146 2374 in

580 2419 826 2488 passibnc
852 2414 1081 2482 dedisti,
1116 2423 1174 2468 ut
1217 2412 1492 2481 insigniter
1528 2411 1769 2481 apértum
1804 2409 1925 2466 lidei
1963 2409 2147 2465 vince-

579 2517 699 2565 rent
765 2509 1013 2573 hostem,
1084 2502 1476 2575 quamprimum
1554 2499 1906 2571 spiritualitér
1974 2499 2027 2554 in
2090 2513 2149 2553 se

580 2600 718 2655 bella
758 2599 839 2652 sui
886 2596 1126 2665 curporis
1167 2594 1519 2649 devicissent:
1576 2594 1753 2661 praebe
1800 2592 1952 2646 nobis
2003 2592 2150 2645 auxi-

583 2693 711 2746 lium
737 2691 801 2745 de
832 2700 919 2741 tua
948 2687 1139 2757 pietAte
1183 2685 1545 2740 ﬁrmisdmum
1566 2725 1582 2751 ,
1626 2699 1728 2752 quo
1759 2684 1968 2750 muniti,
1995 2692 2152 2753 atque

588 2783 878 2854 pracincti,
929 2789 981 2835 et
1010 2778 1355 2834 rebellantem
1405 2776 1613 2846 spiritui
1642 2789 1856 2830 carnem
1887 2775 2152 2829 valeamus

586 2874 948 2943 compescere,
996 2879 1048 2925 et
1074 2885 1171 2925 nos
1196 2870 1338 2939 ipsos
1382 2867 1674 2937 iutrépidos
1702 2867 2011 2922 studeamus
2043 2867 2153 2921 bel-

586 2967 651 3020 lis
680 2960 1039 3033 spiritualibus
1061 2958 1384 3028 praeparare.
1434 2958 1469 3024 Ii
1494 2996 1507 3010 .
1539 2957 1727 3012 Amen.

657 3054 755 3109 Per
779 3049 1220 3107 miscricdrdiam.

1148 3142 1228 3194 Ad
1257 3140 1585 3195 Matutiuum.

656 3238 962 3305 Antiphona.
984 3236 1058 3289 Da
1077 3235 1249 3289 nobis.
1282 3231 1524 3287 Psalmus
1549 3250 1599 3287 ι.
1634 3231 1833 3287 Ονάιὶο.
1861 3232 2041 3288 Redde
2059 3248 2151 3286 no-

586 3326 687 3382 bis.
723 3326 840 3383 Fol.
870 3342 1050 3382 cum.
1085 3326 1399 3396 Antiphone.
1426 3324 1607 3381 Sancti
1636 3322 1975 3403 tui-Domine.
2010 3322 2154 3375 0rd-

588 3420 682 3473 tio.
734 3418 959 3473 Sanctos
986 3428 1107 3473 tuos
1136 3418 1359 3472 deine
1389 3416 1680 3487 Eugéniam
1705 3424 1757 3470 et
1777 3415 1895 3485 ejus
1920 3414 2155 3471 comites

594 3508 847 3580 martyris
890 3509 1085 3563 virtute
1113 3517 1216 3563 tua:
1245 3508 1477 3562 dextera:
1509 3508 1686 3575 lultos,
1719 3509 1934 3563 invicto.
1977 3508 2157 3572 Quave

586 3599 681 3669 fol.
709 3614 889 3655 cuvt.

661 3690 975 3759 Antiphona.
1003 3688 1183 3745 Sancti
1215 3690 1311 3757 tui,
1347 3689 1591 3753 Domine,
1622 3690 1864 3745 mirabile
1886 3692 2156 3746 consecuti

586 3790 711 3835 sunt
735 3781 851 3847 iter,
884 3779 1240 3835 deserviéntes
1280 3780 1555 3851 praeceptis
1580 3780 1708 3848 tuis,
1755 3791 1815 3835 ut
1848 3781 2155 3837 inveniren-

588 3882 672 3926 tur
698 3872 867 3927 inlaesi
899 3871 951 3926 in
981 3886 1115 3940 aqua
1162 3870 1355 3939 valida.
1390 3871 1455 3926 P.
1489 3871 1654 3926 Terra
1708 3872 1954 3940 apparuit
1984 3872 2152 3936 arida,

585 3965 721 4020 etin
752 3964 883 4019 mari
938 3964 1099 4018 rubro
1144 3966 1224 4017 via
1277 3963 1394 4017 sine
1424 3962 1824 4030 impedimento.
1874 3963 2153 4031 ).Conii-

588 4053 798 4111 teantur
821 4052 1046 4109 Domino
1085 4051 1465 4108 misericordia:
1491 4053 1627 4121 ejus,
1674 4062 1727 4107 et
1752 4052 2009 4107 mirabilia
2040 4055 2154 4123 ejus

589 4146 711 4201 ﬁliis
763 4143 1059 4199 hominum.
1109 4141 1176 4197 P.
1226 4142 1388 4199 Terra
1432 4142 1697 4214 apparuit.
1763 4145 1796 4213 ᾗ
1824 4184 1837 4197 .
1877 4143 2055 4200 Gloria
2100 4155 2156 4200 et

590 4236 777 4291 honor.
809 4232 870 4287 Ρ.
904 4233 1087 4288 Terra.

660 4324 862 4379 Ονάιίο.
898 4323 1058 4389 Deus,
1087 4323 1177 4392 qui
1203 4321 1431 4390 Sanctis,
1463 4333 1517 4378 ut
1542 4324 1626 4378 hic
1654 4325 1835 4395 supra.

654 4415 968 4486 Antiphone.
999 4412 1154 4469 Salus
1179 4414 1466 4482 justdrum.
1500 4414 1593 4483 fol.
1621 4429 1873 4471 CCLXVIII.

659 4507 860 4562 Oratio.
896 4506 1057 4574 Deus,
1108 4506 1198 4576 qui
1247 4514 1300 4561 et
1326 4507 1577 4561 virtutem
1609 4508 1842 4575 Sanctis,
1879 4515 1934 4563 et
1956 4510 2151 4564 sancti-
2185 4522 2232 4580 ι)

588 4597 779 4653 monia:
811 4596 1121 4653 ornaménta
1162 4596 1403 4667 largiris;
1456 4597 1592 4651 hanc
1641 4598 1927 4653 Ecclésiam
1960 4600 2012 4653 in
2056 4598 2152 4654 ho-

584 4692 767 4746 ndrcm
796 4690 1088 4759 martyrum
1111 4688 1360 4760 Eugeniae
1387 4689 1626 4759 virginis,
1658 4699 1712 4745 et
1741 4691 1859 4759 ejus
1884 4689 2148 4746 comitum
2216 4727 2231 4739 .

581 4781 939 4846 exhibentem,
991 4780 1284 4837 sanctitatis
1317 4780 1547 4849 perorna
1587 4780 1923 4848 insignibus:
1976 4790 2035 4837 ut
2060 4784 2149 4850 qui

581 4874 878 4946 gloriantur
924 4872 1154 4929 victores
1202 4872 1468 4944 triumpho
1521 4882 1662 4928 stare
1692 4872 1991 4945 Martyres,
2045 4875 2153 4931 siut

583 4967 796 5023 aitc'rnis
838 4966 1156 5023 Sanctdrum
1204 4966 1414 5021 tudrum
1461 4965 1804 5022 felicitatibus
1857 4967 2147 5039 complexi.

598 5058 636 5118 ἢ
658 5098 671 5112 .
703 5058 892 5114 Amen.

655 5149 753 5206 Per
778 5146 1225 5204 misericordiam.

658 5242 1074 5311 Responsd't'um.
1108 5240 1250 5295 Beati
1277 5240 1362 5309 qui
1394 5238 1607 5295 habent.
1635 5239 1728 5310 fol.
1754 5254 1927 5295 ccxvr.

1187 5331 1254 5385 1η
1282 5331 1563 5385 Ldudibus.

652 5427 731 5480 Ad
760 5425 1047 5480 Cdnticum.
1079 5423 1394 5494 Antiphona.
1427 5422 1715 5494 Diligéntes
1747 5433 1817 5480 te.
1860 5424 2145 5479 Cdnticum.

581 5517 683 5584 Qui
716 5517 925 5587 sponte.
958 5518 1037 5570 Ad
1067 5515 1389 5573 Benedictus.
1421 5518 1736 5586 Antiphoua.
1765 5518 1944 5573 Sancti
1972 5528 2025 5573 et
2053 5520 2152 5573 III’I-

582 5612 755 5667 miles.
786 5611 1072 5666 Cdnticum.
1128 5611 1441 5667 Benedictus
1470 5628 1549 5668 es.
1587 5612 1748 5669 Sana.
1796 5613 1953 5669 Salus
1977 5615 2151 5685 justo-

581 5720 718 5758 rum.
769 5704 971 5759 Lauda.
1022 5704 1256 5759 Laudate
1303 5705 1608 5759 Dominum.
1655 5703 1770 5759 Fol.
1805 5720 1981 5760 cuiv.
2019 5706 2152 5762 Pro-

580 5795 771 5865 phetia.
805 5797 1075 5854 Justdrum
1106 5798 1316 5853 animm.
1348 5797 1466 5851 Fol.
1503 5814 1703 5854 cum.
1746 5799 2000 5860 Humuus.
2042 5804 2147 5859 llo-

2181 3188 2229 3250 C

2247 1699 2401 1738 CLXV.
2437 1685 2745 1753 Autiphona.
2794 1684 3053 1741 Gaudium
3086 1704 3355 1759 magnum.
3393 1690 3581 1746 Lauda.
3613 1692 3758 1749 V’éuiet

2252 1775 2525 1831 Déminus.
2559 1777 2650 1845 fol.
2686 1792 2906 1831 cccxxv.

2901 1868 3155 1939 Hymnus.

2389 1957 2498 2012 Vox
2525 1973 2649 2013 ecce
2672 1957 2863 2013 Vatum
2888 1959 3059 2013 vivida
3094 1960 3341 2030 personat

2318 2049 2510 2103 Venire
2537 2047 2831 2115 Christum,
2867 2052 3121 2119 nascique
3150 2052 3391 2117 nuntiat;

2316 2139 2466 2193 Nunc
2492 2136 2628 2193 festa
2660 2139 2812 2208 cujus
2841 2140 2989 2209 plebs
3018 2140 3100 2209 pia
3127 2140 3393 2207 celebrat;

2316 2233 2445 2299 Quae
2474 2230 2652 2287 ferens
2677 2233 2870 2286 undam
2904 2233 3131 2287 lucidam
3160 2232 3443 2301 promicat.

2388 2324 2557 2390 Quem
2588 2323 2850 2379 Gabriélis
2877 2338 2983 2379 vox
3017 2325 3157 2378 clara
3189 2324 3442 2390 nuntiat;

2318 2414 2487 2482 Quem
2520 2414 2679 2484 Virgo
2712 2415 2873 2484 parit,
2906 2430 3022 2484 qua:
3048 2417 3162 2471 sola
3193 2417 3399 2480 rI'Itilat,

2323 2504 2536 2561 Ftntésa
2564 2506 2829 2576 Virgoque
2860 2507 3040 2572 lactat,

2322 2596 2613 2668 Nutrixque
2645 2599 2804 2670 Virgo
2831 2614 2889 2654 se
2914 2600 2997 2655 cui
3029 2599 3257 2656 dedicat.

2393 2683 2555 2755 Cujus
2584 2686 2756 2741 dicata
2790 2688 2966 2758 passio
2997 2690 3270 2758 prdvocat,

2326 2776 2394 2833 Ut
2419 2778 2538 2848 quis
2566 2777 2735 2833 (idolis
2763 2778 3019 2849 sanguine
3049 2782 3260 2848 rubeat,

2324 2869 2390 2923 Et
2418 2868 2681 2938 passibnis
2708 2870 2930 2925 munere
2959 2872 3177 2942 polleat,

2328 2957 2565 3030 Utrdque
2591 2974 2708 3014 sese
2736 2960 2925 3030 périmi
2952 2962 3198 3032 gaudeat.

2394 3047 2552 3114 Justi,
2584 3056 2637 3103 et
2666 3048 2876 3104 Abundi
2899 3065 3057 3120 quem
3080 3058 3226 3120 sequi
3252 3054 3475 3109 cursitat

2324 3139 2482 3195 Sacra
2511 3140 2751 3195 voluntas
2778 3159 2791 3205 ;
2820 3156 2976 3211 quem
3003 3143 3209 3213 quoque
3233 3146 3433 3199 nuntiat

2327 3230 2488 3302 Sequi
2517 3232 2713 3287 debére
2746 3249 2759 3297 ;
2793 3234 2881 3301 qui
2911 3234 2962 3287 in
2996 3236 3096 3290 lide
3127 3236 3296 3291 latitat

2326 3324 2397 3381 Se
2424 3325 2537 3380 fore
2568 3324 2755 3381 fortem
2785 3327 3018 3397 voceque
3042 3327 3254 3397 jI‘Ibilat.

2400 3413 2508 3470 ﬂos
2537 3415 2675 3471 hunc
2701 3418 2998 3487 sequentes,
3031 3418 3214 3488 périmi
3242 3420 3333 3489 jud
3355 3436 3414 3475 ca

2328 3507 2694 3575 Numerianus,
2725 3510 2810 3579 qui
2838 3509 3055 3581 Olybrio
3088 3512 3187 3567 hoc
3218 3514 3438 3585 imperat

2330 3601 2400 3658 Ut
2420 3600 2750 3657 Christianos
2776 3604 2886 3657 ensi
2912 3604 3177 3672 subjiciat,

2326 3692 2626 3765 Christique
2656 3695 2848 3750 Servos
2876 3695 3155 3764 publicitus
3185 3698 3420 3768 opprirra

2399 3788 2605 3842 Justum
2632 3802 2696 3841 en
2720 3787 2984 3857 Olybrius,
3013 3799 3069 3842 ιιι
3098 3789 3238 3843 audii

2330 3880 2536 3936 Furere
2557 3889 2764 3949 raptus,
2797 3896 2894 3935 nec
2921 3896 3053 3937 neve
3080 3879 3346 3951 qumritat‘,

2327 3974 2383 4028 Si
2414 3973 2745 4028 Christianus
2773 3974 2885 4043 ipse
2914 3974 2983 4028 sit
3007 3974 3251 4043 explorat
3274 3992 3287 4027 :

2319 4063 2425 4119 Sed
2455 4063 2651 4119 Christi
2680 4064 2878 4119 Servus
2910 4064 3052 4119 illico
3079 4065 3321 4120 clamitat
3345 4084 3357 4117 :

2397 4156 2468 4210 Se
2494 4170 2612 4210 esse
2646 4155 2852 4211 ﬁdelem
2883 4175 2893 4208 :
2928 4171 3025 4211 nec
3053 4158 3186 4211 mori
3214 4158 3437 4213 dubitat.

2328 4245 2528 4299 Praeses
2549 4245 2600 4298 in
2632 4243 2702 4299 ita
2728 4244 3051 4300 conterritus
3074 4244 3327 4314 provocat

2246 4317 2257 4339 ⁶
2329 4337 2561 4390 Membra
2594 4337 2786 4405 ﬁdelis,
2813 4352 2911 4391 nec
2939 4353 3069 4392 neve
3097 4339 3371 4402 clamitat;

2331 4432 2398 4488 Ut
2425 4431 2565 4486 hunc
2592 4433 2824 4487 rotarum
2854 4446 2941 4487 ars
2969 4448 3108 4487 saeva
3141 4431 3392 4499 proterat.

2398 4521 2500 4576 Sed
2523 4536 2671 4576 mens
2699 4522 2859 4575 ditata
2891 4522 3112 4577 minime
3140 4522 3360 4591 trc'pidat
3385 4540 3401 4586 ;
3448 4558 3457 4564 -

2332 4610 2575 4682 Vocéque
2603 4615 2747 4668 clara
2775 4614 2977 4669 cantica
3003 4615 3189 4685 jI'Ibilat
3219 4634 3231 4669 :

2325 4707 2494 4773 Quem
2526 4707 2623 4762 sibi
2648 4708 2890 4762 Christus
2918 4709 2987 4762 ita
3021 4709 3280 4771 miriﬁcat,

2327 4798 2396 4853 Ut
2426 4807 2543 4853 vota
2572 4800 2808 4863 vincens,
2835 4799 2945 4868 jam
2972 4800 3104 4853 liber
3127 4800 3331 4854 olierat.

2397 4889 2571 4945 Ferox
2599 4889 2879 4960 Tyrannus
2905 4889 3125 4945 vocibus
3155 4890 3379 4945 intonat:

2328 4982 2535 5036 Fornax
2558 4988 2616 5035 ut
2641 4990 2787 5036 atrox
2815 4980 3023 5049 ignibus
3050 4981 3255 5048 ardeat,

2326 5073 2497 5128 'l‘estis
2523 5081 2576 5127 et
2603 5072 2740 5127 Almi
2770 5072 3007 5127 membra
3038 5073 3307 5140 suscipiat,

2324 5162 2526 5218 Oliérre
2554 5162 2705 5217 thura
2736 5164 2935 5234 Martyr
2963 5173 3021 5218 ut
3050 5164 3305 5233 ambulat,

2394 5254 2500 5308 Aut
2528 5253 2631 5324 igni
2660 5253 2736 5309 ira
2764 5253 2967 5310 concita
3000 5255 3209 5324 pt‘reat:

2326 5344 2501 5414 Seque
2525 5344 2725 5400 severa:
2748 5346 2905 5399 morti
2931 5346 3202 5414 subjiciat,

2328 5434 2683 5505 Flammaque
2711 5437 2853 5505 rogis
2881 5437 3016 5491 citus
3043 5436 3334 5496 inhaereat:

2327 5530 2403 5586 Ne
2428 5529 2694 5586 contraire
2712 5529 2922 5598 praesidi
2953 5528 3146 5585 valeat.

2400 5624 2502 5681 Sed
2527 5638 2683 5692 quem
2712 5621 2877 5676 ditata
2907 5637 3055 5678 mens
3077 5623 3211 5678 bene
3232 5622 3504 5680 sublevat:

2330 5717 2397 5771 Et
2425 5715 2729 5770 meritdrum
2757 5714 2923 5781 gratia
2953 5714 3181 5777 dedicat,

2328 5808 2436 5863 Nec
2464 5808 2671 5862 ﬂamma
2700 5807 2880 5870 vincit,
2913 5821 3009 5859 nec
3041 5822 3190 5876 poena
3219 5808 3464 5875 superat;
