3984 6376
233 369 367 435 1989

290 492 395 549 Sed
426 491 548 561 i'gue
568 500 780 555 trusus,
815 489 1015 545 illassus
1045 490 1307 548 ambulat.

366 583 553 639 Adhuc
584 582 843 638 Abundus
875 582 1003 636 dum
1035 581 1122 651 pie
1154 582 1423 652 spéctitat,

288 675 423 733 Sese
451 675 653 730 citat‘un
687 673 910 743 Μέληςτί
935 672 1104 727 sociat
1128 690 1142 737 ;

290 765 626 834 Mentémque
655 762 873 818 Christo
899 762 1083 818 sobito
1107 762 1305 818 délibat
1338 780 1353 827 ;

292 857 509 929 Ipsique
538 856 761 927 Olybrio
787 853 1007 909 vocibus
1040 854 1268 923 inrogat.

361 949 530 1016 Cujus
552 962 673 1001 cum
706 945 843 1000 fama
875 945 1088 1015 prasidi
1124 945 1375 1014 pérsonat
1402 961 1415 1009 ;

293 1044 533 1100 Inlremit
562 1042 665 1107 ira,
696 1041 901 1096 terrere
930 1040 1145 1095 inchoat
1170 1056 1183 1091 :

290 1138 523 1193 Sanctus
554 1133 835 1197 Abii‘ndus,
875 1142 932 1185 ut
963 1130 1120 1185 idolis
1148 1130 1338 1191 cedat;

289 1226 510 1295 Illisque
540 1223 738 1280 cedens
770 1224 896 1276 thus
925 1220 1062 1276 liber
1084 1219 1291 1274 oﬂ‘erat.

359 1316 467 1373 Sed
498 1315 623 1384 quia
654 1315 885 1369 Sanctus
907 1311 1047 1366 vinci
1080 1310 1415 1380 nequiverat,

288 1406 498 1463 Justum
529 1405 771 1460 sodalem
800 1402 1010 1458 lacibus
1040 1403 1270 1471 imperat

291 1498 484 1563 Adori,
513 1496 665 1565 cujus
697 1504 753 1547 ut
779 1494 886 1547 vita
915 1493 1123 1563 pe’reat,

288 1589 520 1657 Jamque
547 1585 654 1642 cito
683 1585 979 1641 discrimini
1009 1584 1183 1638 cedat.

360 1681 508 1737 Mare
537 1679 632 1734 sed
662 1679 707 1733 is
732 1678 825 1749 qui
856 1676 1085 1747 pedibus
1115 1674 1352 1729 ambulat
1380 1691 1394 1739 ;

288 1774 593 1843 Po‘ténsque
622 1774 833 1827 clausos
861 1771 1089 1840 corpore
1114 1770 1407 1824 transvolat
1433 1784 1447 1833 ;

288 1865 437 1935 Ignis
467 1879 652 1934 poenas
676 1864 775 1919 hos
808 1862 992 1933 iugere
1025 1862 1302 1932 provocat,

282 1960 527 2027 Itemque
555 1966 695 2011 tutos
725 1956 920 2011 sistere
950 1955 1177 2010 lectitat.

364 2049 472 2104 Hos
504 2048 617 2116 ipse
641 2048 854 2103 Sanctis
883 2047 1085 2102 aethere
1107 2045 1297 2113 sociat,

286 2142 359 2196 Et
379 2141 516 2211 ignis
542 2141 632 2195 ille
660 2140 941 2193 ﬂammeus
971 2138 1167 2204 évolat,

285 2231 360 2285 Et
383 2245 519 2301 quos
548 2229 751 2284 uréndo
773 2229 987 2282 ﬂamina
1014 2226 1343 2298 susceperat,

283 2325 493 2380 Extrita
524 2337 647 2378 rore
678 2321 869 2391 frigida
898 2322 1201 2376 consecrat.

364 2414 435 2471 Ut
464 2429 563 2469 nec
587 2412 812 2481 capillus
839 2411 1028 2479 capitis
1056 2410 1276 2475 ardeat;

280 2507 400 2565 Nec
422 2508 537 2577 ipsa
569 2507 734 2561 vestis
762 2505 978 2576 ignibus
1012 2504 1252 2567 haereat;

290 2604 403 2662 Sed
435 2618 558 2659 rore
590 2604 773 2670 tincta,
807 2601 988 2654 tt’ttave
1015 2598 1231 2653 maneat
1258 2613 1271 2648 :

285 2697 416 2751 Haec
439 2702 630 2749 cuncta
659 2705 851 2764 regens
880 2690 1114 2760 Spiritus
1143 2688 1349 2753 actitat,

360 2786 621 2855 Exemplo
650 2799 878 2854 quorum
908 2798 1048 2838 nunc
1074 2784 1194 2852 pius
1222 2781 1414 2835 audeat

284 2879 527 2951 Quisque
558 2879 755 2946 ﬁdelis,
787 2893 981 2933 munus
1008 2888 1062 2931 et
1087 2877 1281 2932 inferat

283 2972 383 3028 Sui
412 2971 681 3040 precatus,
715 2980 1001 3033 menteque
1028 2968 1247 3033 serviat,

280 3062 389 3131 Qui
420 3059 669 3116 misertus
696 3060 877 3115 omnia
903 3055 1129 3129 iudicat.

356 3154 479 3224 Ipse
504 3153 816 3224 precantum
845 3163 967 3207 vota
997 3150 1256 3222 suscipiat
1281 3168 1295 3218 ;

281 3246 351 3302 Et
383 3247 611 3315 paradisi
635 3246 849 3315 jz’muam
874 3245 1096 3314 apériat,

283 3340 389 3406 Qui
419 3341 473 3394 in
502 3338 702 3395 mthere
730 3350 920 3395 tonans
950 3355 1049 3395 nos
1078 3342 1194 3410 pius
1219 3339 1465 3410 adjuvat,

277 3432 597 3501 (Iunctaque
624 3432 773 3486 solus
800 3432 1062 3487 dimicare
1092 3432 1220 3487 vult.

355 3521 440 3578 Sit
473 3524 645 3578 honor
668 3523 765 3591 illi,
796 3525 884 3594 qui
913 3526 1060 3580 solus
1090 3527 1297 3580 intonat

280 3612 365 3668 De
392 3614 523 3668 sede
553 3614 680 3682 poli,
708 3614 1010 3685 cunctaque
1035 3615 1241 3684 jt’idicat
1266 3633 1279 3668 :

278 3704 456 3772 Eique
483 3717 607 3759 sese
638 3704 813 3775 lingua
842 3704 1089 3775 subjiciat
1118 3724 1132 3770 ;

276 3792 391 3847 Per
416 3807 576 3846 omne
604 3795 857 3847 saeculum
886 3794 1125 3848 carmina
1152 3793 1423 3849 concinat.

431 3887 626 3938 Amen.

281 3975 639 4045 Supplicatio.
667 3973 916 4028 Oremus.
948 3973 1076 4027 utin
1106 3973 1247 4028 (iliis.

278 4063 551 4135 Capitula.
589 4065 726 4120 Deus
757 4067 937 4118 lumen
967 4063 1261 4129 aetérnum,
1302 4063 1517 4119 lucérna
1568 4065 1801 4121 inestin-

187 4155 451 4229 guibilis,
485 4165 539 4211 et
571 4156 661 4210 lux
692 4155 953 4221 veritatis,
1006 4156 1218 4211 laatilica
1267 4155 1519 4225 populum
1550 4166 1696 4212 tuum
1742 4159 1796 4213 in

187 4250 312 4303 hac
362 4248 676 4303 celebritate
716 4246 1161 4305 beatissimorum
1214 4247 1509 4319 martyrum
1584 4250 1795 4305 tudrum

182 4342 347 4398 Justi
380 4351 433 4396 et
459 4340 669 4395 Abundi
697 4358 709 4393 :
761 4350 819 4395 ut
849 4340 1117 4413 [cccutx]
1149 4342 1236 4409 qui
1286 4344 1397 4395 suis
1431 4341 1635 4397 me’ritis
1667 4359 1796 4398 con-

185 4431 519 4496 tristantur,
544 4433 731 4487 eorum
753 4432 1087 4487 orationibus
1118 4431 1477 4486 consolentur,

268 4525 442 4579 Pater
467 4538 665 4578 noszer.
692 4523 976 4578 Liberalia
1007 4523 1165 4578 malo.
1199 4523 1293 4594 fol.
1333 4522 1388 4576 Ξ.

290 4613 615 4668 Benedictio.
662 4614 894 4669 Ubténtu
948 4614 1235 4685 martyrum
1283 4615 1500 4669 suorum
1555 4616 1691 4670 Justi
1741 4625 1797 4670 et

174 4706 452 4773 Abundi,
499 4707 796 4761 benedictio
829 4709 1039 4762 Domini
1068 4722 1161 4762 vos
1208 4707 1495 4763 comitetur
1523 4708 1574 4763 in
1617 4711 1793 4774 terris,

174 4801 289 4871 qui
339 4798 464 4852 illos
496 4797 738 4866 provexit
763 4800 827 4852 ad
857 4802 1022 4856 cmlos
1050 4818 1062 4851 :
1112 4800 1148 4866 ii
1174 4840 1187 4854 .
1227 4801 1418 4853 Amen.
1452 4800 1669 4855 Illorum
1703 4817 1797 4856 vos

169 4889 412 4946 efﬁciat
447 4889 822 4958 sullragatione
868 4891 1084 4958 felices,
1117 4905 1343 4960 quorum
1377 4906 1516 4947 nunc
1546 4894 1677 4948 estis
1702 4909 1801 4969 so-V

171 4981 578 5040 lemnitatibns
606 4983 931 5052 exeqnéntes
960 5001 970 5035 :
1020 4984 1056 5052 πῆ
1081 5024 1092 5037 .
1127 4986 1319 5038 Amen.
1346 4982 1571 5039 Utsicut
1598 4985 1671 5040 illi
1702 4972 1797 5054 pro

159 5071 416 5147 juSIitia
463 5072 648 5128 certati
694 5084 819 5128 sunt
863 5090 1033 5144 usque
1076 5076 1140 5131 ad
1188 5084 1452 5141 mortem;
1499 5077 1571 5129 ita
1615 5087 1667 5131 et
1701 5092 1797 5132 vos

166 5169 400 5225 edrum
422 5165 693 5235 sequendo
714 5165 955 5236 vestigia,
982 5166 1134 5222 liberi
1155 5165 1449 5237 properetis
1469 5167 1533 5221 ad
1555 5168 1794 5224 coelestia

161 5274 394 5330 regna.
442 5258 479 5325 ii)
504 5296 517 5310 .
551 5262 740 5313 Amen.

259 5349 387 5404 Per
417 5348 838 5405 misericordiam

254 5441 486 5495 Lauda.
525 5441 736 5499 Fitléles
761 5445 810 5498 in
851 5444 1157 5500 dilectione.
1193 5445 1257 5499 Et
1288 5447 1461 5500 omnia
1498 5462 1603 5503 sua
1634 5465 1795 5520 usque

156 5535 250 5589 ad
301 5530 606 5602 Capltulam
639 5535 879 5588 dicdnlur
911 5536 1205 5608 successive,
1233 5546 1291 5591 ut
1325 5539 1379 5592 in
1406 5542 1534 5610 [esto
1576 5540 1796 5595 Cazclliie

151 5624 442 5695 virginis,
470 5624 565 5694 fol.
590 5639 837 5681 cccxxvr.

248 5714 541 5784 Capitula.
596 5716 671 5771 Da
713 5717 906 5783 nobis,
964 5719 1227 5785 Domine,
1279 5721 1469 5792 gaudia
1527 5722 1793 5780 lelicitittis

148 5808 449 5882 mtérnze,
477 5816 529 5863 te
562 5817 617 5863 ut
640 5822 854 5879 semper
874 5812 1107 5878 gaudere
1131 5815 1418 5882 possimus,
1450 5830 1517 5870 ne
1548 5816 1789 5886 despica-

618 5919 889 5984 Ρλτιιοι..
937 5925 1107 5987 LXX
1119 5926 1283 5990 XVI.

1831 499 1879 554 Α

1841 1851 1884 1910 Β

1834 3200 1880 3267 C

1828 4554 1877 4614 D

1194 375 1670 434 SANCTOBALE.
1713 405 1781 416 -
1823 375 2043 433 FESTA
2083 372 2494 431 DECEMBRIS.

3354 376 3491 432 1‘290

1909 489 2000 544 bili
2034 487 2249 545 tristitia
2298 487 2609 553 obruAmur,
2640 495 2692 541 et
2734 487 2789 542 in
2822 486 2968 542 nullo
3002 488 3069 542 de
3100 488 3487 557 temporalibus

1908 579 2105 636 soliciti
2139 580 2310 636 simus
2338 594 2355 634 :
2389 586 2465 643 ut,
2496 579 2587 648 qui
2618 587 2669 633 te
2698 594 2862 648 prope
2887 594 3008 636 esse
3039 581 3147 648 jam
3196 580 3492 649 credimus,

1910 671 2248 726 mitissimum
2272 671 2395 725 eum
2422 669 2632 725 véneris
2657 671 2974 726 sentiamus.

1966 764 2140 827 Pater
2161 772 2362 820 noster.
2392 762 2625 819 Liberati
2650 763 2681 816 ὲ
2710 763 2868 819 malo.
2894 764 2988 835 fat.
3020 764 3075 817 2.

1910 898 1919 905 .
1981 855 2189 910 Lauda.
2224 854 2435 912 Fideles
2465 856 2517 911 in
2549 855 2863 910 dilectione.

1984 946 2294 1002 Benedictio.
2328 946 2556 1002 Obténtu
2585 945 2897 1016 Martyrum.
2951 945 3133 1014 Quaere
3170 949 3221 1001 in
3264 947 3496 1021 Véspcris

1914 1039 2329 1108 pracedéntibus.

2536 1129 2647 1184 DIE
2690 1127 2874 1184 XVIII.

1984 1235 2036 1274 IN
2064 1234 2228 1276 FESTO
2258 1234 2702 1276 ANNUNCIATIONIS
2724 1235 2944 1275 SANCTS
2974 1234 3154 1275 MANE
3181 1235 3423 1277 VIRGINIS.

2481 1318 2562 1370 Ad
2628 1316 2925 1387 vesperum.

1984 1405 2191 1462 Lauda.
2218 1406 2378 1478 Virgo
2405 1406 2564 1463 Israél
2585 1447 2601 1473 ,
2632 1407 2826 1462 ornare
2855 1406 3120 1479 tympanis
3144 1408 3248 1465 tuis
3281 1424 3293 1460 :
3328 1404 3396 1460 P.
3436 1404 3502 1464 Et

1912 1495 2172 1567 egredere
2206 1498 2259 1552 in
2296 1497 2466 1554 choro
2497 1495 2858 1568 psallentium.
2907 1497 2942 1565 ᾖ
2967 1537 2983 1552 .
3011 1497 3171 1552 Beata
3202 1512 3263 1552 es
3292 1498 3501 1566 regina,

1913 1603 2036 1658 qua:
2065 1587 2327 1658 proSpieis
2364 1591 2515 1659 quasi
2546 1589 2749 1642 lumen.
2774 1583 2844 1641 Ρ.
2872 1587 2936 1642 Et
2962 1586 3241 1656 egredere.
3289 1587 3324 1657 ᾖ
3350 1627 3363 1640 .
3389 1587 3501 1643 Ad-

1914 1682 2051 1734 stitit
2080 1683 2258 1749 regina
2300 1683 2352 1734 in
2380 1680 2569 1735 vestitu
2600 1679 2875 1735 deaurato.
2910 1677 2981 1734 P.
3010 1679 3077 1734 Et
3105 1678 3381 1750 egrédere.
3420 1680 3456 1748 ᾖ
3482 1717 3497 1733 .

1919 1771 2206 1841 Egredere,
2237 1772 2389 1842 quasi
2421 1773 2565 1826 Luna
2590 1772 2742 1827 valde
2763 1772 3011 1828 rtttilans.
3038 1770 3105 1826 Ρ.
3133 1772 3198 1827 Ει
3217 1771 3496 1841 egredere.

1931 1864 1965 1933 ᾗ
1993 1904 2009 1920 .
2041 1865 2329 1936 Egredere,
2382 1866 2533 1935 quasi
2565 1881 2758 1936 sponsa
2791 1867 3123 1936 consurgens
3165 1867 3409 1936 pulchra,
3443 1873 3499 1923 ut

1915 1959 2084 2009 Luna.
2120 1956 2183 2008 Ρ.
2214 1957 2280 2010 Et
2306 1956 2581 2027 egredere.

1987 2045 2189 2099 Oratio.
2249 2046 2405 2115 Virgo
2451 2048 2633 2112 lsraél,
2681 2063 2800 2117 quae
2826 2048 3010 2117 otique
3057 2055 3230 2103 mater
3259 2046 3500 2104 Vidéntis

1914 2137 2255 2207 intelligeris,
2307 2141 2503 2194 ornere
2555 2143 2820 2212 tympanis
2851 2142 2977 2207 tuis,
3026 2142 3077 2196 id
3105 2152 3209 2209 est,
3241 2144 3501 2198 membris

1916 2232 2191 2298 Ecclesiae,
2224 2243 2280 2285 ut
2308 2242 2358 2287 te
2390 2232 2681 2288 habeitmus
2709 2234 2981 2303 patronam
3011 2235 3063 2288 in
3094 2234 3313 2300 saeculo,
3337 2250 3499 2305 quam

1915 2323 2124 2377 beatam
2157 2326 2391 2393 reginam
2438 2325 2708 2380 credimus
2756 2326 3071 2396 permanere
3098 2327 3150 2380 in
3194 2327 3407 2380 luturo:
3442 2335 3500 2383 ut

1916 2415 2308 2484 prospicientes
2338 2426 2389 2471 te
2432 2416 2613 2472 lumen
2654 2417 2984 2472 credulitatis
3015 2428 3213 2473 nostra:
3242 2418 3359 2474 sine
3399 2418 3501 2473 dti-

1914 2506 2005 2559 hio
2034 2521 2190 2572 esse;
2226 2516 2276 2561 te
2304 2508 2693 2576 interpellante.
2723 2509 2962 2563 l'avorem
2994 2508 3337 2564 beatitt'idinis
3380 2524 3495 2564 me-

1916 2599 2129 2650 reamur
2156 2597 2465 2653 ﬁrmissime
2494 2600 2758 2653 oblinere.
2808 2599 2844 2667 ti}
2870 2638 2885 2654 .
2912 2603 3104 2653 Amen.

1985 2687 2089 2741 Per
2118 2687 2560 2742 misericordiam.

1986 2777 2152 2832 Sana.
2184 2778 2444 2848 Apparuit
2465 2780 2697 2849 Angelus
2721 2779 2924 2848 Mariae,
2952 2781 3135 2836 dicens
3161 2800 3173 2835 :
3206 2780 3347 2838 Ecce
3369 2797 3497 2838 con-

1911 2868 2103 2937 c'pies,
2150 2880 2203 2923 et
2234 2870 2411 2937 paries
2441 2872 2627 2925 lilium.
2662 2868 2730 2922 P.
2776 2873 2840 2923 Et
2885 2872 3101 2925 vocabis
3141 2886 3340 2926 nomen
3381 2873 3498 2942 ejus

1914 2960 2231 3014 Emmanuel
2263 2978 2274 3013 :
2307 2961 2557 3015 Alleluia.
2607 2962 2678 3029 ᾖ.
2713 2962 2944 3030 Spiritus
2974 2975 3192 3019 sanctus
3220 2964 3399 3020 véniet
3438 2966 3495 3020 in

1915 3060 1987 3116 te,
2019 3060 2074 3106 et
2102 3052 2267 3106 virtus
2295 3052 2497 3109 excelsi
2528 3055 2867 3109 obumbrabit
2896 3065 2950 3110 te
2976 3068 2999 3108 :'
3022 3057 3165 3125 quod
3191 3067 3367 3112 autem
3400 3072 3495 3112 na-

1913 3141 2093 3196 scetur
2139 3156 2207 3196 ex
2255 3150 2309 3197 te
2336 3142 2614 3211 Sanctum,
2652 3142 2930 3197 vocabitur
2982 3144 3145 3199 Filius
3177 3145 3293 3200 Dei.
3326 3143 3397 3201 P.
3428 3148 3494 3205 Et

1912 3232 2210 3288 vocébitur.
2257 3232 2292 3302 ᾗ
2318 3272 2330 3286 .
2361 3232 2562 3300 Gloria,
2599 3243 2653 3288 et
2684 3234 2875 3290 honor.
2907 3232 2979 3289 Ρ.
3013 3235 3080 3289 ΕΙ.
3109 3236 3404 3292 vocabitur.

1980 3324 2240 3380 Dominus
2268 3326 2356 3380 sit.
2402 3327 2439 3395 ιῆ
2464 3369 2477 3380 .
2509 3328 2576 3381 Et
2604 3342 2744 3381 cum.

1976 3414 2299 3487 Antiphone.
2325 3417 2559 3471 Alleluia
2589 3436 2601 3470 :
2641 3419 2746 3472 vidi
2771 3427 2976 3488 portam
3006 3420 3061 3475 in
3090 3420 3250 3475 domo
3274 3421 3492 3483 Domini

1906 3508 2143 3563 clausam
2171 3527 2183 3563 :
2214 3522 2268 3564 et
2299 3511 2431 3563 dixit
2460 3510 2524 3564 ad
2551 3526 2638 3566 me
2666 3512 2903 3582 Angelus
2934 3531 2946 3566 :
2981 3513 3141 3568 Porta
3172 3516 3295 3583 ista,
3326 3530 3489 3585 quam

1908 3599 2078 3666 vides,
2108 3616 2214 3654 nou
2245 3603 2554 3669 aperietur:
2597 3619 2767 3672 neque
2798 3604 2991 3674 aliquis
3028 3620 3121 3674 per
3148 3621 3265 3661 eam
3298 3609 3493 3663 transi-

1906 3690 2004 3745 bit.
2035 3690 2104 3744 P.
2130 3691 2392 3757 Quoniam
2423 3693 2682 3749 Dominus
2706 3699 2846 3750 Deus
2876 3699 3039 3751 lsraél
3069 3699 3371 3768 egredietur
3396 3715 3491 3769 per

1905 3798 2046 3853 eam,
2083 3796 2137 3841 et
2183 3786 2287 3841 erit
2328 3789 2531 3842 clausa.
2580 3789 2655 3857 ᾗ.
2704 3788 2901 3845 Tollite
2946 3803 3150 3860 portas,
3197 3794 3490 3862 principes,

1904 3888 2133 3947 vestras,
2174 3889 2229 3935 et
2284 3880 2569 3936 elevamini
2600 3891 2767 3952 porta:
2796 3883 3118 3941 aeternales:
3166 3895 3222 3940 et
3250 3887 3493 3942 introibit

1904 3985 2000 4025 rex
2048 3972 2254 4041 gloriae.
2303 3971 2373 4028 P.
2403 3973 2691 4040 Quoniam.
2738 3974 2773 4043 ᾖ
2799 4014 2813 4029 .
2858 3974 3061 4042 Gloria,
3095 3986 3149 4031 et
3189 3977 3381 4032 honor.
3419 3976 3486 4033 P.

1902 4065 2190 4131 Quoniam.

1978 4157 2184 4210 Oratio.
2216 4156 2450 4212 Verbum
2478 4158 2713 4223 virtutis,
2746 4166 2803 4213 et
2827 4159 3088 4229 sapiéntia
3117 4159 3314 4227 Patris,
3347 4162 3492 4230 quod

1902 4246 2131 4303 materni
2180 4247 2316 4301 uteri
2370 4258 2577 4317 portam
2627 4264 2728 4305 nec
2775 4249 3085 4320 ingrediens
3131 4252 3330 4321 violas,
3386 4269 3491 4310 nec

1902 4337 2191 4405 conceptus
2221 4339 2523 4407 corrt'tmpis
2555 4339 2853 4409 Virginem,
2881 4355 2979 4395 nec
3008 4342 3362 4412 parturitione
3384 4359 3492 4399 ma-

1902 4440 2037 4485 trem
2072 4430 2372 4499 virginitate
2401 4432 2617 4498 privare
2642 4432 3011 4503 dignosceris;
3062 4444 3258 4502 praesta
3306 4428 3486 4507 nobis;

1902 4530 1960 4576 ut
1986 4522 2208 4577 obténtu
2236 4538 2356 4590 suo,
2387 4539 2508 4593 qua:
2536 4536 2586 4579 te
2614 4522 2796 4595 genuit
2826 4524 3017 4580 Filium
3036 4567 3051 4591 ,
3088 4527 3239 4582 nobis
3285 4545 3489 4599 praero-

1902 4622 2011 4683 get,
2038 4614 2179 4684 quod
2211 4617 2455 4685 rogatur;
2485 4625 2538 4670 et
2567 4629 2687 4687 quae
2715 4626 2765 4671 te
2790 4615 2987 4671 meruit
3013 4619 3129 4672 sine
3156 4619 3300 4675 coitu
3325 4621 3483 4690 pare-

1904 4720 1985 4771 re,
2020 4722 2117 4761 nos
2163 4706 2425 4775 conceptu
2474 4718 2561 4761 tuo
2592 4706 2752 4763 faciat
2782 4712 3085 4778 parturire:
3136 4714 3272 4767 utin
3315 4716 3485 4783 portis

1901 4796 2031 4851 Sion
2062 4797 2343 4852 dilatantes
2371 4814 2432 4851 os
2464 4807 2731 4864 nostrmn,
2764 4800 2953 4856 salutis
2982 4803 3346 4871 concipienius
3373 4805 3485 4874 spi-

1902 4888 2061 4941 ritum
2097 4897 2192 4942 :et
2226 4890 2304 4943 sic
2333 4904 2485 4943 novae
2528 4890 2759 4947 nationis
2788 4900 2892 4949 tua;
2921 4894 3273 4963 praidieéinus
3314 4895 3483 4951 mira-

1900 4980 2101 5045 culum,
2138 4988 2194 5033 ut
2217 4994 2312 5034 eor
2339 4992 2577 5036 nostrum
2610 4982 2741 5037 lides
2764 4999 2978 5055 semper
3007 4986 3277 5055 possideat
3299 4989 3480 5044 incor-

1900 5070 2078 5138 rt'tpta.
2116 5071 2154 5139 ἢ
2176 5109 2189 5124 .
2225 5075 2414 5127 Amen.

1972 5164 2073 5219 Per
2100 5165 2537 5223 misericordiam.

1971 5256 2284 5322 Antipliona.
2316 5258 2467 5313 Dabit
2498 5259 2647 5314 vobis
2679 5259 2933 5315 Dominus
2962 5260 3174 5332 signum
3204 5261 3255 5316 in
3290 5271 3429 5318 terra
3458 5281 3476 5319 :

1901 5348 2048 5419 virgo
2078 5350 2130 5403 in
2160 5350 2313 5404 utero
2342 5352 2583 5422 accipiet,
2619 5360 2674 5406 et
2706 5352 2876 5421 pariet
2912 5353 3100 5419 lilium,
3137 5366 3192 5409 et
3220 5354 3478 5410 vocaliitis

1900 5455 2093 5495 nomen
2117 5441 2234 5509 ejus
2264 5441 2599 5496 Emmanuel.
2639 5441 2700 5494 P.
2737 5442 2962 5507 Scittite,
2984 5453 3193 5513 gentes,
3222 5445 3475 5515 quoniam

1900 5535 2178 5592 nobiscum
2208 5546 2291 5592 est
2320 5538 2479 5592 Dens.
2521 5537 2555 5605 ᾖ
2579 5573 2592 5587 .
2626 5537 2763 5591 Audi
2796 5535 3023 5606 populus
3043 5552 3214 5603 meus,
3245 5547 3298 5593 et
3327 5540 3477 5606 testi;

1898 5629 2100 5684 ﬁcabor
2129 5629 2221 5683 tibi
2252 5644 2265 5680 :
2299 5627 2479 5693 Israel,
2503 5626 2548 5681 si
2578 5641 2665 5681 me
2702 5628 2954 5683 audieris.
2985 5626 3054 5683 P.
3083 5629 3312 5700 Scitote,
3341 5646 3475 5701 gen-

1899 5729 1999 5775 tes.
2044 5719 2082 5788 Ῡ
2106 5757 2120 5772 .
2143 5718 2347 5784 Gloria,
2375 5728 2429 5773 et
2460 5720 2645 5773 honor.
2680 5718 2748 5774 P.
2779 5719 2999 5789 Scitéte,
3024 5729 3229 5791 gentes.

1972 5812 2228 5869 Dominus
2255 5813 2344 5867 sit.
2393 5813 2430 5882 ii
2452 5850 2465 5865 .
2492 5812 2556 5867 Et
2575 5827 2715 5870 cum.

3005 5927 3080 5986 1ι1
