3984 6376
520 360 655 420 ησιι

1725 341 2154 400 BREVIARIUM
2189 336 2566 395 COTIIICUM.

3642 322 3770 385 1292

588 478 790 531 Lauda.
832 470 1150 532 lllnminAre,
1192 463 1549 527 Hierusalem,
1586 461 1652 515 P.
1686 460 1823 515 Ecce
1855 474 1943 513 rex
1977 466 2097 511 tuus
2124 462 2176 519 Α
2201 454 2357 509 cessu
2379 451 2711 513 sanctiﬂcet;
2754 449 2827 515 ἡ.
2860 447 3050 500 Amen.
3077 443 3281 512 Quique
3307 453 3529 495 matrem
3554 443 3773 495 servavit

520 571 688 635 venit,
721 576 774 623 et
812 564 1060 633 maiestas
1103 558 1313 615 Démini
1359 555 1697 610 obumbrant
1724 561 1794 607 te.
1847 550 2096 616 Alleluia,

518 658 755 726 alleluia,
807 657 1041 712 alleluia.
1098 651 1301 716 Lauda,
1358 647 1713 713 Hierusalem,
1764 643 2095 699 Dominum:

520 754 779 811 conlauda
811 751 975 807 Deum
1005 758 1174 810 tuum,
1220 744 1367 799 Sion.
1418 740 1481 793 Ρ.
1532 739 1672 794 Ecce
1715 752 1806 792 rex
1839 744 1981 790 tuus.
2022 734 2056 802 ᾗ
2084 772 2098 786 .

522 846 724 913 Gléria,
756 853 812 901 et
835 846 1027 897 honor.
1066 837 1133 891 P.
1168 838 1303 890 Ecce
1335 848 1427 889 rex
1456 840 1599 886 tuus.

1090 927 1350 998 Hymnus.

733 1032 779 1087 Δ
808 1028 933 1084 solis
964 1038 1111 1081 ortus
1132 1022 1348 1077 cardine

664 1123 913 1189 Adt’tsque
942 1127 1094 1172 terra?
1126 1114 1379 1175 limitem,

663 1217 929 1272 Christum
962 1211 1213 1265 canamus
1243 1204 1569 1274 Principem,

662 1309 851 1363 Natum
881 1303 1041 1359 Maria
1073 1300 1308 1368 Virgine.

735 1392 906 1469 [ecca]
940 1391 1131 1445 Beétus
1152 1395 1340 1442 auctor
1364 1382 1569 1445 sa‘culi,

662 1490 868 1547 Servlle
896 1498 1089 1551 corpus
1112 1481 1283 1535 induit
1318 1497 1331 1531 :

662 1584 728 1637 Ut
753 1593 913 1635 carne
941 1590 1157 1633 carnem
1183 1573 1439 1631 liberans,

664 1677 739 1733 ΝΘ
765 1673 1011 1745 perderet
1037 1684 1171 1739 quos
1193 1663 1455 1721 condidit.

732 1768 924 1823 Clausa
954 1761 1195 1818 Parentis
1225 1757 1429 1811 viscera

664 1860 910 1916 Calestis
939 1859 1094 1911 intrat
1124 1852 1290 1922 gratia
1324 1870 1336 1905 :

670 1950 865 2004 Venter
894 1946 1082 2017 puella:
1106 1943 1308 2012 baiulat

664 2041 904 2104 Secreta,
937 2051 1057 2107 qum
1083 2049 1187 2088 non
1216 2030 1463 2086 neverat.

736 2132 932 2185 Domus
960 2127 1137 2198 pudici
1163 2124 1416 2195 pectoris,

660 2222 942 2290 Templum
968 2217 1188 2287 repente
1217 2217 1274 2269 iit
1303 2215 1396 2269 Dei

666 2313 867 2368 Intacta
895 2310 1139 2367 nesciens
1169 2310 1361 2370 virum,

667 2405 843 2460 Verbo
868 2402 1067 2457 crehvit
1093 2397 1307 2453 Filium.

738 2495 907 2549 Enixa
936 2502 1019 2549 est
1048 2492 1303 2560 puerpera
1333 2506 1343 2539 ε

666 2586 835 2653 Quem
866 2583 1078 2638 Gabriel
1110 2579 1459 2650 praedixerat;

663 2678 832 2743 Quem
873 2674 1058 2729 Matris
1080 2674 1203 2726 alvo
1234 2669 1491 2741 gestiens.

665 2766 892 2822 Clausus
919 2764 1153 2819 Joannes
1184 2762 1449 2817 senserat.

739 2858 823 2913 Fit
855 2864 1003 2925 porta
1032 2854 1226 2909 Christi
1259 2852 1464 2921 pervia,

667 2949 883 3007 Reiecta
917 2947 1068 3015 plena
1096 2944 1265 3014 gratia
1289 2962 1304 3011 ;

668 3042 988 3108 Trausitque
1014 3054 1129 3103 rex,
1158 3047 1211 3091 et
1242 3036 1517 3103 permanet
1537 3075 1555 3098 ,

668 3132 883 3196 Clausa,
920 3142 976 3184 ut
1006 3129 1102 3183 luit
1134 3144 1227 3197 per
1262 3126 1480 3181 saecula.

746 3225 927 3279 Genus
956 3220 1173 3291 superni
1205 3216 1450 3273 Numinis

671 3316 942 3373 Processit
970 3313 1089 3367 aula
1120 3312 1377 3381 Virginis,

672 3408 934 3477 Sponsus,
964 3400 1311 3470 Redemptor,
1335 3396 1620 3459 Cdnditor,

670 3499 792 3555 Sua:
822 3498 970 3566 gigas
1004 3491 1277 3548 Ecclesiae.

744 3589 924 3643 iionur
955 3584 1136 3639 Matris
1163 3591 1217 3637 et
1245 3579 1523 3652 gaudium,

673 3677 935 3734 Imménsa
962 3690 1085 3746 spes
1109 3671 1469 3733 credentium,

674 3770 780 3825 Per
807 3777 922 3822 atra
953 3767 1139 3821 mortis
1174 3761 1367 3832 pdcula

676 3862 852 3917 Mundi
884 3858 1106 3914 reselvit
1132 3854 1384 3909 crimina.

749 3955 858 4008 Deo
885 3951 1027 4005 Patri
1052 3949 1121 4002 sit
1144 3947 1311 4017 gleria
1329 3984 1344 4008 ,

680 4046 916 4112 Eiusque
941 4039 1038 4092 soli
1068 4037 1227 4091 Filio.

676 4137 809 4191 Cum
841 4134 1041 4203 Spiritu
1079 4127 1377 4191 Paraclito,

683 4230 931 4299 Regnans
961 4240 1056 4293 per
1083 4237 1242 4276 omne
1270 4218 1550 4274 sacculum.

801 4335 943 4373 men.

801 4335 943 4373 men.

610 4324 956 4486 ευρρῖεὰιῑο.
994 4407 1221 4462 Oremus
1252 4402 1665 4472 Redemptdrem
1695 4398 1900 4465 mundi,
1942 4397 2125 4452 Demi-

2204 547 2234 601 a
2265 544 2581 615 corruptelae
2606 541 2874 612 contagio,
2909 540 3085 594 siuum
3113 538 3273 592 vestri
3308 535 3487 590 cordis
3525 534 3775 589 emaculet

2205 641 2235 695 ξι
2264 640 2489 705 delicto;
2558 638 2631 707 ἢ.
2673 637 2866 691 Amen.
2918 635 3001 699 Et,
3036 632 3127 702 qui
3166 646 3287 685 eam
3335 630 3459 684 fecit
3518 626 3773 695 Virginem

2206 734 2425 791 manere
2454 742 2574 803 post
2601 741 2833 803 partum,
2864 727 3061 783 cretum
3086 724 3239 780 vobis
3271 722 3470 778 tribuat
3517 720 3775 789 possidere

2204 840 2326 899 post
2349 827 2652 883 transitum.
2698 824 2734 891 ιῆ
2761 862 2774 876 .
2808 827 2999 877 Amen.

2279 920 2379 973 Per
2407 914 2856 973 miseric‘rdiam.

2279 1009 2479 1063 Lauda.
2510 1007 2648 1061 Ecce
2672 1014 2903 1074 tempus,
2930 1000 3061 1056 dicit
3090 998 3371 1063 Dominus,
3401 996 3455 1049 in
3484 1009 3592 1064 quo
3618 994 3779 1063 partit-

2208 1103 2353 1156 rieus
2379 1100 2678 1170 generabit.
2710 1094 2960 1151 Alleluia.
2994 1091 3066 1150 P.
3101 1095 3163 1147 Et
3190 1094 3291 1148 erit
3316 1091 3415 1146 iste
3442 1105 3545 1158 pax
3572 1090 3622 1142 in
3642 1086 3778 1141 reter-

2210 1214 2359 1252 num.
2394 1195 2645 1259 Alleluia,
2676 1193 2914 1257 alleluia,
2939 1191 3174 1245 alleluia.
3217 1189 3247 1257 ἲ
3274 1227 3289 1243 .
3318 1187 3516 1241 Audite
3550 1186 3661 1240 hac
3680 1202 3779 1239 oui-

2211 1304 2308 1343 nes
2336 1299 2522 1358 gentes
2549 1306 2561 1340 :
2594 1287 2813 1340 auribus
2844 1286 3119 1355 percipite,
3153 1282 3244 1352 qui
3277 1280 3535 1334 habitatis
3563 1279 3734 1333 orbem
3764 1295 3777 1331 :

2211 1380 2277 1435 P.
2304 1382 2367 1436 Et
2395 1382 2497 1435 erit
2526 1381 2644 1435 iste.
2684 1379 2718 1447 ᾖ
2742 1417 2757 1433 .
2783 1377 2990 1441 Gloria,
3024 1387 3077 1431 et
3099 1375 3287 1428 honor.
3316 1370 3381 1425 Ρ.
3412 1372 3478 1425 Et
3506 1370 3611 1425 erit
3642 1374 3753 1425 iste.

2286 1470 2489 1525 Ονὰιὶο.
2540 1468 2777 1523 Gratiam
2836 1466 3046 1535 plenam
3104 1463 3298 1517 habere
3344 1474 3395 1515 te
3438 1457 3783 1520 credimusb

2220 1562 2376 1630 Virgo
2404 1558 2604 1616 Christi
2634 1558 2864 1629 genitrix
2902 1566 2957 1612 et
2997 1555 3212 1610 humani
3244 1552 3459 1624 generis
3500 1550 3783 1621 reparatrix

2210 1653 2445 1721 gloridsa
2495 1652 2680 1715 Maria,
2735 1666 2853 1719 qua:
2907 1658 3050 1702 tanta
3102 1646 3255 1701 nobis
3299 1644 3499 1715 gaudia
3541 1642 3782 1713 pariendo

2213 1742 2509 1804 contulisti,
2550 1754 2608 1794 ut
2645 1740 2849 1795 fructus
2896 1737 3097 1793 ventris
3147 1736 3244 1801 tui,
3292 1738 3383 1804 qui
3430 1742 3514 1788 est
3563 1732 3783 1787 Christus

2140 1815 2186 1874 Β
2218 1835 2385 1890 Filius
2416 1836 2530 1901 Dei,
2570 1834 2599 1887 ἐι
2643 1832 2881 1887 dominiu
2910 1832 2960 1884 in
2990 1844 3085 1883 nus
3114 1826 3389 1882 saevientis
3438 1825 3673 1892 eriperet
3700 1823 3784 1877 ini-

2216 1926 2364 1993 mici,
2399 1935 2454 1980 et
2481 1926 2533 1979 in
2576 1938 2743 1994 regno
2780 1920 2983 1977 tetéruo
3020 1918 3300 1974 consertes
3331 1916 3531 1970 laceret
3561 1915 3785 1969 sibimet-

2214 2019 2334 2089 ipsi.
2372 2017 2603 2073 Proinde
2642 2027 2973 2085 quaesumus,
3028 2020 3085 2068 te
3113 2012 3382 2081 rogitmns,
3416 2018 3473 2061 ut
3521 2007 3667 2060 adsis
3707 2021 3785 2073 pa—

2216 2112 2367 2165 trdna
2399 2110 2573 2173 nobis,
2605 2117 2663 2161 ut
2689 2117 2743 2161 et
2768 2105 2959 2159 merito
2989 2113 3076 2157 tuo
3108 2117 3204 2156 nos
3233 2100 3399 2155 Filius
3446 2112 3569 2151 Inus
3610 2097 3639 2150 ‘a
3668 2097 3786 2150 del—

2214 2210 2301 2254 cto
2333 2201 2524 2255 exules
2562 2198 2771 2258 reddat.
2804 2205 2859 2250 et
2890 2205 3011 2265 post
3042 2193 3093 2247 in
3138 2206 3304 2261 regno
3350 2205 3451 2244 suo
3497 2188 3788 2259 perenniter

2216 2292 2554 2345 habitaturus
2582 2287 2880 2343 introducat
2907 2304 2918 2338 :
2952 2292 3142 2355 praasta
3173 2281 3349 2348 nobis,
3383 2290 3459 2347 ut,
3485 2282 3579 2350 qui
3603 2288 3655 2334 te
3677 2293 3790 2332 cou-

2214 2381 2501 2449 cupiscens
2545 2378 2645 2433 sibi
2678 2375 2968 2431 advocavit
2999 2375 3048 2427 iu
3089 2381 3336 2436 matrem,
3371 2370 3522 2425 nobis
3552 2382 3790 2433 concup-

2216 2476 2435 2531 sceutiat
2484 2488 2598 2529 sum
2650 2470 2960 2542 opulentam
3006 2469 3256 2538 largiatur
3308 2463 3673 2519 dulcedinem.
3725 2459 3788 2523 ιῆ.

2228 2570 2409 2624 \men.

2289 2660 2395 2715 Per
2424 2656 2872 2715 misericdrdiam.

2289 2754 2350 2810 ln
2373 2751 2591 2808 nemine
2614 2748 2848 2805 Demini.

2790 2839 2870 2893 Ad
2902 2836 3238 2891 Matutinum.

2291 2933 2610 3003 Antiphona.
2645 2929 2927 3001 Adspersit
2957 2944 3042 2983 me
3068 2925 3328 2981 Dentinus
3368 2922 3511 2976 Deus
3557 2918 3796 2991 hyssepo.

2221 3036 2274 3085 et
2303 3025 2577 3082 mandavit
2606 3038 2692 3079 me
2722 3040 2736 3073 ι
2769 3021 2964 3077 lavavit
2989 3034 3096 3085 me,
3123 3027 3177 3073 et
3208 3031 3368 3087 supra
3393 3015 3573 3069 nivem
3603 3010 3798 3067 dealba-

2221 3118 2295 3175 vit
2322 3134 2427 3173 me.
2460 3115 2699 3171 Psalmur
2730 3130 2782 3169 ι..

2147 3172 2195 3237 C
2297 3210 2499 3265 Orzitio.
2536 3209 2693 3272 Deus,
2728 3204 2816 3274 qui
2846 3217 3079 3273 semper,
3122 3214 3239 3271 quae
3270 3213 3391 3253 vera
3423 3205 3571 3260 sunt,
3604 3192 3795 3263 diligis:

2223 3310 2419 3371 etquae
2449 3309 2573 3355 sunt
2603 3298 2869 3352 occultata
2904 3296 2990 3349 tua
3035 3289 3297 3358 sapientia
3331 3286 3682 3347 manifestas;
3723 3281 3799 3350 qui

2224 3394 2534 3465 virginalem
2567 3392 2777 3445 uterum
2811 3404 2907 3458 pro
2948 3386 3131 3441 mundi
3164 3383 3465 3438 salvatidne
3496 3376 3705 3446 ingredi
3730 3377 3799 3429 di-

2224 3488 2416 3558 gnatus
2440 3500 2499 3540 es
2526 3502 2537 3537 :
2562 3482 2822 3552 adsparge
2845 3495 2941 3534 nos
2967 3478 3203 3549 hyssepo
3225 3475 3371 3529 verbi
3402 3473 3513 3537 tui;
3541 3480 3598 3526 et
3620 3466 3803 3524 munda

2228 3557 2327 3633 nos
2349 3576 2419 3632 ab
2449 3574 2826 3648 iniquitatibus
2860 3569 3057 3625 nostris
3092 3587 3103 3620 :
3139 3564 3313 3633 utqui
3344 3563 3440 3617 tibi
3485 3563 3591 3615 soli
3630 3557 3779 3629 pectit

2224 3667 2421 3731 vimus,
2470 3678 2525 3721 et
2569 3665 2765 3719 malum
2815 3661 3081 3732 gessimus
3126 3672 3309 3712 coram
3361 3669 3449 3719 te;
3501 3666 3610 3706 non
3652 3651 3804 3703 iratus

2224 3761 2459 3832 peccatis
2486 3759 2689 3815 tribuas
2719 3772 2933 3830 pinnam
2962 3772 2977 3821 ;
3026 3754 3119 3809 sed
3150 3751 3413 3822 propitius
3442 3749 3697 3817 spiritum
3727 3758 3805 3796 re-

2224 3863 2393 3920 ctum,
2424 3853 2511 3921 qui
2544 3861 2594 3906 te
2624 3850 2855 3915 invocet,
2901 3848 2956 3902 in
3005 3847 3204 3901 nostris
3250 3843 3473 3899 infunde
3499 3839 3797 3895 visceribus.

2241 3946 2277 4012 ιῆ
2302 3987 2317 4001 .
2344 3946 2532 3999 Amen.

2295 4036 2398 4091 Per
2426 4032 2873 4090 misericdrdiam.

2332 4127 2629 4197 Antiphona
2660 4126 2711 4179 1.
2760 4126 2875 4179 Ave
2921 4121 3105 4185 Maria,
3153 4118 3325 4190 gratia
3366 4118 3527 4188 plena
3560 4117 3805 4172 deinus

2226 4229 2433 4275 tecum:
2453 4217 2737 4273 Benedicta
2768 4224 2824 4269 tu
2853 4215 2992 4270 inter
3022 4212 3300 4277 mulieres,
3327 4209 3390 4264 Ρ.
3412 4213 3477 4264 Et
3500 4210 3803 4266 benedictus

2226 4312 2427 4366 fructus
2456 4311 2653 4366 ventris
2677 4309 2772 4363 tui.
2792 4308 2828 4377 7
2848 4348 2866 4366 .
2896 4305 3093 4361 Dill‘usa
3118 4314 3200 4359 est
3221 4304 3388 4375 gratia
3418 4306 3468 4358 in
3494 4304 3655 4358 labiis
3677 4304 3802 4355 tuis:

2226 4406 2507 4477 propterea
2539 4403 2811 4459 benedixit
2840 4410 2891 4457 te
2919 4401 3060 4456 Dens
3085 4401 3135 4454 in
3158 4400 3444 4455 mtérnum.
3474 4398 3543 4452 P.
3573 4398 3639 4451 Et
3663 4397 3806 4449 bene

540 4524 666 4562 num
699 4512 935 4559 nostrum
969 4498 1153 4555 Jesum
1186 4496 1481 4561 Christum,
1522 4508 1643 4547 cum
1674 4492 1820 4547 omni
1849 4491 2118 4561 supplica-

2227 4500 2418 4577 dictus.
2446 4497 2645 4572 [cccu]
2667 4499 2698 4567 ᾗ
2724 4538 2737 4550 .
2757 4496 2963 4561 Gloria,
2993 4503 3048 4549 et
3077 4492 3349 4548 houor.P.
3380 4494 3446 4547 Et
3475 4492 3803 4547 benedictus.

542 4600 688 4652 tidnc
718 4595 1004 4665 rogemus;
1034 4598 1092 4645 ut
1120 4604 1215 4658 per
1243 4585 1598 4642 interventum
1640 4593 1695 4640 et
1722 4582 1972 4638 meritum
2006 4582 2123 4652 glo-

540 4690 701 4746 riesze
726 4695 924 4743 sancta:
954 4684 1135 4740 Mariae
1166 4681 1398 4752 Virginis
1436 4687 1491 4735 et
1519 4678 1792 4750 genitricis
1822 4690 1934 4734 sua:
1970 4674 2127 4737 nobis

540 4780 918 4837 remissidnem
948 4774 1288 4846 peccaterum
1318 4782 1372 4826 et
1408 4784 1594 4839 pacem
1624 4766 1888 4837 propitius
1926 4765 2127 4821 dontire

543 4870 809 4943 dignetur.
854 4868 891 4936 ιῆ
937 4866 1158 4930 Praesta,
1191 4863 1392 4918 aeterne
1421 4860 1758 4930 omnipotens
1792 4858 1935 4913 Deus
1968 4875 1983 4913 :

614 4963 779 5036 Kyrie
801 4961 1026 5017 eleison.
1072 4958 1110 5027 ri)
1133 4996 1147 5011 .
1170 4956 1382 5011 Christe
1408 4954 1613 5011 eleison
1639 4972 1651 5007 :
1678 4952 1838 5023 Kyrie
1862 4949 2090 5007 eleison.

616 5052 873 5126 Capitula.
907 5051 1068 5121 Virgo
1096 5046 1297 5104 Christi
1321 5046 1578 5117 genitrix,
1615 5054 1670 5100 et
1700 5045 1916 5100 humani
1958 5045 2126 5116 gene-

546 5147 624 5204 ris
668 5143 998 5213 reparatrix,
1050 5138 1447 5209 implorantium
1496 5151 1682 5206 preces
1730 5136 1951 5191 auribus
1995 5135 2130 5191 oli‘er

548 5238 745 5295 divinis
775 5256 789 5291 2
821 5245 881 5291 ut
908 5244 1000 5290 tuo
1029 5231 1357 5304 gaudeémus
1382 5229 1624 5295 munere,
1658 5229 1799 5299 digni
1832 5229 2129 5283 intercessu

550 5344 664 5395 tuo,
695 5328 1061 5399 peccaminum
1089 5323 1227 5394 apud
1257 5322 1424 5378 Deum
1457 5321 1703 5376 obtinere
1732 5322 2128 5385 remissidnem,

552 5423 706 5491 cujus
735 5434 896 5476 sexus
920 5417 1121 5487 absque
1150 5413 1368 5484 pudéris
1391 5411 1736 5482 corruptidne
1762 5410 2001 5468 emnium
2032 5411 2129 5483 ge-

553 5515 667 5569 nuit
692 5511 1048 5569 Saivatdrem.

627 5608 784 5659 Pater
806 5612 1009 5659 noster.
1035 5599 1266 5655 Liberali
1294 5597 1322 5652 ξι
1348 5597 1509 5652 malo.
1541 5598 1634 5666 fol.
1663 5595 1720 5649 2.

634 5697 941 5750 Benedictio.
974 5692 1231 5748 Deminns
1270 5689 1427 5745 Jesus
1460 5688 1728 5756 Christus,
1776 5689 1865 5758 qui
1911 5687 2036 5743 olim
2067 5705 2131 5745 ex

561 5789 779 5862 Virgine
804 5790 1051 5861 dignatus
1074 5796 1157 5845 est
1199 5784 1366 5851 nasci,
1392 5797 1501 5839 sua:
1527 5798 1624 5840 vos
1654 5785 1941 5841 Genitrieis
1970 5787 2139 5843 inter.

2301 4589 2499 4643 Oratio.
2560 4588 2797 4642 Gratiam
2845 4587 3053 4654 plenam
3101 4584 3300 4639 habere
3339 4593 3409 4639 te.
3448 4584 3638 4651 Quiete
3680 4582 3807 4635 retr‘o

2226 4682 2280 4737 t'u
2300 4683 2411 4736 istis
2440 4680 2680 4749 vesperi:
2710 4678 3140 4750 praecedentibus.

2298 4774 2593 4846 Antiphona
2632 4774 2686 4827 2.
2721 4774 2967 4842 Magnum
2999 4769 3317 4825 miraculum
3350 4768 3583 4823 vidimus
3616 4769 3671 4821 in
3703 4766 3811 4819 Vir-

2227 4870 2369 4941 ginis
2415 4866 2794 4936 conceptidne,
2853 4872 2912 4919 ut
2962 4878 3061 4919 nec
3102 4862 3466 4931 virginitatem
3522 4859 3813 4920 amitteret,

2230 4976 2328 5015 nec
2354 4958 2668 5028 genitricum
2724 4956 2960 5026 pdndera
2994 4953 3292 5017 didicisset.
3330 4951 3397 5006 Ρ.
3454 4952 3579 5007 Sola
3627 4952 3818 5006 meruit

2232 5054 2398 5106 Deum
2432 5049 2572 5104 l'erre
2624 5057 2747 5118 post
2783 5046 2953 5101 cmlos
2984 5062 2997 5099 :
3032 5044 3146 5100 sola
3179 5043 3379 5098 nieruit
3427 5042 3588 5112 Virgo
3638 5045 3820 5095 venire

2229 5153 2354 5216 post
2414 5152 2646 5214 partum.
2695 5141 2771 5210 ᾖ.
2813 5138 3023 5194 ῡὸιιιὶιιί
3077 5147 3159 5192 est
3217 5147 3382 5204 terra,
3435 5148 3488 5190 et
3541 5132 3823 5203 plenitudo

2230 5238 2348 5306 ejus
2382 5254 2397 5290 :
2428 5235 2579 5290 orbis
2612 5232 2903 5297 tenerum,
2928 5240 2984 5287 et
3014 5229 3249 5285 universi
3278 5229 3367 5299 qui
3393 5228 3643 5282 habitant
3664 5228 3719 5282 in
3742 5242 3822 5279 eo.

2234 5328 2300 5382 P.
2331 5327 2458 5384 Sola
2488 5324 2705 5381 meruit.
2766 5322 2839 5391 ᾗ.
2874 5320 3082 5386 Gldria,
3116 5331 3173 5376 et
3211 5320 3405 5383 honor.
3442 5318 3507 5371 P.
3539 5317 3680 5373 Sola
3713 5316 3823 5370 ιιιέ-

2233 5418 2364 5474 ruit.

2308 5507 2513 5562 Onetio.
2540 5505 2785 5576 Magnum
2825 5502 2980 5559 valde
3011 5501 3328 5557 miraculum
3359 5500 3592 5556 vidimus
3621 5498 3680 5554 in
3715 5497 3828 5551 Vir-

2236 5599 2373 5670 ginis
2398 5596 2775 5665 conceptiene,
2825 5601 2885 5649 ut
2936 5607 3035 5647 nec
3080 5592 3280 5647 decere
3330 5590 3543 5660 pudéris
3590 5590 3831 5644 careret.

2236 5707 2335 5748 nec
2354 5690 2676 5761 genitricum
2704 5685 2868 5741 enera
2897 5683 3196 5741 sustineret
3230 5700 3242 5735 :
3276 5697 3372 5737 nec
3394 5682 3533 5734 enim
3568 5678 3659 5734 fas
3686 5689 3822 5736 erat.

2238 5799 2293 5841 ut
2331 5785 2420 5842 illa
2462 5785 2685 5841 haberet
2713 5781 2966 5853 suSpiria,
3016 5794 3138 5849 qum
3166 5778 3406 5835 dinnium
3431 5776 3631 5848 gaudia
3663 5776 3835 5849 parie-
