3984 6376
514 385 647 438 Ιὲεὸ

547 406 648 440 Ibi)

1709 377 2127 435 BREVIARIUM
2174 378 2546 436 (iUTlllCUll.

3616 381 3743 439 ωε

506 504 645 555 dona
685 496 854 562 nobis,
912 494 1063 562 hujus
1108 493 1300 547 arcana
1352 491 1610 563 mysterii,
1664 500 1717 545 et
1762 490 1917 559 plena
1973 489 2075 543 (ide
2105 493 2149 547 A
2182 488 2347 557 iétur,
2405 493 2545 562 quod
2601 493 2797 547 dictum
2834 501 2914 547 Csl
2939 508 3031 562 per
3077 491 3394 561 Prup'eétam
3428 493 3456 546 ἐι
3489 492 3740 547 Dumino:

506 590 847 662 cognoscere,
896 596 949 641 et
980 584 1205 654 pleniori
1245 582 1520 637 charitatis
1565 580 1757 635 ardere
1804 579 2069 649 diligere:

508 694 559 737 ut
585 698 678 754 per
703 683 801 736 hoc
822 720 836 743 ,
866 676 1008 747 quod
1032 677 1099 731 de
1127 685 1200 743 te,
1248 690 1366 744 quae
1397 688 1523 729 vera
1553 681 1678 729 sunt
1697 712 1713 735 ,
1762 671 2029 727 credimus
2058 689 2075 737 ;

505 776 570 829 ad
619 774 741 836 hoc,
792 770 933 842 quod
965 768 1034 823 de
1065 778 1117 822 te
1142 766 1486 837 diligentibus
1536 764 1746 829 tribuis,
1801 762 2079 818 ardentius

504 865 802 919 veniamus.
848 861 884 929 ἢ
906 899 921 914 .
952 857 1144 914 Amen.

580 956 680 1009 Per
711 948 1131 1007 misericordiam
1145 991 1157 1003 .

580 1046 873 1113 Anliphona
906 1042 955 1093 1.
982 1040 1063 1093 ’l‘u
1096 1038 1257 1091 turris
1287 1039 1428 1106 regis
1458 1035 1709 1091 nehuldsa
1734 1074 1749 1099 ,
1784 1035 1891 1087 lilia
1922 1034 2075 1096 Sion,

500 1138 572 1190 “ad
598 1146 648 1191 te
677 1134 853 1188 veniet
894 1133 1177 1187 Salvator:
1212 1128 1277 1182 Ρ.
1313 1129 1380 1182 Et
1420 1128 1594 1183 véniet
1642 1128 1879 1196 potestas
1909 1126 2079 1194 prima

482 1224 730 1295 regnum
778 1223 899 1275 lilia:
948 1218 1298 1275 Hierusalem.
1349 1219 1421 1284 ᾖ.
1450 1218 1675 1288 Reg-ate,
1726 1232 1842 1284 qua:
1888 1216 1952 1269 ad
1987 1230 2079 1284 pa-

508 1332 624 1369 cem
652 1322 776 1367 sunt
810 1311 1141 1365 llierusalem
1170 1327 1180 1361 :
1212 1318 1265 1363 et
1286 1307 1607 1363 abundantia
1634 1306 1977 1375 diligentibus
2004 1316 2075 1361 te.

510 1408 576 1460 P.
614 1408 677 1461 Et
702 1406 896 1460 ve‘uiet.
939 1404 972 1472 ᾗ
998 1446 1010 1457 .
1035 1402 1238 1465 Gluria,
1271 1411 1325 1455 et
1357 1403 1544 1455 honor.
1582 1398 1645 1454 P.
1682 1399 1747 1452 Et
1774 1398 1973 1453 véniet.

581 1499 779 1552 Oratio.
811 1496 933 1551 Jesu
975 1493 1217 1561 Damius,
1240 1493 1331 1562 qui
1359 1491 1635 1545 nativitate
1662 1491 1842 1546 divina
1878 1490 2079 1558 przecé-

497 1591 590 1644 alis
612 1590 812 1654 umnia,
844 1596 898 1640 et
937 1588 987 1640 in
1022 1585 1126 1639 line
1168 1584 1488 1638 saeculdrdm
1521 1582 1779 1644 nasceris,
1832 1580 2077 1635 univérsa

511 1694 566 1734 ut
596 1680 867 1746 redimas,
900 1678 1112 1731 miseris
1157 1676 1291 1729 dans
1332 1678 1381 1727 in
1427 1672 1812 1742 omnipoténtia
1866 1672 2077 1726 initium

512 1772 689 1831 rebus,
724 1778 779 1822 et
806 1769 856 1821 in
902 1766 1202 1819 lmmililAte
1229 1763 1664 1831 justilicatiunem
1719 1763 1952 1815 reddens
1985 1761 2079 1816 ho-

2184 580 2320 636 Ecce
2351 583 2497 651 virgo
2528 582 2741 637 hahéhit
2768 582 2954 647 lilium,
2992 583 3054 638 Ρ.
3082 586 3145 637 Et
3165 596 3357 639 nomen
3388 588 3506 647 ejus
3548 586 3750 640 Emma-

2180 672 2299 725 nuel
2331 672 2619 727 vocabitur.
2661 674 2693 742 ᾗ
2720 714 2733 726 .
2764 674 2919 728 Venit
2943 675 3174 744 Angelus
3206 675 3415 730 Dumini
3440 677 3506 729 ad
3533 677 3745 731 Mariam

2184 764 2447 835 Virginem
2467 806 2481 829 ,
2512 768 2721 821 dicens:
2758 768 2892 823 Ecce
2921 769 3190 838 concipies
3216 811 3230 833 ,
3260 781 3311 823 et
3344 771 3521 839 paries
3552 773 3708 824 filium
3733 814 3747 836 ,

2184 855 2250 911 P.
2284 859 2344 909 Et
2375 873 2565 912 nomen
2593 860 2726 927 ejus.
2792 860 2823 927 Ῠ
2852 901 2865 913 .
2913 858 3116 925 Gluria,
3149 873 3200 914 et
3226 861 3413 915 hnnur.
3470 864 3531 915 Ρ,
3567 865 3625 915 lit
3659 879 3748 915 uo-

2182 962 2323 999 men.

2252 1038 2447 1091 Oritio.
2488 1038 2751 1094 lnel‘labile
2790 1038 3115 1110 unigenitum
3154 1040 3323 1094 Patris
3353 1040 3577 1110 ingéniti
3617 1040 3741 1095 Ver-

2180 1129 2325 1193 bum,
2357 1143 2461 1198 quo
2493 1128 2746 1184 nascente
2773 1130 2942 1197 pudor
2973 1132 3155 1184 matris
3183 1130 3414 1201 Virginis
3443 1130 3658 1193 claruit,
3690 1138 3742 1184 et

2178 1218 2391 1271 claritas
2422 1232 2573 1271 nova:
2602 1220 2963 1288 generatiunis
2994 1219 3186 1273 inluxit
3214 1237 3224 1271 :
3251 1230 3302 1273 te
3323 1222 3465 1273 enim
3494 1218 3739 1283 faciente,

2182 1309 2312 1361 laeta
2346 1318 2471 1361 sunt
2506 1321 2720 1373 cuncta,
2754 1325 2872 1378 qua:
2918 1308 3305 1363 lncarnatiénis
3342 1320 3446 1364 tua:
3491 1311 3741 1380 mysterio

2179 1401 2444 1454 erudimus
2499 1404 2754 1468 operata;
2789 1402 3016 1467 scilicet,
3073 1403 3212 1471 quod
3270 1404 3505 1472 Angelus
3549 1403 3743 1472 .losepli

2180 1492 2297 1545 viro
2324 1491 2614 1546 Genitricis
2642 1504 2745 1548 tua:
2775 1494 3040 1564 apparuit,
3065 1495 3203 1564 quod
3227 1503 3277 1547 te
3305 1495 3355 1548 in
3380 1510 3442 1548 ea
3473 1504 3653 1548 natum
3676 1496 3740 1549 de

2179 1584 2376 1651 Spiritu
2422 1584 2615 1638 Sancto
2658 1600 2777 1640 esse
2825 1585 3096 1651 praadixit:
3154 1594 3347 1651 praesta
3405 1584 3475 1637 ita
3524 1583 3747 1653 proinde

2182 1676 2360 1740 nobis,
2393 1692 2717 1747 qmesumus,
2751 1677 2956 1732 meritis
2985 1686 3184 1732 sanctae
3218 1678 3397 1732 Matris
3425 1687 3527 1731 tua:
3556 1687 3608 1731 et
3639 1677 3751 1730 Vir-

2183 1768 2341 1835 ginis,
2374 1776 2451 1832 ut,
2480 1770 2831 1836 cnncepIiOne
2859 1767 3036 1823 Sancti
3069 1769 3298 1837 Spiritus
3327 1767 3642 1831 fmcundati,
3676 1770 3749 1821 sic

509 1860 765 1925 minibus,
796 1873 917 1912 cum
944 1855 1217 1910 nebulusae
1249 1855 1410 1909 turris
1440 1854 1727 1922 hospitium
1757 1853 2073 1922 ingrederis,
2113 1843 2152 1898 Β
2186 1868 2236 1911 te
2271 1857 2630 1925 concipiémus
2662 1861 2712 1912 in
2757 1858 2939 1922 corde,
2964 1867 3022 1911 ut
3074 1875 3177 1913 non
3233 1859 3398 1925 aliud,
3456 1874 3617 1929 quam
3676 1871 3746 1928 te,
3834 1918 3839 1925 ,

506 1966 560 2009 et
585 1954 650 2007 ad
680 1968 796 2007 eam
848 1951 1082 2019 potestas
1113 1950 1278 2018 prima
1326 1952 1647 2017 regnatums
1677 1946 1890 2002 accédis
1924 1965 1934 1999 :
1981 1948 2077 2001 tri-

508 2046 611 2099 bue
638 2043 810 2106 nobis,
855 2043 945 2097 illo
976 2052 1025 2096 te
1070 2042 1259 2107 spiritu
1294 2040 1553 2105 confiteri,
1588 2056 1693 2109 quo
1736 2056 1828 2107 per
1861 2042 2075 2095 uterum

509 2136 739 2206 Virginis
769 2134 1009 2188 humanae
1053 2133 1263 2187 voluisti
1316 2132 1626 2186 mortaiitati
1671 2131 1945 2201 conjungi.
1993 2131 2029 2199 ἡ
2056 2170 2069 2185 .

505 2234 674 2285 Amen
685 2270 698 2283 .

577 2322 679 2375 Per
708 2319 1149 2374 misericurdiam.

578 2412 872 2479 Aniiphona
893 2412 947 2464 2.
980 2408 1288 2466 Détblehem
1320 2408 1509 2462 domus
1541 2407 1835 2475 Eu‘phrata,
1884 2422 1988 2461 non
2018 2420 2078 2463 es

507 2502 723 2556 minima
756 2503 807 2557 in
854 2501 1180 2570 principibus
1220 2499 1353 2553 Juda
1385 2518 1396 2551 :
1430 2515 1493 2554 ex
1528 2509 1576 2553 te
1598 2498 1902 2569 egredietur
1951 2516 2065 2568 rex,

508 2596 595 2662 qui
629 2604 775 2665 regat
799 2595 1050 2663 pupulum
1079 2609 1252 2648 meum
1288 2595 1461 2647 lsraél.
1499 2591 1565 2646 P.
1600 2595 1661 2647 Et
1690 2594 1939 2662 egressus
1960 2596 2076 2663 ejus

511 2691 539 2741 ὸ
570 2687 753 2741 diebus
794 2686 1127 2739 aeternitatis.
1177 2686 1247 2754 ᾗ.
1283 2685 1451 2739 Mater
1498 2685 1624 2740 Sion
1666 2686 1846 2741 dicet:
1885 2688 2073 2752 Homo,

510 2790 564 2834 et
595 2780 750 2831 homo
792 2778 961 2831 factus
1005 2787 1086 2831 est
1116 2778 1168 2830 in
1197 2793 1258 2831 ea
1294 2795 1305 2829 :
1337 2789 1389 2831 et
1421 2777 1533 2844 ipse
1565 2778 1804 2831 fundavit
1831 2794 1949 2832 eam
1986 2781 2077 2832 Al-

511 2869 763 2924 tissimus.
817 2866 877 2920 Ρ.
921 2869 985 2921 Et
1013 2866 1278 2937 egressus.
1330 2868 1400 2937 ᾗ.
1441 2866 1644 2934 Gluria,
1683 2879 1738 2923 et
1779 2869 1967 2924 honor.
2006 2871 2074 2927 P.

514 2964 577 3015 Et
598 2960 863 3030 egressus.

585 3054 778 3107 Oratio.
832 3053 1013 3122 Magna
1062 3060 1172 3118 est,
1230 3051 1475 3118 Domine,
1514 3052 1823 3108 Bethlehem
1866 3055 2075 3121 cvitas,

516 3146 603 3198 illa
633 3143 1014 3198 lucarnaiionis
1047 3152 1151 3197 tuae
1177 3143 1353 3209 altrix,
1386 3144 1767 3213 Pr0phetarum
1793 3146 2073 3201 inlustrata

515 3237 829 3305 prazcuniis;
861 3237 983 3291 dum
1015 3250 1078 3291 ex
1103 3250 1165 3289 ea
1197 3235 1500 3305 proditurus
1539 3236 1900 3302 adnunciari,
1942 3248 1996 3292 et
2022 3240 2072 3294 in

514 3344 574 3383 ea
606 3329 872 3400 gloriosus
899 3326 1196 3382 ostenderis
1223 3343 1237 3379 :
1271 3341 1390 3380 cum
1416 3328 1523 3382 illlc
1551 3327 1730 3398 specie
1753 3339 1810 3384 et
1838 3330 2077 3398 pulchri—

516 3421 699 3475 tudine
747 3419 1105 3473 beatissimam
1154 3426 1374 3471 matrem
1419 3427 1563 3472 tuam
1592 3432 1655 3472 ac
1702 3418 1959 3489 virginem
1983 3420 2076 3475 de-

516 3510 709 3565 corasti
760 3509 1000 3574 Mariam,
1049 3524 1167 3577 quae
1221 3518 1272 3563 te
1321 3507 1843 3578 mérituincorrupta
1891 3510 2079 3575 édidit,

519 3601 660 3656 sicut
706 3601 1009 3669 incorrupta
1058 3599 1321 3668 concepit.
1352 3599 1550 3655 Adesto
1607 3601 1828 3668 proinde
1872 3604 2082 3657 miseris

518 3694 671 3748 nobis
702 3692 946 3761 precibus
975 3692 1091 3761 ejus
1118 3692 1351 3747 adsiduis
1387 3710 1397 3743 :
1433 3700 1506 3755 ut,
1554 3694 1692 3746 sicut
1738 3693 1879 3747 illam
1919 3709 2085 3762 gene-

527 3783 664 3838 ratio
692 3791 779 3837 tua
829 3782 1074 3853 provexit
1112 3782 1177 3838 ad
1211 3782 1437 3847 laudem,
1494 3784 1562 3837 ita
1613 3798 1711 3840 nos
1741 3782 1857 3854 ejus
1898 3785 2084 3840 merita

523 3876 820 3945 provehant
854 3875 919 3928 ad
942 3876 1189 3929 salutem.
1234 3874 1270 3939 1i)
1296 3914 1308 3925 .
1336 3873 1524 3928 Amen.

592 3966 697 4021 Per
727 3965 1175 4020 misericordiam.

596 4058 885 4129 Antiphone
929 4059 983 4113 5.
1030 4058 1189 4128 Virgo
1215 4057 1396 4120 lsraél,
1440 4056 1708 4112 revertere
1744 4057 1809 4113 ad
1850 4059 2092 4116 civitates

534 4161 673 4207 tuas.
707 4150 991 4220 Usquequo
1020 4150 1209 4205 dolens
1234 4151 1531 4205 averteris?
1570 4151 1636 4205 P.
1662 4151 1954 4208 Generabis
1987 4153 2094 4207 Du-

521 4247 730 4301 minum
760 4246 1095 4300 Salvatorem
1119 4244 1443 4298 oblationem
1472 4259 1662 4298 novam
1688 4244 1739 4298 in
1764 4255 1905 4302 terra
1937 4263 1948 4296 :
1982 4259 2094 4299 am-

524 4336 784 4393 bulabunt
830 4334 1074 4389 humines
1107 4336 1156 4387 in
1188 4334 1512 4388 salvatidue.
1560 4335 1631 4403 ᾗ.
1663 4334 1905 4390 Gloridsa
1950 4336 2093 4392 dicta

528 4435 654 4482 sunt
680 4426 747 4480 de
776 4437 846 4489 te,
875 4425 1064 4480 civitas
1095 4426 1207 4478 Dei.
1245 4425 1309 4479 P.
1342 4425 1633 4480 Generabis
1666 4425 1971 4481 Duminum.
2017 4427 2087 4496 ᾖ.

528 4518 733 4581 Gluria,
766 4526 820 4570 et
843 4517 1035 4581 honor.
1072 4513 1131 4568 P.
1165 4515 1457 4569 Generabis
1491 4514 1791 4569 Dumiuum.

606 4613 803 4668 Oratio.
845 4614 971 4668 Jesu
1024 4613 1270 4680 Dumiue,
1300 4613 1389 4682 qui
1433 4613 1733 4668 nasciturus
1759 4630 1823 4669 ex
1860 4615 2095 4685 Virgine,

533 4714 588 4758 et
612 4713 771 4772 caput
812 4701 1088 4772 Serpentis
1134 4704 1361 4774 antiqui,
1411 4715 1466 4759 et
1519 4707 1677 4759 totius
1726 4706 2097 4763 delectatiunis

532 4795 771 4865 contagia
830 4796 1184 4865 proculcasti,
1243 4797 1372 4850 dum
1423 4805 1473 4850 te
1528 4796 1855 4852 oblatidnem
1909 4814 2100 4852 novam

538 4890 698 4957 Virgo
724 4899 894 4943 mater
934 4888 1221 4958 parturiret
1252 4888 1302 4941 in
1350 4888 1529 4956 terris,
1559 4902 1718 4957 quam
1744 4888 1964 4943 exuliire
2002 4903 2100 4943 cu-

541 4986 714 5049 piebat
746 4997 968 5052 serpens
995 4981 1026 5034 ὁ
1052 4981 1267 5036 sedibus
1284 4982 1427 5047 suis;
1455 4982 1648 5052 largire
1684 4981 1859 5048 nobis,
1894 4982 1964 5035 ita
1992 4996 2107 5035 ser-

540 5072 710 5141 péntis
740 5072 896 5141 hujus
935 5068 1169 5144 [eccum]
1211 5072 1513 5141 mysticum,
1546 5071 1889 5139 omniumque
1918 5069 2107 5139 pecca-

541 5168 741 5219 minum
780 5165 928 5219 odire
953 5163 1276 5230 contactum,
1307 5172 1365 5217 ut
1416 5173 1465 5217 te
1493 5164 1666 5218 solum
1708 5164 1880 5218 anima
1927 5172 2107 5217 nostra

544 5258 751 5327 diligat,
781 5272 937 5327 quem
973 5266 1026 5311 et
1066 5257 1311 5312 inimicus
1358 5256 1709 5311 retributidne
1749 5255 2026 5327 percipiat,
2058 5266 2111 5310 et

549 5351 604 5404 in
635 5350 949 5404 aeternitatis
975 5349 1331 5407 delectatiune
1357 5349 1677 5421 possideat.‘
1706 5349 1741 5418 ri)
1764 5389 1777 5402 .
1808 5350 1997 5405 Amen.

617 5439 718 5494 Per
745 5438 1189 5494 misericurdiam.

628 5532 700 5598 ἢ.
726 5531 929 5585 Audite
962 5532 1171 5599 signum
1197 5531 1227 5585 ὸ
1254 5531 1499 5593 Dumino,
1533 5532 1680 5599 plebs
1712 5531 1835 5585 Dei:
1892 5532 2106 5588 lnvéula

544 5630 627 5675 est
669 5620 818 5688 virgo
848 5622 897 5674 in
926 5621 1081 5675 utero
1109 5620 1310 5675 habens
1337 5624 1403 5678 de
1434 5623 1635 5691 Spiritu
1670 5623 1901 5687 Sancto;
1935 5635 1986 5676 et
2018 5640 2115 5677 no-

547 5724 669 5762 men
687 5709 916 5777 Virginis
937 5712 1097 5765 Maria
1123 5731 1134 5765 :
1159 5712 1382 5781 Spiritus
1398 5715 1537 5768 enim
1561 5716 1790 5770 Sanctus
1808 5714 2117 5782 supervenit

547 5803 644 5865 illi,
668 5812 719 5854 et
752 5802 917 5857 virtus
946 5803 1203 5859 Altissimi
1234 5805 1746 5871 obumbraviteam;
1782 5815 1837 5861 ut
1857 5807 2116 5875 adimple-

2122 4544 2175 4603 D

2180 1965 2392 2021 semper
2424 1954 2775 2021 parturiamus
2800 1953 2851 2007 in
2882 1953 3065 2022 upere.
3109 1954 3145 2021 ιῆ
3173 1996 3185 2007 .
3212 1954 3402 2009 Amen.

2252 2044 2547 2113 Antiphone
2591 2046 2639 2101 l.
2670 2047 2971 2116 Magniﬁcat
3003 2047 3176 2099 anima
3211 2064 3324 2101 mea
3358 2048 3640 2101 Duminnm
3662 2063 3677 2099 :
3703 2055 3751 2099 et

2180 2138 2440 2191 exubavit
2466 2138 2685 2205 spiritus
2714 2154 2861 2193 meus
2886 2140 2939 2193 in
2965 2138 3074 2193 Deo
3100 2140 3320 2194 salutari
3353 2156 3491 2194 mro.
3520 2140 3587 2195 Ρ.
3612 2140 3753 2206 Quo.

2182 2228 2322 2281 uiam
2372 2231 2609 2297 respexit
2665 2232 3016 2286 humilitatem
3061 2233 3272 2287 ancillre
3320 2248 3453 2287 suae.
3497 2234 3572 2302 γ.
3615 2236 3750 2298 Quid

2182 2320 2475 2373 retribuam
2512 2321 2754 2385 Domino,
2784 2339 2879 2389 pro
2894 2323 3141 2378 amnibus
3168 2342 3287 2391 qua:
3311 2326 3558 2379 retribuit
3590 2326 3754 2377 mihi?

2186 2411 2253 2466 Ρ.
2302 2412 2562 2477 Quuuiam
2614 2414 2861 2482 re~péxit.
2915 2416 2984 2483 ᾖ.
3034 2414 3235 2481 Gluria,
3270 2428 3323 2469 et
3370 2417 3543 2470 honor
3590 2416 3750 2469 l‘azri.

2181 2504 2249 2558 P.
2272 2506 2533 2572 Quuniam
2566 2508 2823 2575 respexit.

2256 2620 2458 2674 Oratio.
2491 2621 2694 2688 Quanta
2722 2621 2815 2675 tibi
2834 2623 3167 2677 sanctissima
3189 2624 3347 2693 Virgo
3368 2624 3458 2678 Dei
3486 2633 3541 2678 et
3565 2633 3748 2685 mater,

2182 2712 2358 2767 diiiua
2388 2715 2556 2782 pietas
2605 2732 2794 2783 magna
2826 2726 2880 2770 et
2911 2719 3165 2785 ampliéra
3206 2719 3498 2780 distribuit,
3529 2729 3605 2783 ut,
3633 2718 3749 2771 cum

2182 2818 2330 2859 esses
2391 2806 2538 2874 virgo
2590 2809 2890 2875 terrigena,
2944 2808 3077 2862 facta
3109 2823 3167 2863 es
3208 2810 3463 2863 Altissiuii
3508 2821 3681 2863 mater
3705 2819 3754 2863 et

2187 2896 2425 2951 vérnula:
2458 2908 2531 2966 ut,
2565 2900 2651 2968 qui
2676 2911 2918 2953 sanctum
2944 2902 3105 2969 ipsius
3130 2917 3320 2955 nomen
3348 2904 3394 2954 in
3427 2903 3571 2956 omni
3599 2919 3753 2971 gene-

2183 2988 2388 3042 ratione
2406 3000 2458 3041 et
2484 2989 2731 3058 [ιι-οδόμῶ
2756 2989 3037 3053 nunciasu.
3066 2991 3214 3046 nobis
3242 2994 3465 3047 infirmis
3480 2997 3754 3049 succurrat

2184 3079 2397 3135 detersa
2421 3081 2557 3135 rnalc
2575 3084 2816 3136 rancdris
2840 3084 3181 3153 Suggestiuue
3208 3102 3219 3136 :
3250 3085 3333 3145 Et,
3357 3085 3447 3153 qui
3474 3086 3565 3138 tibi
3590 3087 3753 3139 adfui

2102 3188 2151 3253 ο
2183 3170 2413 3240 uptimus
2442 3171 2736 3237 habitator,
2770 3174 2820 3227 in
2854 3176 3003 3228 nobis
3036 3174 3263 3243 przeésse
3294 3176 3547 3245 dignetur
3575 3178 3745 3230 mitis-

2183 3263 2350 3316 simus
2400 3265 2805 3318 retributOrzul
2856 3282 2946 3332 per
2992 3280 3153 3318 unum
3203 3265 3368 3319 Deum
3402 3267 3454 3320 iu
3501 3268 3753 3321 Trin-itale

2188 3354 2481 3422 perlectum
2515 3365 2569 3407 et
2595 3356 2921 3408 credulitatis
2954 3355 3137 3410 niérita
3164 3354 3395 3425 vigeant,
3429 3368 3482 3411 et
3504 3358 3752 3411 distribui-

2188 3446 2343 3500 tionis
2376 3446 2563 3515 gaudia
2592 3447 2924 3511 coalescant;
2956 3454 3009 3501 et
3036 3448 3155 3514 quia
3190 3447 3437 3499 inunériti
3472 3446 3571 3499 hoc
3590 3447 3752 3513 depo-

2188 3537 2409 3601 scimus,
2442 3546 2495 3588 tu
2522 3538 2701 3606 regina
2728 3549 2780 3591 et
2808 3548 2977 3590 mater
3002 3538 3259 3590 creaturis
3284 3535 3522 3590 omnium
3546 3539 3759 3591 sagculu-

2191 3642 2306 3680 rum
2339 3638 2390 3679 et
2420 3643 2513 3696 per
2533 3638 2581 3681 te
2612 3628 2846 3681 fruamur
2865 3627 3089 3696 paradisi
3111 3627 3272 3680 nurea
3297 3642 3418 3681 rura
3443 3629 3534 3698 qui
3558 3629 3754 3698 integra

2193 3717 2529 3784 pCl‘lttallSlsll
2555 3718 2703 3786 virgo
2733 3717 2943 3771 Deilica.
2992 3718 3028 3786 ii)
3053 3758 3065 3771 .
3100 3723 3288 3773 Amen.

2265 3809 2363 3863 l‘er
2394 3807 2839 3864 misericurdiam.

2266 3926 2562 3992 Antiphoua
2589 3927 2643 3980 2.
2698 3927 2800 3993 Ipsi
2826 3928 2921 3980 soli
2952 3942 3068 3982 sum
3120 3930 3395 3997 spumata,
3436 3931 3521 3984 Cui
3576 3929 3759 3999 Angeli

2197 4018 2454 4083 serviunt,
2474 4020 2623 4086 cujus
2646 4020 3097 4083 pulchritudinem
3119 4023 3209 4077 Sol
3233 4034 3281 4076 et
3311 4022 3457 4076 Luna
3484 4024 3756 4077 mirantur.

2200 4112 2266 4163 Ρ.
2323 4110 2423 4181 Ipsi
2475 4111 2576 4166 soli
2612 4125 2770 4165 servo
2821 4112 3002 4179 ﬁdem,
3054 4115 3149 4182 ipsi
3192 4128 3276 4168 me
3325 4124 3431 4168 tota
3484 4115 3763 4169 devotidne

2198 4200 2536 4257 commendo.
2580 4203 2610 4270 ᾖ
2637 4242 2650 4254 .
2685 4204 2761 4257 Ad
2796 4205 2964 4271 ipsum
2991 4220 3083 4259 ore
3114 4220 3235 4259 meo
3263 4205 3512 4270 clamavi,
3541 4216 3593 4259 et
3623 4205 3765 4260 exul-

2201 4292 2307 4347 taii
2338 4296 2435 4348 sub
2468 4296 2642 4365 lingua
2674 4311 2813 4351 mea.
2852 4296 2913 4349 Ρ.
2948 4297 3049 4366 Ipsi
3078 4299 3200 4351 suli.
3247 4299 3316 4367 ᾖ.
3346 4297 3549 4366 Gloria,
3578 4312 3636 4353 et
3670 4303 3758 4351 h0-

2200 4400 2299 4439 nor
2332 4386 2497 4441 Patri.
2524 4386 2587 4438 Ρ.
2625 4387 2723 4455 Ipsi
2746 4387 2846 4441 soli

2276 4496 2472 4549 Urdtio.
2504 4497 2629 4551 Jesu
2649 4540 2663 4563 ,
2694 4499 2782 4552 Dei
2816 4498 3012 4565 Filius,
3042 4500 3130 4569 qui
3154 4501 3518 4555 beatissimam
3549 4503 3761 4557 Mailam

2202 4591 2280 4646 sic
2308 4590 2574 4659 Virginem
2598 4592 2886 4660 adprobas,
2917 4605 2973 4648 ut
2996 4605 3217 4650 matrem
3248 4596 3531 4650 ostendas;
3555 4600 3635 4651 sic
3668 4612 3765 4649 ma-

2205 4694 2339 4739 trem
2369 4684 2630 4748 honuras,
2665 4695 2722 4738 ut
2750 4687 3008 4754 virginem
3039 4688 3338 4743 admirabili
3363 4689 3629 4758 conceptu
3651 4688 3769 4743 etu-

2205 4776 2337 4836 cias.
2390 4776 2514 4829 dum
2547 4786 2631 4829 tua
2668 4776 2845 4831 Deitas
2872 4779 2937 4831 ad
2984 4793 3103 4833 eam
3157 4780 3415 4845 Angelum
3464 4780 3715 4843 destinat,
3745 4780 3771 4830 ξι

2206 4881 2312 4934 quo
2333 4867 2553 4921 seinter
2602 4867 2853 4921 mulieres
2890 4868 3074 4923 audiat
3124 4870 3491 4924 benedictum:
3538 4870 3773 4925 concede

2208 4957 2435 5025 supplici
2462 4956 2671 5012 familia:
2721 4967 2845 5021 tuae,
2878 4970 2933 5012 ut
2961 4960 3029 5012 ad
3055 4960 3218 5013 instar
3242 4962 3359 5028 ejus
3388 4976 3483 5014 cor
3538 4970 3776 5014 [10$le

2208 5049 2451 5103 castitate
2474 5049 2776 5114 fruetiiicet,
2794 5059 2847 5104 et
2862 5050 3028 5117 jussis
3050 5052 3151 5104 tuis
3164 5051 3385 5120 obsequi
3411 5066 3514 5104 non
3531 5052 3778 5104 recuset:

2210 5139 2316 5207 quo
2348 5156 2470 5193 cum
2498 5156 2559 5193 ea
2589 5142 2889 5195 mereamur
2912 5142 3102 5195 ultimo
3123 5141 3314 5195 Judicii
3347 5142 3581 5210 tempore
3599 5141 3631 5194 ξι
3654 5141 3781 5194 dex-

2212 5234 2309 5285 tris
2340 5233 2440 5285 tuis
2462 5233 2747 5297 adsistere,
2777 5249 2936 5303 quam
2968 5250 3107 5289 nunc
3132 5235 3401 5291 credimus
3431 5235 3700 5307 virginem
3734 5243 3784 5288 te

2213 5324 2472 5377 veraciter
2493 5322 2795 5393 generasse.
2841 5325 2877 5390 ιό
2901 5364 2915 5378 .
2946 5328 3136 5380 Amen.

2284 5414 2385 5469 Per
2414 5413 2854 5471 misericordiam.

2284 5529 2578 5598 Antiphona
2599 5532 2650 5586 5.
2687 5529 2885 5599 Cyrum
2908 5529 3027 5584 cmli
3050 5529 3266 5583 circuivi
3292 5528 3427 5594 sola,
3451 5538 3504 5584 et
3531 5527 3579 5581 in
3608 5527 3785 5580 ﬂucti-

2216 5622 2315 5676 bus
2359 5621 2519 5676 maris
2558 5622 2825 5681 ambulavi
2856 5638 2867 5675 :
2896 5622 2949 5675 lu
2977 5635 3189 5676 omnem
3223 5632 3441 5697 terram,
3472 5630 3525 5674 et
3553 5620 3609 5673 in
3640 5618 3789 5673 omni

2217 5713 2415 5783 populo
2463 5712 2743 5783 primatum
2790 5713 2980 5767 habui:
3024 5712 3378 5782 superbarum
3413 5721 3468 5765 et
3501 5711 3789 5764 humiliora

2217 5807 2350 5862 colla
2395 5805 2607 5876 prupria
2653 5807 2845 5860 virtute
2895 5806 3111 5860 calcari.
3171 5806 3243 5873 ᾖ.
3287 5806 3465 5860 Donec
3510 5804 3715 5858 intrent
3741 5803 3792 5854 in
