3984 6376
289 382 428 436 19.97

1279 387 1748 445 SANCTORALE.
1794 423 1855 432 —
1898 392 2120 450 FESTA
2162 396 2574 457 DECEMBRIS.

3394 414 3545 485 I298,

285 498 646 553 sanctuarium
693 499 898 555 Bei:et
923 500 1207 570 intelligam
1238 503 1290 556 in
1325 504 1632 558 novissima.
1674 504 1736 557 P.
1789 505 1851 558 Et
1883 512 1926 567 Α
1961 507 2011 559 in
2060 511 2202 562 omni
2246 510 2494 580 progenie
2533 523 2585 567 et
2629 518 2969 584 generatione
3002 522 3029 554 “
3060 535 3221 589 super
3279 522 3530 582 timentes

290 590 342 643 in
369 594 537 643 omni.
578 591 611 656 ᾖ
638 629 654 644 .
687 590 889 656 ϐΙὺτίίῑ,
923 602 976 645 et
1007 593 1197 645 honor.
1235 594 1297 646 P.
1335 596 1397 648 Et
1426 597 1475 648 itt
1508 597 1677 649 omni.

308 734 311 735 ν
358 678 561 732 Oratio.
621 680 867 746 Christe,
918 682 1007 735 Dei
1041 683 1308 752 Sapientia
1359 687 1553 740 sutnnti
1612 688 1780 740 Patris
1805 698 1860 742 et

284 774 550 837 Verbum,
586 774 671 844 qui
720 776 950 830 mdiiicas
1002 777 1094 831 tibi
1143 780 1559 847 cumptissimam
1612 781 1856 843 domum,

280 866 464 919 Maria:
498 866 736 934 Virginis
764 868 995 933 uterum,
1023 869 1073 922 in
1105 885 1203 937 qua
1235 870 1351 938 ipse
1379 868 1612 925 cmléstis
1651 870 1864 938 iustitia.

281 955 571 1024 praspicis,
604 966 661 1011 et
689 959 755 1012 de
781 972 881 1027 qua
931 960 1158 1012 fructum
1204 959 1540 1028 benignitatis
1572 970 1675 1014 tuae
1728 975 1873 1029 pro-‘

282 1048 464 1113 ducis,
515 1048 640 1101 dum
694 1049 747 1102 in
778 1063 838 1103 ea
868 1058 923 1102 et
962 1050 1162 1118 absque
1206 1059 1357 1105 veste
1409 1050 1667 1120 corparea
1711 1053 1856 1111 Deus

284 1137 607 1205 ingrederis,
638 1138 779 1193 etde
806 1155 906 1207 qua
933 1142 1150 1194 vestitus
1171 1156 1330 1195 carne
1352 1142 1595 1210 procedis
1618 1160 1631 1207 ;
1659 1154 1866 1211 prmsta.

277 1229 437 1282 nobis
492 1228 821 1297 supplicibus
875 1232 1014 1297 tuis,
1069 1244 1125 1285 ut
1168 1232 1551 1288 sattt-tiiicatam
1609 1250 1707 1289 nos
1759 1236 1852 1290 tibi

276 1322 495 1374 domum
543 1322 745 1377 efﬁcias
773 1323 841 1377 de
869 1339 990 1389 qua,
1025 1333 1083 1378 ut
1105 1339 1336 1393 sponsus
1366 1327 1657 1395 procedens
1679 1369 1695 1394 ,
1724 1328 1852 1397 ope:

274 1425 397 1463 runt
448 1411 755 1467 nostrarum
820 1413 1075 1483 dignitate
1141 1415 1515 1472 circumhiltus
1564 1418 1847 1488 apparcas.

290 1505 330 1572 Ii
352 1546 365 1559 .
401 1509 595 1560 Amen.

368 1598 404 1654 ιῆ
428 1636 441 1650 .
471 1598 675 1654 Placuit
707 1599 814 1654 Deo
838 1600 1056 1656 castitas
1083 1611 1139 1656 et
1168 1604 1504 1659 immaculata
1529 1605 1843 1677 virginitas;

281 1686 348 1741 P.
378 1688 601 1757 Propter
626 1689 726 1745 hoc
751 1690 801 1744 in
825 1693 978 1747 t'ttero
1001 1693 1117 1762 ejus
1146 1694 1380 1764 ingressa
1413 1706 1496 1751 cst
1522 1707 1706 1751 sancta
1740 1700 1848 1764 pie-

272 1789 391 1831 tas:
425 1779 492 1833 de
516 1779 692 1834 Verbo
724 1794 928 1849 partum
960 1786 1190 1840 ostt‘ndit
1212 1788 1576 1843 admirabilem
1599 1791 1846 1858 genuisse

1961 612 2102 651 CIII".

2033 687 2175 749 Fecit
2206 692 2495 758 potentiam
2532 694 2582 751 in
2610 694 2828 759 brachio
2852 714 2979 769 suo:
3011 703 3039 735 "
3061 702 3311 772 dispersit
3341 708 3530 776 Sttpér-

1960 777 2055 830 bos
2087 792 2262 833 mente
2286 781 2787 848 intelléctuspurdis
2812 789 3020 843 earum.

2030 870 2276 940 Depésuit
2309 874 2648 942 poténtesde
2675 880 2824 943 sede,
2854 881 2883 913 "
2911 892 2963 934 et
2993 886 3246 941 exaltavit
3275 889 3524 944 humiles.

2030 959 2338 1017 Esuriéntes
2396 965 2632 1033 implevit
2682 968 2869 1023 bouis:
2912 972 2942 997 “
2981 984 3032 1025 et
3082 975 3271 1030 divites
3325 979 3528 1035 dimisit

1957 1046 2163 1103 inanes.

2025 1137 2267 1209 Suscepit
2313 1141 2475 1198 lsraél
2532 1145 2755 1214 pt'Icrum
2778 1165 2953 1218 suum,
2985 1154 3015 1186 ’*
3044 1170 3246 1210 memor
3301 1162 3515 1215 miseri-

1955 1230 2151 1287 cardiu:
2178 1248 2317 1288 sum:

2025 1324 2069 1389 Q
2094 1338 2152 1376 xce
2184 1325 2390 1382 locutus
2415 1338 2499 1384 est
2522 1331 2587 1384 ad
2620 1343 2796 1400 patres
2828 1346 3063 1405 nostros,
3096 1342 3387 1414 Abraham,
3414 1347 3445 1378 ⁸
3470 1356 3528 1403 et

1954 1412 2141 1467 sémini
2165 1413 2285 1484 ejus
2317 1433 2483 1486 usque
2513 1420 2567 1474 in
2591 1426 2865 1484 saeculum.

2026 1501 2228 1569 Gléria,
2256 1516 2308 1560 et
2338 1508 2528 1569 honor.

2026 1595 2227 1655 Oratio.
2256 1599 2558 1671 Magniﬁcat
2580 1620 2705 1685 ecce
2739 1617 2808 1675 te,
2845 1610 3090 1677 Damine,
3127 1614 3521 1681 redemptdrem

1952 1686 2191 1742 nostrum
2220 1690 2390 1745 beatae
2421 1693 2708 1752 Genitricis
2736 1715 2867 1758 voce
2894 1702 3069 1761 omnis
3092 1706 3393 1761 conventus
3422 1708 3526 1762 Ec-

1951 1777 2159 1833 clesite:
2208 1783 2328 1851 quia
2386 1789 2669 1855 respexisti
2733 1793 3088 1851 humilitatem
3138 1798 3360 1853 Ancilla:
3392 1811 3521 1866 tum,

276 1870 551 1941 Virginem
604 1873 772 1927 Deum
813 1885 863 1928 et
895 1876 1189 1931 haminent.
1250 1880 1324 1947 ᾗ.
1376 1854 1833 1936 Adnunciavéruul

1953 1869 2071 1923 eam
2103 1881 2152 1926 te
2181 1882 2234 1927 et
2259 1874 2416 1945 Virgo
2446 1888 2638 1935 sancta.
2658 1884 2896 1953 concepit
2918 1902 2937 1951 ;7
2957 1898 3009 1941 et
3035 1887 3271 1944 Ecclesia
3300 1893 3522 1947 creden-

274 1964 400 2016 εαξη
447 1964 706 2030 justitiam
734 1966 881 2033 ejus:
916 1978 970 2021 et
999 1967 1244 2022 viderunt
1282 1985 1467 2025 omnes
1517 1971 1697 2041 populi
1726 1973 1843 2042 gla-

268 2059 404 2107 riatn
430 2055 568 2125 ejus.
598 2056 666 2110 Ρ.
693 2057 934 2127 Pmpter.
976 2060 1009 2128 ᾗ
1035 2098 1048 2113 .
1083 2060 1289 2128 Gldria,
1320 2071 1375 2117 et
1398 2063 1588 2118 honor.
1623 2064 1686 2119 Ρ.
1718 2065 1844 2120 Pro-

266 2156 408 2214 pter.

343 2239 543 2292 Urdtio.
606 2240 861 2295 Decantet
907 2242 1020 2308 tibi,
1080 2242 1321 2309 Domine,
1372 2245 1546 2300 omnis
1597 2248 1845 2301 creatura

264 2328 537 2383 canticum
584 2345 805 2398 novum,
848 2334 936 2400 qui
982 2335 1033 2387 in
1086 2334 1301 2406 Virgine
1350 2337 1516 2391 Maria
1563 2339 1842 2393 ostendisti

264 2433 423 2473 novre
438 2421 812 2485 ‘parturitit‘mis
835 2423 1175 2479 miraculum:
1203 2435 1257 2480 ut
1276 2425 1467 2481 femina
1485 2429 1843 2485 circt'tmdaret

257 2513 461 2578 virum,
486 2524 538 2569 et
557 2517 705 2585 virgo
729 2518 845 2571 sine
864 2519 963 2573 viri
992 2519 1136 2574 céitu
1155 2522 1359 2577 virilem
1386 2524 1598 2591 pareret
1618 2541 1836 2580 sexum:

258 2603 495 2675 [cccuv]
552 2605 750 2661 Prtesta
792 2608 952 2678 igitur
996 2612 1150 2665 nobis
1175 2613 1292 2682 ejus
1317 2614 1573 2683 suffragio
1616 2616 1752 2671 tuéri
1784 2617 1839 2672 in

257 2695 481 2758 szeculo,
512 2711 631 2763 qua:
656 2704 708 2753 te
736 2708 889 2765 partu
920 2701 1085 2764 edidit
1112 2703 1453 2773 incorrupto:
1487 2721 1641 2759 mens
1658 2716 1837 2762 nostra

256 2784 469 2854 fulgore
513 2786 690 2843 Sancti
744 2790 976 2860 Spiritas
1032 2796 1295 2861 vegetata,
1328 2797 1396 2850 ita
1437 2798 1681 2852 amarem
1734 2809 1836 2854 tua:

256 2877 566 2935 dilectit‘mis
616 2881 916 2953 concipiat,
946 2897 1001 2939 ut
1046 2887 1304 2941 bonorum
1362 2903 1573 2959 semper
1619 2890 1832 2946 actuum

252 2971 523 3038 parturiat
552 2972 904 3030 incrementa.
950 2976 986 3044 ἰὴ
1011 3015 1024 3029 .
1052 2978 1243 3034 Arnen.

334 3060 436 3116 Per
465 3064 916 3122 misericordiam.

331 3153 650 3222 An:lphana.
682 3156 871 3212 Missus
899 3168 980 3212 est
1007 3157 1220 3216 Gabriel
1256 3161 1489 3230 Angelus
1513 3163 1579 3217 ad
1611 3163 1827 3219 Mariam

253 3241 529 3312 Virginem
556 3245 931 3312 desponsatam
961 3249 1161 3319 JOSrph
1203 3253 1534 3307 adnt'tncians
1566 3253 1830 3319 Verbum;
1859 3240 1906 3263 “

252 3341 313 3386 et
343 3334 648 3401 expavescit
702 3338 862 3408 Virgo
892 3341 959 3393 de
1006 3342 1235 3397 lumine:
1277 3343 1353 3398 Ne
1378 3346 1588 3411 timeas,
1643 3347 1830 3414 Maria,

250 3425 513 3482 invenisti
543 3431 766 3498 gratiam
790 3434 926 3501 apud
955 3434 1259 3490 Dominum.
1283 3436 1350 3489 P.
1378 3439 1515 3494 Ecce
1536 3439 1690 3495 conci
1696 3441 1830 3510 pies,

247 3525 311 3571 et
356 3517 570 3587 paries:
623 3532 676 3576 et
720 3523 997 3579 vocabitur
1037 3527 1296 3583 Altissimi
1349 3530 1532 3586 Filius.
1590 3535 1623 3603 ᾗ
1652 3572 1666 3586 .
1697 3536 1830 3601 Quia

247 3615 435 3662 rectus
462 3618 544 3663 est
581 3624 761 3667 sermo
818 3613 1054 3685 Domini,
1099 3627 1153 3671 et
1199 3618 1377 3675 étnnia
1426 3621 1590 3691 (Spera
1639 3628 1754 3694 ejus
1777 3628 1828 3682 in

247 3702 379 3756 ﬁde.
404 3700 467 3755 P.
496 3704 633 3763 Ecce
656 3707 948 3778 concipies.
970 3710 1005 3779 ﬁt
1031 3710 1259 3778 .Gloria,
1293 3721 1346 3769 et
1366 3713 1556 3770 honor.
1587 3716 1650 3772 Ρ.
1688 3719 1827 3775 Ecce

246 3793 407 3848 conci
415 3795 547 3863 pies.

319 3884 525 3941 Orittio.
552 3885 745 3943 Sancta
775 3866 861 3944 Dei
893 3891 1156 3957 Génitrix,
1200 3910 1317 3964 qua:
1349 3896 1577 3952 salutata
1609 3899 1676 3954 ab
1718 3904 1827 3955 An-

242 3978 549 4046 gelo,‘aure
572 3979 810 4049 cancipis
843 3983 1091 4052 Verbum,
1116 3985 1217 4042 (ide
1234 3990 1469 4044 maturas
1486 3990 1821 4060 obsequium,

236 4083 409 4124 carne
454 4070 676 4142 géneras
725 4073 943 4143 Filium,
977 4077 1042 4128 de
1088 4077 1286 4132 lumine
1326 4080 1708 4156 expavescens,
1753 4084 1822 4140 de

235 4146 414 4229 gratia
443 4163 805 4229 praeveniente
823 4165 1120 4236 conﬁdens;
1145 4146 1444 4237 supplicum
1480 4182 1601 4225 vota
1632 4146 1818 4228 éilicax

238 4250 434 4318 accipe
467 4249 725 4320 plebium,
758 4264 810 4310 et
850 4271 1035 4324 preces
1084 4259 1365 4327 opulenter
1396 4262 1677 4317 remunera
1702 4264 1819 4316 sin-

235 4340 515 4411 gularum,
549 4354 606 4397 ut
628 4330 870 4402 materno
900 4359 1120 4403 cunctos
1147 4350 1352 4421 gremio
1400 4354 1665 4409 solatdros
1696 4357 1814 4427 (sic)

234 4432 535 4505 accipiens,
565 4450 700 4504 quos
723 4436 775 4491 in
800 4439 897 4493 hac
926 4442 1351 4509 peregrinatidne
1389 4445 1452 4497 ad
1503 4452 1555 4499 te
1595 4461 1821 4501 concur-

1947 1965 2016 2020 do
2056 1969 2335 2038 cogndvit:
2391 1973 2514 2028 ct'tm
2546 1976 2613 2030 de
2644 1976 2730 2030 illa
2774 1980 3065 2047 prudieris;
3094 1992 3147 2038 et
3178 1983 3335 2038 istam
3382 1987 3523 2041 redi-

1946 2073 2150 2114 meres:
2199 2062 2320 2117 cum
2350 2064 2494 2133 illam
2538 2067 2748 2129 beatam
2790 2071 2974 2127 dicunt
3006 2090 3192 2131 omnes
3222 2089 3436 2148 gentes;
3466 2081 3516 2135 in

1949 2151 2109 2205 istam
2167 2154 2543 2220 beatiﬁce’ntur
2588 2163 2902 2230 populorum
2949 2165 3188 2222 omnium
3243 2171 3518 2227 natidnes:

1947 2239 2170 2310 suscipe
2196 2259 2340 2315 ergo,
2378 2246 2621 2316 Domine,
2650 2252 2810 2307 Israel
2841 2253 3095 2325 ptipulum
3115 2268 3285 2323 tuum,
3311 2276 3518 2316 memor

1945 2335 2328 2392 misericordiae
2376 2350 2519 2406 tum;
2543 2342 2634 2411 qui
2665 2344 2876 2401 locutus
2900 2363 2960 2403 es
2994 2350 3235 2419 patribus
3282 2357 3513 2410 nostris:

1949 2430 2005 2472 ut
2042 2425 2492 2491 complementum
2525 2431 2595 2485 sit
2644 2432 2847 2489 Divina:
2906 2440 3301 2508 promissidnis,
3354 2448 3517 2501 totius

1943 2508 2123 2565 Mundi
2148 2514 2442 2584 redemptio
2464 2518 2773 2591 singularis.
2824 2528 2860 2593 ιῆ
2883 2566 2898 2581 .
2931 2528 3121 2583 Amen.

2016 2602 2115 2659 Per
2142 2607 2592 2668 misericordiam.

2013 2695 2093 2747 Ad
2138 2695 2469 2756 Benedictus.
2511 2706 2823 2775 Antiphana.
2873 2711 3203 2781 Benedictio,
3239 2727 3290 2771 et
3322 2717 3513 2789 honor,

1942 2792 1996 2837 et
2026 2786 2219 2854 gleria,
2253 2799 2306 2843 et
2337 2792 2569 2859 potestas
2603 2796 2710 2851 Deo
2740 2809 2955 2854 nostro:
2979 2804 3229 2873 quaniam
3254 2786 3517 2865 venerunt

1940 2876 2137 2944 nuptiae
2161 2881 2318 2950 Agni,
2350 2883 2693 2953 gaudeamus,
2718 2901 2769 2942 et
2800 2891 3041 2948 laetemur
3073 2898 3123 2950 in
3148 2912 3232 2951 eo.

2011 2967 2297 3025 Cdntt’cum.
2332 2974 2668 3033 Benedictus.
2696 2981 2790 3049 fol.
2826 2983 2878 3037 6.

2009 3061 2172 3117 Sana.
2227 3066 2480 3135 Apparuit
2526 3071 2760 3141 Angelus
2808 3076 3009 3134 Mariae.
3063 3082 3244 3147 Quaere
3282 3090 3417 3142 retrb
3456 3092 3511 3144 in

1945 3152 2181 3226 Vesperi:
2208 3163 2625 3229 praecedentibus.

2010 3246 2211 3302 Lauda.
2242 3251 2479 3308 Laudate
2504 3256 2784 3315 Demittunt
2810 3261 2876 3318 de
2904 3262 3065 3321 C(elis
3095 3267 3351 3324 Allelt’tia:
3389 3271 3505 3326 lau-

1936 3339 2059 3394 date
2107 3356 2227 3396 eum
2258 3342 2308 3397 in
2356 3347 2597 3415 excelsis,
2663 3350 2915 3423 Alleluia,
2970 3358 3209 3424 alleluia,
3262 3363 3499 3420 alleluia.

1936 3427 2178 3485 Psalmus
2205 3448 2417 3489 cxcvnt.

2068 3525 2239 3580 Lectio
2267 3528 2382 3582 libri
2411 3530 2689 3591 Ezechielis
2722 3534 2993 3609 Pmphétw
3021 3542 3169 3614 (Cap.
3201 3548 3375 3616 XLIII).

2019 3615 2055 3681 ἡ
2077 3657 2091 3672 .
2125 3617 2233 3672 Deo
2257 3620 2476 3689 gratias.

2006 3705 2165 3763 Facta
2188 3720 2270 3764 est
2310 3726 2473 3780 super
2501 3730 2587 3770 me
2617 3733 2805 3773 manus
2830 3719 3061 3789 Démini,
3085 3734 3141 3789 et
3162 3727 3389 3783 elevatit
3418 3747 3504 3786 me

1931 3798 2170 3866 Spiritus,
2201 3810 2255 3856 et
2284 3802 2437 3859 duxit
2466 3822 2550 3861 nte
2581 3810 2645 3862 ad
2679 3822 2905 3879 portam,
2938 3829 3056 3882 qua:
3087 3820 3408 3886 respiciebat
3436 3825 3502 3877 ad

1929 3886 2070 3942 viam
2100 3888 2449 3948 Orientalem.
2482 3895 2550 3950 Et
2578 3913 2703 3953 ecce
2726 3901 2895 3969 gléria
2920 3903 3014 3957 Dei
3046 3905 3208 3963 Israel
3239 3910 3504 3979 ingredie-

1929 3979 2121 4033 batur:
2153 3988 2210 4036 et
2240 3998 2341 4038 vox
2371 3996 2489 4041 erat
2515 3989 2564 4043 ei
2598 3990 2744 4058 quasi
2774 4008 2873 4047 vox
2899 3998 3161 4065 aquarum
3192 4004 3500 4072 multarum,

1927 4078 1983 4123 et
2011 4080 2149 4125 terra
2177 4074 2491 4144 splendébat
2519 4078 2551 4132 a
2580 4084 2859 4150 majestate
2887 4092 3022 4155 ejus.
3052 4091 3117 4144 Et
3141 4095 3307 4148 cecidi
3332 4111 3494 4163 super

1926 4159 2117 4214 faciem
2147 4177 2341 4218 meam.
2395 4167 2463 4220 Et
2492 4170 2741 4237 majéstas
2771 4173 2978 4231 Domini
3010 4181 3246 4249 ingressa
3277 4195 3359 4239 est
3393 4159 3498 4241 Do-

1925 4250 2053 4303 mini
2083 4252 2319 4306 domum.
2353 4253 2421 4313 Et
2442 4257 2619 4313 audivi
2660 4260 2966 4331 loquentem
2996 4270 3063 4323 ad
3094 4286 3180 4325 me
3208 4273 3275 4328 de
3309 4274 3497 4342 domo,

1923 4351 1975 4394 et
2002 4343 2084 4396 vir
2107 4344 2197 4412 qui
2220 4347 2395 4402 stabat
2418 4348 2568 4418 juxta
2589 4365 2694 4417 me,
2717 4353 2849 4409 dixit
2875 4357 2940 4411 ad
2962 4375 3077 4414 me:
3110 4361 3209 4417 Fili
3240 4364 3495 4435 heminis,

1924 4431 2072 4488 locus
2102 4433 2223 4505 salii
2281 4436 2406 4505 mei,
2432 4448 2488 4494 et
2518 4440 2668 4496 locus
2726 4446 2938 4517 vestigii
2983 4450 3175 4517 pedum
3224 4431 3490 4526 mearum,

232 4523 424 4579 réntes
448 4525 668 4597 respicis
688 4526 937 4596 cernuos,
965 4529 1089 4584 Jesu
1106 4530 1317 4586 Christo
1336 4533 1440 4587 lilio
1472 4542 1562 4589 tuo
1594 4536 1818 4593 Damino

1953 4520 2011 4576 :bi
2040 4522 2220 4579 habito
2252 4526 2303 4581 in
2328 4527 2609 4584 :etérnum.
2643 4529 2808 4599 Capit.
2834 4534 2923 4591 44.
2963 4537 3086 4594 Post
3114 4540 3227 4597 haec
3254 4520 3495 4604 converti

230 4624 428 4671 nostro
457 4618 811 4686 repraesentes
845 4621 1077 4677 inlaesos.
1122 4623 1195 4691 ti).
1232 4623 1423 4680 Amen.

310 4707 437 4764 Per.

840 4810 905 4865 lu
938 4811 1220 4871 Ldudibus.

308 4922 392 4974 Ad
434 4921 725 4977 Cdnticum.
778 4926 1093 4994 Antiphona.
1141 4927 1287 4983 Fecit
1316 4927 1444 4982 mihi
1496 4944 1687 4999 magna
1713 4932 1805 4999 qui

225 5023 435 5082 potens
461 5024 562 5081 est,
597 5026 652 5071 et
680 5026 919 5071 sanctum
954 5034 1145 5074 nomen
1169 5020 1307 5088 ejus.
1342 5019 1406 5075 Et
1433 5021 1807 5077 misericérdia

221 5108 358 5181 ejus
385 5107 441 5162 in
471 5109 614 5165 omni
641 5111 893 5181 progenie
919 5122 972 5165 et
1002 5112 1379 5183 generatidne.

747 5224 1015 5278 Canticum
1035 5224 1208 5296 (Luca:
1232 5227 1298 5293 ι).

305 5335 611 5405 Magniﬁcat
662 5336 840 5392 anima
890 5352 1007 5393 utea
1052 5336 1424 5392 Dtiminum:llL
1452 5345 1509 5392 et
1555 5338 1810 5394 exultavit

212 5425 453 5494 Spiritus
491 5441 640 5482 meus
672 5429 726 5484 in
767 5428 875 5483 Deo
925 5427 1144 5482 salutari
1193 5443 1334 5484 meo.
1386 5428 1520 5495 Quia
1568 5430 1811 5499 respexit

215 5510 592 5575 humilitatem
618 5520 825 5577 ancilla:
846 5534 957 5577 sure
981 5538 995 5573 :

301 5630 444 5686 Ecce
473 5632 616 5686 enim
638 5647 703 5687 ex
733 5630 837 5695 hoc
862 5631 1073 5686 beatam
1106 5644 1191 5685 me
1219 5629 1397 5685 dicent
1425 5646 1614 5689 omnes
1635 5648 1796 5704 gene—

209 5720 488 5778 rationes.
512 5724 541 5755 ‘
568 5723 717 5790 Quia,
735 5722 859 5779 fecit
889 5720 1016 5777 mihi
1047 5736 1235 5792 magna
1258 5722 1343 5792 qui
1370 5732 1562 5789 potens
1591 5735 1695 5790 est,

298 5808 370 5863 Et
425 5822 665 5869 sanctum
713 5802 909 5870 nomen
956 5812 1092 5881 ejus.
1144 5813 1213 5868 Et
1274 5812 1635 5870 misericdrdia
1681 5816 1798 5886 ejus

1922 4632 2008 4671 me
2049 4621 2114 4672 ad
2162 4620 2300 4675 viam
2344 4633 2510 4690 porta:
2565 4626 2876 4692 sanctuarii,
2919 4646 3039 4701 quae
3080 4638 3401 4704 respiciebat
3427 4642 3494 4696 ad

1918 4707 2231 4764 Orientem:
2285 4726 2405 4780 qua:
2450 4725 2567 4771 erat
2617 4717 2819 4775 clausa.
2871 4721 2937 4776 Et
2962 4724 3098 4779 dixit
3147 4728 3403 4786 Daminus
3424 4735 3492 4787 ad

1920 4815 2040 4856 me:
2074 4802 2231 4858 Porta
2281 4806 2405 4875 ista,
2438 4822 2596 4876 quam
2629 4810 2778 4865 vides
2823 4813 3028 4882 clausa,
3062 4834 3168 4874 non
3190 4824 3486 4891 aperietur:

1919 4904 1972 4947 et
2003 4896 2085 4949 vir
2112 4910 2217 4949 non
2246 4898 2489 4953 transibit
2510 4915 2604 4969 per
2625 4916 2740 4957 eam
2764 4922 2776 4956 :
2798 4906 3048 4974 quaniam
3075 4910 3329 4968 Déminus
3350 4917 3489 4973 Deus

1918 4987 2077 5042 Israel
2122 4988 2453 5056 ingredietur
2502 5006 2598 5060 por
2617 5008 2757 5060 eam,
2788 5005 2844 5052 et
2874 5000 2978 5053 erit
3012 5000 3192 5055 clausa
3239 5005 3483 5076 principi.

1918 5079 1982 5132 Et
2006 5078 2251 5149 princeps
2282 5081 2394 5149 ipse
2426 5083 2566 5138 sedit
2590 5086 2642 5138 in
2674 5102 2735 5141 ea
2756 5129 2769 5152 ,
2804 5098 2861 5143 ut
2890 5090 3135 5147 camedat
3161 5109 3348 5162 panem
3395 5114 3487 5153 co-

1914 5186 2027 5225 ram
2053 5170 2303 5228 Démino.
2330 5175 2667 5247 Rursumque
2690 5180 2792 5235 vidi
2817 5199 2829 5234 :
2858 5182 2922 5236 Et
2938 5197 3067 5251 ecce
3086 5184 3253 5253 gléria
3275 5188 3484 5247 Démini

1914 5262 2157 5331 implevit
2203 5264 2422 5321 domum
2482 5269 2597 5335 Dei,
2650 5280 2703 5325 et
2747 5272 2926 5326 audivi
2981 5289 3165 5330 vocem
3220 5278 3479 5336 dicentis:

1914 5353 2117 5427 [occur]
2156 5357 2440 5417 Benedicta
2470 5363 2634 5432 gltiria
2654 5363 2865 5421 θόωὶηί
2892 5364 2961 5423 de
2986 5368 3105 5425 loco
3144 5380 3330 5428 sancto
3357 5388 3476 5428 suo.

1928 5450 1964 5517 πῆ
1986 5489 1999 5503 .
2041 5453 2233 5508 Amen.

2564 5545 2821 5617 Hymnus.

2261 5635 2303 5688 Δ
2331 5633 2460 5690 solis
2501 5646 2650 5691 ortus
2674 5638 2894 5695 cardine

2193 5725 2260 5780 Et
2296 5740 2461 5795 usque
2490 5738 2647 5783 terra:
2677 5730 2919 5798 limitem,

2192 5816 2458 5875 Christum
2486 5820 2738 5877 canamus
2762 5823 3077 5893 l’rincipetn,
