  <div class='ocr_page' id='page_1' title='image "/cluster/home/n/w/nwhite01/storage/ocr_20150623/86/hvd.32044015469463/653.png"; bbox 0 0 3984 6376; ppageno 0'>
   <div class='ocr_carea' id='block_1_1' title="bbox 502 424 637 480">
    <p class='ocr_par' dir='ltr' id='par_1_1' title="bbox 502 424 637 480">
     <span class='ocr_line' id='line_1_1' title="bbox 502 424 637 480; baseline -0.015 -1"><span class='ocrx_word' id='word_1_1' title='bbox 502 424 637 480; x_wconf 68' lang='grc'><strong>129</strong></span> 
     </span>
    </p>
   </div>
   <div class='ocr_carea' id='block_1_2' title="bbox 1680 409 3741 471">
    <p class='ocr_par' dir='ltr' id='par_1_2' title="bbox 1680 409 3741 471">
     <span class='ocr_line' id='line_1_2' title="bbox 1680 409 3741 471; baseline -0.009 -2"><span class='ocrx_word' id='word_1_2' title='bbox 1680 411 2095 470; x_wconf 58' lang='grc' dir='ltr'><strong>Βηενιλιιιωι</strong></span> <span class='ocrx_word' id='word_1_3' title='bbox 2141 409 2514 469; x_wconf 77' lang='lat' dir='ltr'><strong>GOTHICUM.</strong></span> <span class='ocrx_word' id='word_1_4' title='bbox 3616 416 3741 471; x_wconf 66' lang='grc' dir='ltr'><strong>,δρο</strong></span> 
     </span>
    </p>
   </div>
   <div class='ocr_carea' id='block_1_3' title="bbox 780 496 1432 607">
    <p class='ocr_par' dir='ltr' id='par_1_3' title="bbox 780 496 1432 607">
     <span class='ocr_line' id='line_1_3' title="bbox 780 496 1432 607; baseline -0.011 -12"><span class='ocrx_word' id='word_1_5' title='bbox 780 539 969 595; x_wconf 85' lang='lat' dir='ltr'><strong>Natum</strong></span> <span class='ocrx_word' id='word_1_6' title='bbox 1002 537 1164 593; x_wconf 69' lang='lat' dir='ltr'><strong>Maria</strong></span> <span class='ocrx_word' id='word_1_7' title='bbox 1201 496 1432 607; x_wconf 66' lang='lat' dir='ltr'><strong>Virgine.</strong></span> 
     </span>
    </p>
   </div>
   <div class='ocr_carea' id='block_1_4' title="bbox 776 624 1645 697">
    <p class='ocr_par' dir='ltr' id='par_1_4' title="bbox 776 624 1645 697">
     <span class='ocr_line' id='line_1_4' title="bbox 776 624 1645 697; baseline -0.013 -11"><span class='ocrx_word' id='word_1_8' title='bbox 776 648 791 659; x_wconf 61' lang='grc' dir='ltr'><em>θ</em></span> <span class='ocrx_word' id='word_1_9' title='bbox 849 629 1087 685; x_wconf 74' lang='lat' dir='ltr'><strong>Gaudete</strong></span> <span class='ocrx_word' id='word_1_10' title='bbox 1127 626 1377 697; x_wconf 78' lang='lat' dir='ltr'><strong>quicquid</strong></span> <span class='ocrx_word' id='word_1_11' title='bbox 1407 624 1645 693; x_wconf 83' lang='lat' dir='ltr'><strong>gentium</strong></span> 
     </span>
    </p>
   </div>
   <div class='ocr_carea' id='block_1_5' title="bbox 778 713 1542 784">
    <p class='ocr_par' dir='ltr' id='par_1_5' title="bbox 778 713 1542 784">
     <span class='ocr_line' id='line_1_5' title="bbox 778 713 1542 784; baseline -0.012 -9"><span class='ocrx_word' id='word_1_12' title='bbox 778 720 979 784; x_wconf 74' lang='lat' dir='ltr'><strong>Judzea,</strong></span> <span class='ocrx_word' id='word_1_13' title='bbox 1009 718 1203 780; x_wconf 76' lang='lat' dir='ltr'><strong>Roma,</strong></span> <span class='ocrx_word' id='word_1_14' title='bbox 1236 725 1286 771; x_wconf 90' lang='lat' dir='ltr'><strong>et</strong></span> <span class='ocrx_word' id='word_1_15' title='bbox 1319 713 1542 779; x_wconf 78' lang='lat' dir='ltr'><strong>Grzecia,</strong></span> 
     </span>
    </p>
   </div>
   <div class='ocr_carea' id='block_1_6' title="bbox 779 804 1779 882">
    <p class='ocr_par' dir='ltr' id='par_1_6' title="bbox 779 804 1779 882">
     <span class='ocr_line' id='line_1_6' title="bbox 779 804 1779 882; baseline -0.016 -14"><span class='ocrx_word' id='word_1_16' title='bbox 779 812 1062 882; x_wconf 65' lang='lat' dir='ltr'><strong>Egyptus,</strong></span> <span class='ocrx_word' id='word_1_17' title='bbox 1093 810 1296 875; x_wconf 80' lang='lat' dir='ltr'><strong>Thrax,</strong></span> <span class='ocrx_word' id='word_1_18' title='bbox 1343 806 1522 871; x_wconf 86' lang='lat' dir='ltr'><strong>Persa,</strong></span> <span class='ocrx_word' id='word_1_19' title='bbox 1554 805 1657 875; x_wconf 81' lang='lat' dir='ltr'><strong>Sry</strong></span> <span class='ocrx_word' id='word_1_20' title='bbox 1686 804 1779 867; x_wconf 75' lang='lat' dir='ltr'><strong>ha;</strong></span> 
     </span>
    </p>
   </div>
   <div class='ocr_carea' id='block_1_7' title="bbox 782 897 1568 966">
    <p class='ocr_par' dir='ltr' id='par_1_7' title="bbox 782 897 1568 966">
     <span class='ocr_line' id='line_1_7' title="bbox 782 897 1568 966; baseline -0.009 -10"><span class='ocrx_word' id='word_1_21' title='bbox 782 903 893 958; x_wconf 75' lang='lat' dir='ltr'><strong>Rex</strong></span> <span class='ocrx_word' id='word_1_22' title='bbox 925 915 1062 955; x_wconf 88' lang='lat' dir='ltr'><strong>unus</strong></span> <span class='ocrx_word' id='word_1_23' title='bbox 1092 915 1277 954; x_wconf 92' lang='lat' dir='ltr'><strong>omnes</strong></span> <span class='ocrx_word' id='word_1_24' title='bbox 1315 897 1568 966; x_wconf 83' lang='lat' dir='ltr'><strong>possidet.</strong></span> 
     </span>
    </p>
   </div>
   <div class='ocr_carea' id='block_1_8' title="bbox 853 991 1685 1060">
    <p class='ocr_par' dir='ltr' id='par_1_8' title="bbox 853 991 1685 1060">
     <span class='ocr_line' id='line_1_8' title="bbox 853 991 1685 1060; baseline -0.006 -11"><span class='ocrx_word' id='word_1_25' title='bbox 853 995 1093 1050; x_wconf 76' lang='lat' dir='ltr'><strong>Laudate</strong></span> <span class='ocrx_word' id='word_1_26' title='bbox 1123 1003 1355 1049; x_wconf 85' lang='lat' dir='ltr'><strong>vestrum</strong></span> <span class='ocrx_word' id='word_1_27' title='bbox 1386 992 1469 1045; x_wconf 87' lang='lat' dir='ltr'><strong>Pri</strong></span> <span class='ocrx_word' id='word_1_28' title='bbox 1482 991 1685 1060; x_wconf 82' lang='lat' dir='ltr'><strong>ncipent</strong></span> 
     </span>
    </p>
   </div>
   <div class='ocr_carea' id='block_1_9' title="bbox 781 1085 1504 1155">
    <p class='ocr_par' dir='ltr' id='par_1_9' title="bbox 781 1085 1504 1155">
     <span class='ocr_line' id='line_1_9' title="bbox 781 1085 1504 1155; baseline -0.006 -12"><span class='ocrx_word' id='word_1_29' title='bbox 781 1088 980 1143; x_wconf 83' lang='lat' dir='ltr'><strong>Omnes</strong></span> <span class='ocrx_word' id='word_1_30' title='bbox 1010 1087 1147 1141; x_wconf 74' lang='lat' dir='ltr'><strong>beati</strong></span> <span class='ocrx_word' id='word_1_31' title='bbox 1175 1101 1236 1140; x_wconf 92' lang='lat' dir='ltr'><strong>ac</strong></span> <span class='ocrx_word' id='word_1_32' title='bbox 1282 1085 1504 1155; x_wconf 73' lang='lat' dir='ltr'><strong>perditi;</strong></span> 
     </span>
    </p>
   </div>
   <div class='ocr_carea' id='block_1_10' title="bbox 783 1175 1508 1240">
    <p class='ocr_par' dir='ltr' id='par_1_10' title="bbox 783 1175 1508 1240">
     <span class='ocr_line' id='line_1_10' title="bbox 783 1175 1508 1240; baseline -0.011 -5"><span class='ocrx_word' id='word_1_33' title='bbox 783 1178 883 1235; x_wconf 86' lang='lat' dir='ltr'><strong>Uhi</strong></span> <span class='ocrx_word' id='word_1_34' title='bbox 913 1178 1181 1240; x_wconf 82' lang='lat' dir='ltr'><strong>im’becilli,</strong></span> <span class='ocrx_word' id='word_1_35' title='bbox 1208 1192 1268 1230; x_wconf 91' lang='lat' dir='ltr'><strong>ac</strong></span> <span class='ocrx_word' id='word_1_36' title='bbox 1290 1175 1508 1239; x_wconf 87' lang='lat' dir='ltr'><strong>mortui,</strong></span> 
     </span>
    </p>
   </div>
   <div class='ocr_carea' id='block_1_11' title="bbox 782 1266 1649 1337">
    <p class='ocr_par' dir='ltr' id='par_1_11' title="bbox 782 1266 1649 1337">
     <span class='ocr_line' id='line_1_11' title="bbox 782 1266 1649 1337; baseline -0.006 -13"><span class='ocrx_word' id='word_1_37' title='bbox 782 1271 896 1325; x_wconf 80' lang='lat' dir='ltr'><strong>Jam</strong></span> <span class='ocrx_word' id='word_1_38' title='bbox 920 1280 1075 1324; x_wconf 88' lang='lat' dir='ltr'><strong>nemo</strong></span> <span class='ocrx_word' id='word_1_39' title='bbox 1104 1279 1218 1337; x_wconf 76' lang='lat' dir='ltr'><strong>post</strong></span> <span class='ocrx_word' id='word_1_40' title='bbox 1251 1268 1364 1322; x_wconf 68' lang='lat' dir='ltr'><strong>hmo</strong></span> <span class='ocrx_word' id='word_1_41' title='bbox 1388 1266 1649 1321; x_wconf 88' lang='lat' dir='ltr'><strong>mortuus.</strong></span> 
     </span>
    </p>
   </div>
   <div class='ocr_carea' id='block_1_12' title="bbox 853 1358 1590 1428">
    <p class='ocr_par' dir='ltr' id='par_1_12' title="bbox 853 1358 1590 1428">
     <span class='ocr_line' id='line_1_12' title="bbox 853 1358 1590 1428; baseline -0.007 -13"><span class='ocrx_word' id='word_1_42' title='bbox 853 1361 930 1415; x_wconf 80' lang='lat' dir='ltr'><strong>Fit</strong></span> <span class='ocrx_word' id='word_1_43' title='bbox 967 1368 1114 1428; x_wconf 79' lang='lat' dir='ltr'><strong>porta</strong></span> <span class='ocrx_word' id='word_1_44' title='bbox 1144 1359 1339 1411; x_wconf 78' lang='lat' dir='ltr'><strong>Christi</strong></span> <span class='ocrx_word' id='word_1_45' title='bbox 1374 1358 1549 1424; x_wconf 80' lang='lat' dir='ltr'><strong>pervia</strong></span> <span class='ocrx_word' id='word_1_46' title='bbox 1576 1399 1590 1419; x_wconf 89' lang='lat'><strong>,</strong></span> 
     </span>
    </p>
   </div>
   <div class='ocr_carea' id='block_1_13' title="bbox 785 1448 1404 1518">
    <p class='ocr_par' dir='ltr' id='par_1_13' title="bbox 785 1448 1404 1518">
     <span class='ocr_line' id='line_1_13' title="bbox 785 1448 1404 1518; baseline -0.003 -14"><span class='ocrx_word' id='word_1_47' title='bbox 785 1451 993 1505; x_wconf 78' lang='lat' dir='ltr'><strong>Refér’ta</strong></span> <span class='ocrx_word' id='word_1_48' title='bbox 1023 1450 1175 1518; x_wconf 66' lang='lat' dir='ltr'><strong>plena</strong></span> <span class='ocrx_word' id='word_1_49' title='bbox 1203 1448 1404 1516; x_wconf 75' lang='lat' dir='ltr'><strong>gratia;</strong></span> 
     </span>
    </p>
   </div>
   <div class='ocr_carea' id='block_1_14' title="bbox 784 1536 1632 1607">
    <p class='ocr_par' dir='ltr' id='par_1_14' title="bbox 784 1536 1632 1607">
     <span class='ocr_line' id='line_1_14' title="bbox 784 1536 1632 1607; baseline -0.006 -15"><span class='ocrx_word' id='word_1_50' title='bbox 784 1540 1104 1607; x_wconf 74' lang='lat' dir='ltr'><strong>Transitque</strong></span> <span class='ocrx_word' id='word_1_51' title='bbox 1132 1553 1247 1601; x_wconf 80' lang='lat' dir='ltr'><strong>rex,</strong></span> <span class='ocrx_word' id='word_1_52' title='bbox 1280 1547 1333 1592; x_wconf 92' lang='lat' dir='ltr'><strong>et</strong></span> <span class='ocrx_word' id='word_1_53' title='bbox 1358 1536 1632 1604; x_wconf 73' lang='lat' dir='ltr'><strong>permanet</strong></span> 
     </span>
    </p>
   </div>
   <div class='ocr_carea' id='block_1_15' title="bbox 780 1628 1589 1697">
    <p class='ocr_par' dir='ltr' id='par_1_15' title="bbox 780 1628 1589 1697">
     <span class='ocr_line' id='line_1_15' title="bbox 780 1628 1589 1697; baseline -0.007 -12"><span class='ocrx_word' id='word_1_54' title='bbox 780 1631 997 1693; x_wconf 83' lang='lat' dir='ltr'><strong>Clausa,</strong></span> <span class='ocrx_word' id='word_1_55' title='bbox 1033 1640 1089 1683; x_wconf 91' lang='lat' dir='ltr'><strong>ut</strong></span> <span class='ocrx_word' id='word_1_56' title='bbox 1121 1630 1219 1683; x_wconf 81' lang='lat' dir='ltr'><strong>fuit</strong></span> <span class='ocrx_word' id='word_1_57' title='bbox 1248 1644 1344 1697; x_wconf 89' lang='lat' dir='ltr'><strong>per</strong></span> <span class='ocrx_word' id='word_1_58' title='bbox 1374 1628 1589 1683; x_wconf 64' lang='lat' dir='ltr'><strong>sarcula.</strong></span> 
     </span>
    </p>
   </div>
   <div class='ocr_carea' id='block_1_16' title="bbox 850 1720 1545 1789">
    <p class='ocr_par' dir='ltr' id='par_1_16' title="bbox 850 1720 1545 1789">
     <span class='ocr_line' id='line_1_16' title="bbox 850 1720 1545 1789; baseline -0.007 -11"><span class='ocrx_word' id='word_1_59' title='bbox 850 1720 1033 1778; x_wconf 83' lang='lat' dir='ltr'><strong>Genus</strong></span> <span class='ocrx_word' id='word_1_60' title='bbox 1060 1721 1275 1789; x_wconf 86' lang='lat' dir='ltr'><strong>snpérni</strong></span> <span class='ocrx_word' id='word_1_61' title='bbox 1312 1720 1545 1773; x_wconf 78' lang='lat' dir='ltr'><strong>numinis</strong></span> 
     </span>
    </p>
   </div>
   <div class='ocr_carea' id='block_1_17' title="bbox 780 1811 1479 1881">
    <p class='ocr_par' dir='ltr' id='par_1_17' title="bbox 780 1811 1479 1881">
     <span class='ocr_line' id='line_1_17' title="bbox 780 1811 1479 1881; baseline -0.001 -15"><span class='ocrx_word' id='word_1_62' title='bbox 780 1811 1047 1867; x_wconf 77' lang='lat' dir='ltr'><strong>Processit</strong></span> <span class='ocrx_word' id='word_1_63' title='bbox 1070 1812 1190 1865; x_wconf 72' lang='lat' dir='ltr'><strong>aula</strong></span> <span class='ocrx_word' id='word_1_64' title='bbox 1224 1811 1479 1881; x_wconf 88' lang='lat' dir='ltr'><strong>Virginis,</strong></span> 
     </span>
    </p>
   </div>
   <div class='ocr_carea' id='block_1_18' title="bbox 785 1899 1755 1970">
    <p class='ocr_par' dir='ltr' id='par_1_18' title="bbox 785 1899 1755 1970">
     <span class='ocr_line' id='line_1_18' title="bbox 785 1899 1755 1970; baseline 0 -13"><span class='ocrx_word' id='word_1_65' title='bbox 785 1902 1043 1970; x_wconf 88' lang='lat' dir='ltr'><strong>Sponsus,</strong></span> <span class='ocrx_word' id='word_1_66' title='bbox 1091 1900 1435 1970; x_wconf 76' lang='lat' dir='ltr'><strong>Redemptor.</strong></span> <span class='ocrx_word' id='word_1_67' title='bbox 1478 1899 1755 1968; x_wconf 76' lang='lat' dir='ltr'><strong>conditor,</strong></span> 
     </span>
    </p>
   </div>
   <div class='ocr_carea' id='block_1_19' title="bbox 781 1994 1391 2063">
    <p class='ocr_par' dir='ltr' id='par_1_19' title="bbox 781 1994 1391 2063">
     <span class='ocr_line' id='line_1_19' title="bbox 781 1994 1391 2063; baseline -0.002 -14"><span class='ocrx_word' id='word_1_68' title='bbox 781 1996 903 2049; x_wconf 67' lang='lat' dir='ltr'><strong>Suaa</strong></span> <span class='ocrx_word' id='word_1_69' title='bbox 931 1994 1081 2063; x_wconf 89' lang='lat' dir='ltr'><strong>gigas</strong></span> <span class='ocrx_word' id='word_1_70' title='bbox 1118 1994 1391 2049; x_wconf 68' lang='lat' dir='ltr'><strong>Ecclesiae.</strong></span> 
     </span>
    </p>
   </div>
   <div class='ocr_carea' id='block_1_20' title="bbox 855 2084 1627 2151">
    <p class='ocr_par' dir='ltr' id='par_1_20' title="bbox 855 2084 1627 2151">
     <span class='ocr_line' id='line_1_20' title="bbox 855 2084 1627 2151; baseline -0.003 -12"><span class='ocrx_word' id='word_1_71' title='bbox 855 2086 1036 2140; x_wconf 82' lang='lat' dir='ltr'><strong>Honor</strong></span> <span class='ocrx_word' id='word_1_72' title='bbox 1074 2084 1253 2138; x_wconf 83' lang='lat' dir='ltr'><strong>Matris</strong></span> <span class='ocrx_word' id='word_1_73' title='bbox 1282 2095 1333 2138; x_wconf 89' lang='lat' dir='ltr'><strong>et</strong></span> <span class='ocrx_word' id='word_1_74' title='bbox 1354 2085 1627 2151; x_wconf 76' lang='lat' dir='ltr'><strong>gaudium,</strong></span> 
     </span>
    </p>
   </div>
   <div class='ocr_carea' id='block_1_21' title="bbox 782 2175 1544 2243">
    <p class='ocr_par' dir='ltr' id='par_1_21' title="bbox 782 2175 1544 2243">
     <span class='ocr_line' id='line_1_21' title="bbox 782 2175 1544 2243; baseline -0.004 -12"><span class='ocrx_word' id='word_1_75' title='bbox 782 2176 1043 2231; x_wconf 85' lang='lat' dir='ltr'><strong>lmménsa</strong></span> <span class='ocrx_word' id='word_1_76' title='bbox 1070 2191 1193 2243; x_wconf 84' lang='lat' dir='ltr'><strong>spes</strong></span> <span class='ocrx_word' id='word_1_77' title='bbox 1215 2175 1544 2229; x_wconf 77' lang='lat' dir='ltr'><strong>credentium</strong></span> 
     </span>
    </p>
   </div>
   <div class='ocr_carea' id='block_1_22' title="bbox 788 2264 1453 2334">
    <p class='ocr_par' dir='ltr' id='par_1_22' title="bbox 788 2264 1453 2334">
     <span class='ocr_line' id='line_1_22' title="bbox 788 2264 1453 2334; baseline -0.005 -14"><span class='ocrx_word' id='word_1_78' title='bbox 788 2267 889 2322; x_wconf 88' lang='lat' dir='ltr'><strong>Per</strong></span> <span class='ocrx_word' id='word_1_79' title='bbox 909 2275 1022 2320; x_wconf 90' lang='lat' dir='ltr'><strong>atra</strong></span> <span class='ocrx_word' id='word_1_80' title='bbox 1054 2266 1235 2319; x_wconf 77' lang='lat' dir='ltr'><strong>Mortis</strong></span> <span class='ocrx_word' id='word_1_81' title='bbox 1265 2264 1453 2334; x_wconf 88' lang='lat' dir='ltr'><strong>pocula</strong></span> 
     </span>
    </p>
   </div>
   <div class='ocr_carea' id='block_1_23' title="bbox 779 2355 1500 2413">
    <p class='ocr_par' dir='ltr' id='par_1_23' title="bbox 779 2355 1500 2413">
     <span class='ocr_line' id='line_1_23' title="bbox 779 2355 1500 2413; baseline -0.004 -2"><span class='ocrx_word' id='word_1_82' title='bbox 779 2356 1019 2413; x_wconf 84' lang='lat' dir='ltr'><strong>Resolvit</strong></span> <span class='ocrx_word' id='word_1_83' title='bbox 1042 2365 1223 2409; x_wconf 88' lang='lat' dir='ltr'><strong>nostra</strong></span> <span class='ocrx_word' id='word_1_84' title='bbox 1252 2355 1473 2409; x_wconf 83' lang='lat' dir='ltr'><strong>crimina</strong></span> <span class='ocrx_word' id='word_1_85' title='bbox 1488 2396 1500 2408; x_wconf 93' lang='lat'><strong>.</strong></span> 
     </span>
    </p>
   </div>
   <div class='ocr_carea' id='block_1_24' title="bbox 855 2447 1592 2515">
    <p class='ocr_par' dir='ltr' id='par_1_24' title="bbox 855 2447 1592 2515">
     <span class='ocr_line' id='line_1_24' title="bbox 855 2447 1592 2515; baseline 0 -14"><span class='ocrx_word' id='word_1_86' title='bbox 855 2448 1016 2515; x_wconf 85' lang='lat' dir='ltr'><strong>Lapis</strong></span> <span class='ocrx_word' id='word_1_87' title='bbox 1045 2447 1114 2503; x_wconf 91' lang='lat' dir='ltr'><strong>de</strong></span> <span class='ocrx_word' id='word_1_88' title='bbox 1139 2456 1319 2501; x_wconf 90' lang='lat' dir='ltr'><strong>monte</strong></span> <span class='ocrx_word' id='word_1_89' title='bbox 1349 2449 1592 2512; x_wconf 78' lang='lat' dir='ltr'><strong>veniens,</strong></span> 
     </span>
    </p>
   </div>
   <div class='ocr_carea' id='block_1_25' title="bbox 782 2538 1610 2608">
    <p class='ocr_par' dir='ltr' id='par_1_25' title="bbox 782 2538 1610 2608">
     <span class='ocr_line' id='line_1_25' title="bbox 782 2538 1610 2608; baseline 0 -17"><span class='ocrx_word' id='word_1_90' title='bbox 782 2539 1140 2607; x_wconf 80' lang='lat' dir='ltr'><strong>Muiidumque</strong></span> <span class='ocrx_word' id='word_1_91' title='bbox 1170 2538 1386 2605; x_wconf 85' lang='lat' dir='ltr'><strong>replens</strong></span> <span class='ocrx_word' id='word_1_92' title='bbox 1423 2538 1610 2608; x_wconf 73' lang='lat' dir='ltr'><strong>gratia,</strong></span> 
     </span>
    </p>
   </div>
   <div class='ocr_carea' id='block_1_26' title="bbox 784 2628 1700 2697">
    <p class='ocr_par' dir='ltr' id='par_1_26' title="bbox 784 2628 1700 2697">
     <span class='ocr_line' id='line_1_26' title="bbox 784 2628 1700 2697; baseline 0.002 -16"><span class='ocrx_word' id='word_1_93' title='bbox 784 2629 951 2695; x_wconf 83' lang='lat' dir='ltr'><strong>Quem</strong></span> <span class='ocrx_word' id='word_1_94' title='bbox 982 2644 1086 2683; x_wconf 90' lang='lat' dir='ltr'><strong>non</strong></span> <span class='ocrx_word' id='word_1_95' title='bbox 1116 2629 1422 2697; x_wconf 61' lang='lat' dir='ltr'><strong>pra’cissum</strong></span> <span class='ocrx_word' id='word_1_96' title='bbox 1454 2628 1700 2683; x_wconf 75' lang='lat' dir='ltr'><strong>manibus</strong></span> 
     </span>
    </p>
   </div>
   <div class='ocr_carea' id='block_1_27' title="bbox 786 2717 1483 2771">
    <p class='ocr_par' dir='ltr' id='par_1_27' title="bbox 786 2717 1483 2771">
     <span class='ocr_line' id='line_1_27' title="bbox 786 2717 1483 2771; baseline 0.001 -1"><span class='ocrx_word' id='word_1_97' title='bbox 786 2717 943 2771; x_wconf 86' lang='lat' dir='ltr'><strong>Vates</strong></span> <span class='ocrx_word' id='word_1_98' title='bbox 973 2718 1167 2771; x_wconf 81' lang='lat' dir='ltr'><strong>vetusti</strong></span> <span class='ocrx_word' id='word_1_99' title='bbox 1209 2718 1483 2771; x_wconf 83' lang='lat' dir='ltr'><strong>nunciam.</strong></span> 
     </span>
    </p>
   </div>
   <div class='ocr_carea' id='block_1_28' title="bbox 854 2808 1705 2876">
    <p class='ocr_par' dir='ltr' id='par_1_28' title="bbox 854 2808 1705 2876">
     <span class='ocr_line' id='line_1_28' title="bbox 854 2808 1705 2876; baseline 0.007 -18"><span class='ocrx_word' id='word_1_100' title='bbox 854 2808 977 2876; x_wconf 84' lang='lat' dir='ltr'><strong>Qui,</strong></span> <span class='ocrx_word' id='word_1_101' title='bbox 1011 2810 1251 2873; x_wconf 78' lang='lat' dir='ltr'><strong>verbum,</strong></span> <span class='ocrx_word' id='word_1_102' title='bbox 1277 2823 1401 2862; x_wconf 90' lang='lat' dir='ltr'><strong>caro</strong></span> <span class='ocrx_word' id='word_1_103' title='bbox 1420 2810 1593 2863; x_wconf 80' lang='lat' dir='ltr'><strong>factus</strong></span> <span class='ocrx_word' id='word_1_104' title='bbox 1621 2817 1705 2865; x_wconf 80' lang='lat' dir='ltr'><strong>est</strong></span> 
     </span>
    </p>
   </div>
   <div class='ocr_carea' id='block_1_29' title="bbox 783 2900 1364 2972">
    <p class='ocr_par' dir='ltr' id='par_1_29' title="bbox 783 2900 1364 2972">
     <span class='ocr_line' id='line_1_29' title="bbox 783 2900 1364 2972; baseline 0 -17"><span class='ocrx_word' id='word_1_105' title='bbox 783 2900 1061 2955; x_wconf 68' lang='lat' dir='ltr'><strong>Praeconio</strong></span> <span class='ocrx_word' id='word_1_106' title='bbox 1087 2901 1364 2972; x_wconf 78' lang='lat' dir='ltr'><strong>Angélico,</strong></span> 
     </span>
    </p>
   </div>
   <div class='ocr_carea' id='block_1_30' title="bbox 786 2992 1510 3061">
    <p class='ocr_par' dir='ltr' id='par_1_30' title="bbox 786 2992 1510 3061">
     <span class='ocr_line' id='line_1_30' title="bbox 786 2992 1510 3061; baseline 0 -16"><span class='ocrx_word' id='word_1_107' title='bbox 786 2993 861 3047; x_wconf 92' lang='lat' dir='ltr'><strong>De</strong></span> <span class='ocrx_word' id='word_1_108' title='bbox 888 2993 1139 3047; x_wconf 77' lang='lat' dir='ltr'><strong>claustris</strong></span> <span class='ocrx_word' id='word_1_109' title='bbox 1167 2992 1510 3061; x_wconf 80' lang='lat' dir='ltr'><strong>virginalibus</strong></span> 
     </span>
    </p>
   </div>
   <div class='ocr_carea' id='block_1_31' title="bbox 783 3081 1507 3152">
    <p class='ocr_par' dir='ltr' id='par_1_31' title="bbox 783 3081 1507 3152">
     <span class='ocr_line' id='line_1_31' title="bbox 783 3081 1507 3152; baseline 0.007 -18"><span class='ocrx_word' id='word_1_110' title='bbox 783 3081 1015 3149; x_wconf 73' lang='lat' dir='ltr'><strong>Virginis</strong></span> <span class='ocrx_word' id='word_1_111' title='bbox 1038 3083 1188 3152; x_wconf 84' lang='lat' dir='ltr'><strong>virgo</strong></span> <span class='ocrx_word' id='word_1_112' title='bbox 1217 3092 1373 3139; x_wconf 87' lang='lat' dir='ltr'><strong>natus</strong></span> <span class='ocrx_word' id='word_1_113' title='bbox 1402 3093 1507 3139; x_wconf 84' lang='lat' dir='ltr'><strong>est.</strong></span> 
     </span>
    </p>
   </div>
   <div class='ocr_carea' id='block_1_32' title="bbox 859 3172 1573 3229">
    <p class='ocr_par' dir='ltr' id='par_1_32' title="bbox 859 3172 1573 3229">
     <span class='ocr_line' id='line_1_32' title="bbox 859 3172 1573 3229; baseline -0.004 -2"><span class='ocrx_word' id='word_1_114' title='bbox 859 3172 1051 3228; x_wconf 64' lang='lat' dir='ltr'><strong>liorem</strong></span> <span class='ocrx_word' id='word_1_115' title='bbox 1082 3174 1345 3229; x_wconf 78' lang='lat' dir='ltr'><strong>dederunt</strong></span> <span class='ocrx_word' id='word_1_116' title='bbox 1377 3175 1573 3227; x_wconf 73' lang='lat' dir='ltr'><strong>:ethera</strong></span> 
     </span>
    </p>
   </div>
   <div class='ocr_carea' id='block_1_33' title="bbox 793 3262 1627 3332">
    <p class='ocr_par' dir='ltr' id='par_1_33' title="bbox 793 3262 1627 3332">
     <span class='ocr_line' id='line_1_33' title="bbox 793 3262 1627 3332; baseline 0 -15"><span class='ocrx_word' id='word_1_117' title='bbox 793 3262 1077 3332; x_wconf 81' lang='lat' dir='ltr'><strong>Nubésque</strong></span> <span class='ocrx_word' id='word_1_118' title='bbox 1104 3264 1313 3318; x_wconf 80' lang='lat' dir='ltr'><strong>Justum</strong></span> <span class='ocrx_word' id='word_1_119' title='bbox 1340 3263 1583 3317; x_wconf 79' lang='lat' dir='ltr'><strong>fuderunt</strong></span> <span class='ocrx_word' id='word_1_120' title='bbox 1604 3281 1627 3331; x_wconf 48' lang='grc'><strong>;⁵</strong></span> 
     </span>
    </p>
   </div>
   <div class='ocr_carea' id='block_1_34' title="bbox 782 3354 1519 3423">
    <p class='ocr_par' dir='ltr' id='par_1_34' title="bbox 782 3354 1519 3423">
     <span class='ocr_line' id='line_1_34' title="bbox 782 3354 1519 3423; baseline 0 -15"><span class='ocrx_word' id='word_1_121' title='bbox 782 3354 977 3409; x_wconf 84' lang='lat' dir='ltr'><strong>Patens</strong></span> <span class='ocrx_word' id='word_1_122' title='bbox 1006 3356 1215 3423; x_wconf 77' lang='lat' dir='ltr'><strong>excepit</strong></span> <span class='ocrx_word' id='word_1_123' title='bbox 1238 3354 1519 3410; x_wconf 88' lang='lat' dir='ltr'><strong>Dominum</strong></span> 
     </span>
    </p>
   </div>
   <div class='ocr_carea' id='block_1_35' title="bbox 782 3444 1518 3516">
    <p class='ocr_par' dir='ltr' id='par_1_35' title="bbox 782 3444 1518 3516">
     <span class='ocr_line' id='line_1_35' title="bbox 782 3444 1518 3516; baseline 0 -17"><span class='ocrx_word' id='word_1_124' title='bbox 782 3444 947 3499; x_wconf 83' lang='lat' dir='ltr'><strong>Terra</strong></span> <span class='ocrx_word' id='word_1_125' title='bbox 977 3448 1205 3502; x_wconf 75' lang='lat' dir='ltr'><strong>salutent</strong></span> <span class='ocrx_word' id='word_1_126' title='bbox 1237 3449 1518 3516; x_wconf 82' lang='lat' dir='ltr'><strong>génerans.</strong></span> 
     </span>
    </p>
   </div>
   <div class='ocr_carea' id='block_1_36' title="bbox 857 3534 1441 3605">
    <p class='ocr_par' dir='ltr' id='par_1_36' title="bbox 857 3534 1441 3605">
     <span class='ocr_line' id='line_1_36' title="bbox 857 3534 1441 3605; baseline 0 -17"><span class='ocrx_word' id='word_1_127' title='bbox 857 3534 1109 3590; x_wconf 77' lang='lat' dir='ltr'><strong>Mirabilis</strong></span> <span class='ocrx_word' id='word_1_128' title='bbox 1165 3537 1441 3605; x_wconf 82' lang='lat' dir='ltr'><strong>concéptiu</strong></span> 
     </span>
    </p>
   </div>
   <div class='ocr_carea' id='block_1_37' title="bbox 781 3625 1587 3695">
    <p class='ocr_par' dir='ltr' id='par_1_37' title="bbox 781 3625 1587 3695">
     <span class='ocr_line' id='line_1_37' title="bbox 781 3625 1587 3695; baseline -0.001 -15"><span class='ocrx_word' id='word_1_129' title='bbox 781 3625 1055 3680; x_wconf 84' lang='lat' dir='ltr'><strong>Christum</strong></span> <span class='ocrx_word' id='word_1_130' title='bbox 1088 3626 1308 3695; x_wconf 71' lang='lat' dir='ltr'><strong>prélulit</strong></span> <span class='ocrx_word' id='word_1_131' title='bbox 1328 3629 1587 3692; x_wconf 76' lang='lat' dir='ltr'><strong>sobolem,</strong></span> 
     </span>
    </p>
   </div>
   <div class='ocr_carea' id='block_1_38' title="bbox 787 3715 1577 3787">
    <p class='ocr_par' dir='ltr' id='par_1_38' title="bbox 787 3715 1577 3787">
     <span class='ocr_line' id='line_1_38' title="bbox 787 3715 1577 3787; baseline 0 -16"><span class='ocrx_word' id='word_1_132' title='bbox 787 3716 857 3771; x_wconf 87' lang='lat' dir='ltr'><strong>llt</strong></span> <span class='ocrx_word' id='word_1_133' title='bbox 884 3715 1045 3787; x_wconf 88' lang='lat' dir='ltr'><strong>Virgo</strong></span> <span class='ocrx_word' id='word_1_134' title='bbox 1074 3728 1281 3786; x_wconf 85' lang='lat' dir='ltr'><strong>partum</strong></span> <span class='ocrx_word' id='word_1_135' title='bbox 1314 3719 1577 3785; x_wconf 78' lang='lat' dir='ltr'><strong>funderet,</strong></span> 
     </span>
    </p>
   </div>
   <div class='ocr_carea' id='block_1_39' title="bbox 782 3804 1603 3877">
    <p class='ocr_par' dir='ltr' id='par_1_39' title="bbox 782 3804 1603 3877">
     <span class='ocr_line' id='line_1_39' title="bbox 782 3804 1603 3877; baseline 0 -17"><span class='ocrx_word' id='word_1_136' title='bbox 782 3804 909 3861; x_wconf 86' lang='lat' dir='ltr'><strong>Post</strong></span> <span class='ocrx_word' id='word_1_137' title='bbox 940 3815 1144 3874; x_wconf 84' lang='lat' dir='ltr'><strong>partum</strong></span> <span class='ocrx_word' id='word_1_138' title='bbox 1175 3810 1325 3877; x_wconf 85' lang='lat' dir='ltr'><strong>virgo</strong></span> <span class='ocrx_word' id='word_1_139' title='bbox 1368 3810 1603 3863; x_wconf 84' lang='lat' dir='ltr'><strong>sisteret.</strong></span> 
     </span>
    </p>
   </div>
   <div class='ocr_carea' id='block_1_40' title="bbox 864 3897 1490 3954">
    <p class='ocr_par' dir='ltr' id='par_1_40' title="bbox 864 3897 1490 3954">
     <span class='ocr_line' id='line_1_40' title="bbox 864 3897 1490 3954; baseline 0.006 -5"><span class='ocrx_word' id='word_1_140' title='bbox 864 3897 1077 3951; x_wconf 78' lang='lat' dir='ltr'><strong>Exultet</strong></span> <span class='ocrx_word' id='word_1_141' title='bbox 1104 3901 1280 3954; x_wconf 87' lang='lat' dir='ltr'><strong>omnis</strong></span> <span class='ocrx_word' id='word_1_142' title='bbox 1318 3900 1490 3953; x_wconf 76' lang='lat' dir='ltr'><strong>anima</strong></span> 
     </span>
    </p>
   </div>
   <div class='ocr_carea' id='block_1_41' title="bbox 730 3985 1655 4061">
    <p class='ocr_par' dir='ltr' id='par_1_41' title="bbox 730 3985 1655 4061">
     <span class='ocr_line' id='line_1_41' title="bbox 730 3985 1655 4061; baseline 0.004 -22"><span class='ocrx_word' id='word_1_143' title='bbox 730 4058 733 4061; x_wconf 90' lang='lat'><em>_</em></span> <span class='ocrx_word' id='word_1_144' title='bbox 784 3985 934 4041; x_wconf 82' lang='lat' dir='ltr'><strong>Nunc</strong></span> <span class='ocrx_word' id='word_1_145' title='bbox 957 3986 1371 4057; x_wconf 81' lang='lat' dir='ltr'><strong>Redemptorem</strong></span> <span class='ocrx_word' id='word_1_146' title='bbox 1397 3989 1655 4058; x_wconf 71' lang='lat' dir='ltr'><strong>gentium,</strong></span> 
     </span>
    </p>
   </div>
   <div class='ocr_carea' id='block_1_42' title="bbox 783 4075 1514 4133">
    <p class='ocr_par' dir='ltr' id='par_1_42' title="bbox 783 4075 1514 4133">
     <span class='ocr_line' id='line_1_42' title="bbox 783 4075 1514 4133; baseline 0.005 -4"><span class='ocrx_word' id='word_1_147' title='bbox 783 4075 960 4129; x_wconf 81' lang='lat' dir='ltr'><strong>Mundi</strong></span> <span class='ocrx_word' id='word_1_148' title='bbox 990 4076 1203 4133; x_wconf 83' lang='lat' dir='ltr'><strong>venisse</strong></span> <span class='ocrx_word' id='word_1_149' title='bbox 1228 4077 1514 4133; x_wconf 91' lang='lat' dir='ltr'><strong>Dominum</strong></span> 
     </span>
    </p>
   </div>
   <div class='ocr_carea' id='block_1_43' title="bbox 784 4166 1514 4238">
    <p class='ocr_par' dir='ltr' id='par_1_43' title="bbox 784 4166 1514 4238">
     <span class='ocr_line' id='line_1_43' title="bbox 784 4166 1514 4238; baseline 0.007 -17"><span class='ocrx_word' id='word_1_150' title='bbox 784 4166 1072 4224; x_wconf 77' lang='lat' dir='ltr'><strong>Redimere</strong></span> <span class='ocrx_word' id='word_1_151' title='bbox 1096 4184 1228 4238; x_wconf 89' lang='lat' dir='ltr'><strong>quos</strong></span> <span class='ocrx_word' id='word_1_152' title='bbox 1255 4170 1514 4226; x_wconf 80' lang='lat' dir='ltr'><strong>condidit.</strong></span> 
     </span>
    </p>
   </div>
   <div class='ocr_carea' id='block_1_44' title="bbox 850 4257 1542 4329">
    <p class='ocr_par' dir='ltr' id='par_1_44' title="bbox 850 4257 1542 4329">
     <span class='ocr_line' id='line_1_44' title="bbox 850 4257 1542 4329; baseline 0.006 -17"><span class='ocrx_word' id='word_1_153' title='bbox 850 4257 1076 4314; x_wconf 76' lang='lat' dir='ltr'><strong>Creator</strong></span> <span class='ocrx_word' id='word_1_154' title='bbox 1111 4262 1287 4318; x_wconf 78' lang='lat' dir='ltr'><strong>cuncti</strong></span> <span class='ocrx_word' id='word_1_155' title='bbox 1311 4261 1542 4329; x_wconf 76' lang='lat' dir='ltr'><strong>generis,</strong></span> 
     </span>
    </p>
   </div>
   <div class='ocr_carea' id='block_1_45' title="bbox 781 4347 1652 4421">
    <p class='ocr_par' dir='ltr' id='par_1_45' title="bbox 781 4347 1652 4421">
     <span class='ocr_line' id='line_1_45' title="bbox 781 4347 1652 4421; baseline 0.003 -18"><span class='ocrx_word' id='word_1_156' title='bbox 781 4347 959 4413; x_wconf 84' lang='lat' dir='ltr'><strong>Orbis,</strong></span> <span class='ocrx_word' id='word_1_157' title='bbox 997 4364 1155 4417; x_wconf 89' lang='lat' dir='ltr'><strong>quem</strong></span> <span class='ocrx_word' id='word_1_158' title='bbox 1186 4358 1331 4406; x_wconf 82' lang='lat' dir='ltr'><strong>totus</strong></span> <span class='ocrx_word' id='word_1_159' title='bbox 1362 4368 1465 4406; x_wconf 84' lang='lat' dir='ltr'><strong>non</strong></span> <span class='ocrx_word' id='word_1_160' title='bbox 1492 4352 1652 4421; x_wconf 88' lang='lat' dir='ltr'><strong>capit,</strong></span> 
     </span>
    </p>
   </div>
   <div class='ocr_carea' id='block_1_46' title="bbox 781 4436 1483 4508">
    <p class='ocr_par' dir='ltr' id='par_1_46' title="bbox 781 4436 1483 4508">
     <span class='ocr_line' id='line_1_46' title="bbox 781 4436 1483 4508; baseline 0.009 -18"><span class='ocrx_word' id='word_1_161' title='bbox 781 4436 838 4491; x_wconf 91' lang='lat' dir='ltr'><strong>ln</strong></span> <span class='ocrx_word' id='word_1_162' title='bbox 868 4448 976 4503; x_wconf 79' lang='lat' dir='ltr'><strong>tua,</strong></span> <span class='ocrx_word' id='word_1_163' title='bbox 1005 4449 1190 4495; x_wconf 86' lang='lat' dir='ltr'><strong>sancta</strong></span> <span class='ocrx_word' id='word_1_164' title='bbox 1220 4440 1483 4508; x_wconf 82' lang='lat' dir='ltr'><strong>Génitrix,</strong></span> 
     </span>
    </p>
   </div>
   <div class='ocr_carea' id='block_1_47' title="bbox 781 4526 1473 4585">
    <p class='ocr_par' dir='ltr' id='par_1_47' title="bbox 781 4526 1473 4585">
     <span class='ocr_line' id='line_1_47' title="bbox 781 4526 1473 4585; baseline 0.004 -3"><span class='ocrx_word' id='word_1_165' title='bbox 781 4526 916 4582; x_wconf 84' lang='lat' dir='ltr'><strong>Sese</strong></span> <span class='ocrx_word' id='word_1_166' title='bbox 944 4529 1196 4584; x_wconf 79' lang='lat' dir='ltr'><strong>reclausit</strong></span> <span class='ocrx_word' id='word_1_167' title='bbox 1217 4531 1425 4585; x_wconf 83' lang='lat' dir='ltr'><strong>viscera</strong></span> <span class='ocrx_word' id='word_1_168' title='bbox 1458 4550 1473 4585; x_wconf 89' lang='lat'><strong>:</strong></span> 
     </span>
    </p>
   </div>
   <div class='ocr_carea' id='block_1_48' title="bbox 855 4618 1645 4691">
    <p class='ocr_par' dir='ltr' id='par_1_48' title="bbox 855 4618 1645 4691">
     <span class='ocr_line' id='line_1_48' title="bbox 855 4618 1645 4691; baseline 0.01 -20"><span class='ocrx_word' id='word_1_169' title='bbox 855 4618 1046 4687; x_wconf 86' lang='lat' dir='ltr'><strong>Quem,</strong></span> <span class='ocrx_word' id='word_1_170' title='bbox 1074 4620 1230 4677; x_wconf 89' lang='lat' dir='ltr'><strong>Pater</strong></span> <span class='ocrx_word' id='word_1_171' title='bbox 1253 4633 1378 4676; x_wconf 85' lang='lat' dir='ltr'><strong>ante</strong></span> <span class='ocrx_word' id='word_1_172' title='bbox 1407 4622 1645 4691; x_wconf 72' lang='lat' dir='ltr'><strong>tempora</strong></span> 
     </span>
    </p>
   </div>
   <div class='ocr_carea' id='block_1_49' title="bbox 783 4707 1468 4782">
    <p class='ocr_par' dir='ltr' id='par_1_49' title="bbox 783 4707 1468 4782">
     <span class='ocr_line' id='line_1_49' title="bbox 783 4707 1468 4782; baseline 0.007 -20"><span class='ocrx_word' id='word_1_173' title='bbox 783 4707 945 4772; x_wconf 91' lang='lat' dir='ltr'><strong>Deus,</strong></span> <span class='ocrx_word' id='word_1_174' title='bbox 972 4710 1249 4782; x_wconf 79' lang='lat' dir='ltr'><strong>Deumque</strong></span> <span class='ocrx_word' id='word_1_175' title='bbox 1269 4713 1468 4782; x_wconf 80' lang='lat' dir='ltr'><strong>genuit,</strong></span> 
     </span>
    </p>
   </div>
   <div class='ocr_carea' id='block_1_50' title="bbox 784 4797 1441 4872">
    <p class='ocr_par' dir='ltr' id='par_1_50' title="bbox 784 4797 1441 4872">
     <span class='ocr_line' id='line_1_50' title="bbox 784 4797 1441 4872; baseline 0.009 -19"><span class='ocrx_word' id='word_1_176' title='bbox 784 4797 970 4854; x_wconf 73' lang='lat' dir='ltr'><strong>Matris</strong></span> <span class='ocrx_word' id='word_1_177' title='bbox 998 4802 1136 4855; x_wconf 90' lang='lat' dir='ltr'><strong>alma</strong></span> <span class='ocrx_word' id='word_1_178' title='bbox 1163 4804 1441 4872; x_wconf 75' lang='lat' dir='ltr'><strong>virginitas</strong></span> 
     </span>
    </p>
   </div>
   <div class='ocr_carea' id='block_1_51' title="bbox 780 4888 1635 4961">
    <p class='ocr_par' dir='ltr' id='par_1_51' title="bbox 780 4888 1635 4961">
     <span class='ocr_line' id='line_1_51' title="bbox 780 4888 1635 4961; baseline 0.007 -17"><span class='ocrx_word' id='word_1_179' title='bbox 780 4888 915 4945; x_wconf 87' lang='lat' dir='ltr'><strong>Cum</strong></span> <span class='ocrx_word' id='word_1_180' title='bbox 944 4891 1182 4961; x_wconf 74' lang='lat' dir='ltr'><strong>tempore</strong></span> <span class='ocrx_word' id='word_1_181' title='bbox 1212 4902 1418 4961; x_wconf 83' lang='lat' dir='ltr'><strong>partum</strong></span> <span class='ocrx_word' id='word_1_182' title='bbox 1449 4893 1635 4961; x_wconf 76' lang='lat' dir='ltr'><strong>edidit,</strong></span> 
     </span>
    </p>
   </div>
   <div class='ocr_carea' id='block_1_52' title="bbox 855 4982 1582 5051">
    <p class='ocr_par' dir='ltr' id='par_1_52' title="bbox 855 4982 1582 5051">
     <span class='ocr_line' id='line_1_52' title="bbox 855 4982 1582 5051; baseline 0.001 -15"><span class='ocrx_word' id='word_1_183' title='bbox 855 4982 1074 5037; x_wconf 84' lang='lat' dir='ltr'><strong>Tollens</strong></span> <span class='ocrx_word' id='word_1_184' title='bbox 1094 4994 1282 5039; x_wconf 89' lang='lat' dir='ltr'><strong>cuncta</strong></span> <span class='ocrx_word' id='word_1_185' title='bbox 1314 4986 1582 5051; x_wconf 80' lang='lat' dir='ltr'><strong>facinora‘,</strong></span> 
     </span>
    </p>
   </div>
   <div class='ocr_carea' id='block_1_53' title="bbox 783 5072 1551 5140">
    <p class='ocr_par' dir='ltr' id='par_1_53' title="bbox 783 5072 1551 5140">
     <span class='ocr_line' id='line_1_53' title="bbox 783 5072 1551 5140; baseline 0.003 -13"><span class='ocrx_word' id='word_1_186' title='bbox 783 5072 851 5127; x_wconf 88' lang='lat' dir='ltr'><strong>Et</strong></span> <span class='ocrx_word' id='word_1_187' title='bbox 875 5074 1079 5129; x_wconf 87' lang='lat' dir='ltr'><strong>donans</strong></span> <span class='ocrx_word' id='word_1_188' title='bbox 1101 5085 1284 5129; x_wconf 89' lang='lat' dir='ltr'><strong>sancta</strong></span> <span class='ocrx_word' id='word_1_189' title='bbox 1312 5077 1551 5140; x_wconf 79' lang='lat' dir='ltr'><strong>munera,</strong></span> 
     </span>
    </p>
   </div>
   <div class='ocr_carea' id='block_1_54' title="bbox 785 5164 1597 5234">
    <p class='ocr_par' dir='ltr' id='par_1_54' title="bbox 785 5164 1597 5234">
     <span class='ocr_line' id='line_1_54' title="bbox 785 5164 1597 5234; baseline 0.005 -16"><span class='ocrx_word' id='word_1_190' title='bbox 785 5166 1140 5234; x_wconf 85' lang='lat' dir='ltr'><strong>Augméntuni</strong></span> <span class='ocrx_word' id='word_1_191' title='bbox 1174 5166 1306 5221; x_wconf 75' lang='lat' dir='ltr'><strong>Iunis</strong></span> <span class='ocrx_word' id='word_1_192' title='bbox 1327 5164 1597 5232; x_wconf 74' lang='lat' dir='ltr'><strong>adferens,</strong></span> 
     </span>
    </p>
   </div>
   <div class='ocr_carea' id='block_1_55' title="bbox 780 5253 1617 5314">
    <p class='ocr_par' dir='ltr' id='par_1_55' title="bbox 780 5253 1617 5314">
     <span class='ocr_line' id='line_1_55' title="bbox 780 5253 1617 5314; baseline 0.006 -5"><span class='ocrx_word' id='word_1_193' title='bbox 780 5253 1043 5310; x_wconf 76' lang='lat' dir='ltr'><strong>Tenebris</strong></span> <span class='ocrx_word' id='word_1_194' title='bbox 1071 5256 1323 5310; x_wconf 85' lang='lat' dir='ltr'><strong>damnum</strong></span> <span class='ocrx_word' id='word_1_195' title='bbox 1365 5257 1617 5314; x_wconf 79' lang='lat' dir='ltr'><strong>inferens.</strong></span> 
     </span>
    </p>
   </div>
   <div class='ocr_carea' id='block_1_56' title="bbox 855 5346 1472 5417">
    <p class='ocr_par' dir='ltr' id='par_1_56' title="bbox 855 5346 1472 5417">
     <span class='ocr_line' id='line_1_56' title="bbox 855 5346 1472 5417; baseline 0.005 -17"><span class='ocrx_word' id='word_1_196' title='bbox 855 5346 968 5403; x_wconf 81' lang='lat' dir='ltr'><strong>Deo</strong></span> <span class='ocrx_word' id='word_1_197' title='bbox 1005 5347 1147 5401; x_wconf 85' lang='lat' dir='ltr'><strong>Patri</strong></span> <span class='ocrx_word' id='word_1_198' title='bbox 1186 5348 1255 5401; x_wconf 93' lang='lat' dir='ltr'><strong>sit</strong></span> <span class='ocrx_word' id='word_1_199' title='bbox 1282 5347 1472 5417; x_wconf 89' lang='lat' dir='ltr'><strong>gloria,</strong></span> 
     </span>
    </p>
   </div>
   <div class='ocr_carea' id='block_1_57' title="bbox 786 5434 1333 5505">
    <p class='ocr_par' dir='ltr' id='par_1_57' title="bbox 786 5434 1333 5505">
     <span class='ocr_line' id='line_1_57' title="bbox 786 5434 1333 5505; baseline 0.004 -16"><span class='ocrx_word' id='word_1_200' title='bbox 786 5434 1028 5505; x_wconf 76' lang='lat' dir='ltr'><strong>Eiusque</strong></span> <span class='ocrx_word' id='word_1_201' title='bbox 1049 5438 1147 5492; x_wconf 86' lang='lat' dir='ltr'><strong>soli</strong></span> <span class='ocrx_word' id='word_1_202' title='bbox 1177 5438 1333 5502; x_wconf 86' lang='lat' dir='ltr'><strong>Filio,</strong></span> 
     </span>
    </p>
   </div>
   <div class='ocr_carea' id='block_1_58' title="bbox 786 5522 1445 5592">
    <p class='ocr_par' dir='ltr' id='par_1_58' title="bbox 786 5522 1445 5592">
     <span class='ocr_line' id='line_1_58' title="bbox 786 5522 1445 5592; baseline 0.008 -15"><span class='ocrx_word' id='word_1_203' title='bbox 786 5522 918 5578; x_wconf 90' lang='lat' dir='ltr'><strong>Cum</strong></span> <span class='ocrx_word' id='word_1_204' title='bbox 951 5524 1151 5592; x_wconf 84' lang='lat' dir='ltr'><strong>Spiritu</strong></span> <span class='ocrx_word' id='word_1_205' title='bbox 1182 5527 1445 5584; x_wconf 76' lang='lat' dir='ltr'><strong>Paraclito</strong></span> 
     </span>
    </p>
   </div>
   <div class='ocr_carea' id='block_1_59' title="bbox 789 5612 1438 5682">
    <p class='ocr_par' dir='ltr' id='par_1_59' title="bbox 789 5612 1438 5682">
     <span class='ocr_line' id='line_1_59' title="bbox 789 5612 1438 5682; baseline 0.011 -17"><span class='ocrx_word' id='word_1_206' title='bbox 789 5612 845 5667; x_wconf 89' lang='lat' dir='ltr'><strong>In</strong></span> <span class='ocrx_word' id='word_1_207' title='bbox 873 5614 1198 5682; x_wconf 74' lang='lat' dir='ltr'><strong>sempiterna</strong></span> <span class='ocrx_word' id='word_1_208' title='bbox 1224 5618 1438 5674; x_wconf 67' lang='lat' dir='ltr'><strong>saecula.</strong></span> 
     </span>
    </p>
   </div>
   <div class='ocr_carea' id='block_1_60' title="bbox 853 5705 1045 5757">
    <p class='ocr_par' dir='ltr' id='par_1_60' title="bbox 853 5705 1045 5757">
     <span class='ocr_line' id='line_1_60' title="bbox 853 5705 1045 5757; baseline 0.01 -2"><span class='ocrx_word' id='word_1_209' title='bbox 853 5705 1045 5757; x_wconf 82' lang='lat' dir='ltr'><strong>Amen.</strong></span> 
     </span>
    </p>
   </div>
   <div class='ocr_carea' id='block_1_61' title="bbox 2100 4568 2155 4632">
    <p class='ocr_par' dir='ltr' id='par_1_61' title="bbox 2100 4568 2155 4632">
     <span class='ocr_line' id='line_1_61' title="bbox 2100 4568 2155 4632; baseline 0 -2"><span class='ocrx_word' id='word_1_210' title='bbox 2100 4568 2155 4632; x_wconf 72' lang='grc' dir='ltr'><strong>Β</strong></span> 
     </span>
    </p>
   </div>
   <div class='ocr_carea' id='block_1_62' title="bbox 2090 4706 3744 4781">
    <p class='ocr_par' dir='ltr' id='par_1_62' title="bbox 2090 4706 3744 4781">
     <span class='ocr_line' id='line_1_62' title="bbox 2090 4706 3744 4781; baseline -0.002 -17"><span class='ocrx_word' id='word_1_211' title='bbox 2090 4706 2097 4717; x_wconf 64' lang='grc'>“</span> <span class='ocrx_word' id='word_1_212' title='bbox 2176 4709 2317 4778; x_wconf 88' lang='lat' dir='ltr'><strong>quod</strong></span> <span class='ocrx_word' id='word_1_213' title='bbox 2353 4710 2734 4778; x_wconf 78' lang='lat' dir='ltr'><strong>perficerentur</strong></span> <span class='ocrx_word' id='word_1_214' title='bbox 2762 4726 2846 4774; x_wconf 89' lang='lat' dir='ltr'><strong>ea,</strong></span> <span class='ocrx_word' id='word_1_215' title='bbox 2870 4726 2987 4781; x_wconf 70' lang='lat' dir='ltr'><strong>quas</strong></span> <span class='ocrx_word' id='word_1_216' title='bbox 3013 4712 3041 4765; x_wconf 74' lang='lat' dir='ltr'><strong>it</strong></span> <span class='ocrx_word' id='word_1_217' title='bbox 3066 4711 3292 4766; x_wconf 90' lang='lat' dir='ltr'><strong>Domino</strong></span> <span class='ocrx_word' id='word_1_218' title='bbox 3320 4713 3462 4765; x_wconf 86' lang='lat' dir='ltr'><strong>dicta</strong></span> <span class='ocrx_word' id='word_1_219' title='bbox 3492 4721 3619 4764; x_wconf 90' lang='lat' dir='ltr'><strong>sunt</strong></span> <span class='ocrx_word' id='word_1_220' title='bbox 3640 4709 3710 4763; x_wconf 84' lang='lat' dir='ltr'><strong>illi</strong></span> <span class='ocrx_word' id='word_1_221' title='bbox 3733 4727 3744 4761; x_wconf 89' lang='lat'>:</span> 
     </span>
    </p>
   </div>
   <div class='ocr_carea' id='block_1_63' title="bbox 2096 527 3745 596">
    <p class='ocr_par' dir='ltr' id='par_1_63' title="bbox 2096 527 3745 596">
     <span class='ocr_line' id='line_1_63' title="bbox 2096 527 3745 596; baseline 0.003 -17"><span class='ocrx_word' id='word_1_222' title='bbox 2096 529 2142 580; x_wconf 79' lang='grc' dir='ltr'><strong>Α</strong></span> <span class='ocrx_word' id='word_1_223' title='bbox 2245 527 2592 596; x_wconf 76' lang='lat' dir='ltr'><strong>Supplicdtio.</strong></span> <span class='ocrx_word' id='word_1_224' title='bbox 2666 528 2891 583; x_wconf 80' lang='lat' dir='ltr'><strong>Orémus</strong></span> <span class='ocrx_word' id='word_1_225' title='bbox 2969 528 3402 596; x_wconf 70' lang='lat' dir='ltr'><strong>Redemptdrem.</strong></span> <span class='ocrx_word' id='word_1_226' title='bbox 3465 530 3645 596; x_wconf 72' lang='lat' dir='ltr'><strong>Ome</strong></span> <span class='ocrx_word' id='word_1_227' title='bbox 3694 534 3745 584; x_wconf 80' lang='lat' dir='ltr'><strong>in</strong></span> 
     </span>
    </p>
   </div>
   <div class='ocr_carea' id='block_1_64' title="bbox 2186 616 2867 687">
    <p class='ocr_par' dir='ltr' id='par_1_64' title="bbox 2186 616 2867 687">
     <span class='ocr_line' id='line_1_64' title="bbox 2186 616 2867 687; baseline 0.007 -19"><span class='ocrx_word' id='word_1_228' title='bbox 2186 616 2419 686; x_wconf 75' lang='lat' dir='ltr'><strong>Vésperis</strong></span> <span class='ocrx_word' id='word_1_229' title='bbox 2448 620 2867 687; x_wconf 62' lang='lat' dir='ltr'><strong>praecedentibus.</strong></span> 
     </span>
    </p>
   </div>
   <div class='ocr_carea' id='block_1_65' title="bbox 2247 706 3743 778">
    <p class='ocr_par' dir='ltr' id='par_1_65' title="bbox 2247 706 3743 778">
     <span class='ocr_line' id='line_1_65' title="bbox 2247 706 3743 778; baseline 0.003 -17"><span class='ocrx_word' id='word_1_230' title='bbox 2247 706 2504 778; x_wconf 68' lang='lat' dir='ltr'><strong>Capitula.</strong></span> <span class='ocrx_word' id='word_1_231' title='bbox 2562 710 2606 763; x_wconf 90' lang='lat'><strong>0</strong></span> <span class='ocrx_word' id='word_1_232' title='bbox 2650 710 3005 764; x_wconf 81' lang='lat' dir='ltr'><strong>sacratissima</strong></span> <span class='ocrx_word' id='word_1_233' title='bbox 3054 710 3207 764; x_wconf 84' lang='lat' dir='ltr'><strong>Verbi</strong></span> <span class='ocrx_word' id='word_1_234' title='bbox 3242 711 3432 765; x_wconf 82' lang='lat' dir='ltr'><strong>ancilla</strong></span> <span class='ocrx_word' id='word_1_235' title='bbox 3460 720 3514 765; x_wconf 86' lang='lat' dir='ltr'><strong>et</strong></span> <span class='ocrx_word' id='word_1_236' title='bbox 3565 720 3743 775; x_wconf 82' lang='lat' dir='ltr'><strong>mater,</strong></span> 
     </span>
    </p>
   </div>
   <div class='ocr_carea' id='block_1_66' title="bbox 2176 799 3747 872">
    <p class='ocr_par' dir='ltr' id='par_1_66' title="bbox 2176 799 3747 872">
     <span class='ocr_line' id='line_1_66' title="bbox 2176 799 3747 872; baseline 0.003 -21"><span class='ocrx_word' id='word_1_237' title='bbox 2176 813 2334 867; x_wconf 85' lang='lat' dir='ltr'><strong>quam</strong></span> <span class='ocrx_word' id='word_1_238' title='bbox 2395 799 2629 855; x_wconf 84' lang='lat' dir='ltr'><strong>osténdit</strong></span> <span class='ocrx_word' id='word_1_239' title='bbox 2690 801 2963 871; x_wconf 70' lang='lat' dir='ltr'><strong>generatio</strong></span> <span class='ocrx_word' id='word_1_240' title='bbox 3020 801 3311 872; x_wconf 76' lang='lat' dir='ltr'><strong>Virginem,</strong></span> <span class='ocrx_word' id='word_1_241' title='bbox 3377 812 3433 857; x_wconf 89' lang='lat' dir='ltr'><strong>et</strong></span> <span class='ocrx_word' id='word_1_242' title='bbox 3483 802 3747 870; x_wconf 73' lang='lat' dir='ltr'><strong>virginitas</strong></span> 
     </span>
    </p>
   </div>
   <div class='ocr_carea' id='block_1_67' title="bbox 2177 891 3745 962">
    <p class='ocr_par' dir='ltr' id='par_1_67' title="bbox 2177 891 3745 962">
     <span class='ocr_line' id='line_1_67' title="bbox 2177 891 3745 962; baseline 0.002 -17"><span class='ocrx_word' id='word_1_243' title='bbox 2177 891 2487 958; x_wconf 84' lang='lat' dir='ltr'><strong>comprobat</strong></span> <span class='ocrx_word' id='word_1_244' title='bbox 2520 892 2841 948; x_wconf 68' lang='lat' dir='ltr'><strong>ticnitriceni</strong></span> <span class='ocrx_word' id='word_1_245' title='bbox 2868 897 2883 948; x_wconf 71' lang='grc' dir='ltr'><strong>ε</strong></span> <span class='ocrx_word' id='word_1_246' title='bbox 2932 895 3111 961; x_wconf 74' lang='lat' dir='ltr'><strong>patulo</strong></span> <span class='ocrx_word' id='word_1_247' title='bbox 3142 898 3352 962; x_wconf 81' lang='lat' dir='ltr'><strong>pietatis</strong></span> <span class='ocrx_word' id='word_1_248' title='bbox 3380 898 3501 950; x_wconf 88' lang='lat' dir='ltr'><strong>sinu</strong></span> <span class='ocrx_word' id='word_1_249' title='bbox 3531 910 3745 951; x_wconf 89' lang='lat' dir='ltr'><strong>concur-</strong></span> 
     </span>
    </p>
   </div>
   <div class='ocr_carea' id='block_1_68' title="bbox 2178 979 3747 1055">
    <p class='ocr_par' dir='ltr' id='par_1_68' title="bbox 2178 979 3747 1055">
     <span class='ocr_line' id='line_1_68' title="bbox 2178 979 3747 1055; baseline 0.005 -22"><span class='ocrx_word' id='word_1_250' title='bbox 2178 979 2381 1034; x_wconf 74' lang='lat' dir='ltr'><strong>réntem</strong></span> <span class='ocrx_word' id='word_1_251' title='bbox 2412 982 2477 1035; x_wconf 87' lang='lat' dir='ltr'><strong>ad</strong></span> <span class='ocrx_word' id='word_1_252' title='bbox 2512 992 2562 1036; x_wconf 90' lang='lat' dir='ltr'><strong>te</strong></span> <span class='ocrx_word' id='word_1_253' title='bbox 2593 982 2844 1050; x_wconf 82' lang='lat' dir='ltr'><strong>populum</strong></span> <span class='ocrx_word' id='word_1_254' title='bbox 2872 986 3085 1052; x_wconf 79' lang='lat' dir='ltr'><strong>suscipe</strong></span> <span class='ocrx_word' id='word_1_255' title='bbox 3118 1003 3130 1037; x_wconf 93' lang='lat'><strong>:</strong></span> <span class='ocrx_word' id='word_1_256' title='bbox 3159 986 3239 1039; x_wconf 87' lang='lat' dir='ltr'><strong>Tu</strong></span> <span class='ocrx_word' id='word_1_257' title='bbox 3290 987 3521 1054; x_wconf 71' lang='lat' dir='ltr'><strong>profusis</strong></span> <span class='ocrx_word' id='word_1_258' title='bbox 3552 988 3747 1055; x_wconf 69' lang='lat' dir='ltr'><strong>pietatis</strong></span> 
     </span>
    </p>
   </div>
   <div class='ocr_carea' id='block_1_69' title="bbox 2180 1070 3749 1145">
    <p class='ocr_par' dir='ltr' id='par_1_69' title="bbox 2180 1070 3749 1145">
     <span class='ocr_line' id='line_1_69' title="bbox 2180 1070 3749 1145; baseline 0.005 -22"><span class='ocrx_word' id='word_1_259' title='bbox 2180 1070 2477 1127; x_wconf 77' lang='lat' dir='ltr'><strong>visceribus</strong></span> <span class='ocrx_word' id='word_1_260' title='bbox 2506 1073 2709 1141; x_wconf 73' lang='lat' dir='ltr'><strong>poscito</strong></span> <span class='ocrx_word' id='word_1_261' title='bbox 2736 1089 2971 1143; x_wconf 84' lang='lat' dir='ltr'><strong>gregem,</strong></span> <span class='ocrx_word' id='word_1_262' title='bbox 3019 1091 3178 1145; x_wconf 86' lang='lat' dir='ltr'><strong>quem</strong></span> <span class='ocrx_word' id='word_1_263' title='bbox 3218 1090 3315 1130; x_wconf 91' lang='lat' dir='ltr'><strong>suo</strong></span> <span class='ocrx_word' id='word_1_264' title='bbox 3366 1076 3534 1130; x_wconf 78' lang='lat' dir='ltr'><strong>Filius</strong></span> <span class='ocrx_word' id='word_1_265' title='bbox 3579 1092 3646 1131; x_wconf 77' lang='lat' dir='ltr'><strong>ex</strong></span> <span class='ocrx_word' id='word_1_266' title='bbox 3701 1089 3749 1132; x_wconf 90' lang='lat' dir='ltr'><strong>te</strong></span> 
     </span>
    </p>
   </div>
   <div class='ocr_carea' id='block_1_70' title="bbox 2182 1163 3747 1236">
    <p class='ocr_par' dir='ltr' id='par_1_70' title="bbox 2182 1163 3747 1236">
     <span class='ocr_line' id='line_1_70' title="bbox 2182 1163 3747 1236; baseline 0.007 -25"><span class='ocrx_word' id='word_1_267' title='bbox 2182 1163 2527 1231; x_wconf 75' lang='lat' dir='ltr'><strong>progrediens</strong></span> <span class='ocrx_word' id='word_1_268' title='bbox 2555 1166 2826 1219; x_wconf 74' lang='lat' dir='ltr'><strong>mercatus</strong></span> <span class='ocrx_word' id='word_1_269' title='bbox 2858 1176 2940 1220; x_wconf 89' lang='lat' dir='ltr'><strong>est</strong></span> <span class='ocrx_word' id='word_1_270' title='bbox 2969 1166 3262 1236; x_wconf 76' lang='lat' dir='ltr'><strong>sanguine:</strong></span> <span class='ocrx_word' id='word_1_271' title='bbox 3298 1178 3352 1221; x_wconf 94' lang='lat' dir='ltr'><strong>tu</strong></span> <span class='ocrx_word' id='word_1_272' title='bbox 3385 1167 3566 1235; x_wconf 71' lang='lat' dir='ltr'><strong>praebe</strong></span> <span class='ocrx_word' id='word_1_273' title='bbox 3594 1168 3747 1222; x_wconf 81' lang='lat' dir='ltr'><strong>ubera</strong></span> 
     </span>
    </p>
   </div>
   <div class='ocr_carea' id='block_1_71' title="bbox 2177 1252 3749 1322">
    <p class='ocr_par' dir='ltr' id='par_1_71' title="bbox 2177 1252 3749 1322">
     <span class='ocr_line' id='line_1_71' title="bbox 2177 1252 3749 1322; baseline 0.006 -19"><span class='ocrx_word' id='word_1_274' title='bbox 2177 1252 2443 1317; x_wconf 71' lang='lat' dir='ltr'><strong>creandis,</strong></span> <span class='ocrx_word' id='word_1_275' title='bbox 2476 1268 2593 1322; x_wconf 67' lang='lat' dir='ltr'><strong>quae</strong></span> <span class='ocrx_word' id='word_1_276' title='bbox 2646 1256 2820 1309; x_wconf 80' lang='lat' dir='ltr'><strong>nutrix</strong></span> <span class='ocrx_word' id='word_1_277' title='bbox 2873 1256 3009 1309; x_wconf 81' lang='lat' dir='ltr'><strong>facta</strong></span> <span class='ocrx_word' id='word_1_278' title='bbox 3047 1272 3109 1311; x_wconf 92' lang='lat' dir='ltr'><strong>es</strong></span> <span class='ocrx_word' id='word_1_279' title='bbox 3136 1259 3394 1312; x_wconf 79' lang='lat' dir='ltr'><strong>creatoris</strong></span> <span class='ocrx_word' id='word_1_280' title='bbox 3427 1275 3438 1309; x_wconf 90' lang='lat'>:</span> <span class='ocrx_word' id='word_1_281' title='bbox 3476 1269 3569 1313; x_wconf 90' lang='lat' dir='ltr'><strong>tuo</strong></span> <span class='ocrx_word' id='word_1_282' title='bbox 3604 1258 3749 1313; x_wconf 78' lang='lat' dir='ltr'><strong>obse-</strong></span> 
     </span>
    </p>
   </div>
   <div class='ocr_carea' id='block_1_72' title="bbox 2178 1342 3749 1415">
    <p class='ocr_par' dir='ltr' id='par_1_72' title="bbox 2178 1342 3749 1415">
     <span class='ocr_line' id='line_1_72' title="bbox 2178 1342 3749 1415; baseline 0.008 -25"><span class='ocrx_word' id='word_1_283' title='bbox 2178 1342 2303 1409; x_wconf 91' lang='lat' dir='ltr'><strong>quio</strong></span> <span class='ocrx_word' id='word_1_284' title='bbox 2345 1343 2617 1396; x_wconf 83' lang='lat' dir='ltr'><strong>servitutis</strong></span> <span class='ocrx_word' id='word_1_285' title='bbox 2664 1352 2769 1397; x_wconf 75' lang='lat' dir='ltr'><strong>tum</strong></span> <span class='ocrx_word' id='word_1_286' title='bbox 2797 1344 3057 1413; x_wconf 87' lang='lat' dir='ltr'><strong>gloritica,</strong></span> <span class='ocrx_word' id='word_1_287' title='bbox 3114 1361 3250 1415; x_wconf 87' lang='lat' dir='ltr'><strong>quos</strong></span> <span class='ocrx_word' id='word_1_288' title='bbox 3275 1346 3364 1399; x_wconf 92' lang='lat' dir='ltr'><strong>tibi</strong></span> <span class='ocrx_word' id='word_1_289' title='bbox 3394 1346 3510 1401; x_wconf 87' lang='lat' dir='ltr'><strong>dari</strong></span> <span class='ocrx_word' id='word_1_290' title='bbox 3543 1348 3749 1415; x_wconf 78' lang='lat' dir='ltr'><strong>inspicis</strong></span> 
     </span>
    </p>
   </div>
   <div class='ocr_carea' id='block_1_73' title="bbox 2177 1430 3747 1505">
    <p class='ocr_par' dir='ltr' id='par_1_73' title="bbox 2177 1430 3747 1505">
     <span class='ocr_line' id='line_1_73' title="bbox 2177 1430 3747 1505; baseline 0.005 -23"><span class='ocrx_word' id='word_1_291' title='bbox 2177 1430 2517 1499; x_wconf 66' lang='lat' dir='ltr'><strong>obsequélum</strong></span> <span class='ocrx_word' id='word_1_292' title='bbox 2571 1451 2582 1485; x_wconf 88' lang='lat'><strong>:</strong></span> <span class='ocrx_word' id='word_1_293' title='bbox 2625 1434 2793 1487; x_wconf 88' lang='lat' dir='ltr'><strong>simus</strong></span> <span class='ocrx_word' id='word_1_294' title='bbox 2822 1444 2911 1487; x_wconf 92' lang='lat' dir='ltr'><strong>tuo</strong></span> <span class='ocrx_word' id='word_1_295' title='bbox 2942 1436 3241 1504; x_wconf 67' lang='lat' dir='ltr'><strong>pramuniti</strong></span> <span class='ocrx_word' id='word_1_296' title='bbox 3270 1435 3525 1505; x_wconf 75' lang='lat' dir='ltr'><strong>suﬂ&#39;n&#39;igio</strong></span> <span class='ocrx_word' id='word_1_297' title='bbox 3572 1438 3747 1505; x_wconf 61' lang='lat' dir='ltr'><strong>presi-</strong></span> 
     </span>
    </p>
   </div>
   <div class='ocr_carea' id='block_1_74' title="bbox 2178 1522 3749 1590">
    <p class='ocr_par' dir='ltr' id='par_1_74' title="bbox 2178 1522 3749 1590">
     <span class='ocr_line' id='line_1_74' title="bbox 2178 1522 3749 1590; baseline 0.006 -15"><span class='ocrx_word' id='word_1_298' title='bbox 2178 1522 2396 1590; x_wconf 76' lang='lat' dir='ltr'><strong>diane,</strong></span> <span class='ocrx_word' id='word_1_299' title='bbox 2427 1524 2515 1590; x_wconf 84' lang='lat' dir='ltr'><strong>qui</strong></span> <span class='ocrx_word' id='word_1_300' title='bbox 2545 1524 2697 1577; x_wconf 76' lang='lat' dir='ltr'><strong>sniivi</strong></span> <span class='ocrx_word' id='word_1_301' title='bbox 2729 1526 2949 1579; x_wconf 88' lang='lat' dir='ltr'><strong>servitio</strong></span> <span class='ocrx_word' id='word_1_302' title='bbox 2976 1536 3066 1581; x_wconf 94' lang='lat' dir='ltr'><strong>tuo</strong></span> <span class='ocrx_word' id='word_1_303' title='bbox 3092 1528 3365 1582; x_wconf 79' lang='lat' dir='ltr'><strong>servitutis</strong></span> <span class='ocrx_word' id='word_1_304' title='bbox 3394 1536 3500 1581; x_wconf 68' lang='lat' dir='ltr'><strong>tua:</strong></span> <span class='ocrx_word' id='word_1_305' title='bbox 3526 1528 3749 1584; x_wconf 63' lang='lat' dir='ltr'><strong>detecta-</strong></span> 
     </span>
    </p>
   </div>
   <div class='ocr_carea' id='block_1_75' title="bbox 2178 1615 3748 1688">
    <p class='ocr_par' dir='ltr' id='par_1_75' title="bbox 2178 1615 3748 1688">
     <span class='ocr_line' id='line_1_75' title="bbox 2178 1615 3748 1688; baseline 0.005 -21"><span class='ocrx_word' id='word_1_306' title='bbox 2178 1629 2297 1667; x_wconf 89' lang='lat' dir='ltr'><strong>mur</strong></span> <span class='ocrx_word' id='word_1_307' title='bbox 2345 1615 2539 1684; x_wconf 78' lang='lat' dir='ltr'><strong>perfrui</strong></span> <span class='ocrx_word' id='word_1_308' title='bbox 2584 1615 2747 1686; x_wconf 87' lang='lat' dir='ltr'><strong>jugo:</strong></span> <span class='ocrx_word' id='word_1_309' title='bbox 2780 1629 2835 1672; x_wconf 93' lang='lat' dir='ltr'><strong>ut</strong></span> <span class='ocrx_word' id='word_1_310' title='bbox 2858 1631 3078 1684; x_wconf 88' lang='lat' dir='ltr'><strong>omnes,</strong></span> <span class='ocrx_word' id='word_1_311' title='bbox 3105 1619 3194 1688; x_wconf 90' lang='lat' dir='ltr'><strong>qui</strong></span> <span class='ocrx_word' id='word_1_312' title='bbox 3224 1620 3295 1674; x_wconf 84' lang='lat' dir='ltr'><strong>ob</strong></span> <span class='ocrx_word' id='word_1_313' title='bbox 3326 1621 3588 1674; x_wconf 88' lang='lat' dir='ltr'><strong>honorem</strong></span> <span class='ocrx_word' id='word_1_314' title='bbox 3619 1622 3748 1675; x_wconf 83' lang='lat' dir='ltr'><strong>Con-</strong></span> 
     </span>
    </p>
   </div>
   <div class='ocr_carea' id='block_1_76' title="bbox 2177 1704 3749 1771">
    <p class='ocr_par' dir='ltr' id='par_1_76' title="bbox 2177 1704 3749 1771">
     <span class='ocr_line' id='line_1_76' title="bbox 2177 1704 3749 1771; baseline 0.004 -12"><span class='ocrx_word' id='word_1_315' title='bbox 2177 1704 2443 1771; x_wconf 86' lang='lat' dir='ltr'><strong>ceptionis</strong></span> <span class='ocrx_word' id='word_1_316' title='bbox 2497 1716 2599 1761; x_wconf 73' lang='lat' dir='ltr'><strong>tua:</strong></span> <span class='ocrx_word' id='word_1_317' title='bbox 2643 1708 2742 1762; x_wconf 88' lang='lat' dir='ltr'><strong>hoc</strong></span> <span class='ocrx_word' id='word_1_318' title='bbox 2769 1708 2820 1761; x_wconf 92' lang='lat' dir='ltr'><strong>in</strong></span> <span class='ocrx_word' id='word_1_319' title='bbox 2868 1710 2987 1765; x_wconf 89' lang='lat' dir='ltr'><strong>loco</strong></span> <span class='ocrx_word' id='word_1_320' title='bbox 3018 1712 3121 1764; x_wconf 91' lang='lat' dir='ltr'><strong>tuis</strong></span> <span class='ocrx_word' id='word_1_321' title='bbox 3147 1710 3495 1765; x_wconf 73' lang='lat' dir='ltr'><strong>decantamus</strong></span> <span class='ocrx_word' id='word_1_322' title='bbox 3517 1711 3571 1765; x_wconf 90' lang='lat' dir='ltr'><strong>in</strong></span> <span class='ocrx_word' id='word_1_323' title='bbox 3593 1711 3749 1766; x_wconf 79' lang='lat' dir='ltr'><strong>laudi-</strong></span> 
     </span>
    </p>
   </div>
   <div class='ocr_carea' id='block_1_77' title="bbox 2179 1794 3743 1868">
    <p class='ocr_par' dir='ltr' id='par_1_77' title="bbox 2179 1794 3743 1868">
     <span class='ocr_line' id='line_1_77' title="bbox 2179 1794 3743 1868; baseline 0.006 -21"><span class='ocrx_word' id='word_1_324' title='bbox 2179 1794 2299 1859; x_wconf 82' lang='lat' dir='ltr'><strong>bus,</strong></span> <span class='ocrx_word' id='word_1_325' title='bbox 2321 1794 2371 1849; x_wconf 91' lang='lat' dir='ltr'><strong>in</strong></span> <span class='ocrx_word' id='word_1_326' title='bbox 2398 1806 2481 1849; x_wconf 82' lang='lat' dir='ltr'><strong>tua</strong></span> <span class='ocrx_word' id='word_1_327' title='bbox 2508 1797 2765 1867; x_wconf 82' lang='lat' dir='ltr'><strong>pe&#39;rpetim</strong></span> <span class='ocrx_word' id='word_1_328' title='bbox 2790 1800 3042 1854; x_wconf 81' lang='lat' dir='ltr'><strong>servitute</strong></span> <span class='ocrx_word' id='word_1_329' title='bbox 3074 1802 3336 1868; x_wconf 73' lang='lat' dir='ltr'><strong>vivamus,</strong></span> <span class='ocrx_word' id='word_1_330' title='bbox 3382 1802 3658 1857; x_wconf 81' lang='lat' dir='ltr'><strong>venientes</strong></span> <span class='ocrx_word' id='word_1_331' title='bbox 3684 1803 3743 1856; x_wconf 88' lang='lat' dir='ltr'><strong>ad</strong></span> 
     </span>
    </p>
   </div>
   <div class='ocr_carea' id='block_1_78' title="bbox 2105 1873 3750 1961">
    <p class='ocr_par' dir='ltr' id='par_1_78' title="bbox 2105 1873 3750 1961">
     <span class='ocr_line' id='line_1_78' title="bbox 2105 1873 3750 1961; baseline 0.003 -17"><span class='ocrx_word' id='word_1_332' title='bbox 2105 1873 2152 1932; x_wconf 78' lang='grc' dir='ltr'><strong><em>Β</em></strong></span> <span class='ocrx_word' id='word_1_333' title='bbox 2181 1904 2328 1952; x_wconf 78' lang='lat' dir='ltr'><strong>eum,</strong></span> <span class='ocrx_word' id='word_1_334' title='bbox 2381 1888 2602 1957; x_wconf 78' lang='lat' dir='ltr'><strong>explosa</strong></span> <span class='ocrx_word' id='word_1_335' title='bbox 2635 1890 2919 1945; x_wconf 88' lang='lat' dir='ltr'><strong>criminum</strong></span> <span class='ocrx_word' id='word_1_336' title='bbox 2950 1892 3089 1959; x_wconf 86' lang='lat' dir='ltr'><strong>labe,</strong></span> <span class='ocrx_word' id='word_1_337' title='bbox 3117 1894 3267 1961; x_wconf 86' lang='lat' dir='ltr'><strong>cujus</strong></span> <span class='ocrx_word' id='word_1_338' title='bbox 3300 1904 3361 1948; x_wconf 78' lang='lat' dir='ltr'><strong>te&#39;</strong></span> <span class='ocrx_word' id='word_1_339' title='bbox 3378 1894 3572 1948; x_wconf 80' lang='lat' dir='ltr'><strong>votivis</strong></span> <span class='ocrx_word' id='word_1_340' title='bbox 3599 1894 3750 1948; x_wconf 55' lang='lat' dir='ltr'><strong>exeo-</strong></span> 
     </span>
    </p>
   </div>
   <div class='ocr_carea' id='block_1_79' title="bbox 2181 1978 3751 2051">
    <p class='ocr_par' dir='ltr' id='par_1_79' title="bbox 2181 1978 3751 2051">
     <span class='ocr_line' id='line_1_79' title="bbox 2181 1978 3751 2051; baseline 0.003 -19"><span class='ocrx_word' id='word_1_341' title='bbox 2181 1978 2339 2032; x_wconf 86' lang='lat' dir='ltr'><strong>liuius</strong></span> <span class='ocrx_word' id='word_1_342' title='bbox 2362 1978 2554 2033; x_wconf 78' lang='lat' dir='ltr'><strong>oﬂiciis</strong></span> <span class='ocrx_word' id='word_1_343' title='bbox 2598 1979 2920 2035; x_wconf 83' lang='lat' dir='ltr'><strong>Genitricem</strong></span> <span class='ocrx_word' id='word_1_344' title='bbox 2950 2000 2961 2033; x_wconf 92' lang='lat'><strong>:</strong></span> <span class='ocrx_word' id='word_1_345' title='bbox 2994 1991 3051 2035; x_wconf 88' lang='lat' dir='ltr'><strong>ut</strong></span> <span class='ocrx_word' id='word_1_346' title='bbox 3074 1992 3128 2036; x_wconf 91' lang='lat' dir='ltr'><strong>et</strong></span> <span class='ocrx_word' id='word_1_347' title='bbox 3149 1982 3233 2036; x_wconf 84' lang='lat' dir='ltr'><strong>hic</strong></span> <span class='ocrx_word' id='word_1_348' title='bbox 3273 1996 3370 2036; x_wconf 91' lang='lat' dir='ltr'><strong>nos</strong></span> <span class='ocrx_word' id='word_1_349' title='bbox 3400 1992 3455 2036; x_wconf 85' lang='lat' dir='ltr'><strong>tu</strong></span> <span class='ocrx_word' id='word_1_350' title='bbox 3486 1984 3751 2051; x_wconf 86' lang='lat' dir='ltr'><strong>multiplici</strong></span> 
     </span>
    </p>
   </div>
   <div class='ocr_carea' id='block_1_80' title="bbox 2178 2068 3752 2143">
    <p class='ocr_par' dir='ltr' id='par_1_80' title="bbox 2178 2068 3752 2143">
     <span class='ocr_line' id='line_1_80' title="bbox 2178 2068 3752 2143; baseline 0.004 -21"><span class='ocrx_word' id='word_1_351' title='bbox 2178 2068 2373 2124; x_wconf 81' lang='lat' dir='ltr'><strong>aﬂ&#39;éctu</strong></span> <span class='ocrx_word' id='word_1_352' title='bbox 2424 2070 2627 2124; x_wconf 80' lang='lat' dir='ltr'><strong>tuearis</strong></span> <span class='ocrx_word' id='word_1_353' title='bbox 2675 2071 2729 2124; x_wconf 92' lang='lat' dir='ltr'><strong>in</strong></span> <span class='ocrx_word' id='word_1_354' title='bbox 2787 2074 3062 2139; x_wconf 74' lang='lat' dir='ltr'><strong>smculum,</strong></span> <span class='ocrx_word' id='word_1_355' title='bbox 3092 2082 3144 2129; x_wconf 83' lang='lat' dir='ltr'><strong>et</strong></span> <span class='ocrx_word' id='word_1_356' title='bbox 3203 2074 3321 2141; x_wconf 87' lang='lat' dir='ltr'><strong>post</strong></span> <span class='ocrx_word' id='word_1_357' title='bbox 3348 2090 3413 2128; x_wconf 77' lang='lat' dir='ltr'><strong>ex</strong></span> <span class='ocrx_word' id='word_1_358' title='bbox 3464 2084 3516 2130; x_wconf 88' lang='lat' dir='ltr'><strong>te</strong></span> <span class='ocrx_word' id='word_1_359' title='bbox 3552 2074 3752 2143; x_wconf 75' lang='lat' dir='ltr'><strong>genitus</strong></span> 
     </span>
    </p>
   </div>
   <div class='ocr_carea' id='block_1_81' title="bbox 2180 2160 3752 2232">
    <p class='ocr_par' dir='ltr' id='par_1_81' title="bbox 2180 2160 3752 2232">
     <span class='ocr_line' id='line_1_81' title="bbox 2180 2160 3752 2232; baseline 0.003 -19"><span class='ocrx_word' id='word_1_360' title='bbox 2180 2160 2498 2227; x_wconf 83' lang='lat' dir='ltr'><strong>regnaturos</strong></span> <span class='ocrx_word' id='word_1_361' title='bbox 2544 2161 2818 2228; x_wconf 84' lang='lat' dir='ltr'><strong>possideat</strong></span> <span class='ocrx_word' id='word_1_362' title='bbox 2870 2164 2923 2215; x_wconf 92' lang='lat' dir='ltr'><strong>in</strong></span> <span class='ocrx_word' id='word_1_363' title='bbox 2973 2162 3269 2229; x_wconf 74' lang='lat' dir='ltr'><strong>aitérnum;</strong></span> <span class='ocrx_word' id='word_1_364' title='bbox 3318 2166 3410 2232; x_wconf 87' lang='lat' dir='ltr'><strong>qui</strong></span> <span class='ocrx_word' id='word_1_365' title='bbox 3456 2179 3556 2219; x_wconf 87' lang='lat' dir='ltr'><strong>nos</strong></span> <span class='ocrx_word' id='word_1_366' title='bbox 3584 2165 3752 2220; x_wconf 81' lang='lat' dir='ltr'><strong>docuit</strong></span> 
     </span>
    </p>
   </div>
   <div class='ocr_carea' id='block_1_82' title="bbox 2178 2250 2682 2313">
    <p class='ocr_par' dir='ltr' id='par_1_82' title="bbox 2178 2250 2682 2313">
     <span class='ocr_line' id='line_1_82' title="bbox 2178 2250 2682 2313; baseline -0.002 -10"><span class='ocrx_word' id='word_1_367' title='bbox 2178 2252 2353 2313; x_wconf 75' lang='lat' dir='ltr'><strong>orare,</strong></span> <span class='ocrx_word' id='word_1_368' title='bbox 2383 2259 2434 2303; x_wconf 88' lang='lat' dir='ltr'><strong>et</strong></span> <span class='ocrx_word' id='word_1_369' title='bbox 2464 2250 2643 2305; x_wconf 88' lang='lat' dir='ltr'><strong>dicere</strong></span> <span class='ocrx_word' id='word_1_370' title='bbox 2671 2270 2682 2302; x_wconf 92' lang='lat'>:</span> 
     </span>
    </p>
   </div>
   <div class='ocr_carea' id='block_1_83' title="bbox 2250 2340 3354 2413">
    <p class='ocr_par' dir='ltr' id='par_1_83' title="bbox 2250 2340 3354 2413">
     <span class='ocr_line' id='line_1_83' title="bbox 2250 2340 3354 2413; baseline 0.006 -21"><span class='ocrx_word' id='word_1_371' title='bbox 2250 2340 2407 2393; x_wconf 81' lang='lat' dir='ltr'><strong>Pater</strong></span> <span class='ocrx_word' id='word_1_372' title='bbox 2430 2350 2631 2394; x_wconf 89' lang='lat' dir='ltr'><strong>noster.</strong></span> <span class='ocrx_word' id='word_1_373' title='bbox 2675 2340 2907 2396; x_wconf 75' lang='lat' dir='ltr'><strong>Liberali</strong></span> <span class='ocrx_word' id='word_1_374' title='bbox 2936 2342 2966 2396; x_wconf 67' lang='grc' dir='ltr'><strong>ὲ</strong></span> <span class='ocrx_word' id='word_1_375' title='bbox 2988 2344 3150 2399; x_wconf 88' lang='lat' dir='ltr'><strong>malo.</strong></span> <span class='ocrx_word' id='word_1_376' title='bbox 3180 2344 3275 2413; x_wconf 81' lang='lat' dir='ltr'><strong>fol.</strong></span> <span class='ocrx_word' id='word_1_377' title='bbox 3297 2343 3354 2399; x_wconf 76' lang='grc'><strong>2.</strong></span> 
     </span>
    </p>
   </div>
   <div class='ocr_carea' id='block_1_84' title="bbox 2251 2430 3749 2501">
    <p class='ocr_par' dir='ltr' id='par_1_84' title="bbox 2251 2430 3749 2501">
     <span class='ocr_line' id='line_1_84' title="bbox 2251 2430 3749 2501; baseline 0.003 -16"><span class='ocrx_word' id='word_1_378' title='bbox 2251 2430 2453 2485; x_wconf 85' lang='lat' dir='ltr'><strong>Lauda.</strong></span> <span class='ocrx_word' id='word_1_379' title='bbox 2504 2430 2643 2487; x_wconf 89' lang='lat' dir='ltr'><strong>Ecce</strong></span> <span class='ocrx_word' id='word_1_380' title='bbox 2693 2442 2921 2501; x_wconf 89' lang='lat' dir='ltr'><strong>tempus,</strong></span> <span class='ocrx_word' id='word_1_381' title='bbox 2953 2433 3082 2489; x_wconf 90' lang='lat' dir='ltr'><strong>dicit</strong></span> <span class='ocrx_word' id='word_1_382' title='bbox 3113 2434 3387 2490; x_wconf 81' lang='lat' dir='ltr'><strong>Dominus.</strong></span> <span class='ocrx_word' id='word_1_383' title='bbox 3442 2434 3749 2495; x_wconf 76' lang='lat' dir='ltr'><strong>Benedictis.</strong></span> 
     </span>
    </p>
   </div>
   <div class='ocr_carea' id='block_1_85' title="bbox 2181 2523 3754 2597">
    <p class='ocr_par' dir='ltr' id='par_1_85' title="bbox 2181 2523 3754 2597">
     <span class='ocr_line' id='line_1_85' title="bbox 2181 2523 3754 2597; baseline 0.002 -19"><span class='ocrx_word' id='word_1_384' title='bbox 2181 2524 2439 2579; x_wconf 89' lang='lat' dir='ltr'><strong>Dominus</strong></span> <span class='ocrx_word' id='word_1_385' title='bbox 2464 2524 2622 2580; x_wconf 82' lang='lat' dir='ltr'><strong>Jesns</strong></span> <span class='ocrx_word' id='word_1_386' title='bbox 2652 2523 2917 2591; x_wconf 86' lang='lat' dir='ltr'><strong>Christus,</strong></span> <span class='ocrx_word' id='word_1_387' title='bbox 2940 2526 3032 2595; x_wconf 92' lang='lat' dir='ltr'><strong>qui</strong></span> <span class='ocrx_word' id='word_1_388' title='bbox 3060 2528 3185 2581; x_wconf 90' lang='lat' dir='ltr'><strong>olim</strong></span> <span class='ocrx_word' id='word_1_389' title='bbox 3212 2542 3278 2582; x_wconf 79' lang='lat' dir='ltr'><strong>ex</strong></span> <span class='ocrx_word' id='word_1_390' title='bbox 3304 2527 3542 2597; x_wconf 85' lang='lat' dir='ltr'><strong>Virgine.</strong></span> <span class='ocrx_word' id='word_1_391' title='bbox 3578 2529 3754 2593; x_wconf 62' lang='lat' dir='ltr'><strong>Quare</strong></span> 
     </span>
    </p>
   </div>
   <div class='ocr_carea' id='block_1_86' title="bbox 2180 2617 3113 2687">
    <p class='ocr_par' dir='ltr' id='par_1_86' title="bbox 2180 2617 3113 2687">
     <span class='ocr_line' id='line_1_86' title="bbox 2180 2617 3113 2687; baseline 0 -14"><span class='ocrx_word' id='word_1_392' title='bbox 2180 2620 2314 2673; x_wconf 81' lang='lat' dir='ltr'><strong>retro</strong></span> <span class='ocrx_word' id='word_1_393' title='bbox 2339 2619 2391 2673; x_wconf 80' lang='lat' dir='ltr'><strong>in</strong></span> <span class='ocrx_word' id='word_1_394' title='bbox 2430 2617 2664 2687; x_wconf 76' lang='lat' dir='ltr'><strong>Vésperis</strong></span> <span class='ocrx_word' id='word_1_395' title='bbox 2696 2620 3113 2687; x_wconf 67' lang='lat' dir='ltr'><strong>pracedéntibus.</strong></span> 
     </span>
    </p>
   </div>
   <div class='ocr_carea' id='block_1_87' title="bbox 2674 2773 3261 2843">
    <p class='ocr_par' dir='ltr' id='par_1_87' title="bbox 2674 2773 3261 2843">
     <span class='ocr_line' id='line_1_87' title="bbox 2674 2773 3261 2843; baseline 0 -16"><span class='ocrx_word' id='word_1_396' title='bbox 2674 2774 2743 2828; x_wconf 81' lang='lat' dir='ltr'><strong>In</strong></span> <span class='ocrx_word' id='word_1_397' title='bbox 2772 2777 2984 2831; x_wconf 67' lang='lat' dir='ltr'><strong>exéunls</strong></span> <span class='ocrx_word' id='word_1_398' title='bbox 3017 2773 3261 2843; x_wconf 75' lang='lat' dir='ltr'><strong>Vésperd.</strong></span> 
     </span>
    </p>
   </div>
   <div class='ocr_carea' id='block_1_88' title="bbox 2250 2883 3745 2957">
    <p class='ocr_par' dir='ltr' id='par_1_88' title="bbox 2250 2883 3745 2957">
     <span class='ocr_line' id='line_1_88' title="bbox 2250 2883 3745 2957; baseline 0 -18"><span class='ocrx_word' id='word_1_399' title='bbox 2250 2886 2448 2940; x_wconf 85' lang='lat' dir='ltr'><strong>Lauda.</strong></span> <span class='ocrx_word' id='word_1_400' title='bbox 2485 2886 2643 2957; x_wconf 88' lang='lat' dir='ltr'><strong>Virgo</strong></span> <span class='ocrx_word' id='word_1_401' title='bbox 2674 2886 2851 2952; x_wconf 82' lang='lat' dir='ltr'><strong>lsraél,</strong></span> <span class='ocrx_word' id='word_1_402' title='bbox 2880 2886 3074 2941; x_wconf 77' lang='lat' dir='ltr'><strong>ornare</strong></span> <span class='ocrx_word' id='word_1_403' title='bbox 3104 2883 3373 2957; x_wconf 85' lang='lat' dir='ltr'><strong>tympanis</strong></span> <span class='ocrx_word' id='word_1_404' title='bbox 3420 2886 3546 2941; x_wconf 87' lang='lat' dir='ltr'><strong>tuis.</strong></span> <span class='ocrx_word' id='word_1_405' title='bbox 3595 2887 3745 2942; x_wconf 79' lang='lat' dir='ltr'><strong>Sana.</strong></span> 
     </span>
    </p>
   </div>
   <div class='ocr_carea' id='block_1_89' title="bbox 2180 2978 3751 3047">
    <p class='ocr_par' dir='ltr' id='par_1_89' title="bbox 2180 2978 3751 3047">
     <span class='ocr_line' id='line_1_89' title="bbox 2180 2978 3751 3047; baseline -0.001 -14"><span class='ocrx_word' id='word_1_406' title='bbox 2180 2978 2445 3047; x_wconf 48' lang='lat' dir='ltr'><strong>Ap,‘aruit</strong></span> <span class='ocrx_word' id='word_1_407' title='bbox 2475 2980 2708 3047; x_wconf 82' lang='lat' dir='ltr'><strong>Angelus</strong></span> <span class='ocrx_word' id='word_1_408' title='bbox 2738 2980 2940 3044; x_wconf 65' lang='lat' dir='ltr'><strong>Maria},</strong></span> <span class='ocrx_word' id='word_1_409' title='bbox 2964 2979 3147 3035; x_wconf 83' lang='lat' dir='ltr'><strong>dicetis</strong></span> <span class='ocrx_word' id='word_1_410' title='bbox 3177 2995 3193 3034; x_wconf 91' lang='lat'><strong>:</strong></span> <span class='ocrx_word' id='word_1_411' title='bbox 3222 2978 3383 3034; x_wconf 84' lang='lat' dir='ltr'><strong>Ecce.</strong></span> <span class='ocrx_word' id='word_1_412' title='bbox 3420 2979 3608 3046; x_wconf 66' lang='lat' dir='ltr'><strong>Quarto</strong></span> <span class='ocrx_word' id='word_1_413' title='bbox 3628 2981 3751 3033; x_wconf 67' lang='lat' dir='ltr'><strong>retro</strong></span> 
     </span>
    </p>
   </div>
   <div class='ocr_carea' id='block_1_90' title="bbox 2178 3070 2730 3141">
    <p class='ocr_par' dir='ltr' id='par_1_90' title="bbox 2178 3070 2730 3141">
     <span class='ocr_line' id='line_1_90' title="bbox 2178 3070 2730 3141; baseline 0 -16"><span class='ocrx_word' id='word_1_414' title='bbox 2178 3070 2231 3125; x_wconf 76' lang='lat' dir='ltr'><strong>in</strong></span> <span class='ocrx_word' id='word_1_415' title='bbox 2263 3073 2442 3139; x_wconf 83' lang='lat' dir='ltr'><strong>primis</strong></span> <span class='ocrx_word' id='word_1_416' title='bbox 2476 3070 2730 3141; x_wconf 70' lang='lat' dir='ltr'><strong>Vésperis.</strong></span> 
     </span>
    </p>
   </div>
   <div class='ocr_carea' id='block_1_91' title="bbox 2250 3162 3750 3233">
    <p class='ocr_par' dir='ltr' id='par_1_91' title="bbox 2250 3162 3750 3233">
     <span class='ocr_line' id='line_1_91' title="bbox 2250 3162 3750 3233; baseline 0 -17"><span class='ocrx_word' id='word_1_417' title='bbox 2250 3162 2567 3229; x_wconf 73' lang='lat' dir='ltr'><strong>Antiphone.</strong></span> <span class='ocrx_word' id='word_1_418' title='bbox 2623 3168 2665 3215; x_wconf 84' lang='grc' dir='ltr'>υ</span> <span class='ocrx_word' id='word_1_419' title='bbox 2718 3163 2876 3232; x_wconf 72' lang='lat' dir='ltr'><strong>quam</strong></span> <span class='ocrx_word' id='word_1_420' title='bbox 2929 3178 3176 3233; x_wconf 87' lang='lat' dir='ltr'><strong>magnum</strong></span> <span class='ocrx_word' id='word_1_421' title='bbox 3207 3164 3524 3218; x_wconf 74' lang='lat' dir='ltr'><strong>miraculum</strong></span> <span class='ocrx_word' id='word_1_422' title='bbox 3557 3163 3750 3217; x_wconf 53' lang='lat' dir='ltr'><strong>inaudk</strong></span> 
     </span>
    </p>
   </div>
   <div class='ocr_carea' id='block_1_92' title="bbox 2105 3224 3746 3322">
    <p class='ocr_par' dir='ltr' id='par_1_92' title="bbox 2105 3224 3746 3322">
     <span class='ocr_line' id='line_1_92' title="bbox 2105 3224 3746 3322; baseline -0.001 -15"><span class='ocrx_word' id='word_1_423' title='bbox 2105 3224 2149 3288; x_wconf 65' lang='grc' dir='ltr'>Ο</span> <span class='ocrx_word' id='word_1_424' title='bbox 2182 3255 2329 3307; x_wconf 82' lang='lat' dir='ltr'><strong>tum!</strong></span> <span class='ocrx_word' id='word_1_425' title='bbox 2360 3224 2537 3308; x_wconf 82' lang='lat' dir='ltr'><strong>Virtus</strong></span> <span class='ocrx_word' id='word_1_426' title='bbox 2586 3254 2654 3308; x_wconf 89' lang='lat' dir='ltr'><strong>de</strong></span> <span class='ocrx_word' id='word_1_427' title='bbox 2683 3224 2825 3309; x_wconf 52' lang='lat' dir='ltr'><strong>coelo</strong></span> <span class='ocrx_word' id='word_1_428' title='bbox 2856 3224 3147 3322; x_wconf 58' lang='lat' dir='ltr'><strong>prospeitit,</strong></span> <span class='ocrx_word' id='word_1_429' title='bbox 3180 3253 3517 3308; x_wconf 80' lang='lat' dir='ltr'><strong>obumbravit</strong></span> <span class='ocrx_word' id='word_1_430' title='bbox 3549 3253 3746 3308; x_wconf 79' lang='lat' dir='ltr'><strong>uterum</strong></span> 
     </span>
    </p>
   </div>
   <div class='ocr_carea' id='block_1_93' title="bbox 2182 3342 3750 3415">
    <p class='ocr_par' dir='ltr' id='par_1_93' title="bbox 2182 3342 3750 3415">
     <span class='ocr_line' id='line_1_93' title="bbox 2182 3342 3750 3415; baseline -0.003 -15"><span class='ocrx_word' id='word_1_431' title='bbox 2182 3344 2433 3415; x_wconf 78' lang='lat' dir='ltr'><strong>Virginis.</strong></span> <span class='ocrx_word' id='word_1_432' title='bbox 2468 3343 2533 3400; x_wconf 86' lang='lat' dir='ltr'><strong>P.</strong></span> <span class='ocrx_word' id='word_1_433' title='bbox 2561 3344 2757 3400; x_wconf 89' lang='lat' dir='ltr'><strong>Potens</strong></span> <span class='ocrx_word' id='word_1_434' title='bbox 2779 3353 2862 3400; x_wconf 89' lang='lat' dir='ltr'><strong>est</strong></span> <span class='ocrx_word' id='word_1_435' title='bbox 2885 3344 3135 3414; x_wconf 83' lang='lat' dir='ltr'><strong>majéstas</strong></span> <span class='ocrx_word' id='word_1_436' title='bbox 3155 3343 3353 3397; x_wconf 84' lang='lat' dir='ltr'><strong>includi</strong></span> <span class='ocrx_word' id='word_1_437' title='bbox 3379 3342 3515 3397; x_wconf 74' lang='lat' dir='ltr'><strong>intra</strong></span> <span class='ocrx_word' id='word_1_438' title='bbox 3546 3343 3750 3396; x_wconf 89' lang='lat' dir='ltr'><strong>cubicu-</strong></span> 
     </span>
    </p>
   </div>
   <div class='ocr_carea' id='block_1_94' title="bbox 2177 3434 3745 3506">
    <p class='ocr_par' dir='ltr' id='par_1_94' title="bbox 2177 3434 3745 3506">
     <span class='ocr_line' id='line_1_94' title="bbox 2177 3434 3745 3506; baseline -0.003 -16"><span class='ocrx_word' id='word_1_439' title='bbox 2177 3437 2285 3492; x_wconf 90' lang='lat' dir='ltr'><strong>lum</strong></span> <span class='ocrx_word' id='word_1_440' title='bbox 2317 3436 2715 3506; x_wconf 77' lang='lat' dir='ltr'><strong>cordis,januis</strong></span> <span class='ocrx_word' id='word_1_441' title='bbox 2740 3439 2957 3492; x_wconf 88' lang='lat' dir='ltr'><strong>clausis.</strong></span> <span class='ocrx_word' id='word_1_442' title='bbox 3001 3438 3033 3503; x_wconf 57' lang='grc' dir='ltr'><em>ᾖ</em></span> <span class='ocrx_word' id='word_1_443' title='bbox 3058 3474 3073 3489; x_wconf 93' lang='grc'><strong>.</strong></span> <span class='ocrx_word' id='word_1_444' title='bbox 3124 3434 3334 3489; x_wconf 78' lang='lat' dir='ltr'><strong>Veritas</strong></span> <span class='ocrx_word' id='word_1_445' title='bbox 3360 3434 3425 3487; x_wconf 84' lang='lat' dir='ltr'><strong>de</strong></span> <span class='ocrx_word' id='word_1_446' title='bbox 3458 3443 3605 3488; x_wconf 87' lang='lat' dir='ltr'><strong>terra</strong></span> <span class='ocrx_word' id='word_1_447' title='bbox 3642 3442 3745 3489; x_wconf 85' lang='lat' dir='ltr'><strong>orta</strong></span> 
     </span>
    </p>
   </div>
   <div class='ocr_carea' id='block_1_95' title="bbox 2179 3526 3746 3598">
    <p class='ocr_par' dir='ltr' id='par_1_95' title="bbox 2179 3526 3746 3598">
     <span class='ocr_line' id='line_1_95' title="bbox 2179 3526 3746 3598; baseline -0.005 -13"><span class='ocrx_word' id='word_1_448' title='bbox 2179 3539 2262 3585; x_wconf 88' lang='lat' dir='ltr'><strong>est</strong></span> <span class='ocrx_word' id='word_1_449' title='bbox 2295 3548 2306 3584; x_wconf 89' lang='lat'><strong>:</strong></span> <span class='ocrx_word' id='word_1_450' title='bbox 2339 3539 2395 3584; x_wconf 91' lang='lat' dir='ltr'><strong>et</strong></span> <span class='ocrx_word' id='word_1_451' title='bbox 2435 3531 2641 3598; x_wconf 86' lang='lat' dir='ltr'><strong>justitia</strong></span> <span class='ocrx_word' id='word_1_452' title='bbox 2698 3530 2766 3585; x_wconf 83' lang='lat' dir='ltr'><strong>de</strong></span> <span class='ocrx_word' id='word_1_453' title='bbox 2814 3531 2953 3585; x_wconf 79' lang='lat' dir='ltr'><strong>cmlo</strong></span> <span class='ocrx_word' id='word_1_454' title='bbox 2980 3529 3270 3598; x_wconf 75' lang='lat' dir='ltr'><strong>prospexit.</strong></span> <span class='ocrx_word' id='word_1_455' title='bbox 3298 3526 3364 3580; x_wconf 84' lang='lat' dir='ltr'><strong>P.</strong></span> <span class='ocrx_word' id='word_1_456' title='bbox 3412 3527 3615 3582; x_wconf 86' lang='lat' dir='ltr'><strong>Potens</strong></span> <span class='ocrx_word' id='word_1_457' title='bbox 3652 3536 3746 3580; x_wconf 83' lang='lat' dir='ltr'><strong>est.</strong></span> 
     </span>
    </p>
   </div>
   <div class='ocr_carea' id='block_1_96' title="bbox 2194 3620 3256 3687">
    <p class='ocr_par' dir='ltr' id='par_1_96' title="bbox 2194 3620 3256 3687">
     <span class='ocr_line' id='line_1_96' title="bbox 2194 3620 3256 3687; baseline 0 -14"><span class='ocrx_word' id='word_1_458' title='bbox 2194 3621 2229 3682; x_wconf 60' lang='grc' dir='ltr'>ᾖ</span> <span class='ocrx_word' id='word_1_459' title='bbox 2256 3660 2269 3673; x_wconf 94' lang='grc'><strong>.</strong></span> <span class='ocrx_word' id='word_1_460' title='bbox 2302 3620 2506 3687; x_wconf 87' lang='lat' dir='ltr'><strong>Gloria,</strong></span> <span class='ocrx_word' id='word_1_461' title='bbox 2539 3632 2590 3675; x_wconf 90' lang='lat' dir='ltr'><strong>et</strong></span> <span class='ocrx_word' id='word_1_462' title='bbox 2622 3622 2811 3675; x_wconf 85' lang='lat' dir='ltr'><strong>honor.</strong></span> <span class='ocrx_word' id='word_1_463' title='bbox 2850 3620 2911 3674; x_wconf 83' lang='grc' dir='ltr'><strong>Ρ.</strong></span> <span class='ocrx_word' id='word_1_464' title='bbox 2936 3620 3131 3675; x_wconf 87' lang='lat' dir='ltr'><strong>Potens</strong></span> <span class='ocrx_word' id='word_1_465' title='bbox 3155 3630 3256 3674; x_wconf 86' lang='lat' dir='ltr'><strong>est.</strong></span> 
     </span>
    </p>
   </div>
   <div class='ocr_carea' id='block_1_97' title="bbox 2253 3711 3012 3775">
    <p class='ocr_par' dir='ltr' id='par_1_97' title="bbox 2253 3711 3012 3775">
     <span class='ocr_line' id='line_1_97' title="bbox 2253 3711 3012 3775; baseline 0.001 -11"><span class='ocrx_word' id='word_1_466' title='bbox 2253 3711 2508 3765; x_wconf 88' lang='lat' dir='ltr'><strong>Dominus</strong></span> <span class='ocrx_word' id='word_1_467' title='bbox 2534 3712 2623 3765; x_wconf 87' lang='lat' dir='ltr'><strong>sit.</strong></span> <span class='ocrx_word' id='word_1_468' title='bbox 2672 3712 2708 3775; x_wconf 67' lang='grc' dir='ltr'>ιῆ</span> <span class='ocrx_word' id='word_1_469' title='bbox 2734 3753 2745 3765; x_wconf 93' lang='grc'><strong>.</strong></span> <span class='ocrx_word' id='word_1_470' title='bbox 2780 3711 2846 3766; x_wconf 84' lang='lat' dir='ltr'><strong>Et</strong></span> <span class='ocrx_word' id='word_1_471' title='bbox 2871 3726 3012 3765; x_wconf 89' lang='lat' dir='ltr'><strong>cum.</strong></span> 
     </span>
    </p>
   </div>
   <div class='ocr_carea' id='block_1_98' title="bbox 2253 3800 3745 3870">
    <p class='ocr_par' dir='ltr' id='par_1_98' title="bbox 2253 3800 3745 3870">
     <span class='ocr_line' id='line_1_98' title="bbox 2253 3800 3745 3870; baseline 0.003 -19"><span class='ocrx_word' id='word_1_472' title='bbox 2253 3800 2453 3857; x_wconf 86' lang='lat' dir='ltr'><strong>Lauda.</strong></span> <span class='ocrx_word' id='word_1_473' title='bbox 2479 3800 2641 3856; x_wconf 79' lang='lat' dir='ltr'><strong>Beata</strong></span> <span class='ocrx_word' id='word_1_474' title='bbox 2663 3816 2802 3868; x_wconf 90' lang='lat' dir='ltr'><strong>sum,</strong></span> <span class='ocrx_word' id='word_1_475' title='bbox 2830 3818 2949 3870; x_wconf 66' lang='lat' dir='ltr'><strong>quae</strong></span> <span class='ocrx_word' id='word_1_476' title='bbox 2972 3801 3205 3864; x_wconf 72' lang='lat' dir='ltr'><strong>credidi;</strong></span> <span class='ocrx_word' id='word_1_477' title='bbox 3249 3801 3317 3857; x_wconf 86' lang='lat' dir='ltr'><strong>P.</strong></span> <span class='ocrx_word' id='word_1_478' title='bbox 3356 3802 3624 3868; x_wconf 85' lang='lat' dir='ltr'><strong>Quoniam</strong></span> <span class='ocrx_word' id='word_1_479' title='bbox 3652 3801 3745 3856; x_wconf 86' lang='lat' dir='ltr'><strong>im-</strong></span> 
     </span>
    </p>
   </div>
   <div class='ocr_carea' id='block_1_99' title="bbox 2178 3890 3742 3963">
    <p class='ocr_par' dir='ltr' id='par_1_99' title="bbox 2178 3890 3742 3963">
     <span class='ocr_line' id='line_1_99' title="bbox 2178 3890 3742 3963; baseline 0.002 -19"><span class='ocrx_word' id='word_1_480' title='bbox 2178 3890 2463 3960; x_wconf 80' lang='lat' dir='ltr'><strong>plebuntur</strong></span> <span class='ocrx_word' id='word_1_481' title='bbox 2514 3891 2713 3958; x_wconf 89' lang='lat' dir='ltr'><strong>omnia,</strong></span> <span class='ocrx_word' id='word_1_482' title='bbox 2772 3908 2891 3963; x_wconf 62' lang='lat' dir='ltr'><strong>quae</strong></span> <span class='ocrx_word' id='word_1_483' title='bbox 2942 3892 3084 3948; x_wconf 88' lang='lat' dir='ltr'><strong>dicta</strong></span> <span class='ocrx_word' id='word_1_484' title='bbox 3111 3901 3236 3947; x_wconf 89' lang='lat' dir='ltr'><strong>sunt</strong></span> <span class='ocrx_word' id='word_1_485' title='bbox 3283 3893 3470 3946; x_wconf 70' lang='lat' dir='ltr'><strong>mihia</strong></span> <span class='ocrx_word' id='word_1_486' title='bbox 3504 3893 3742 3947; x_wconf 89' lang='lat' dir='ltr'><strong>Domino.</strong></span> 
     </span>
    </p>
   </div>
   <div class='ocr_carea' id='block_1_100' title="bbox 2176 3983 3749 4055">
    <p class='ocr_par' dir='ltr' id='par_1_100' title="bbox 2176 3983 3749 4055">
     <span class='ocr_line' id='line_1_100' title="bbox 2176 3983 3749 4055; baseline 0 -17"><span class='ocrx_word' id='word_1_487' title='bbox 2176 3983 2423 4050; x_wconf 77' lang='lat' dir='ltr'><strong>Alleluia,</strong></span> <span class='ocrx_word' id='word_1_488' title='bbox 2456 3984 2693 4040; x_wconf 81' lang='lat' dir='ltr'><strong>alleluia.</strong></span> <span class='ocrx_word' id='word_1_489' title='bbox 2756 3986 2790 4055; x_wconf 59' lang='grc' dir='ltr'><em>ᾗ</em></span> <span class='ocrx_word' id='word_1_490' title='bbox 2814 4024 2830 4040; x_wconf 91' lang='grc'><strong>.</strong></span> <span class='ocrx_word' id='word_1_491' title='bbox 2867 3986 3026 4050; x_wconf 89' lang='lat' dir='ltr'><strong>Deus,</strong></span> <span class='ocrx_word' id='word_1_492' title='bbox 3061 3983 3286 4055; x_wconf 70' lang='lat' dir='ltr'><strong>[cccsvi]</strong></span> <span class='ocrx_word' id='word_1_493' title='bbox 3341 3985 3613 4039; x_wconf 72' lang='lat' dir='ltr'><strong>canticum</strong></span> <span class='ocrx_word' id='word_1_494' title='bbox 3659 3999 3749 4038; x_wconf 68' lang='grc' dir='ltr'><strong>ηοη</strong></span> 
     </span>
    </p>
   </div>
   <div class='ocr_carea' id='block_1_101' title="bbox 2175 4076 3749 4145">
    <p class='ocr_par' dir='ltr' id='par_1_101' title="bbox 2175 4076 3749 4145">
     <span class='ocr_line' id='line_1_101' title="bbox 2175 4076 3749 4145; baseline 0 -17"><span class='ocrx_word' id='word_1_495' title='bbox 2175 4090 2302 4128; x_wconf 88' lang='lat' dir='ltr'><strong>vum</strong></span> <span class='ocrx_word' id='word_1_496' title='bbox 2350 4076 2579 4129; x_wconf 72' lang='lat' dir='ltr'><strong>cantabo</strong></span> <span class='ocrx_word' id='word_1_497' title='bbox 2611 4076 2705 4130; x_wconf 88' lang='lat' dir='ltr'><strong>tibi</strong></span> <span class='ocrx_word' id='word_1_498' title='bbox 2757 4078 2855 4130; x_wconf 91' lang='lat' dir='ltr'><strong>:in</strong></span> <span class='ocrx_word' id='word_1_499' title='bbox 2904 4076 3153 4145; x_wconf 77' lang='lat' dir='ltr'><strong>psalterio</strong></span> <span class='ocrx_word' id='word_1_500' title='bbox 3206 4076 3388 4130; x_wconf 83' lang='lat' dir='ltr'><strong>decem</strong></span> <span class='ocrx_word' id='word_1_501' title='bbox 3431 4078 3749 4131; x_wconf 76' lang='lat' dir='ltr'><strong>chordarum</strong></span> 
     </span>
    </p>
   </div>
   <div class='ocr_carea' id='block_1_102' title="bbox 2174 4166 3747 4237">
    <p class='ocr_par' dir='ltr' id='par_1_102' title="bbox 2174 4166 3747 4237">
     <span class='ocr_line' id='line_1_102' title="bbox 2174 4166 3747 4237; baseline -0.002 -15"><span class='ocrx_word' id='word_1_502' title='bbox 2174 4168 2395 4237; x_wconf 84' lang='lat' dir='ltr'><strong>psallam</strong></span> <span class='ocrx_word' id='word_1_503' title='bbox 2427 4167 2540 4222; x_wconf 90' lang='lat' dir='ltr'><strong>tibi.</strong></span> <span class='ocrx_word' id='word_1_504' title='bbox 2572 4166 2639 4221; x_wconf 88' lang='lat' dir='ltr'><strong>P.</strong></span> <span class='ocrx_word' id='word_1_505' title='bbox 2688 4166 2951 4234; x_wconf 81' lang='lat' dir='ltr'><strong>Quoniam</strong></span> <span class='ocrx_word' id='word_1_506' title='bbox 2998 4166 3379 4237; x_wconf 79' lang='lat' dir='ltr'><strong>implebuntur.</strong></span> <span class='ocrx_word' id='word_1_507' title='bbox 3428 4168 3505 4235; x_wconf 57' lang='grc' dir='ltr'><strong>ᾗ.</strong></span> <span class='ocrx_word' id='word_1_508' title='bbox 3550 4166 3747 4231; x_wconf 82' lang='lat' dir='ltr'><strong>Gloria,</strong></span> 
     </span>
    </p>
   </div>
   <div class='ocr_carea' id='block_1_103' title="bbox 2174 4258 2863 4326">
    <p class='ocr_par' dir='ltr' id='par_1_103' title="bbox 2174 4258 2863 4326">
     <span class='ocr_line' id='line_1_103' title="bbox 2174 4258 2863 4326; baseline 0 -14"><span class='ocrx_word' id='word_1_509' title='bbox 2174 4269 2227 4313; x_wconf 89' lang='lat' dir='ltr'><strong>et</strong></span> <span class='ocrx_word' id='word_1_510' title='bbox 2256 4258 2446 4312; x_wconf 86' lang='lat' dir='ltr'><strong>honor.</strong></span> <span class='ocrx_word' id='word_1_511' title='bbox 2479 4258 2546 4313; x_wconf 87' lang='grc' dir='ltr'><strong>Ρ.</strong></span> <span class='ocrx_word' id='word_1_512' title='bbox 2581 4258 2863 4326; x_wconf 86' lang='lat' dir='ltr'><strong>Quoniam.</strong></span> 
     </span>
    </p>
   </div>
   <div class='ocr_carea' id='block_1_104' title="bbox 2246 4347 3746 4421">
    <p class='ocr_par' dir='ltr' id='par_1_104' title="bbox 2246 4347 3746 4421">
     <span class='ocr_line' id='line_1_104' title="bbox 2246 4347 3746 4421; baseline 0.002 -21"><span class='ocrx_word' id='word_1_513' title='bbox 2246 4347 2503 4418; x_wconf 81' lang='lat' dir='ltr'><strong>Hymnus.</strong></span> <span class='ocrx_word' id='word_1_514' title='bbox 2574 4353 2615 4405; x_wconf 82' lang='lat' dir='ltr'><strong>A</strong></span> <span class='ocrx_word' id='word_1_515' title='bbox 2679 4352 2810 4405; x_wconf 83' lang='lat' dir='ltr'><strong>solis</strong></span> <span class='ocrx_word' id='word_1_516' title='bbox 2871 4359 3040 4406; x_wconf 91' lang='lat' dir='ltr'><strong>ortus.</strong></span> <span class='ocrx_word' id='word_1_517' title='bbox 3099 4350 3451 4421; x_wconf 73' lang='lat' dir='ltr'><strong>Supplicdtio.</strong></span> <span class='ocrx_word' id='word_1_518' title='bbox 3508 4350 3746 4407; x_wconf 61' lang='lat' dir='ltr'><strong>Oremus.</strong></span> 
     </span>
    </p>
   </div>
   <div class='ocr_carea' id='block_1_105' title="bbox 2178 4439 2926 4509">
    <p class='ocr_par' dir='ltr' id='par_1_105' title="bbox 2178 4439 2926 4509">
     <span class='ocr_line' id='line_1_105' title="bbox 2178 4439 2926 4509; baseline 0.003 -17"><span class='ocrx_word' id='word_1_519' title='bbox 2178 4439 2357 4505; x_wconf 76' lang='lat' dir='ltr'><strong>Quam</strong></span> <span class='ocrx_word' id='word_1_520' title='bbox 2380 4440 2433 4493; x_wconf 84' lang='lat' dir='ltr'><strong>in</strong></span> <span class='ocrx_word' id='word_1_521' title='bbox 2457 4440 2631 4507; x_wconf 84' lang='lat' dir='ltr'><strong>primis</strong></span> <span class='ocrx_word' id='word_1_522' title='bbox 2667 4440 2926 4509; x_wconf 78' lang='lat' dir='ltr'><strong>Ve’speris.</strong></span> 
     </span>
    </p>
   </div>
   <div class='ocr_carea' id='block_1_106' title="bbox 2246 4528 3746 4600">
    <p class='ocr_par' dir='ltr' id='par_1_106' title="bbox 2246 4528 3746 4600">
     <span class='ocr_line' id='line_1_106' title="bbox 2246 4528 3746 4600; baseline -0.001 -15"><span class='ocrx_word' id='word_1_523' title='bbox 2246 4528 2505 4599; x_wconf 79' lang='lat' dir='ltr'><strong>Capltula.</strong></span> <span class='ocrx_word' id='word_1_524' title='bbox 2550 4530 2711 4585; x_wconf 74' lang='lat' dir='ltr'><strong>Beata</strong></span> <span class='ocrx_word' id='word_1_525' title='bbox 2742 4540 2844 4596; x_wconf 90' lang='lat' dir='ltr'><strong>est,</strong></span> <span class='ocrx_word' id='word_1_526' title='bbox 2885 4529 3118 4597; x_wconf 82' lang='lat' dir='ltr'><strong>Christe,</strong></span> <span class='ocrx_word' id='word_1_527' title='bbox 3170 4531 3408 4600; x_wconf 74' lang='lat' dir='ltr'><strong>gloridsa</strong></span> <span class='ocrx_word' id='word_1_528' title='bbox 3444 4531 3628 4586; x_wconf 60' lang='lat' dir='ltr'><strong>seculi</strong></span> <span class='ocrx_word' id='word_1_529' title='bbox 3656 4528 3746 4583; x_wconf 82' lang='lat' dir='ltr'><strong>do-</strong></span> 
     </span>
    </p>
   </div>
   <div class='ocr_carea' id='block_1_107' title="bbox 2178 4618 3748 4689">
    <p class='ocr_par' dir='ltr' id='par_1_107' title="bbox 2178 4618 3748 4689">
     <span class='ocr_line' id='line_1_107' title="bbox 2178 4618 3748 4689; baseline -0.001 -18"><span class='ocrx_word' id='word_1_530' title='bbox 2178 4618 2429 4673; x_wconf 79' lang='lat' dir='ltr'><strong>minotrix</strong></span> <span class='ocrx_word' id='word_1_531' title='bbox 2460 4619 2621 4673; x_wconf 70' lang='lat' dir='ltr'><strong>Maria</strong></span> <span class='ocrx_word' id='word_1_532' title='bbox 2669 4620 2816 4688; x_wconf 89' lang='lat' dir='ltr'><strong>virgo</strong></span> <span class='ocrx_word' id='word_1_533' title='bbox 2851 4630 2962 4685; x_wconf 90' lang='lat' dir='ltr'><strong>tua,</strong></span> <span class='ocrx_word' id='word_1_534' title='bbox 3013 4636 3132 4689; x_wconf 66' lang='lat' dir='ltr'><strong>qua:</strong></span> <span class='ocrx_word' id='word_1_535' title='bbox 3161 4622 3228 4674; x_wconf 90' lang='lat' dir='ltr'><strong>ab</strong></span> <span class='ocrx_word' id='word_1_536' title='bbox 3270 4621 3476 4689; x_wconf 85' lang='lat' dir='ltr'><strong>Angelo</strong></span> <span class='ocrx_word' id='word_1_537' title='bbox 3504 4618 3748 4682; x_wconf 76' lang='lat' dir='ltr'><strong>cre’didit,</strong></span> 
     </span>
    </p>
   </div>
   <div class='ocr_carea' id='block_1_108' title="bbox 2177 4800 3749 4871">
    <p class='ocr_par' dir='ltr' id='par_1_108' title="bbox 2177 4800 3749 4871">
     <span class='ocr_line' id='line_1_108' title="bbox 2177 4800 3749 4871; baseline 0 -19"><span class='ocrx_word' id='word_1_538' title='bbox 2177 4810 2373 4869; x_wconf 83' lang='lat' dir='ltr'><strong>praesta</strong></span> <span class='ocrx_word' id='word_1_539' title='bbox 2412 4816 2539 4870; x_wconf 88' lang='lat' dir='ltr'><strong>ergo</strong></span> <span class='ocrx_word' id='word_1_540' title='bbox 2578 4800 2752 4866; x_wconf 84' lang='lat' dir='ltr'><strong>nobis,</strong></span> <span class='ocrx_word' id='word_1_541' title='bbox 2804 4802 3165 4870; x_wconf 81' lang='lat' dir='ltr'><strong>exposcimus,</strong></span> <span class='ocrx_word' id='word_1_542' title='bbox 3196 4812 3275 4868; x_wconf 88' lang='lat' dir='ltr'><strong>ut,</strong></span> <span class='ocrx_word' id='word_1_543' title='bbox 3321 4803 3411 4871; x_wconf 88' lang='lat' dir='ltr'><strong>qui</strong></span> <span class='ocrx_word' id='word_1_544' title='bbox 3436 4801 3749 4870; x_wconf 76' lang='lat' dir='ltr'><strong>conceptum</strong></span> 
     </span>
    </p>
   </div>
   <div class='ocr_carea' id='block_1_109' title="bbox 2182 4889 3753 4961">
    <p class='ocr_par' dir='ltr' id='par_1_109' title="bbox 2182 4889 3753 4961">
     <span class='ocr_line' id='line_1_109' title="bbox 2182 4889 3753 4961; baseline 0.001 -18"><span class='ocrx_word' id='word_1_545' title='bbox 2182 4889 2414 4959; x_wconf 85' lang='lat' dir='ltr'><strong>Virginis</strong></span> <span class='ocrx_word' id='word_1_546' title='bbox 2439 4890 2775 4945; x_wconf 78' lang='lat' dir='ltr'><strong>celebrantes</strong></span> <span class='ocrx_word' id='word_1_547' title='bbox 2798 4891 3121 4961; x_wconf 74' lang='lat' dir='ltr'><strong>peregimus,</strong></span> <span class='ocrx_word' id='word_1_548' title='bbox 3142 4892 3209 4947; x_wconf 90' lang='lat' dir='ltr'><strong>ad</strong></span> <span class='ocrx_word' id='word_1_549' title='bbox 3241 4892 3434 4949; x_wconf 78' lang='lat' dir='ltr'><strong>festum</strong></span> <span class='ocrx_word' id='word_1_550' title='bbox 3464 4890 3753 4947; x_wconf 76' lang='lat' dir='ltr'><strong>nativitatis</strong></span> 
     </span>
    </p>
   </div>
   <div class='ocr_carea' id='block_1_110' title="bbox 2178 4980 3217 5037">
    <p class='ocr_par' dir='ltr' id='par_1_110' title="bbox 2178 4980 3217 5037">
     <span class='ocr_line' id='line_1_110' title="bbox 2178 4980 3217 5037; baseline 0.004 -4"><span class='ocrx_word' id='word_1_551' title='bbox 2178 4990 2282 5034; x_wconf 73' lang='lat' dir='ltr'><strong>tute</strong></span> <span class='ocrx_word' id='word_1_552' title='bbox 2308 4981 2622 5035; x_wconf 77' lang='lat' dir='ltr'><strong>emaculatis</strong></span> <span class='ocrx_word' id='word_1_553' title='bbox 2648 4980 2897 5036; x_wconf 90' lang='lat' dir='ltr'><strong>cordibus</strong></span> <span class='ocrx_word' id='word_1_554' title='bbox 2924 4983 3217 5037; x_wconf 63' lang='lat' dir='ltr'><strong>veniAmus.</strong></span> 
     </span>
    </p>
   </div>
   <div class='ocr_carea' id='block_1_111' title="bbox 2246 5068 3335 5144">
    <p class='ocr_par' dir='ltr' id='par_1_111' title="bbox 2246 5068 3335 5144">
     <span class='ocr_line' id='line_1_111' title="bbox 2246 5068 3335 5144; baseline 0.005 -22"><span class='ocrx_word' id='word_1_555' title='bbox 2246 5068 2404 5124; x_wconf 85' lang='lat' dir='ltr'><strong>Pater</strong></span> <span class='ocrx_word' id='word_1_556' title='bbox 2427 5080 2628 5125; x_wconf 88' lang='lat' dir='ltr'><strong>noster.</strong></span> <span class='ocrx_word' id='word_1_557' title='bbox 2652 5070 2881 5125; x_wconf 73' lang='lat' dir='ltr'><strong>Liberati</strong></span> <span class='ocrx_word' id='word_1_558' title='bbox 2909 5072 2940 5126; x_wconf 67' lang='grc' dir='ltr'><strong>ὲ</strong></span> <span class='ocrx_word' id='word_1_559' title='bbox 2962 5073 3124 5127; x_wconf 89' lang='lat' dir='ltr'><strong>malo.</strong></span> <span class='ocrx_word' id='word_1_560' title='bbox 3154 5073 3247 5144; x_wconf 81' lang='lat' dir='ltr'><strong>fol.</strong></span> <span class='ocrx_word' id='word_1_561' title='bbox 3277 5072 3335 5127; x_wconf 68' lang='grc' dir='ltr'><strong>Ξ.</strong></span> 
     </span>
    </p>
   </div>
   <div class='ocr_carea' id='block_1_112' title="bbox 2186 5179 3755 5257">
    <p class='ocr_par' dir='ltr' id='par_1_112' title="bbox 2186 5179 3755 5257">
     <span class='ocr_line' id='line_1_112' title="bbox 2186 5179 3755 5257; baseline 0.003 -23"><span class='ocrx_word' id='word_1_562' title='bbox 2186 5254 2187 5257; x_wconf 14' lang='grc' dir='ltr'><strong>η</strong></span> <span class='ocrx_word' id='word_1_563' title='bbox 2244 5179 2556 5236; x_wconf 75' lang='lat' dir='ltr'><strong>Benedictio.</strong></span> <span class='ocrx_word' id='word_1_564' title='bbox 2593 5181 2843 5248; x_wconf 86' lang='lat' dir='ltr'><strong>Verbum,</strong></span> <span class='ocrx_word' id='word_1_565' title='bbox 2880 5185 3022 5252; x_wconf 90' lang='lat' dir='ltr'><strong>quod</strong></span> <span class='ocrx_word' id='word_1_566' title='bbox 3046 5195 3269 5239; x_wconf 90' lang='lat' dir='ltr'><strong>matrem</strong></span> <span class='ocrx_word' id='word_1_567' title='bbox 3313 5185 3454 5249; x_wconf 80' lang='lat' dir='ltr'><strong>fecit,</strong></span> <span class='ocrx_word' id='word_1_568' title='bbox 3482 5195 3545 5239; x_wconf 85' lang='lat' dir='ltr'><strong>nt</strong></span> <span class='ocrx_word' id='word_1_569' title='bbox 3598 5184 3755 5255; x_wconf 82' lang='lat' dir='ltr'><strong>Virgo</strong></span> 
     </span>
    </p>
   </div>
   <div class='ocr_carea' id='block_1_113' title="bbox 2175 5275 3755 5348">
    <p class='ocr_par' dir='ltr' id='par_1_113' title="bbox 2175 5275 3755 5348">
     <span class='ocr_line' id='line_1_113' title="bbox 2175 5275 3755 5348; baseline 0.003 -19"><span class='ocrx_word' id='word_1_570' title='bbox 2175 5275 2436 5338; x_wconf 76' lang='lat' dir='ltr'><strong>maneret,</strong></span> <span class='ocrx_word' id='word_1_571' title='bbox 2484 5276 2635 5329; x_wconf 87' lang='lat' dir='ltr'><strong>nobis</strong></span> <span class='ocrx_word' id='word_1_572' title='bbox 2664 5276 2931 5332; x_wconf 85' lang='lat' dir='ltr'><strong>adtribuat</strong></span> <span class='ocrx_word' id='word_1_573' title='bbox 2958 5277 3279 5348; x_wconf 64' lang='lat' dir='ltr'><strong>virginitbtis</strong></span> <span class='ocrx_word' id='word_1_574' title='bbox 3323 5294 3477 5347; x_wconf 89' lang='lat' dir='ltr'><strong>opem</strong></span> <span class='ocrx_word' id='word_1_575' title='bbox 3512 5296 3526 5331; x_wconf 90' lang='lat'>:</span> <span class='ocrx_word' id='word_1_576' title='bbox 3578 5280 3617 5339; x_wconf 65' lang='grc' dir='ltr'><strong><em>ἡ</em></strong></span> <span class='ocrx_word' id='word_1_577' title='bbox 3640 5316 3657 5333; x_wconf 93' lang='grc'><strong>.</strong></span> <span class='ocrx_word' id='word_1_578' title='bbox 3688 5280 3755 5333; x_wconf 80' lang='grc' dir='ltr'><strong>Δ·</strong></span> 
     </span>
    </p>
   </div>
   <div class='ocr_carea' id='block_1_114' title="bbox 2175 5364 3752 5437">
    <p class='ocr_par' dir='ltr' id='par_1_114' title="bbox 2175 5364 3752 5437">
     <span class='ocr_line' id='line_1_114' title="bbox 2175 5364 3752 5437; baseline 0 -17"><span class='ocrx_word' id='word_1_579' title='bbox 2175 5380 2320 5420; x_wconf 90' lang='lat' dir='ltr'><strong>men.</strong></span> <span class='ocrx_word' id='word_1_580' title='bbox 2374 5366 2439 5420; x_wconf 83' lang='lat' dir='ltr'><strong>Et</strong></span> <span class='ocrx_word' id='word_1_581' title='bbox 2480 5368 2568 5433; x_wconf 88' lang='lat' dir='ltr'><strong>qui</strong></span> <span class='ocrx_word' id='word_1_582' title='bbox 2618 5364 2813 5421; x_wconf 76' lang='lat' dir='ltr'><strong>intacta</strong></span> <span class='ocrx_word' id='word_1_583' title='bbox 2860 5368 2976 5437; x_wconf 86' lang='lat' dir='ltr'><strong>ejus</strong></span> <span class='ocrx_word' id='word_1_584' title='bbox 3005 5370 3243 5424; x_wconf 75' lang='lat' dir='ltr'><strong>servavit</strong></span> <span class='ocrx_word' id='word_1_585' title='bbox 3268 5369 3469 5423; x_wconf 81' lang='lat' dir='ltr'><strong>viscera</strong></span> <span class='ocrx_word' id='word_1_586' title='bbox 3530 5368 3752 5431; x_wconf 83' lang='lat' dir='ltr'><strong>ventris,</strong></span> 
     </span>
    </p>
   </div>
   <div class='ocr_carea' id='block_1_115' title="bbox 2171 5453 3755 5530">
    <p class='ocr_par' dir='ltr' id='par_1_115' title="bbox 2171 5453 3755 5530">
     <span class='ocr_line' id='line_1_115' title="bbox 2171 5453 3755 5530; baseline 0.003 -21"><span class='ocrx_word' id='word_1_587' title='bbox 2171 5453 2365 5511; x_wconf 86' lang='lat' dir='ltr'><strong>Custos</strong></span> <span class='ocrx_word' id='word_1_588' title='bbox 2386 5456 2634 5525; x_wconf 73' lang='lat' dir='ltr'><strong>dignetur</strong></span> <span class='ocrx_word' id='word_1_589' title='bbox 2660 5468 2836 5512; x_wconf 88' lang='lat' dir='ltr'><strong>vester</strong></span> <span class='ocrx_word' id='word_1_590' title='bbox 2861 5460 3050 5516; x_wconf 74' lang='lat' dir='ltr'><strong>adesse</strong></span> <span class='ocrx_word' id='word_1_591' title='bbox 3094 5461 3262 5529; x_wconf 81' lang='lat' dir='ltr'><strong>iugis;</strong></span> <span class='ocrx_word' id='word_1_592' title='bbox 3307 5461 3349 5530; x_wconf 72' lang='grc' dir='ltr'><strong><em>ἡ</em></strong></span> <span class='ocrx_word' id='word_1_593' title='bbox 3369 5500 3385 5516; x_wconf 91' lang='grc'><strong>.</strong></span> <span class='ocrx_word' id='word_1_594' title='bbox 3434 5461 3640 5516; x_wconf 79' lang='lat' dir='ltr'><strong>Amen.</strong></span> <span class='ocrx_word' id='word_1_595' title='bbox 3671 5461 3755 5523; x_wconf 79' lang='lat' dir='ltr'><strong>lit.</strong></span> 
     </span>
    </p>
   </div>
   <div class='ocr_carea' id='block_1_116' title="bbox 2172 5544 3756 5621">
    <p class='ocr_par' dir='ltr' id='par_1_116' title="bbox 2172 5544 3756 5621">
     <span class='ocr_line' id='line_1_116' title="bbox 2172 5544 3756 5621; baseline 0.005 -24"><span class='ocrx_word' id='word_1_596' title='bbox 2172 5544 2265 5611; x_wconf 92' lang='lat' dir='ltr'><strong>qui</strong></span> <span class='ocrx_word' id='word_1_597' title='bbox 2294 5544 2609 5612; x_wconf 82' lang='lat' dir='ltr'><strong>conceptum</strong></span> <span class='ocrx_word' id='word_1_598' title='bbox 2659 5549 2846 5601; x_wconf 87' lang='lat' dir='ltr'><strong>matris</strong></span> <span class='ocrx_word' id='word_1_599' title='bbox 2876 5550 3161 5606; x_wconf 77' lang='lat' dir='ltr'><strong>celebratis</strong></span> <span class='ocrx_word' id='word_1_600' title='bbox 3207 5550 3436 5621; x_wconf 71' lang='lat' dir='ltr'><strong>orando,</strong></span> <span class='ocrx_word' id='word_1_601' title='bbox 3488 5552 3614 5607; x_wconf 80' lang='lat' dir='ltr'><strong>Lux</strong></span> <span class='ocrx_word' id='word_1_602' title='bbox 3645 5550 3756 5606; x_wconf 75' lang='lat' dir='ltr'><strong>sitis</strong></span> 
     </span>
    </p>
   </div>
   <div class='ocr_carea' id='block_1_117' title="bbox 2174 5631 3322 5708">
    <p class='ocr_par' dir='ltr' id='par_1_117' title="bbox 2174 5631 3322 5708">
     <span class='ocr_line' id='line_1_117' title="bbox 2174 5631 3322 5708; baseline 0.01 -23"><span class='ocrx_word' id='word_1_603' title='bbox 2174 5631 2226 5685; x_wconf 90' lang='lat' dir='ltr'><strong>in</strong></span> <span class='ocrx_word' id='word_1_604' title='bbox 2252 5634 2471 5700; x_wconf 91' lang='lat' dir='ltr'><strong>mundo,</strong></span> <span class='ocrx_word' id='word_1_605' title='bbox 2501 5635 2826 5703; x_wconf 76' lang='lat' dir='ltr'><strong>justiﬂcante</strong></span> <span class='ocrx_word' id='word_1_606' title='bbox 2853 5637 2981 5694; x_wconf 85' lang='lat' dir='ltr'><strong>Deo.</strong></span> <span class='ocrx_word' id='word_1_607' title='bbox 3028 5640 3065 5708; x_wconf 66' lang='grc' dir='ltr'><strong>ἡ</strong></span> <span class='ocrx_word' id='word_1_608' title='bbox 3087 5678 3102 5694; x_wconf 93' lang='grc'><strong>.</strong></span> <span class='ocrx_word' id='word_1_609' title='bbox 3134 5640 3322 5696; x_wconf 80' lang='lat' dir='ltr'><strong>Amen.</strong></span> 
     </span>
    </p>
   </div>
   <div class='ocr_carea' id='block_1_118' title="bbox 2252 5724 2826 5782">
    <p class='ocr_par' dir='ltr' id='par_1_118' title="bbox 2252 5724 2826 5782">
     <span class='ocr_line' id='line_1_118' title="bbox 2252 5724 2826 5782; baseline 0.007 -5"><span class='ocrx_word' id='word_1_610' title='bbox 2252 5724 2350 5778; x_wconf 85' lang='lat' dir='ltr'><strong>Per</strong></span> <span class='ocrx_word' id='word_1_611' title='bbox 2380 5726 2826 5782; x_wconf 87' lang='lat' dir='ltr'><strong>misericordiam.</strong></span> 
     </span>
    </p>
   </div>
   <div class='ocr_carea' id='block_1_119' title="bbox 2251 5812 3755 5894">
    <p class='ocr_par' dir='ltr' id='par_1_119' title="bbox 2251 5812 3755 5894">
     <span class='ocr_line' id='line_1_119' title="bbox 2251 5812 3755 5894; baseline 0.013 -30"><span class='ocrx_word' id='word_1_612' title='bbox 2251 5812 2450 5870; x_wconf 83' lang='lat' dir='ltr'><strong>Lauda.</strong></span> <span class='ocrx_word' id='word_1_613' title='bbox 2509 5818 2645 5873; x_wconf 87' lang='lat' dir='ltr'><strong>Ecce</strong></span> <span class='ocrx_word' id='word_1_614' title='bbox 2690 5826 2935 5887; x_wconf 86' lang='lat' dir='ltr'><strong>tempus,</strong></span> <span class='ocrx_word' id='word_1_615' title='bbox 2993 5820 3119 5878; x_wconf 90' lang='lat' dir='ltr'><strong>dicit</strong></span> <span class='ocrx_word' id='word_1_616' title='bbox 3175 5822 3468 5889; x_wconf 84' lang='lat' dir='ltr'><strong>Dominus.</strong></span> <span class='ocrx_word' id='word_1_617' title='bbox 3528 5825 3589 5880; x_wconf 85' lang='lat' dir='ltr'><strong>in</strong></span> <span class='ocrx_word' id='word_1_618' title='bbox 3635 5838 3755 5894; x_wconf 60' lang='lat' dir='ltr'><strong>Quo.</strong></span> 
     </span>
    </p>
   </div>
  </div>
