3984 6376
459 371 600 428 i505

742 483 977 537 solvitur
1007 482 1059 535 in
1086 482 1361 550 pulverem

740 574 847 629 llex
874 572 1016 628 illius
1042 570 1273 628 civilittis

740 665 891 732 Fugit
919 678 1039 717 cum
1067 662 1293 717 Carisio.

812 755 962 808 Tunc
986 752 1239 808 sacérdus
1263 751 1529 806 idolorum

742 844 1077 898 Furibt’tndus
1108 843 1275 897 astitit

738 934 923 989 Gladio
954 932 1399 988 transverberavit

744 1027 997 1082 Sanctum
1022 1025 1217 1080 Christi
1240 1024 1525 1094 Mitrlyrem

740 1118 987 1172 Gloritiso
1005 1116 1269 1186 passionis

745 1208 1063 1263 Laureétum
1100 1205 1380 1275 sanguine.

808 1300 852 1352 0
876 1299 1023 1353 beata
1052 1300 1189 1351 inter
1217 1310 1403 1351 omnes

740 1390 1005 1445 Edessena
1035 1390 1246 1452 civitas,

744 1485 873 1551 Qua:
904 1483 1091 1553 pignus
1118 1481 1353 1551 suscepit
1373 1479 1568 1534 almum

744 1577 951 1631 Domini
977 1574 1327 1645 Discipulum,

742 1673 837 1729 Ubi
868 1686 1062 1740 corpus
1093 1669 1377 1738 requiescit

745 1766 877 1821 Cum
908 1764 1117 1819 honore
1139 1763 1431 1817 eunditum.

811 1853 936 1909 Inde
966 1855 1140 1907 cuneti
1171 1864 1221 1905 te
1243 1853 1527 1921 premimur

739 1946 945 2002 Summi
978 1945 1149 2000 Patris
1184 1942 1405 2008 Filium,

743 2039 889 2094 Mitte
919 2039 1072 2093 nobis
1098 2039 1165 2092 de
1194 2036 1444 2103 supernis

740 2129 993 2185 Invictum
1024 2129 1281 2182 auxilium
1311 2145 1323 2179 :

744 2220 815 2277 Ut
843 2220 1123 2276 credentes
1151 2221 1438 2275 evaditmus

743 2312 1025 2369 Etéruum
1055 2311 1373 2381 supplicium
1401 2328 1416 2375 ;

820 2404 884 2461 Ut
912 2404 1010 2459 sub
1040 2420 1145 2457 uno
1167 2412 1353 2457 cuncta
1382 2400 1578 2457 cohors

744 2496 1044 2565 Conjuncta
1073 2494 1329 2559 lidélium,

742 2588 818 2643 Te
840 2589 1145 2657 sequimur,
1181 2596 1234 2641 te
1262 2586 1542 2650 canimus,

741 2682 818 2735 Te
847 2682 1081 2735 fruemur
1110 2680 1367 2749 pérpetim
1398 2695 1413 2731 ;

743 2772 939 2828 Humili
970 2772 1313 2827 confessiiine

745 2864 1140 2920 Proclamémus
1165 2863 1412 2934 gloriam.

818 2955 998 3010 Cleria
1035 2954 1198 3019 Patri,
1224 2964 1327 3009 etc.

534 3046 877 3118 Suppuratio.
909 3047 1135 3102 Oremus
1167 3046 1577 3115 Redemptdrem
1611 3047 1815 3115 mundi,
1847 3050 2044 3104 mutato

458 3139 687 3205 nomine,
716 3140 840 3207 [όιὲο
868 3153 1135 3195 ειιχχνη.

532 3227 793 3295 Capitula.
839 3228 1063 3282 Domine
1121 3228 1282 3295 Deus,
1332 3228 1669 3297 omnipotens
1721 3228 1900 3293 Pater,
1954 3232 2045 3299 qui

462 3334 659 3389 regnas
706 3320 759 3375 in
794 3320 1075 3389 :ctérnum,
1103 3330 1158 3375 et
1202 3322 1253 3375 iu
1305 3321 1557 3375 saeculum
1612 3322 1815 3387 sazeuli,
1848 3322 1936 3391 qui
1990 3322 2081 3376 in-

461 3409 667 3467 lumine
687 3410 919 3476 habitas,
945 3410 1496 3479 incomprehensibilis
1519 3432 1531 3464 :
1560 3411 1695 3466 Deus
1715 3412 1802 3481 qui
1827 3414 2043 3476 caelum,

467 3500 770 3569 terramque
794 3500 1015 3555 ﬁrmasti
1046 3518 1055 3552 :
1083 3502 1173 3571 qui
1194 3501 1298 3555 duo
1321 3500 1609 3554 luminaria
1628 3516 1816 3570 magna
1839 3500 2042 3555 fecisti:

470 3592 612 3646 Deus
637 3593 723 3662 qui
749 3590 1023 3646 heminum
1047 3605 1217 3660 genus
1244 3589 1551 3656 condidisti,
1586 3600 1643 3643 ut
1671 3601 1720 3645 te
1746 3606 1847 3645 non
1874 3591 2046 3645 solum

466 3682 730 3747 cmléstia,
758 3682 852 3737 sed
878 3682 1038 3737 etiam
1071 3680 1345 3737 terrestria
1372 3680 1703 3736 condituram
1732 3695 1887 3736 suum
1918 3682 2049 3737 cen-

462 3786 594 3845 grua
646 3772 947 3829 laudatione
978 3772 1425 3843 magniﬁcarent:
1469 3772 1562 3843 qui
1614 3772 1893 3827 Duniinum
1948 3790 2046 3827 no-

465 3872 636 3917 strum
664 3861 847 3917 Jesum
876 3860 1145 3922 Christum
1181 3862 1371 3918 Filium
1420 3872 1567 3917 tuum
1594 3861 1661 3917 ad
1690 3877 1786 3917 nos
1816 3863 1882 3917 de
1917 3864 2047 3919 sede

466 3953 669 4010 Gloriae
701 3966 805 4011 tua:
848 3956 1083 4025 dirigere
1109 3954 1356 4026 dignatus
1396 3970 1474 4020 es,
1506 3956 1597 4027 qui
1628 3971 1726 4011 nos
1773 3958 1840 4010 ab
1884 3958 2048 4027 origi-

466 4044 575 4099 nali
603 4044 803 4100 delicto
855 4046 1128 4111 liberaret,
1158 4056 1210 4100 et
1242 4044 1332 4101 tibi
1367 4046 1497 4111 Deo,
1548 4055 1605 4100 ut
1649 4048 1765 4115 pius
1794 4046 2047 4103 Doiiiinus

462 4133 813 4204 reforméret;
860 4144 921 4191 ut
962 4135 1254 4204 heminem,
1290 4152 1446 4206 quem
1492 4137 1703 4192 invidus
1744 4140 1923 4208 praedo
1950 4156 2043 4196 sua

463 4231 778 4301 deceptic‘ine
806 4230 1137 4287 demerserat
1165 4231 1217 4287 in
1258 4230 1545 4297 infernum,
1578 4233 1693 4301 ejus
1723 4232 1917 4287 invicta
1950 4249 2046 4302 po-

466 4320 635 4378 tentia
661 4323 728 4377 ad
769 4324 974 4390 sedem,
1007 4323 1147 4379 unde
1177 4323 1446 4392 nunquam
1486 4324 1827 4390 discesserat,
1860 4326 2043 4382 suble-

467 4420 619 4476 vhret
667 4420 720 4475 in
768 4422 1002 4487 caelum;
1034 4422 1284 4493 rogamus
1332 4431 1402 4487 te,
1452 4418 1697 4487 Domine,
1724 4430 1778 4473 ut
1808 4420 1860 4474 in
1888 4419 2046 4489 hujus

1664 361 2091 423 BREVIARIUM
2133 360 2511 417 COTIIICCM.

2139 480 2447 534 beatissimo
2475 478 2734 549 Apdstolo
2775 493 2893 547 suo,
2929 479 3310 551 indulgentiam
3352 479 3503 535 vobis
3532 482 3724 550 propi-

3592 362 3722 418 15οι

2144 573 2247 625 tius
2276 571 2553 627 concedat.
2600 574 2635 636 ἡ
2660 614 2672 626 .
2707 576 2894 627 Amen.

2212 662 2315 717 Per
2344 661 2767 716 misericordiam
2799 664 2983 730 ipsius,
3013 671 3117 717 etc.

2214 752 2416 807 Lauda.
2448 753 2648 809 Statuit
2680 752 2953 808 Dominus.
2987 756 3079 824 fol.
3106 770 3273 810 cun.

2216 844 2419 900 (Initio.
2473 844 2824 913 Omnipotens
2870 844 3032 911 Deus,
3083 845 3174 914 qui
3236 845 3522 914 martyrem
3577 852 3724 898 tuum

2142 933 2399 989 Thomam
2440 933 2752 1003 Apostolum
2785 937 2836 988 in
2883 935 3243 997 miseratidne.
3276 945 3330 990 et
3360 935 3727 989 misericordia

2140 1026 2411 1079 coronasti
2444 1045 2455 1078 :
2488 1026 2614 1080 dum
2659 1026 2755 1087 illi,
2799 1034 2853 1081 et
2888 1027 2939 1081 in
2971 1035 3025 1081 te
3051 1025 3291 1092 credere,
3321 1036 3375 1079 et
3403 1042 3498 1094 per
3541 1038 3591 1079 te
3621 1028 3728 1094 pati

2140 1119 2384 1173 donasti:
2423 1128 2479 1172 ut
2512 1120 2859 1188 temporélem
2889 1120 3160 1175 sustinens
3207 1134 3446 1188 pmnam,
3470 1120 3727 1173 cortinam

2141 1210 2355 1277 raperet
2381 1209 2769 1280 sempiternam
2796 1226 2810 1263 :
2843 1209 3230 1265 intercessione
3258 1208 3374 1279 ejus
3406 1219 3599 1277 praesta
3632 1223 3729 1262 no-

2140 1304 2223 1359 bis
2253 1304 2463 1359 famulis
2493 1306 2596 1359 tuis
2617 1347 2631 1369 ,
2666 1315 2724 1359 ut
2764 1306 2809 1359 si
2839 1304 3099 1372 passiénis
3139 1304 3481 1358 eminentiam
3513 1317 3619 1357 non
3652 1311 3732 1355 at-

2143 1395 2423 1463 tingimus,
2452 1397 2721 1467 passibuis
2764 1396 3063 1465 ignorantia
3086 1397 3365 1450 careamus
3394 1412 3407 1447 :
3440 1404 3496 1447 ut
3542 1395 3733 1463 quibus

2140 1488 2393 1543 virtutum
2418 1490 2551 1543 tituli
2581 1506 2685 1544 non
2704 1490 3078 1553 adscribantur
3100 1488 3165 1542 ad
3187 1488 3442 1557 gldriam,
3473 1489 3730 1541 vitiorum

2142 1580 2407 1634 dedecora
2422 1580 2721 1646 deleantur,
2739 1596 2806 1635 ne
2820 1581 3092 1635 veniamus
3105 1581 3155 1635 in
3182 1595 3414 1649 poenam.
3440 1580 3475 1647 ιῆ
3497 1619 3512 1633 .
3540 1579 3731 1633 Amen.

2218 1672 2319 1727 Per
2350 1672 2771 1728 misericordiam
2805 1682 2970 1727 tuam.

2216 1762 2295 1814 Ad
2347 1760 2677 1815 Maluiinum.
2731 1764 3042 1833 Antiphona.
3111 1761 3269 1816 Labia
3329 1776 3446 1814 mea
3500 1761 3735 1827 apéries.

2074 1829 2121 1887 Β
2152 1852 2390 1907 Psalmus
2419 1853 2461 1907 I.
2495 1852 2695 1908 Oratio.
2732 1829 2984 1910 Exultant
3016 1854 3258 1911 Dumine.
3290 1856 3384 1923 [οι.
3418 1870 3619 1909 cun.

2219 1948 2530 2017 Antiphana.
2584 1948 2810 2003 Posuisti
2836 1948 3057 2003 Démine
3096 1964 3259 2017 super
3287 1956 3447 2016 caput
3490 1947 3608 2015 ejus
3635 1961 3730 2001 co-

2148 2042 2334 2094 ronam
2374 2039 2442 2094 de
2473 2040 2646 2109 lapide
2676 2040 2931 2110 pretioso.
2971 2041 3035 2093 Ι).
3088 2039 3347 2103 Gloriam,
3398 2049 3455 2093 et
3484 2054 3733 2108 magnum

2147 2134 2397 2188 decorem
2421 2148 2581 2203 super
2608 2149 2730 2189 eum
2760 2133 3065 2203 imponens.
3107 2134 3140 2201 ᾗ
3166 2172 3179 2185 .
3232 2132 3426 2186 Beatus
3474 2132 3588 2196 vir,
3641 2130 3734 2200 qui

2147 2244 2253 2282 non
2283 2226 2409 2282 abiit
2438 2229 2489 2280 in
2517 2227 2743 2282 consilio
2773 2227 3080 2295 impiorum.
3113 2236 3167 2280 et
3191 2228 3245 2281 in
3274 2227 3354 2279 via
3381 2228 3724 2293 peccaturum

2147 2338 2256 2377 non
2270 2321 2438 2383 stetit,
2463 2329 2517 2375 et
2538 2321 2589 2374 in
2602 2318 2856 2375 cathedra
2874 2319 3187 2387 pestilentiae
3215 2334 3320 2374 non
3333 2320 3493 2374 sedit.
3513 2317 3579 2372 Ρ.
3596 2316 3730 2373 Glo-

2146 2418 2653 2485 riam,etmagnum.
2676 2414 2709 2484 γ
2734 2412 3209 2476 .Gloria,etbonor
3223 2411 3731 2467 Patri.P.Gloriam.

2222 2506 2425 2561 Oratio.
2461 2505 2682 2561 Domine
2720 2505 2845 2560 Jesu
2876 2504 3108 2568 Christe,
3146 2504 3237 2573 qui
3285 2504 3508 2573 posuisti
3544 2505 3597 2557 in
3646 2503 3737 2556 ca-

2150 2600 2258 2670 pile
2286 2596 2535 2668 martyris
2563 2597 2636 2649 tui
2661 2596 2881 2650 Thomze
2904 2595 3154 2664 Apostoli
3177 2596 3431 2649 cortinam
3456 2595 3527 2649 de
3560 2594 3738 2660 lapide

2146 2686 2405 2757 pretioso.
2432 2686 2485 2741 in
2513 2686 2857 2741 fundamento
2883 2687 3149 2741 lundstam
3178 2704 3192 2751 ;
3223 2696 3282 2740 ut
3309 2702 3415 2741 non
3436 2685 3737 2740 confunda-

2150 2790 2257 2844 tur,
2288 2779 2410 2846 quia
2440 2776 2490 2831 in
2524 2785 2576 2832 te
2600 2776 2861 2843 credidit;
2894 2778 3200 2841 coronetur.
3232 2777 3355 2846 quia
3398 2792 3497 2846 pro
3538 2787 3590 2831 te
3617 2775 3733 2829 imi-

2147 2884 2288 2924 mam
2331 2867 2546 2937 posuit:
2578 2867 2659 2921 Sit
2685 2856 2812 2936 ergo
2842 2868 3314 2923 intercessiiinibus
3354 2870 3474 2935 ejus
3502 2868 3552 2921 in
3584 2868 3736 2921 nobis

2146 2959 2361 3016 famulis
2393 2961 2499 3015 tuis
2530 2959 2663 3014 fides
2693 2974 2819 3014 vera
2866 2960 2970 3029 qua
3000 2961 3051 3013 in
3092 2969 3143 3014 te
3174 2959 3493 3025 credamus;
3522 2960 3734 3013 confes-

2145 3055 2226 3109 sio
2256 3052 2461 3116 sédula,
2485 3054 2589 3121 qua
2624 3062 2675 3106 te
2701 3052 2860 3106 etiam
2883 3066 3061 3107 coram
3092 3051 3528 3121 persecutoribus
3552 3066 3731 3118 prum-

2150 3146 2390 3217 ptissima
2423 3145 2705 3200 devotidne
2751 3144 3099 3200 conﬁteamur
3142 3162 3156 3198 :
3209 3144 3476 3213 quatenus
3507 3146 3733 3197 interve-

2104 3218 2123 3243 ⁸
2155 3237 2335 3293 ιιὶἑηιο
2366 3246 2513 3292 tanto
2543 3236 2794 3307 martyre,
2826 3250 3006 3290 coram
3038 3246 3111 3302 te,
3153 3244 3208 3291 et
3258 3234 3479 3305 Angelis
3508 3234 3614 3289 tuis
3635 3234 3734 3287 mi-

2152 3328 2297 3385 nime
2323 3328 2731 3384 contunduntur.
2770 3327 2806 3394 ιῆ
2830 3369 2840 3379 .
2868 3328 3063 3383 Amen.

2221 3422 2323 3477 Per
2354 3418 2777 3474 misericordiam
2809 3427 2973 3472 tuam.

2222 3512 2534 3581 Antiphone.
2565 3509 2849 3575 Perféetio,
2893 3520 2947 3564 et
2974 3509 3210 3563 doctrina
3242 3508 3357 3562 viro
3400 3517 3587 3561 sancto
3616 3517 3728 3571 tuo,

2151 3620 2308 3674 quem
2338 3603 2597 3674 probasti,
2633 3602 2888 3664 Durnine,
2920 3602 2973 3654 in
3020 3602 3346 3662 tentatidne;
3391 3600 3583 3653 obtulit
3614 3599 3735 3669 thy-

2150 3694 2344 3748 miﬁma
2378 3692 2740 3762 inconspéctu
2781 3699 2894 3756 tuo,
2948 3688 3016 3743 P.
3064 3690 3130 3745 Et
3177 3690 3412 3745 adolevit
3459 3689 3737 3743 incensum

2150 3800 2314 3852 super
2342 3784 2511 3839 altare
2544 3793 2710 3837 tuum.
2756 3782 2829 3851 Ῡ.
2862 3780 2933 3835 Os
2978 3781 3104 3848 justi
3135 3780 3480 3834 meditabitur
3517 3779 3733 3848 sapien-

2153 3874 2300 3939 tiam,
2334 3884 2387 3929 et
2416 3873 2591 3941 lingua
2623 3872 2740 3939 ejus
2769 3869 3015 3939 loquetur
3038 3869 3322 3939 judicium.
3362 3867 3423 3922 P.
3457 3866 3526 3921 Et
3552 3868 3733 3924 adolé-

2151 3965 2245 4019 vit.
2296 3966 2329 4033 ᾗ
2359 4004 2374 4020 .
2404 3961 2608 4023 Cleria,
2642 3972 2693 4015 et
2727 3961 2896 4014 honor
2928 3961 3086 4013 Patri.
3121 3958 3186 4011 Ρ.
3220 3958 3283 4012 Et
3312 3958 3566 4013 adolevit.

2226 4058 2427 4111 Oratio.
2484 4053 2835 4123 Omnipotens
2866 4052 3004 4115 Deus
3029 4095 3044 4117 ,
3074 4052 3162 4120 qui
3213 4052 3504 4121 martyrem
3550 4059 3730 4115 tuum,

2150 4162 2204 4206 ut
2234 4165 2391 4218 supra
2419 4150 2471 4201 in
2503 4147 2762 4215 i'ésperis.

2222 4239 2536 4308 Antiphone.
2570 4236 2855 4291 Protexisti
2893 4250 3036 4300 eum,
3088 4233 3351 4298 Domine,
3393 4234 3425 4285 ξι
3469 4230 3731 4287 conventu

2149 4332 2550 4399 malignantium
2581 4331 2826 4394 Alleluia,
2860 4328 2927 4385 Ρ.
2961 4330 3026 4381 Ει
3056 4329 3085 4381 a
3118 4326 3461 4383 multitudine
3506 4325 3735 4394 operan-

2151 4427 2279 4480 tium
2297 4424 2628 4493 iuiquitétem
2648 4421 2898 4476 Alleluia.
2923 4422 2954 4490 ᾖ
2980 4458 2992 4471 .
3010 4421 3405 4475 Jocunditatent
3424 4418 3727 4472 feciSticum

466 4513 760 4582 vespertini
787 4514 1030 4569 sacriﬁcii
1062 4514 1191 4569 hora
1213 4512 1446 4578 incensi,
1486 4518 1556 4569 ob
1588 4514 1844 4568 hondrem
1870 4513 2037 4566 sancti
2072 4534 2122 4594 ι)
2150 4530 2305 4570 servo
2337 4525 2425 4568 tuo
2454 4512 2696 4575 Domine,
2726 4512 3019 4566 secundum
3047 4511 3265 4564 verbum
3300 4520 3475 4565 tuum.
3510 4507 3577 4561 P.
3612 4508 3671 4561 Et
3695 4507 3727 4560 ὁ

464 4602 687 4660 Thema:
714 4604 980 4673 Apdstoli,
1004 4615 1057 4660 et
1077 4604 1323 4675 martyris
1349 4604 1445 4672 tui,
1474 4602 1614 4672 plebi
1645 4611 1749 4657 tua:
1791 4603 2044 4672 propitiév

468 4693 565 4756 ris,
590 4702 645 4747 et
679 4694 953 4764 abstérgas
982 4694 1049 4748 ab
1068 4696 1147 4749 eis
1174 4694 1360 4750 sordes
1388 4694 1565 4749 cuncti
1608 4693 1787 4748 delicti
1814 4711 1827 4745 :
1860 4704 1915 4746 ut
1954 4694 2044 4764 qui

464 4787 520 4841 in
550 4784 767 4841 neruiue
797 4795 886 4842 tuo
927 4787 1053 4843 vicit
1093 4787 1344 4844 callidum
1387 4786 1613 4851 hostem,
1648 4800 1744 4853 pro
1774 4784 1929 4839 nobis
1972 4785 2047 4838 la-

465 4877 629 4933 mulis
657 4878 759 4932 tuis
790 4878 929 4933 ferre
956 4893 1061 4933 non
1101 4878 1328 4949 deneget
1352 4893 1506 4947 opem
1536 4895 1549 4930 :
1576 4886 1632 4932 ut
1654 4887 1709 4931 et
1736 4877 1804 4931 de
1845 4876 2045 4931 diaboli

462 4965 797 5022 insidiatoris
828 4968 1122 5036 muscipula
1165 4967 1479 5028 liberemur;
1520 4975 1595 5031 et,
1623 4968 1830 5020 cunctis
1860 4965 2045 5034 pecea-

470 5058 542 5111 tis
580 5056 854 5123 abstersis,
884 5072 1004 5111 cum
1046 5057 1257 5111 Sanctis
1286 5057 1391 5110 tuis
1418 5057 1469 5110 in
1520 5070 1685 5125 regno
1715 5065 1802 5111 tuo
1847 5057 2047 5126 pariter

466 5148 835 5217 tripudiemus,
867 5147 1108 5203 Piissime
1143 5164 1158 5202 :

536 5240 698 5297 Pater
726 5250 926 5297 noster.
961 5241 1194 5297 Liberati
1221 5241 1252 5294 ἐι
1280 5240 1439 5295 malo.
1470 5242 1564 5310 fol.
1588 5240 1645 5294 2.

542 5333 853 5389 Benedictio.
883 5334 1233 5400 Omnip0tens
1259 5333 1395 5387 Deus
1422 5348 1515 5400 per
1542 5332 1894 5387 interventum
1927 5333 2047 5387 bea-

465 5426 657 5480 tissimi
690 5424 928 5493 Apéstoli
955 5429 1037 5481 Sui
1060 5425 1281 5479 Thema:
1304 5423 1512 5478 véniam
1544 5422 1697 5477 vobis
1722 5422 2043 5479 delictorum

467 5516 689 5579 tribuat.
733 5525 788 5571 et
836 5516 1021 5584 culpas
1056 5525 1260 5571 vestras
1310 5516 1594 5570 miseratus
1636 5513 1897 5583 ignoscat.
1966 5515 2042 5581 ἡ.

466 5610 661 5661 Anien.
691 5606 913 5663 PeccAta
946 5617 1119 5663 vestra
1176 5607 1207 5661 ἐι
1260 5608 1411 5662 vobis
1441 5605 1706 5673 sustollat,
1751 5616 1805 5661 et
1853 5605 2044 5661 delicta

468 5706 641 5752 vestra
692 5698 926 5753 laxando
974 5696 1249 5771 [eccum]
1281 5698 1534 5753 dimittat.
1578 5698 1651 5765 Ii).
1686 5697 1877 5752 Amen.
1924 5696 2044 5752 Cri-

468 5787 669 5851 miuum
718 5791 1018 5845 vestrdrum
1071 5789 1308 5847 maculas
1338 5788 1553 5854 abluat;
1583 5798 1637 5846 et
1680 5788 2044 5846 intercedente

2152 4605 2559 4673 multitudine)
2587 4644 2601 4657 .
2627 4602 2831 4666 Gltiria,
2858 4612 2912 4657 et
2930 4604 3116 4658 honor.
3140 4599 3205 4659 Ρ.
3227 4600 3289 4653 Ει
3314 4600 3345 4655 Ξι
3370 4600 3729 4655 multitudine.

2222 4697 2421 4751 Gratia.
2454 4694 2613 4759 Deus,
2638 4695 2725 4760 qui
2746 4694 2906 4746 vitam
2935 4692 3105 4746 sancti
3130 4692 3203 4744 tui
3236 4692 3457 4747 Thomas
3485 4688 3726 4757 Apostoii

2150 4788 2419 4860 martyris,
2450 4800 2512 4843 ea
2543 4785 2749 4841 ratione
2777 4784 3016 4850 erexisti,
3046 4791 3104 4837 ut
3126 4784 3213 4837 ille
3242 4782 3592 4838 coronaretur
3614 4780 3735 4835 me.

2148 4880 2284 4944 ritis,
2338 4893 2538 4948 nosque
2586 4877 3003 4948 provocirémur
3047 4876 3353 4944 exemplis:
3400 4874 3612 4938 tribue,
3674 4884 3733 4925 ut

2146 4970 2301 5037 cuius
2329 4968 2486 5023 litidié
2518 4967 2740 5023 natalitii
2763 4967 2908 5021 diem
2937 4966 3117 5021 debito
3149 4965 3358 5021 honore
3384 4966 3729 5029 venerAmur,

2147 5060 2247 5124 ipsi
2276 5058 2543 5114 defensuri
2566 5066 2690 5113 ante
2713 5056 3061 5127 conspectum
3093 5054 3388 5126 majesu’itis
3420 5066 3522 5109 tuae
3560 5053 3735 5109 socie-

2148 5165 2283 5203 mur.
2341 5149 2378 5217 ἡ
2400 5188 2418 5207 .
2446 5150 2635 5204 Amen.

2218 5239 2319 5293 Per
2349 5238 2770 5293 misericordiam
2795 5248 2959 5293 luam.

2232 5330 2269 5398 ιῆ
2292 5369 2306 5383 .
2331 5327 2509 5383 Inveni
2538 5344 2699 5383 unum
2747 5329 2973 5398 justum,
3006 5328 3093 5400 qui
3128 5328 3329 5398 placuit
3356 5337 3482 5383 ante
3522 5340 3630 5393 me,
3675 5336 3733 5382 et

2147 5421 2269 5477 dedi
2292 5422 2501 5493 signum
2533 5437 2709 5477 meum
2754 5423 2891 5475 inter
2936 5436 3023 5476 me
3053 5432 3105 5475 et
3134 5422 3307 5489 ipsum
3334 5437 3347 5472 :
3378 5430 3435 5475 ut
3462 5420 3589 5473 dum
3616 5433 3735 5475 etn-

2147 5514 2287 5583 perit
2339 5512 2644 5567 sacriﬁcére
2692 5512 2844 5578 mihi,
2901 5510 3139 5567 odorabo
3168 5512 3387 5567 odorem
3421 5510 3731 5574 suavitatis;

2147 5599 2218 5656 P.
2257 5602 2322 5656 Et
2365 5617 2571 5657 memor
2616 5617 2710 5656 ero
2740 5603 3041 5656 testamenti
3088 5604 3260 5657 sancti
3314 5601 3465 5657 mei:
3512 5609 3570 5655 ut
3612 5600 3675 5668 ja
3720 5619 3732 5652 ι

2146 5692 2282 5745 ultra
2332 5707 2436 5747 non
2489 5691 2693 5748 déleam
2726 5692 3030 5751 universam
3076 5707 3312 5747 carnem.
3359 5693 3433 5761 Ῡ.
3464 5689 3738 5757 Quoniam

2152 5783 2208 5840 in
2235 5799 2319 5844 me
2342 5784 2596 5857 speravit,
2629 5785 2867 5846 liberabo
2895 5799 3017 5841 cum
3045 5802 3057 5838 :
3090 5785 3365 5859 protegam
3407 5798 3529 5841 eum
3552 5823 3567 5849 ,
3593 5781 3731 5851 quo-
