3984 6376
205 403 342 460 I505

1194 401 1670 460 SANC'I'ORALE.
1718 431 1786 443 —
1826 401 2047 459 FESTA
2090 405 2494 465 DECEMBRIS.

3336 387 3463 445 i50f

202 521 343 573 niam
398 517 650 589 cognovit
698 532 890 572 nomen
942 530 1140 573 meum.
1192 518 1259 574 P.
1310 520 1376 574 Et
1428 533 1653 574 memor.
1702 517 1777 585 ﬁ“.
1811 524 1859 577 Α
1888 518 2063 588 Ignem
2096 521 2332 575 atrocem
2361 521 2659 589 fugiamus;
2691 523 2969 594 ipsumque

200 611 404 677 Gloria,
434 622 488 668 et
518 611 687 665 honor
717 612 878 666 I’atri.
905 610 969 664 P.
1002 611 1064 665 Et
1094 627 1319 667 memor.

268 704 426 758 Aliud
470 703 507 771 ti}
529 742 543 759 .
584 703 853 757 Alleloia.
880 703 935 759 In
968 701 1119 758 labiis
1155 704 1284 775 justi
1318 702 1543 758 haerebit
1570 702 1733 773 gratia
1762 723 1774 757 :

196 807 260 849 os
289 793 407 862 ejus
433 792 701 868 quaeretur
730 792 784 845 in
816 791 1072 857 Ecclesia,
1118 802 1173 847 et
1200 793 1360 848 verba
1408 793 1548 848 illius
1576 792 1643 846 P.
1676 792 1779 847 Co-

196 882 444 955 gitabunt
491 894 634 939 recta
684 883 940 946 Alleluia,
991 884 1225 940 alleluia.
1269 885 1340 953 ᾖ.
1394 885 1467 939 De
1514 900 1610 940 ore
1650 886 1776 951 jnin

195 974 492 1044 procédunt
531 975 732 1029 mella:
780 974 1007 1029 dulcédo
1057 975 1227 1029 mellis
1274 984 1356 1029 est
1398 975 1575 1046 lingua
1622 975 1772 1045 ejus:

196 1071 374 1125 favum
396 1065 660 1124 distillans
686 1068 822 1122 labia
845 1068 981 1137 ejus.
1011 1060 1078 1122 P.
1102 1068 1436 1139 Cogitabunt.
1471 1069 1505 1138 Ῡ
1528 1106 1545 1123 .
1574 1067 1771 1134 Gloria,

191 1171 244 1217 et
273 1161 463 1216 honor.
499 1157 561 1213 P.
590 1158 935 1230 Cogitabunt.

266 1253 468 1307 Oratio.
524 1252 722 1308 Prtcsm
767 1253 952 1318 nobis,
1002 1253 1342 1319 omnipotens
1369 1252 1541 1319 Deus,
1575 1252 1775 1308 beatis-

189 1331 313 1400 simi
352 1345 504 1401 testis
553 1345 628 1399 tui
673 1344 892 1399 Thomas
936 1338 1177 1414 Apostoli
1224 1344 1494 1399 assiduum
1546 1346 1776 1414 patroci-

190 1436 338 1490 nium
368 1452 384 1491 :
413 1446 472 1490 ut
501 1434 617 1506 ejus
646 1450 856 1505 quoque
887 1436 1199 1505 praeclarum
1231 1435 1442 1506 asséqui
1472 1436 1776 1491 mereamur

187 1528 515 1596 exemplum,
543 1536 598 1582 et
624 1527 917 1582 seutiéntes
944 1527 1339 1596 impensissime
1369 1526 1773 1598 suifragantem,

186 1620 481 1688 sequamur
505 1617 795 1673 fortissime
835 1618 1187 1689 prazliantem.
1234 1619 1271 1687 ri}
1294 1658 1309 1673 .
1340 1620 1528 1674 Amen.

259 1711 362 1767 Per
399 1708 819 1766 misericordiam
853 1720 994 1764 luam
1024 1709 1186 1779 Deus,
1219 1720 1323 1764 etc.

780 1799 847 1855 In
888 1801 1174 1857 Laudibus.

2231 611 2452 668 leitt‘is
2477 615 2748 668 canémus.

1948 702 2182 758 meum
2214 705 2402 773 psallat
2427 705 2665 771 Chorus,
2691 714 2744 760 et
2771 706 2998 761 resultet
3030 725 3041 758 :

1877 793 2110 849 Gloriam
2134 795 2296 863 dicat,
2328 804 2505 862 canat,
2537 802 2588 852 et
2623 795 2895 852 revolvat:

1878 886 2090 943 Nomini
2112 888 2295 954 Trino,
2330 888 2521 944 Deitati
2551 889 2655 944 soli

2225 980 2410 1037 Sidera
2432 982 2690 1038 clament.

1950 1070 2137 1126 Amen.

1949 1162 2295 1233 Supplicdtio.
2362 1163 2591 1221 Oremus
2643 1165 3061 1235 Redemptdrem
3119 1165 3343 1233 mundi,
3398 1177 3453 1220 ut

1875 1255 2049 1322 supra.

1947 1346 2205 1421 Capitula.
2240 1348 2460 1417 Exaudi,
2488 1349 2736 1416 Domine,
2771 1349 2868 1403 has
2892 1349 3109 1404 familiae.
3136 1358 3242 1403 tua:
3273 1363 3451 1413 voces,

1876 1458 2009 1512 quas
2062 1442 2333 1498 humiliter
2387 1445 2439 1499 in
2483 1459 2668 1513 preces
2704 1444 3011 1509 fundimus;
3054 1453 3107 1497 et
3137 1442 3454 1512 pr0pitiatus

1878 1535 2089 1601 tribue,
2134 1552 2253 1605 qua:
2306 1537 2580 1607 supplices
2631 1537 2985 1605 deprecémur
3025 1553 3037 1588 :
3085 1543 3143 1589 ut
3189 1535 3279 1604 qui
3311 1535 3452 1588 hunc

1874 1626 2283 1682 celeberrimum
2337 1628 2478 1682 diem
2520 1628 2572 1682 in
2600 1628 2858 1684 honérem
2886 1627 3180 1682 beatissimi
3205 1625 3453 1697 martyris

1876 1719 1951 1772 tui
1980 1718 2199 1773 Thomze
2220 1717 2463 1790 Apostoli
2493 1721 2739 1789 colimus,
2772 1731 2878 1776 tam
2910 1719 3053 1789 digni
3086 1734 3270 1775 omnes
3301 1721 3453 1774 Inve-

1877 1811 2085 1866 niamur
2137 1811 2190 1866 in
2243 1812 2344 1866 hoc
2397 1813 2514 1882 ipso
2568 1822 2768 1868 nostra:
2815 1812 3115 1867 devotionis
3162 1811 3447 1880 obséquio,

256 1893 338 1947 Ad
364 1892 652 1947 Cdnticum.
679 1892 994 1965 Antiphona.
1024 1894 1198 1949 Lmtor
1222 1895 1274 1949 in
1315 1895 1616 1952 sanctitate.
1641 1896 1772 1952 Crin-
1797 1879 1848 1939 Β
1874 1904 2030 1973 quam
2090 1904 2176 1959 ille
2231 1905 2331 1960 hoc
2360 1879 2459 1961 suo
2487 1904 2659 1975 potuit
2681 1905 2926 1961 obtinere
2954 1904 3228 1976 sull'ragio,
3261 1920 3365 1975 quo
3393 1914 3446 1959 te

185 1988 365 2047 ticum.
395 1986 776 2046 Conlirmatum
822 1996 906 2041 est
950 2002 1044 2042 cor
1090 2004 1289 2045 meum.
1337 1990 1419 2045 Ad
1444 1989 1767 2045 Benedictus.

182 2084 504 2151 Antiphona.
533 2082 839 2139 Benedictio
867 2081 1080 2138 Domini
1117 2084 1166 2137 in
1209 2082 1507 2138 mercédem
1533 2083 1662 2153 justi
1695 2083 1771 2137 fe-

184 2177 368 2233 stinat.
400 2173 684 2229 Cduticum.
726 2174 1042 2229 Benedictus
1071 2189 1129 2231 es
1168 2174 1392 2229 Domine
1433 2175 1591 2229 Deus.
1642 2174 1768 2243 folio

184 2269 237 2323 6.
286 2267 451 2322 Sono.‘
485 2266 625 2323 Deus
655 2266 932 2334 prazcinxit
974 2280 1061 2320 me
1125 2266 1398 2321 virtutem.
1444 2266 1575 2337 fo’lio
1627 2281 1766 2322 cui.

184 2358 394 2415 Lauda.
426 2357 659 2412 Laudine
690 2355 997 2411 Dominum.
1033 2356 1276 2412 Psalmus
1301 2373 1524 2414 chvm.

183 2444 420 2524 {ccum}
436 2447 604 2501 Le'ctio
628 2446 742 2500 libri
758 2445 1106 2501 Ecclesidstici
1118 2446 1407 2503 Salomonis
1421 2447 1573 2519 (Cap.
1590 2447 1761 2519 xxxx).

271 2540 310 2606 ἡ
334 2579 349 2594 .
373 2539 484 2594 Ι)εο
512 2536 727 2608 gratias.

258 2630 457 2683 Beatus
484 2628 585 2693 vir,
616 2627 705 2697 qui
734 2628 978 2685 inventus
999 2635 1087 2682 est
1114 2628 1229 2683 sine
1253 2627 1461 2683 macula
1489 2649 1499 2683 :
1534 2630 1624 2700 qui
1645 2640 1765 2698 post

180 2738 372 2781 aurum
427 2736 530 2775 non
569 2720 723 2786 abiit,
770 2734 867 2775 nec
903 2721 1143 2790 speravit
1171 2721 1224 2775 in
1260 2722 1541 2791 pecuniam
1570 2731 1625 2778 et
1655 2723 1763 2779 Ihe-

181 2817 398 2872 sauros.
445 2814 574 2881 Quis
600 2823 683 2869 est
705 2815 811 2880 hic,
843 2822 897 2869 et
913 2813 1252 2869 laudabimus
1278 2829 1397 2869 eum
1425 2816 1448 2868 ?
1474 2813 1599 2869 fecit
1619 2818 1761 2871 enim

182 2906 449 2963 mirabilia
481 2907 532 2961 in
554 2907 657 2960 vita
690 2920 810 2961 sua.
843 2904 942 2972 Qui
966 2905 1220 2973 probatus
1251 2916 1334 2959 eSt
1364 2906 1417 2959 in
1442 2905 1554 2967 illo.
1575 2915 1629 2959 et
1653 2921 1763 2974 per-

182 3000 356 3055 t‘éctus
399 2997 646 3054 iuvéntus
702 3007 805 3064 est,
853 3004 908 3050 et
945 2996 1051 3049 erit
1082 2996 1159 3049 illi
1198 2994 1365 3064 gloria
1395 2994 1597 3051 aeterna
1628 3012 1643 3048 :
1671 2997 1760 3065 qui

183 3091 360 3160 potuit
405 3088 723 3160 transgredi,
755 3096 810 3143 et
836 3101 941 3141 non
969 3094 1054 3142 est
1083 3085 1479 3156 transgressus;
1508 3095 1562 3141 et
1587 3086 1761 3143 facere

181 3184 345 3246 mala,
368 3190 421 3236 et
465 3195 569 3235 non
613 3181 735 3235 fecit
767 3197 779 3233 :
813 3178 933 3235 ideo
957 3178 1187 3234 stabilita
1212 3189 1334 3233 sunt
1366 3178 1505 3232 bona
1534 3180 1677 3234 illius
1704 3180 1757 3234 in

178 3272 315 3339 Deo,
363 3280 416 3326 et
460 3269 829 3341 eleémosyuas
876 3269 1022 3325 illius
1068 3267 1343 3326 enarrabit
1373 3268 1608 3324 Ecclesia
1636 3284 1761 3325 san-

178 3366 413 3420 ctérum.
470 3364 506 3432 Ii}
527 3407 542 3422 .
574 3362 765 3419 Amen.

752 3451 1011 3522 Hymnus.

254 3549 489 3602 Cunctus
516 3544 744 3599 mundus
775 3543 951 3613 patule
980 3541 1274 3613 triumphat
1308 3560 1323 3598 :

176 3639 341 3694 Jesus
365 3637 396 3693 ε
423 3636 575 3691 caelis
595 3635 814 3691 véniens
840 3634 1107 3698 coruscat,

175 3732 349 3801 Cujus
372 3728 602 3784 advéntu
634 3728 921 3783 renovatur
949 3722 1094 3778 orbis

545 3820 811 3890 Pérpetim
841 3816 1039 3883 omnis,

257 3915 493 3974 Promite
518 3915 587 3970 ob
616 3914 835 3969 Thomas
856 3924 987 3982 gens
1018 3923 1201 3965 mores
1229 3908 1415 3965 beatos
1442 3926 1455 3965 :

176 4011 323 4067 Hinc
348 4009 465 4062 dies
493 4018 733 4061 summus
760 4003 965 4057 dicétur
993 4002 1185 4068 almus,

176 4100 337 4171 Quod
368 4100 527 4155 Iidem
551 4095 745 4150 Christi
769 4094 1020 4148 cécinens
1040 4093 1092 4148 in
1117 4094 1298 4159 Indos,

539 4187 795 4244 Numerat
824 4185 962 4240 illos.

255 4285 505 4347 Sanctus,
536 4289 590 4336 et
610 4278 855 4333 conscius
878 4274 1068 4331 Patria:
1092 4273 1358 4343 supernae,

180 4375 416 4430 Gentem
440 4370 671 4441 adquirit
693 4367 891 4438 pietate
920 4366 1148 4432 Christi;

178 4464 309 4521 Rite
337 4461 613 4533 conjunxit
642 4459 741 4515 sibi
776 4459 1045 4530 Hymnum

546 4552 636 4607 Illa
669 4551 932 4621 potéuter.

261 4645 455 4701 .lEdem
481 4644 699 4712 expénit
727 4642 944 4697 nimiam
976 4640 1029 4695 in
1057 4654 1239 4694 arvam

180 4738 349 4806 Regis
379 4737 611 4806 ipsérum
640 4732 832 4789 mérito
860 4731 1166 4801 fruendam,

181 4830 358 4898 Quem
388 4826 562 4897 potius
584 4825 819 4881 reserata
851 4823 1052 4878 ibidem

544 4914 723 4970 Intulit
749 4914 914 4970 illam.

259 5008 386 5063 Inde
416 5007 500 5062 hic
527 5008 729 5076 Martyr
760 5006 1012 5061 inciditur
1038 5005 1228 5071 serris,

183 5102 415 5157 Sanctus
442 5100 664 5162 accitus,
696 5098 844 5152 inlita
866 5097 1056 5153 crudre

183 5194 422 5249 Membra
450 5192 526 5245 sic
546 5190 713 5259 ponit,
745 5190 1023 5245 succurrat
1053 5198 1193 5244 terra

548 5284 604 5337 In
633 5284 723 5338 die
746 5282 937 5338 altera.

262 5379 464 5437 Doctus
497 5377 722 5445 insignia
750 5376 930 5430 socius
954 5374 1263 5444 peremptus
1291 5392 1304 5428 :

186 5473 380 5529 Aulam
403 5468 566 5525 frater
592 5477 763 5539 parat,
793 5476 848 5522 et
884 5465 1229 5535 Redemptori

185 5563 412 5633 copiam
439 5560 690 5629 reddens,
722 5557 969 5614 Creatori
1000 5569 1185 5614 nostro

548 5650 696 5707 Illico
722 5663 935 5720 parens.

260 5744 472 5801 Christe
500 5758 620 5799 cum
648 5741 857 5799 Sanctis
888 5738 1103 5794 véueris
1125 5740 1175 5794 in
1209 5740 1316 5805 die,

189 5840 428 5901 Adtrabe
453 5840 705 5910 Princeps
730 5836 952 5909 populos
978 5851 1089 5906 jam
1119 5835 1186 5891 ad
1217 5845 1267 5890 te
1292 5852 1305 5902 ;

1869 1995 2111 2065 jubénte,
2142 1996 2382 2051 dicamus
2414 2015 2425 2049 :

1947 2089 2099 2142 Pater
2130 2096 2332 2143 noster.
2364 2088 2594 2143 Liberoti
2622 2088 2842 2143 a'malo.
2872 2089 2960 2160 fol.
2993 2088 3050 2141 2.

1944 2180 2143 2233 Lauda.
2171 2178 2225 2232 In
2256 2178 2518 2236 Psaltério
2544 2191 2596 2236 et
2622 2181 2847 2235 cithara.
2868 2180 2960 2250 fol.
2987 2194 3108 2235 cur.

1939 2272 2258 2326 Benedictio.
2279 2272 2575 2327 Beatissimi
2600 2272 2847 2344 martyris
2867 2268 3339 2337 ThomaaApostoli
3355 2282 3447 2322 vos

1868 2361 2127 2417 Dominus
2153 2362 2535 2418 intercessiéne
2561 2362 2845 2416 custodiat.
2884 2362 2918 2420 ιῆ
2944 2400 2959 2415 .
2993 2364 3181 2414 Amen.
3214 2357 3445 2427 Speran-

1868 2457 1999 2510 tium
2024 2456 2075 2509 in
2103 2470 2163 2510 se
2189 2454 2537 2509 necessitates
2567 2455 2804 2523 placatus
2833 2451 3072 2508 inténdat
3096 2469 3111 2516 ;
3157 2451 3191 2519 ri
3213 2491 3229 2505 .
3250 2451 3442 2505 Amen.

1868 2546 1933 2601 Et
1946 2540 2350 2615 supplicantium
2369 2546 2550 2613 culpas
2565 2545 2885 2614 propiciatus
2898 2542 3148 2605 dimittat;
3173 2542 3207 2609 ri,
3228 2543 3441 2596 .Ameu.

1938 2638 2042 2691 Per
2094 2635 2520 2691 misericordiam
2563 2636 2732 2706 ipsius
2782 2634 2872 2689 Dei
2904 2632 3095 2695 nostri,
3127 2633 3213 2701 qui
3245 2640 3329 2686 est
3356 2632 3447 2685 be-

1865 2727 2127 2793 nedictus,
2157 2737 2212 2782 et
2242 2727 2393 2792 vivit,
2425 2738 2531 2781 etc.

1938 2820 2193 2875 Déminus
2218 2821 2284 2873 sit
2315 2834 2527 2888 semper
2572 2816 2862 2881 vobiscum,
2914 2819 2950 2884 ft)
2975 2854 2986 2868 .
3014 2814 3078 2869 Et
3108 2829 3226 2869 cum
3252 2814 3443 2883 spiritu

1865 2921 1976 2967 tuo.

2494 2998 2606 3051 DIE
2648 2992 2816 3051 XXX.

1934 3109 1985 3149 IN
2013 3108 2182 3148 FESTO
2230 3106 2417 3161 SANCTI
2455 3105 2634 3143 JACOBI
2664 3103 2910 3142 APOS'I‘OLI
2934 3102 3155 3141 FRATRIS
3184 3101 3371 3142 SANCTI

2145 3179 2351 3217 JOANNI~
2379 3175 2629 3215 APOSTOLI
2658 3175 2721 3212 ET
2751 3173 3155 3214 EVANGELISTE.

2441 3271 2522 3325 Ad
2558 3269 2856 3337 Vésperum.

1932 3364 2136 3420 Lauda.
2197 3364 2454 3419 Exortum
2502 3371 2605 3417 est.
2693 3359 2853 3414 Sono.
2911 3357 3185 3413 Justorum
3228 3356 3439 3411 animm.

1864 3455 1957 3527 fol.
1989 3469 2150 3510 CLXII.

1936 3549 2248 3616 Antiphona.
2285 3545 2428 3599 Dabo
2455 3546 2655 3599 sanctis
2693 3545 2828 3599 meis
2849 3558 3066 3611 regnum
3099 3541 3151 3594 in
3183 3539 3445 3595 Hierusa-

1866 3638 1970 3692 lem
2004 3656 2015 3690 :
2049 3636 2244 3707 lignum
2295 3636 2440 3689 enim
2488 3634 2610 3688 vitae
2638 3635 2691 3687 in
2716 3633 2935 3686 odorem
2968 3629 3242 3697 unguénli.
3271 3626 3339 3679 P.
3376 3627 3441 3679 Et

1866 3747 1972 3787 non
2000 3728 2333 3794 laborabunt,
2350 3742 2522 3796 neque
2544 3726 2923 3795 fatigabuntur.
2964 3724 2999 3793 Ῡ
3024 3762 3037 3776 .
3058 3723 3157 3788 Qui
3176 3720 3446 3774 confidunt

1865 3825 1918 3878 in
1947 3821 2175 3876 Domino
2228 3820 2366 3876 sicut
2401 3832 2556 3873 mons
2587 3817 2760 3872 Sion':
2794 3832 2897 3871 non
2924 3813 3355 3871 commovebitur
3386 3811 3443 3864 in

1865 3912 2143 3974 actéruum,
2176 3911 2263 3979 qui
2294 3909 2496 3964 habitat
2520 3912 2571 3963 in
2605 3909 2957 3965 Hierusalem.
2998 3906 3064 3960 Ρ.
3102 3907 3164 3960 Et
3187 3921 3315 3961 non.
3366 3904 3437 3973 ᾗ.

1865 4000 2068 4070 Gloria,
2095 4010 2151 4055 et
2177 4000 2365 4054 honor.
2397 3998 2461 4053 P.
2496 4001 2559 4054 Et
2579 4015 2719 4061 non.

1935 4090 2195 4146 Dominus
2223 4090 2309 4144 sit.
2357 4091 2427 4157 ιῆ.
2462 4092 2524 4144 Ει
2555 4105 2699 4146 cum.

1936 4180 2140 4235 Lauda.
2163 4179 2488 4249 sanguinem
2518 4180 2851 4233 sanctdrum.
2884 4180 2978 4247 fol.
3008 4193 3170 4233 cuti.

2428 4272 2686 4343 Hymnus.

1936 4367 1981 4422 Ο
2006 4367 2095 4422 Dei
2128 4365 2355 4427 Verbum
2389 4363 2562 4418 Patris
2592 4378 2685 4418 ore
2710 4362 3003 4431 proditum,

1868 4459 2065 4514 Rerum
2086 4457 2333 4524 Creator,
2359 4468 2410 4510 et
2434 4471 2615 4511 verum
2646 4455 2987 4523 principium,

1793 4564 1843 4621 ι)
1872 4553 2072 4605 Auctor
2095 4545 2361 4615 peréunis,
2396 4545 2508 4609 lux,
2540 4546 2690 4611 origo
2720 4544 2958 4609 luminis,

1871 4640 2068 4694 Enixus
2088 4640 2207 4693 alvo
2235 4635 2484 4707 gloriosae
2516 4635 2769 4704 Virginis,

1866 4732 2077 4789 Christe
2108 4741 2162 4786 tu
2194 4739 2375 4784 noster
2404 4729 2584 4784 revera
2612 4727 2942 4795 Emmanuel,

1942 4826 2072 4891 ilex,
2108 4834 2159 4879 et
2182 4821 2456 4884 sacerdos,
2488 4822 2571 4875 cui
2600 4822 2739 4874 sacri
2772 4820 2977 4889 lapides

1870 4916 1948 4971 En
1975 4924 2055 4969 ter
2083 4912 2327 4983 quatérni
2358 4910 2678 4981 onychinus,
2714 4909 2954 4978 achates,

1869 5007 2053 5063 Nitens
2084 5003 2337 5075 beryllus,
2370 5002 2636 5070 saphirus,
2664 5002 3043 5066 carbunculus,

1870 5102 1965 5156 Vel
1985 5099 2335 5170 amethystus,
2361 5094 2593 5160 sardius,
2621 5095 2882 5164 topazius,

1869 5189 2214 5259 Smaragdus,
2237 5187 2425 5255 iaspis,
2452 5186 2698 5256 ligurius,
2730 5183 3060 5254 chrysolitus

1938 5284 2164 5352 Ritéque
2186 5280 2409 5351 gemmis
2433 5280 2548 5350 Sol,
2582 5281 2719 5346 dies,
2751 5277 3015 5333 duodenis

1871 5376 2093 5431 Enitens
2117 5373 2284 5441 horis,
2310 5373 2611 5442 margaritis
2642 5371 2878 5439 optimis,

1870 5465 2066 5521 Inlt'ixit
2089 5464 2286 5517 mutulo
2311 5463 2418 5531 jam
2446 5459 2645 5530 Tugt'itis
2678 5458 2936 5525 ténebris,

1872 5559 1939 5613 Et
1962 5557 2280 5613 candelabro
2313 5556 2403 5608 tibi
2432 5552 2791 5620 superposito,

1873 5647 2085 5718 [αραιιῖ
2120 5648 2315 5701 Micans
2348 5642 2577 5698 lucernis
2607 5642 2689 5697 bis
2735 5640 2879 5695 senis
2908 5638 3190 5707 Apostolis.

1876 5740 2168 5807 I‘etrusque
2190 5736 2438 5798 Romam,
2466 5734 2634 5787 frater
2653 5734 2772 5801 ejus
2801 5732 3078 5800 Achajam,

1879 5834 2074 5889 Indiam
2106 5831 2355 5896 Thomas,
2391 5828 2512 5885 Levi
2546 5825 2932 5891 Macedoniam,
