3984 6376
481 396 619 451 1507

479 506 710 563 iactibus
738 505 923 570 Jebus,
952 512 1007 560 et
1029 502 1314 573 Egyptum
1338 497 1566 563 Zelotes,

483 596 902 651 Barthelomaus
932 604 1122 649 tenens
1151 590 1471 663 Lycadniam

481 686 706 742 Mathias
736 686 984 752 Pontum,
1014 692 1069 739 et
1097 683 1373 751 Philippus
1401 680 1621 737 Gallias.

554 783 725 853 magni
761 781 1073 837 deindeJilii
1114 779 1355 844 tonitrui,

483 873 675 939 Ade’pti
708 873 907 943 fulgent
929 886 1084 941 prece
1110 870 1290 924 Matris
1312 866 1532 936 inclyta“:

488 964 711 1033 Utrique
742 964 865 1017 vitae
889 960 1138 1017 culminis
1167 958 1392 1028 insignia
1424 974 1434 1008 :

485 1056 697 1125 Regens
724 1053 959 1109 Joannes
986 1053 1229 1107 dextram
1256 1051 1403 1101 solus
1427 1046 1605 1101 Asiam
1623 1089 1637 1113 ,

486 1146 722 1216 Ejt'tsque
748 1144 913 1198 frater
935 1143 1131 1212 potitus
1153 1139 1489 1208 Hispaniam.

555 1235 698 1289 Clari
736 1235 1004 1305 Magistro,
1033 1231 1246 1287 elateris
1279 1228 1496 1284 innéxia

487 1325 691 1381 Adscili
716 1325 979 1389 dextram,
1011 1323 1156 1393 pacis
1178 1336 1315 1376 unus
1346 1320 1547 1375 fmdera

488 1416 751 1471 Tractus:
783 1415 1051 1469 sinistram
1078 1415 1213 1467 alter
1244 1412 1295 1466 in
1326 1409 1671 1476 sententiam,

490 1502 639 1573 Ulriq
652 1520 717 1559 ue
746 1518 929 1574 regna,
962 1503 1041 1558 bis
1071 1501 1240 1557 electa
1270 1501 1512 1570 pignora,

491 1592 802 1662 Mitride’poli
835 1592 1119 1661 properant
1143 1591 1209 1645 ad
1238 1588 1481 1660 gloriam.

559 1686 845 1749 Advéctus,
886 1686 1121 1753 inquam,
1145 1682 1410 1752 gloridsus
1434 1678 1672 1749 prmmio,

492 1774 715 1829 Electus
742 1776 937 1829 isthinc
969 1774 1146 1827 abitur
1177 1772 1457 1842 martyrio,

492 1868 690 1922 Christi
719 1869 939 1922 vocétur
967 1863 1213 1919 Zebedaei
1239 1861 1491 1929 iactibus,

494 1958 836 2027 Apostolatus
859 1957 978 2026 jure
1006 1956 1232 2024 implens
1259 1953 1460 2018 debita,

501 2048 791 2118 Victorque
814 2046 947 2115 rapit
972 2045 1234 2113 passiénis
1264 2044 1531 2112 stigmata.

570 2141 760 2195 Divino
784 2138 981 2207 quippe
1005 2135 1208 2190 obsitus
1239 2134 1492 2202 suﬂ'ragio

500 2232 640 2286 Idem
674 2230 943 2300 Magdrum
972 2237 1154 2283 sontes
1179 2228 1305 2291 iras,
1335 2227 1637 2279 daemonum

499 2323 765 2378 Coércens
799 2321 965 2383 virus,
992 2320 1140 2388 punit
1166 2317 1468 2372 aemulantis
1500 2334 1512 2368 :

505 2415 774 2483 Vivaxque
801 2414 1012 2468 demum
1045 2412 1095 2466 in
1122 2411 1292 2485 stolis,
1314 2408 1548 2463 oraculis

503 2505 562 2561 In
593 2507 744 2576 signo
770 2504 925 2560 detur
945 2504 1212 2574 pmnitens
1242 2514 1337 2557 cor
1367 2498 1672 2556 credulum.

575 2618 863 2688 Perpléxus
893 2617 1018 2671 olim
1046 2616 1152 2671 voti
1174 2630 1392 2683 compos
1414 2612 1723 2669 cummodat

506 2708 661 2763 Bima
692 2707 889 2777 petenti
917 2721 1059 2776 aegro
1079 2705 1390 2760 adminicula
1423 2720 1439 2759 :

507 2801 718 2869 Optanti
751 2800 931 2870 pandit
956 2800 1076 2855 ﬁdei
1097 2799 1438 2865 charismata,

508 2893 710 2949 Vexilla
742 2894 883 2963 pacis
903 2892 967 2947 ad
991 2892 1173 2947 salutis
1200 2892 1431 2959 cdpiam,

510 2985 757 3053 Enseque
788 2984 996 3039 functus
1026 3000 1083 3038 se
1111 2983 1405 3038 communit
1433 2981 1623 3051 gloria.

582 3076 627 3131 Ο
653 3092 776 3132 vere
804 3077 959 3145 digne
981 3076 1218 3131 sanctior
1245 3076 1501 3144 Apostole

510 3168 681 3237 Caput
709 3168 972 3239 refulgens
998 3168 1217 3224 aureum
1250 3168 1547 3237 Hispaniae!

513 3256 785 3325 Tutérque
812 3257 985 3320 nobis,
1006 3265 1061 3310 et
1090 3256 1345 3325 patrdnus
1368 3256 1649 3319 vérnulus,

517 3350 744 3406 Vitando
767 3361 987 3421 pestem,
1014 3360 1127 3406 esto
1157 3351 1299 3404 salus
1330 3349 1544 3404 coalitus
1579 3367 1593 3403 :

515 3440 744 3499 Omnino
775 3442 911 3514 pelle
941 3442 1206 3507 morbum.
1234 3440 1405 3507 ulcus,
1432 3438 1661 3497 facinus.

589 3533 787 3589 Adésto
810 3533 991 3589 favens
1020 3536 1184 3603 gregi,
1217 3535 1336 3603 pius
1366 3532 1625 3595 créditor,

520 3624 762 3695 Milisque
792 3637 973 3695 pastor
998 3627 1168 3696 gregi,
1199 3625 1367 3691 clero,
1395 3626 1623 3696 populo;

518 3718 631 3785 0pc
661 3718 890 3785 superna
918 3726 975 3772 ut
1012 3716 1252 3772 fruamur
1276 3715 1473 3785 gaudio
1505 3731 1521 3770 :

526 3808 709 3878 llegno
733 3809 884 3877 pntiti
910 3809 1199 3864 vestiamur
1226 3805 1396 3877 gloria

522 3898 746 3954 Etérna
780 3918 791 3953 :
826 3915 920 3969 per
952 3910 1002 3953 te
1024 3899 1314 3954 evadAmus
1346 3897 1629 3951 tartarum.

594 4016 813 4080 Praesta,
840 4030 1164 4083 quaesumus,
1197 4013 1359 4069 Unica
1384 4010 1648 4081 potentia,

525 4108 859 4176 Replénsque
887 4107 1055 4177 gldria
1081 4117 1326 4161 cunctam
1351 4106 1498 4160 solus
1528 4103 1849 4171 machinam,

526 4199 700 4252 Virtus
731 4197 975 4268 perénnis
1007 4197 1215 4266 ingens,
1244 4196 1432 4252 adésto
1459 4195 1631 4265 gloria

523 4290 741 4345 IElérna
767 4306 781 4353 ;
822 4289 972 4359 cujus
1001 4290 1113 4343 laus
1142 4299 1223 4343 est
1253 4297 1307 4343 et
1329 4286 1646 4352 clementia;

526 4383 593 4436 Et
622 4380 792 4435 honor
818 4382 960 4451 jugis
991 4380 1187 4435 aliatim
1222 4395 1315 4451 per
1343 4379 1562 4435 smcula.

596 4475 786 4529 Amen.

598 4586 935 4657 Supplicdtio.
990 4584 1216 4640 Oremus
1274 4582 1712 4653 Redemptdrem,
1765 4580 1960 4633 mutato
1994 4578 2094 4631 ηό-

526 4680 678 4744 mine,
706 4678 799 4746 fat.
821 4691 1090 4731 ccxxxvn.

597 4789 854 4861 Capitula.
905 4788 1160 4858 Shbjuga,
1216 4784 1647 4842 Clementissime
1686 4783 1850 4849 Deus,
1881 4789 2095 4835 nostras

530 4893 621 4939 tuo
669 4886 794 4953 jugo
835 4881 1106 4945 cervices;
1160 4888 1217 4933 ut
1263 4893 1397 4933 onus
1421 4887 1591 4942 tuum,
1624 4874 1767 4944 quod
1795 4872 2099 4927 amantibus

530 4978 646 5032 leve
686 4984 791 5041 est,
837 4975 909 5028 ita
938 4970 1159 5042 optabili
1184 4969 1471 5024 devotione
1497 4965 1753 5027 feramus,
1780 4962 1918 5017 sicut
1939 4961 2099 5015 Jaco-

532 5067 629 5121 bus
678 5064 962 5136 Apéstolus
1001 5072 1124 5116 tuus
1183 5074 1279 5129 pro
1337 5057 1535 5111 innéxo
1581 5054 1721 5109 collo
1748 5067 1847 5106 suo
1878 5051 2002 5106 iune
2031 5048 2097 5102 ad

532 5159 830 5229 passidnem
856 5165 1056 5211 tractus
1100 5160 1183 5207 est
1207 5148 1542 5205 laetabundus
1569 5163 1584 5199 :
1615 5155 1777 5210 atque
1806 5140 1907 5195 hoc
1937 5138 2100 5193 mira-

529 5256 651 5309 culo
701 5267 793 5307 cor
840 5249 1128 5304 inludéntis
1174 5244 1275 5299 sibi
1307 5243 1376 5296 ita
1403 5237 1735 5308 compunxit,
1768 5243 1825 5289 ut
1854 5248 1976 5287 eum
2008 5246 2100 5283 sa-

530 5345 817 5400 cramentis
865 5342 1184 5396 instructum
1221 5336 1365 5397 ﬁdei,
1401 5332 1603 5386 iaceret
1633 5330 1697 5381 ad
1723 5325 1948 5395 gloriam
1976 5335 2099 5388 per-

531 5438 713 5491 venire
759 5432 1041 5503 martyrii:
1098 5432 1283 5498 sicque
1339 5425 1454 5493 ipse
1512 5420 1633 5487 pust
1681 5418 1730 5469 in
1759 5411 2101 5503 confessione

533 5530 651 5584 Filii
698 5527 772 5581 tui
802 5500 977 5592 capite
999 5521 1216 5576 deséctu
1247 5516 1599 5581 interemptus
1624 5506 1874 5565 occubuit
1905 5500 2100 5572 perve-

533 5621 684 5674 niens
734 5617 801 5672 ad
846 5631 968 5671 eum
1001 5616 1051 5668 in
1076 5627 1241 5682 pace;
1276 5625 1371 5680 pro
1394 5622 1500 5675 quo
1523 5605 1660 5657 hanc
1692 5594 1945 5653 sustinuit
1974 5608 2097 5661 pas.

533 5712 737 5764 siduem
780 5726 793 5761 :
828 5708 942 5777 Ipse
990 5714 1076 5760 est
1111 5704 1253 5758 enim
1305 5697 1619 5767 Unigénitus
1648 5700 1768 5745 tuus
1799 5685 1982 5749 Filius,
2013 5682 2101 5751 qui

533 5799 681 5855 dedit
733 5799 963 5853 animam
1005 5811 1154 5851 suam
1188 5790 1607 5860 redemptitinent
1638 5797 1735 5853 pro
1766 5779 1979 5841 multis;
2007 5789 2102 5845 per

1710 376 2132 436 BREVIARIUM
2173 373 2550 430 GOTIIICUM.

2083 498 2128 553 Α
2155 504 2314 559 quem
2362 491 2582 555 nostris,
2635 500 2691 544 tu
2739 489 2882 546 Deus
2932 487 3112 554 Pater,
3155 487 3351 559 iubeas
3380 488 3604 561 parcere
3633 490 3729 544 de-

3587 372 3726 426 1308

2155 580 2317 635 lictis.

2226 671 2381 725 Pater
2409 678 2610 725 noster.
2631 668 2865 724 Liberali
2895 668 2926 723 ὸ
2957 668 3117 723 malo.
3169 669 3265 739 fol.
3293 668 3351 723 2.

2225 760 2536 814 Benedictio.
2568 760 2809 815 Christus
2832 760 2990 826 Deus,
3027 759 3120 817 Dei
3152 760 3325 816 Patris
3350 760 3541 829 Filius,
3572 778 3743 833 quem,

2156 850 2408 917 lacubus,
2440 850 2625 905 relicto
2653 860 2803 918 patre
2827 851 2877 905 in
2916 851 3057 916 navi,
3090 852 3197 905 tota
3214 854 3429 907 secutus
3446 862 3529 907 est
3551 854 3731 908 inten-

2160 945 2306 998 tione
2352 943 2549 1011 cordis,
2608 942 2975 999 indesinenter
3012 959 3106 998 vos
3137 945 3299 999 iaciat
3326 946 3439 1001 suis
3472 945 3737 1003 inhaerere

2160 1037 2399 1107 vestigiis
2433 1054 2445 1090 :
2509 1037 2547 1105 ιῆ
2572 1076 2586 1090 .
2636 1040 2829 1092 Amen.
2857 1036 3063 1106 Quique
3087 1038 3186 1092 hoc
3217 1036 3474 1107 Apostolo
3498 1038 3737 1093 cultores

2160 1125 2463 1183 daemonum
2506 1126 2769 1182 convertit
2812 1128 2880 1182 ad
2930 1127 3109 1196 iidem,
3136 1128 3395 1184 concedat
3420 1130 3575 1186 nobis
3603 1145 3737 1185 vana

2160 1219 2340 1275 saeculi
2412 1219 2749 1288 respuendo,
2798 1235 2858 1276 se
2908 1222 2962 1275 in
3030 1222 3254 1277 verithte
3313 1222 3582 1292 diligere;
3662 1224 3734 1291 ιῆ.

2162 1311 2355 1365 Amen.
2417 1309 2487 1366 Ut
2554 1312 2672 1380 ejus
2725 1311 3145 1368 remunerémini
3212 1313 3513 1383 praesidiis,
3587 1313 3739 1385 Cujus

2164 1401 2322 1459 hodie
2353 1403 2677 1472 triumphum
2704 1405 2948 1460 excdlitis
2974 1405 3261 1475 passionis.
3300 1405 3337 1472 ἡ
3359 1445 3373 1461 .
3402 1409 3594 1461 Amen.

2238 1493 2338 1547 Per
2370 1495 2814 1550 misericordiam.

2246 1585 2445 1639 Lauda.
2475 1585 2736 1642 Gaudium
2759 1586 3162 1656 sempiternum.
3199 1588 3291 1656 fol.
3325 1601 3499 1644 cun.

2240 1676 2443 1729 Oratio.
2473 1676 2740 1743 Christus,
2770 1678 2922 1746 cujus
2947 1679 3142 1744 virtus,
3165 1688 3323 1747 atque
3355 1676 3595 1747 potentia
3625 1686 3740 1731 tan-

2169 1776 2280 1821 tum
2335 1767 2387 1821 in
2432 1767 2691 1835 Apostolo
2734 1778 2825 1823 tuo
2850 1768 3052 1823 Jacobo
3110 1768 3369 1833 emicuit,
3428 1778 3484 1822 ut
3527 1769 3579 1822 in
3632 1768 3734 1822 no-

2091 1831 2145 1898 Β
2171 1859 2314 1913 mine
2366 1868 2457 1914 tuo
2499 1860 2710 1915 emissis
2737 1860 2766 1915 ὲ
2789 1875 2848 1916 se
2874 1859 3259 1915 dmmnnidrum
3292 1860 3522 1915 catérvis
3557 1870 3744 1928 poten-

2170 1947 2366 2002 tialiter
2410 1947 2604 2005 méruit
2653 1951 2954 2019 imperare;
3012 1959 3068 2003 tu
3133 1943 3431 2004 Ecclésiam
3482 1959 3629 2002 tuam
3681 1952 3747 2003 ab

2169 2038 2566 2094 adversantium
2606 2042 3009 2110 impugnatidne
3031 2040 3260 2095 defende
3293 2058 3307 2095 :
3332 2048 3390 2094 ut
3413 2041 3613 2095 virtute
3639 2042 3749 2109 spi-

2171 2130 2312 2185 ritus
2375 2131 2745 2200 exsuperando
2800 2132 3044 2198 advérsa,
3078 2131 3217 2187 illius
3244 2133 3544 2187 doctrinam
3573 2132 3745 2200 opere

2172 2221 2481 2291 compleat,
2528 2224 2679 2293 cujus
2714 2225 2870 2281 hodie
2898 2226 3198 2296 exemplum
3231 2227 3333 2296 piae
3362 2225 3629 2297 passiOnis
3655 2225 3761 2282 bo-,

2174 2317 2354 2372 uerat.
2393 2316 2430 2384 ἢ
2452 2356 2468 2373 .
2498 2319 2688 2373 Amen.

2246 2410 2372 2465 Per.

2732 2490 2815 2545 Ad
2852 2489 3181 2545 Matutinum.

2250 2582 2561 2652 Antiphone.
2595 2580 2670 2636 Da
2708 2583 2862 2637 nobis
2892 2584 3148 2637 laetitiam.
3183 2582 3427 2637 Psalmus
3454 2597 3508 2638 ι.
3546 2583 3748 2637 Oratio.

2180 2673 2363 2729 Redde
2388 2672 2539 2727 nobis
2560 2673 2819 2728 laetitiam.
2852 2673 2949 2742 fol.
2971 2688 3157 2729 οιιιιι.

2251 2765 2546 2833 Antiphone
2582 2765 2628 2817 Ι.
2690 2762 2848 2819 Dedit
2888 2765 2965 2820 eis
2996 2764 3248 2819 Dominus
3276 2762 3571 2831 potentiam
3604 2764 3761 2831 regni.

2182 2853 2441 2911 adversus
2496 2868 2611 2919 eos,
2665 2853 2756 2923 qui
2808 2852 3257 2923 persequebantur
3289 2853 3427 2907 illos.
3459 2851 3530 2906 P.
3558 2852 3743 2907 Etl‘uit

2182 2947 2291 3001 illis
2340 2947 2394 3001 in
2440 2945 2741 3001 velamento
2795 2945 2919 3007 diéi,
2976 2954 3029 2999 et
3074 2946 3127 2999 in
3183 2945 3301 2999 luce
3334 2944 3615 2999 stelldrnm
3649 2946 3754 2999 tota

2184 3046 2361 3091 nocte.
2423 3036 2496 3104 Ῡ.
2548 3033 2690 3090 Misit
2735 3034 2954 3090 verbum
2984 3049 3161 3098 suum,
3193 3043 3247 3088 et
3274 3032 3487 3088 sanévit
3510 3047 3605 3088 eos
3648 3051 3661 3086 :
3701 3044 3757 3089 et

2185 3125 2381 3194 eripuit
2398 3140 2490 3181 eos
2516 3124 2582 3180 de
2607 3124 2825 3180 intéritu
2855 3125 3065 3180 eurum.
3099 3122 3165 3179 Ρ.
3196 3124 3261 3179 Et
3292 3123 3409 3180 fuit.
3447 3126 3480 3193 ᾖ
3509 3166 3524 3180 .
3553 3124 3753 3190 Gloria,

2111 3178 2159 3242 ο
2187 3178 2458 3273 ὲίῖιᾷἦοῖ
2486 3178 2800 3271 ρξὲιιιέῑίι.

2262 3308 2463 3362 (Initio.
2492 3305 2759 3371 Christus,
2803 3304 2957 3375 cujus
2984 3304 3169 3359 virtus.
3203 3304 3389 3371 Quam
3411 3304 3567 3374 supra
3592 3305 3645 3358 in
3672 3303 3759 3358 γέ.

2187 3401 2348 3467 aperis
2368 3399 2793 3469 praecedentibus.

2257 3489 2555 3560 Antiphane
2599 3488 2656 3547 2.
2707 3488 2895 3546 Venite
2941 3486 3007 3544 ad
3056 3501 3163 3555 me,
3214 3499 3401 3542 omnes
3431 3486 3599 3542 sancti
3630 3488 3755 3554 mei,

2187 3587 2316 3642 dicit
2346 3585 2601 3639 Duminus
2628 3601 2643 3639 :
2678 3581 2999 3639 vindemiate
3025 3580 3253 3637 fructum
3287 3582 3528 3636 labdrum
3547 3582 3759 3636 vestro-

2187 3691 2326 3741 rum,
2372 3690 2590 3746 germen
2628 3674 2874 3744 justitite,
2922 3673 2990 3731 P.
3042 3672 3204 3741 Cujus
3234 3673 3368 3728 odor
3398 3683 3481 3727 est
3512 3687 3757 3742 magnus,

2189 3767 2329 3822 sicut
2378 3766 2511 3821 odor
2549 3765 2783 3819 lilidrum
2811 3774 2865 3819 et
2906 3762 3141 3836 [cccul]
3172 3765 3414 3818 mserum
3444 3762 3495 3816 in
3526 3762 3765 3829 tempore

2189 3870 2306 3911 suo.
2378 3856 2412 3923 ᾗ
2436 3896 2453 3911 .
2499 3854 2711 3920 Venite,
2764 3852 2878 3921 ﬁlii,
2908 3852 3088 3907 audite
3114 3867 3199 3906 me
3226 3869 3239 3905 :
3274 3852 3520 3907 timerem
3550 3850 3761 3904 Domini

2191 3947 2395 4003 docebo
2426 3962 2539 4002 vos.
2572 3945 2641 4002 P.
2672 3946 2837 4018 Cujus
2862 3946 3012 4001 odor.
3058 3946 3093 4015 Ῡ
3116 3983 3132 3999 .
3162 3944 3363 4014 Gloria,
3391 3952 3446 3999 et
3474 3943 3661 3997 honor.
3692 3940 3758 3997 P.

2190 4041 2354 4110 Cujus
2373 4039 2526 4095 odor.

2264 4132 2465 4185 Oratio.
2498 4131 2691 4186 Sancte
2718 4138 2774 4186 et
2797 4128 3102 4186 misericors
3128 4127 3289 4192 Deus,
3318 4125 3406 4196 qui
3434 4122 3751 4195 gloriﬁcﬁris

2191 4224 2247 4279 in
2274 4224 2502 4280 concilio
2526 4222 2845 4278 Sanctarum
2871 4238 2885 4286 ;
2916 4221 3244 4290 magnusque
3266 4216 3583 4272 metuendus
3603 4229 3763 4282 super

2190 4328 2381 4369 omnes
2426 4320 2614 4382 gentes
2643 4310 3001 4381 potentialiter
3026 4309 3263 4365 existens
3291 4326 3306 4374 ;
3332 4320 3493 4373 quem
3529 4304 3759 4359 iactibus

2191 4405 2379 4460 relicto
2405 4402 2666 4459 Zebedaeo
2694 4412 2846 4469 patre
2874 4400 2947 4456 ita
2973 4400 3187 4455 secutus
3225 4405 3331 4463 est,
3366 4405 3422 4450 ut
3451 4390 3651 4448 obnixe
3681 4391 3761 4445 di-

2199 4481 2411 4568 ligendo
2438 4495 2587 4551 ﬁeret
2611 4493 2813 4550 electus
2840 4492 2893 4548 in
2922 4493 3049 4555 vita.
3077 4489 3303 4545 mundus
3330 4489 3383 4542 in
3405 4485 3757 4547 conscientia,

2201 4588 2491 4659 probabilis
2518 4588 2571 4642 in
2598 4585 2836 4642 doctrina
2860 4603 2875 4651 ;
2909 4582 3180 4653 postremo
3209 4582 3283 4636 ita
3309 4578 3593 4635 scientiam
3614 4591 3760 4630 com-

2196 4682 2453 4737 mendans
2481 4696 2549 4737 ex
2578 4679 2763 4750 opere,
2792 4687 2850 4733 ut
2896 4691 2994 4745 pro
3037 4684 3091 4731 te
3118 4672 3362 4731 truncato
3392 4669 3653 4724 interierit
3676 4666 3767 4720 ca-

2197 4775 2327 4844 pite,
2359 4786 2516 4842 quem
2547 4785 2643 4839 pro
2689 4784 2749 4824 se
2775 4767 2858 4823 vel
2882 4765 3128 4821 Omnibus
3156 4761 3367 4817 noverit
3403 4758 3640 4813 animam
3674 4770 3765 4823 po~

2197 4864 2369 4918 suisse
2402 4879 2415 4915 :
2446 4871 2522 4924 tu,
2565 4859 2814 4919 Démine.
2862 4855 3111 4926 precibus
3156 4852 3355 4907 nostris
3400 4849 3517 4918 ejus
3544 4845 3770 4902 obtentu

2200 4960 2319 5016 fave
2346 4958 2606 5026 placatus,
2636 4965 2695 5010 ut
2721 4954 2930 5010 veniam
2953 4948 3258 5007 nostrtirum
3285 4946 3587 5001 mereamur
3626 4938 3773 5008 apud

2203 5061 2254 5107 te
2278 5048 2519 5105 obtinere
2543 5045 2881 5101 deiictdrum.
2920 5042 2959 5110 ἢ
2980 5079 2995 5095 .
3024 5040 3217 5094 Amen.

2272 5141 2373 5196 Per
2394 5135 2834 5193 misericérdiam.

2272 5234 2566 5303 Antiphane
2610 5228 2663 5282 3.
2712 5227 3028 5284 Sanctorum
3087 5235 3212 5277 ossa
3275 5212 3651 5289 germinabunt

2205 5327 2322 5380 loco
2363 5300 2483 5389 suo,
2519 5320 2583 5374 P.
2618 5320 2686 5374 Et
2731 5316 2945 5371 nomina
3000 5314 3184 5368 eorum
3236 5311 3376 5364 sicut
3428 5304 3535 5359 lilia
3575 5300 3773 5356 munda

2203 5416 2517 5472 ﬂoruerunt.
2560 5414 2594 5480 ir
2618 5453 2632 5465 .
2665 5411 2709 5465 Ο
2736 5408 2963 5464 Domine
2988 5404 3166 5458 salvos
3195 5414 3293 5456 nos
3324 5398 3433 5452 l'ac.
3479 5394 3524 5447 Ο
3552 5390 3780 5446 Domine

2206 5510 2341 5569 bona
2397 5505 2733 5577 prosperhre.
2785 5499 2853 5553 P.
2909 5498 2975 5551 Et
3018 5494 3256 5550 nomina.
3323 5490 3397 5557 ᾗ.
3448 5482 3673 5546 Gloria,
3725 5488 3783 5534 et

2206 5606 2377 5660 honor
2410 5599 2574 5655 Patri.
2609 5596 2673 5649 P.
2705 5596 2771 5648 Et
2800 5591 3038 5647 nomina.

2281 5694 2483 5749 (Initio.
2531 5689 2769 5745 Pretiésa
2817 5691 2899 5738 est
2947 5690 3061 5744 tuo,
3108 5674 3353 5734 Dumine,
3385 5669 3437 5723 in
3491 5661 3784 5732 conspectu

2209 5799 2353 5841 mors
2382 5782 2694 5840 Sanctorum
2724 5776 2936 5832 tuérum
2961 5787 2977 5825 :
3008 5769 3096 5840 qui
3123 5766 3189 5822 ad
3219 5774 3270 5819 te
3296 5773 3500 5819 vocans
3520 5754 3785 5813 Jac6bum
