3984 6376
159 411 285 472 1309
1138 411 1611 470 SANCTORALE.
1654 441 1724 451 —
1765 409 1984 466 FESTA
2031 409 2437 467 DECEMBRIS.
3265 414 3401 472 15w

158 524 463 596 Apostolum
509 524 688 592 otique
715 533 864 577 tuum
894 524 946 577 in
977 525 1095 577 navi
1126 524 1257 581 re'tia
1290 521 1720 591 componéntem,
1752 526 1802 579 Α
1897 522 2046 575 Tunc
2066 520 2232 576 cernit
2261 528 2429 575 tortor
2454 520 2608 576 clodo
2637 536 2820 591 gressu
2848 524 2970 579 dato

157 615 625 685 spiritualibt'tsque
674 615 931 668 doctrinis
973 614 1198 682 populos
1240 623 1296 668 ut
1325 614 1579 677 erudiret,
1611 612 1718 665 ele-
1825 611 1912 665 Sic
1943 612 2131 666 altatus
2157 630 2170 664 :
2197 612 2437 666 Christus
2467 612 2855 678 conlaudatur;

158 706 297 776 gisti,
339 715 392 760 et
447 720 540 773 pro
596 704 855 757 effusione
909 705 987 756 sui
1040 704 1308 772 sanguinis
1358 703 1630 756 laetaretur
1668 701 1721 753 in
1822 699 1984 765 Cujus
2013 701 2207 755 virtute
2230 701 2384 768 aegris
2415 700 2558 754 salus
2585 701 2741 754 datur

157 795 327 859 coelo;
359 794 586 863 pétimus
617 792 1052 860 omnipoténtinm
1103 801 1264 855 tuam,
1309 799 1387 858 ut,
1420 792 1545 843 dum
1585 803 1722 857 prm-
2107 791 2206 844 Per
2235 806 2359 846 suos
2387 793 2628 845 Sanctos.

157 885 321 939 séntia
353 884 490 937 tnala
524 882 912 952 patientissime
944 882 1347 936 toleravérimus
1375 920 1389 946 ,
1419 890 1474 935 et
1501 894 1640 933 nunc
1668 888 1722 934 et
1898 880 2134 935 Gloriam
2165 883 2351 950 psallat
2377 882 2593 949 chorus,
2626 890 2679 936 et
2709 882 2934 936 resultet
2962 900 2974 948 ;

157 975 208 1029 in
240 974 492 1029 aeternum
523 975 574 1026 iu
610 991 736 1042 pace
760 1014 776 1040 ,
809 985 861 1029 et
890 973 1150 1029 charitate
1177 981 1347 1028 tecum
1373 972 1488 1026 sine
1515 971 1618 1026 [ine
1645 974 1724 1024 vi-
1827 973 2059 1028 Gloriam
2087 973 2246 1038 dicat,
2274 981 2448 1039 canat,
2485 983 2538 1027 et
2565 973 2802 1028 revolvat
2832 990 2843 1026 :

159 1065 365 1118 vamus.
397 1066 431 1132 ti;
457 1102 471 1119 .
505 1068 695 1118 Amen.
1826 1064 2037 1120 Nomini
2061 1066 2244 1131 Trino,
2281 1066 2470 1120 Deitati
2503 1067 2600 1120 soli

226 1154 326 1208 Per
359 1154 801 1208 misericordiam.
2111 1155 2296 1211 Sidera
2319 1159 2567 1212 clament.

242 1247 280 1314 ἢ
302 1285 315 1299 .
347 1245 527 1301 Sancti
557 1248 644 1314 qui
676 1247 948 1300 certamen
987 1243 1286 1298 habuerunt
1323 1256 1420 1310 pro
1466 1240 1591 1306 ﬁde,
1625 1239 1727 1294 ini-
2257 1250 2448 1301 Amen,

160 1338 327 1393 micns
358 1337 408 1389 in
459 1337 534 1390 eis
566 1337 880 1404 potestatem
909 1349 1013 1388 non
1042 1333 1276 1394 habebit,
1311 1333 1431 1398 quia
1463 1330 1728 1384 clamavé-

1911 1339 2494 1413 Supplicdtio.0rétnus
2528 1337 2939 1405 redemptorem.
2976 1336 3235 1408 Capitula.
3264 1338 3402 1394 Stib-

158 1435 283 1479 ruut
333 1426 435 1479 una
467 1439 600 1478 Voce
623 1422 862 1478 dicentes
893 1442 906 1476 :
943 1422 1007 1476 P.
1040 1424 1267 1477 Sanctus
1299 1419 1460 1486 Deus,
1503 1421 1726 1474 Sanctus

1828 1434 1945 1504 iuga
1972 1431 2387 1488 clementissime
2412 1429 2571 1482 Deus.
2601 1427 2799 1480 Lauda.
2827 1425 3088 1482 Gaudium
3118 1431 3401 1498 sempiter-

161 1515 334 1582 l'ortis,
383 1515 573 1570 exaudi
620 1530 717 1568 nos
763 1533 778 1569 :
834 1515 1058 1570 Sanctus
1100 1513 1432 1578 immortalis,
1473 1511 1727 1564 miserere

1832 1542 1976 1580 num.
2027 1524 2337 1578 Benedictio.
2390 1520 2632 1575 Christus
2664 1521 2802 1574 Deus
2825 1519 2916 1574 Dei
2945 1519 3134 1587 Patris,
3167 1530 3220 1574 ut
3247 1524 3405 1589 supra

159 1608 331 1663 nobis.
392 1610 426 1676 ᾗ
450 1649 466 1664 .
502 1607 619 1661 Vidi
663 1607 713 1660 in
753 1607 888 1662 caelo
921 1606 1126 1660 turbam
1157 1619 1425 1673 magnam,
1457 1619 1614 1673 quam
1644 1603 1730 1656 di-

1023 1621 1126 1659 )am
1157 1619 1425 1673 magnam,
1457 1619 1614 1673 quam
1644 1603 1730 1656 δί’
1828 1619 1881 1670 in
1921 1614 2152 1685 Vésperis
2182 1610 2596 1682 praecedentibus.

159 1699 442 1754 numerare
478 1698 652 1751 nullus
690 1697 936 1766 poterat,
965 1706 1019 1751 et
1044 1695 1348 1750 clamabant
1377 1708 1506 1746 voce
1536 1697 1726 1761 magna
2445 1701 2555 1755 DIE
2595 1699 2787 1755 XXXI.

159 1789 432 1844 dicentes:
468 1787 533 1842 P.
562 1787 790 1843 Sanctus
821 1787 982 1842 Deus.
1027 1788 1062 1855 ᾗ
1086 1825 1101 1838 .
1133 1785 1335 1850 Gloria,
1361 1794 1413 1839 et
1440 1783 1628 1837 honor.
1654 1783 1723 1838 P.

1585 1799 1628 1837 I‘-
1654 1783 1723 1838 Ρη
2063 1811 2114 1851 l-N
2154 1811 2317 1851 νεετο
2356 1809 2572 1848 suum
2611 1807 2869 1846 COLUMBB
2906 1806 3152 1847 vmctms.

161 1886 385 1942 Sanctus
414 1885 577 1940 Deus.
1758 1868 1809 1927 Β
2422 1886 2501 1940 Ad
2529 1885 2824 1951 Vésperum.

747 1973 812 2027 In
852 1971 1145 2026 Ltiudibus.
1904 1979 2153 2053 [cccun‘]
2176 1979 2320 2034 Laud

1904 1979 2153 2053 [eccuni]
2176 1979 2374 2034 Lauda.
2400 1977 2642 2046 Speravit
2671 1975 2843 2028 anima
2867 1988 3004 2028 mea.
3053 1974 3142 2043 fol.
3185 1988 3398 2028 CLxxtx.

226 2068 308 2121 Ad
355 2067 638 2121 Cdntt'cum.
690 2065 1002 2136 Antiphonti.
1054 2064 1152 2132 Qui
1202 2064 1417 2132 ρτὸιπίει
1463 2063 1735 2117 νοιυηῑῧῑθ
1835 2073 1996 2127 Sono.
2032 2073 2284 2126 Dominus
2316 2072 2454 2126 Deus
2476 2072 2614 2126 caeli.
2649 2071 2963 2137 Antiphona.
2990 2068 3150 2138 Virgo
3175 2068 3404 2135 pruden-

157 2157 424 2212 obtulistis
459 2170 552 2209 vos
587 2157 900 2219 discrimini,
946 2155 1245 2209 benedicite
1284 2155 1562 2208 Dominum
1614 2168 1730 2205 nar-

1835 2162 2170 2233 tt'ssima.[ol.
2195 2177 2402 2216 custx.
2432 2161 2630 2215 Lauda.
2655 2162 2806 2215 Sicut
2827 2161 3015 2230 palma.
3036 2159 3337 2229 (ahenus.

157 2246 337 2306 rantes
361 2245 590 2313 justitias
620 2244 736 2313 ejus
759 2253 814 2298 et
841 2244 1176 2298 clementiam
1206 2243 1258 2298 in
1290 2243 1456 2298 fortes
1488 2241 1669 2296 israél.
2497 2255 2756 2325 Hymnus.

223 2336 510 2389 Canticum.
544 2334 642 2401 Qui
672 2332 864 2403 sponte
891 2333 1178 2387 obtulistis.
2047 2346 2254 2401 Nardus
2282 2345 2553 2400 Columba;
2583 2346 2781 2410 ﬂoruit,

226 2430 328 2481 Αάο
365 2427 687 2482 Benedictus.
747 2426 1058 2496 Antiphona.
1127 2425 1304 2480 Sancti
1369 2434 1422 2481 et
1480 2423 1728 2478 humiles.
1979 2438 2220 2506 ιίςῄειη
2256 2437 2481 2507 ﬂagrant
2512 2438 2743 2502 “dum;

158 2520 443 2574 canticum.
487 2518 799 2574 Benedictus
825 2533 885 2573 es
908 2517 1153 2572 Domine.
1183 2515 1277 2587 fol.
1308 2516 1360 2572 6.
1979 2531 2186 2585 Fulciie
2212 2533 2386 2585 lanam
2421 2531 2639 2584 naribus

227 2611 391 2666 Souo.
439 2609 528 2663 Via
571 2609 856 2678 iustorum.
902 2609 1106 2663 Lauda.
1149 2574 1383 2662 L'audate
1428 2605 1730 2660 Dominum.

158 2703 401 2758 Psalmus
423 2716 641 2758 CXLVI”.
689 2699 991 2770 Prophetia.
1047 2700 1318 2756 Justdrum
1367 2697 1578 2752 animat.
1630 2696 1727 2763 fol.
2052 2712 2178 2766 “me
2210 2711 2368 2781 Regis
2397 2721 2514 2780 θρα,
2539 2712 2888 2780 amplexibus,

157 2810 355 2851 cum.
1980 2804 2043 2858 Et
2063 2804 2259 2857 osculis
2289 2821 2300 2855 :
2326 2803 2622 2872 gratissima

681 2884 936 2954 Hymnus.
1978 2894 2190 2950 Christo
2217 2893 2247 2946 l'i

1978 2894 2190 2950 Christo
2217 2893 2395 2958 ﬁdem,
2428 2910 2585 2962 quam
2617 2894 2905 2962 sponderat

1976 2985 2192 3041 Cruoris
2220 2985 2376 3038 arrha
2407 2984 2705 3038 consecrat.

2048 3079 2174 3147 Igne
2198 3077 2453 3147 geméllos
2483 3077 2662 3130 szeculi

1978 3169 2197 3232 Stravit,
2225 3168 2456 3236 subegit,
2484 3167 2684 3235 dépulit
2707 3186 2720 3231 ;

229 2977 474 3032 Gaudeat
503 2985 692 3032 cuncta
721 2977 804 3046 pia
834 2974 984 3044 plebs
1013 2975 1224 3028 alumna
1257 2991 1271 3026 :

157 3070 409 3124 Resultet
433 3081 561 3122 voce
589 3067 746 3121 simul
777 3075 833 3120 et
858 3065 1050 3120 crudre
1085 3081 1097 3118 :

158 3159 314 3216 Pacis
345 3159 550 3214 fmnore
576 3173 786 3226 semper
809 3156 1077 3211 Christum
1113 3164 1262 3224 roget

446 3250 638 3305 Laudis
670 3250 889 3304 honore.

228 3343 462 3407 Véritas,
497 3342 627 3404 vita,
658 3354 782 3407 apes
799 3353 1026 3408 semper
1051 3337 1333 3408 tranquilla

158 3438 213 3491 In
244 3435 326 3490 tui
347 3434 470 3487 almi
501 3433 790 3500 Jacobique
820 3433 991 3486 sancti

154 3529 272 3584 Jum
303 3526 628 3591 cruciamur,
662 3525 870 3595 ignibus
898 3524 1203 3580 cremAmur

449 3615 661 3671 Catenis
691 3616 918 3686 magnis.

226 3711 456 3781 Magnus
485 3708 572 3763 hic
598 3709 673 3761 ait
702 3707 1063 3775 Dominusque
1092 3711 1276 3759 noster
1307 3723 1318 3756 :

155 3805 284 3867 Dira
317 3801 526 3857 resolve
554 3801 708 3872 ignea
734 3798 923 3854 caténa

156 3896 301 3952 Nihil
337 3894 558 3950 nocénte
591 3910 604 3948 :
637 3894 765 3948 mihi
792 3906 932 3946 nunc
955 3890 1140 3947 alTérle

449 3989 656 4058 Magum
685 3989 920 4056 iniquum
944 4006 958 4053 ;

225 4078 318 4135 Ad
342 4076 496 4148 cuius
522 4077 672 4144 jussu
699 4076 941 4143 protinus
963 4075 1311 4130 occurrerunt
1340 4093 1352 4126 :

156 4170 294 4224 Eum
321 4167 433 4237 jam
460 4167 694 4220 vinctum
721 4174 845 4219 ante
868 4164 1030 4232 pedes
1055 4163 1283 4229 sistunt;

158 4260 225 4316 Ut
249 4257 597 4320 dimicéntur,
626 4267 784 4324 atque
812 4253 1171 4319 vindicentur,

448 4349 513 4404 Et
538 4346 860 4404 crucientur.

225 4438 463 4506 Réspice
489 4445 610 4506 post
637 4435 760 4489 hinc
787 4445 839 4490 te
866 4433 1063 4488 habere
1093 4443 1301 4504 patrem

153 4533 496 4598 Quamquam
527 4527 788 4594 iniquum,
817 4526 1000 4596 generi
1031 4526 1266 4581 humano

1983 3259 2276 3314 Flammam
2305 3256 2567 3325 peuilcam
2601 3255 2843 3323 Barbari,

1979 3350 2259 3420 Focosque
2288 3348 2531 3404 admotos
2559 3348 2681 3402 sibi.

2048 3441 2179 3496 Cum
2208 3442 2261 3495 in
2286 3441 2511 3508 lupanar
2538 3440 2708 3509 posita

1981 3532 2244 3589 Intrantes
2268 3531 2334 3584 ad
2364 3545 2443 3599 se,
2474 3531 2705 3585 luridam

1980 3623 2277 3680 Libidinem
2307 3622 2655 3691 compéscuit,

1980 3715 2217 3785 Seséque
2247 3714 2476 3768 ﬂammis
2505 3713 2701 3769 exurit.

2051 3807 2141 3862 Sic
2170 3804 2393 3859 liberata
2417 3805 2484 3859 ab
2511 3803 2743 3872 ignibus,

1983 3897 2140 3952 Locis
2168 3894 2393 3949 retracta
2422 3895 2669 3957 scenicis,

1985 3988 2238 4043 Mucréne
2262 3986 2447 4041 stricto
2477 3985 2744 4055 pléctitur,

1985 4079 2220 4146 Nuptura
2251 4078 2389 4132 caelo
2430 4076 2784 4138 adsciscitur;

2054 4168 2152 4223 Cui
2174 4182 2273 4221 vox
2299 4168 2364 4219 ab
2395 4168 2553 4218 astris
2582 4167 2839 4220 résonans
2867 4181 2882 4218 :

1988 4258 2119 4313 Veni
2147 4257 2431 4320 Columba,
2461 4257 2710 4324 personat
2739 4274 2752 4319 ;

1986 4351 2066 4405 Tu
2098 4351 2318 4406 vocibus
2347 4351 2544 4404 nostris
2574 4349 2785 4416 favens,

1990 4443 2094 4496 Fac
2125 4458 2219 4496 nos
2247 4443 2496 4497 Polorum
2525 4440 2821 4509 compotes.

2066 4538 2290 4601 Praesta,
2315 4535 2469 4589 Pater
2501 4534 2756 4603 piissime,

153 4563 496 4598 \vlu‘""‘|““'"
528 4563 788 4594 """luu'"!
817 4563 1000 4596 ῠυυωι
1031 4563 1266 4581 ¹¹υ¹⁸⁸ι¹¹¹υ
1769 4563 1825 4624 Β
2066 4563 2290 4601 ιἰῑιςδιδ,
2316 4563 2468 4589 rntcr
2501 4563 2700 4603 puaatul

152 4622 435 4679 Christum
465 4633 624 4688 quem
657 4618 910 4687 negabas,
940 4618 1247 4674 Creatorem
1274 4634 1412 4685 esse,
1992 4627 2239 4696 Patrique
2269 4640 2487 4694 compar
2519 4625 2704 4691 Unice,

451 4711 645 4766 Verum
678 4711 925 4781 agnosce.
1984 4718 2116 4772 Cum
2148 4719 2348 4788 Spiritu
2377 4716 2642 4771 Paraclito

229 4808 436 4862 Verum
465 4806 716 4874 agnosco,
741 4805 832 4871 ait,
866 4804 1220 4872 Salvatorem,
1985 4810 2234 4880 Regnans
2261 4825 2354 4878 per
2379 4824 2536 4863 omne
2556 4807 2831 4864 sreculum.

149 4900 347 4968 Teque
370 4897 626 4964 exposco,
663 4897 856 4950 Sancte
884 4898 1207 4952 intercessor
1238 4918 1249 4951 :
2129 4904 2318 4958 Amen.

155 4989 413 5052 Véniam,
438 4987 620 5052 credo,
654 4987 883 5042 Domino
905 4988 1133 5054 iavénte,
1920 4995 2268 5066 Supplicdtio.
2324 4992 2551 5046 Oremus
2590 4990 3000 5060 Redemptorem
3032 4991 3209 5044 mundi
3241 4990 3422 5043 Domi-

450 5077 527 5132 Τθ
556 5077 683 5131 ἀπε
714 5093 895 5147 Ροεεθ·
1846 5102 1972 5142 num
1997 5093 2239 5139 nostrum
2280 5084 2460 5139 Jesum
2492 5081 2783 5146 Christum,
2829 5098 2946 5135 cum
2978 5082 3120 5134 omni
3152 5082 3416 5151 supplica-

229 5167 464 5223 St’tstttlit
495 5177 612 5234 post
641 5167 764 5221 hinc
792 5167 1029 5223 ferientis
1059 5169 1210 5223 ulcus
1238 5187 1252 5234 ;

1845 5181 1992 5235 tione
2023 5176 2303 5246 rogemus;
2337 5185 2392 5229 ttt
2422 5191 2520 5230 nos
2549 5176 2720 5244 gratia
2759 5175 3052 5229 nativitAtis
3080 5189 3208 5238 suae,
3241 5185 3294 5228 et
3326 5190 3418 5241 per

152 5261 229 5313 At
251 5257 391 5311 collo
419 5258 542 5311 fune
569 5259 845 5322 tractatus,
876 5259 1156 5326 colligatur

1846 5271 2288 5325 intercessionem
2316 5279 2514 5323 sanctae
2551 5269 2821 5324 Columba:
2853 5266 3068 5335 virginis
3089 5277 3140 5320 et
3168 5267 3415 5336 martyris

150 5351 250 5405 Sic
283 5348 350 5403 ab
381 5349 592 5402 Herode
619 5349 791 5415 capite
822 5349 1086 5417 ple’ctitur,

1845 5379 1977 5427 suae,
2013 5365 2167 5424 nobis
2193 5362 2587 5426 remissibnem,
2630 5371 2681 5416 et
2713 5376 2895 5430 pacem
2920 5361 3118 5415 donare
3145 5361 3412 5430 dignetur.

447 5437 537 5493 Sic
565 5439 860 5493 ordillélur-
1860 5455 1895 5519 ti;
1921 5493 1935 5507 .
1968 5454 2168 5508 Praesta
2200 5453 2422 5509 Aitérne
2448 5453 2796 5519 Omnipotens
2825 5452 2984 5505 Deus.

231 5532 303 5586 Et
321 5531 525 5585 ducunt
551 5530 785 5584 vinctum
812 5532 1174 5587 transeuntem
1207 5533 1402 5598 vicum,

1917 5544 2178 5614 Capitula.
2232 5546 2396 5609 Deus,
2447 5546 2533 5612 qui
2575 5543 2932 5596 beatissimam
2983 5543 3292 5596 Columbam
3330 5556 3420 5596 co-

149 5622 395 5680 Claudus
423 5621 493 5676 ab
516 5636 581 5675 eo
608 5621 797 5690 quaerit
823 5619 1162 5686 alimentum,

1846 5636 2146 5689 lumbarum
2179 5635 2520 5700 simplicitate
2551 5631 2718 5685 fecisti
2743 5647 2862 5685 esse
2894 5631 3164 5686 miriﬁcam
3193 5672 3206 5696 ,
3240 5640 3297 5685 ut
3324 5633 3413 5686 in-

149 5717 330 5785 Cuju‘s
352 5714 548 5770 virtute
579 5713 751 5783 agitur
773 5719 952 5767 rectus
977 5731 987 5764 ;
1021 5728 1183 5771 sanus

1844 5723 2087 5778 nocentia
2135 5724 2256 5777 ﬁdei
2296 5721 2610 5776 Christiana:
2641 5731 2690 5776 te
2718 5731 2768 5776 et
2814 5722 2976 5790 Virgo
3005 5721 3319 5789 sequeretur
3358 5735 3413 5778 et

452 5806 630 5875 Pergit
659 5807 724 5861 ad
754 5805 959 5862 horam.
1846 5814 2041 5885 Martyr
2067 5833 2078 5868 :
2111 5815 2234 5870 dum
2266 5815 2356 5870 tibi
2388 5824 2441 5868 ct
2469 5829 2660 5884 corpus
2688 5813 2943 5868 intactum
2976 5813 3227 5870 servavit.
3262 5827 3308 5870 ct
3337 5814 3416 5866 νὶ-
