3984 6376
553 390 680 445 1311

1737 372 2156 432 BREVIARIUM
2200 371 2569 433 COTlllCUM.

3666 374 3799 430 1512

546 501 678 555 ciris
702 498 810 568 jam
840 496 1035 567 Martyr
1062 493 1285 549 adhaesit
1315 512 1326 546 :
1356 493 1480 548 dum
1510 492 1628 547 data
1656 492 1683 545 ὲ
1714 502 1784 553 te.
1831 490 2053 546 formata
2083 488 2113 543 ἑ
2141 488 2192 545 Δ
2219 488 2423 542 sionem
2450 506 2465 554 ;
2525 492 2642 561 ejus
2686 504 2813 558 ergo
2867 490 3167 550 intervénttt
3216 490 3526 559 passiOnum
3581 489 3609 542 ii
3650 490 3799 543 nobis

548 591 699 646 cielis
744 604 905 655 voce,
951 588 1191 653 vocatur,
1236 594 1293 639 et
1341 600 1435 655 per
1490 596 1539 638 te
1590 586 1641 637 in
1702 584 1851 638 cmlis
1900 583 2121 637 miriﬁce

548 679 860 740 coronittnr;
894 678 1071 745 optata
1124 676 1320 728 nostris
1365 673 1628 727 mentibus
1670 672 1860 741 gitudia
1906 682 2119 740 prmsta,

546 783 601 821 ut
631 770 744 837 ejus
776 766 978 822 meritis
1007 768 1307 820 nostrérum
1335 764 1615 819 criminum
1649 763 1878 818 victores
1924 763 2120 830 eﬂécti,

548 860 601 914 in
638 859 944 914 caeléstibus
981 855 1278 910 mereamur
1307 854 1520 909 sedibus
1549 853 1836 908 conlocliri.

619 950 776 1004 Pater
804 957 1005 1003 noster.
1039 945 1271 1001 Liberati
1300 944 1330 999 s
1359 943 1515 999 malo.
1551 945 1647 1014 fol.
1671 944 1727 998 2.

616 1039 935 1094 Benedictio.
968 1038 1130 1100 Deus,
1161 1037 1250 1104 qui
1282 1036 1641 1091 beatissimam
1668 1035 1982 1092 Columbam
2014 1038 2123 1093 vir-

549 1131 725 1200 ginem
775 1131 1045 1185 victricem
1083 1144 1202 1184 esse
1244 1128 1415 1181 voluit
1454 1128 1701 1195 ﬂammae,
1752 1130 2028 1199 extinguat
2066 1131 2119 1185 in

548 1221 701 1275 vobis
747 1236 955 1275 onmem
1018 1221 1192 1274 carnis
1249 1219 1569 1274 titillationis
1632 1220 1881 1275 srdtirem
1944 1240 1955 1275 :
2044 1223 2119 1290 ιῆ.

549 1310 743 1366 Amen.
787 1310 853 1364 Et
878 1325 971 1378 per
995 1324 1153 1381 quem
1196 1310 1286 1365 illa
1315 1310 1535 1366 cceléste
1564 1326 1694 1367 voce
1724 1312 1916 1367 méruit
1944 1315 2119 1372 vocari

549 1404 614 1455 ad
665 1401 977 1465 prmium,
1029 1415 1122 1468 per
1151 1414 1267 1454 eam
1315 1415 1411 1455 vos
1461 1402 1778 1457 mereamini
1817 1406 2123 1461 sanctitlitis

552 1494 797 1549 obtinere
841 1491 1202 1563 propositum;
1260 1493 1335 1561 ιῆ.
1366 1497 1559 1549 Amen.
1617 1495 1684 1551 Ut
1710 1498 1957 1563 exémplo
1985 1500 2120 1567 ejus,

551 1588 690 1640 sicut
731 1585 817 1639 illa
861 1599 959 1653 pro
987 1598 1053 1639 eo
1080 1584 1345 1639 cervicem
1399 1600 1549 1639 suam
1594 1589 2125 1649 materiinlisobdidit

552 1677 753 1748 giodio,
785 1678 856 1731 ita
888 1691 982 1731 vos
1006 1676 1211 1732 animas
1240 1688 1449 1732 vestras
1474 1677 1656 1734 divino
1696 1694 1909 1749 semper
1936 1682 2125 1751 subju-

546 1772 682 1841 getis
706 1770 951 1839 imperio.
995 1769 1031 1837 ἡ
1052 1808 1067 1822 .
1100 1770 1288 1822 Amen.

618 1865 721 1919 Per
751 1862 1172 1918 misericordiam
1198 1862 1387 1931 ipsius,
1409 1871 1514 1917 etc.

618 1956 818 2010 Lauda.
852 1955 1101 2024 Speciosa
1129 1955 1264 2009 facta
1295 1969 1371 2008 es.
1399 1955 1495 2023 fol.
1520 1970 1736 2011 cum.

622 2047 821 2100 Oratio.
853 2046 1221 2113 Omnipotens,
1251 2042 1573 2111 sempitérne
1598 2046 1755 2108 Deus,
1786 2045 1876 2115 qui
1910 2046 2119 2101 behtam

548 2138 862 2193 Columbam
890 2138 1171 2207 virginem,
1202 2146 1255 2191 et
1278 2137 1562 2207 mortyrem
1594 2146 1760 2202 tuam,
1791 2154 1885 2207 per
1916 2139 2119 2209 m'arty-

549 2228 614 2282 rii
630 2229 852 2297 palmam
876 2228 1131 2283 hodierna
1162 2228 1248 2282 die
1278 2226 1447 2281 feciin
1478 2229 1834 2284 conscendere
1856 2230 2118 2299 gloriam:

548 2320 615 2373 da
645 2320 816 2384 nobis,
854 2320 973 2387 ejus
994 2319 1402 2389 suifragantibus
1424 2320 1649 2385 meritis,
1689 2325 1999 2389 cunctOrum
2031 2326 2123 2380 vé-

549 2410 689 2462 niam
735 2409 1069 2472 deiictdruui,
1104 2418 1160 2464 ut
1200 2412 1264 2463 ad
1304 2410 1539 2480 ejt'isdem
1573 2414 1875 2467 mcreitmur
1924 2415 2123 2484 pertin-

549 2513 670 2567 gere
705 2501 991 2555 consortia.
1034 2502 1068 2568 ft}
1092 2540 1105 2554 .
1142 2502 1332 2557 Amen.

626 2592 725 2647 Per
753 2593 1189 2647 misericordiam.

1106 2686 1185 2737 Ad
1233 2684 1564 2741 Matutinum.

691 2774 1002 2843 Atttt’phona.
1035 2773 1197 2829 Labia
1222 2792 1337 2831 mea
1358 2780 1582 2846 apérieS.
1614 2778 1847 2835 Psalmus
1876 2797 1925 2838 L.

627 2861 828 2917 Ortilio.
865 2865 1120 2919 Exultent
1148 2866 1391 2923 Domine.
1422 2870 1515 2938 fol.
1550 2886 1742 2925 cuxx.

624 2955 935 3022 Antiphone.
1014 2959 1270 3013 Columba
1328 2963 1613 3029 speciosa,
1674 2964 1941 3031 perfecta,
1991 2980 2121 3021 auro

555 3049 884 3119 gemmisque
929 3050 1251 3117 prmcincta;
1297 3049 1365 3106 P.
1416 3052 1577 3121 Cujus
1607 3064 1766 3121 caput
1798 3054 2007 3123 plenum
2038 3066 2121 3111 est

554 3157 694 3207 rore,
729 3150 784 3199 et
809 3142 985 3197 crines
1014 3142 1195 3212 guttis.
1265 3144 1297 3211 Ῡ
1325 3182 1337 3196 .
1380 3145 1513 3197 Audi
1542 3145 1668 3211 ﬁlia,
1698 3155 1751 3199 et
1779 3148 1921 3211 vide,
1950 3158 2005 3203 et
2037 3149 2118 3203 io-

559 3232 697 3287 clina
728 3247 908 3287 aurem
937 3242 1075 3286 tuam
1111 3252 1121 3285 :
1149 3242 1203 3286 et
1231 3232 1549 3287 obliviscere
1579 3235 1831 3302 populum
1866 3246 2029 3301 tuum,
2066 3251 2121 3295 et

554 3324 770 3377 domum
822 3324 985 3391 patris
1040 3324 1131 3377 tui.
1166 3321 1234 3376 P.
1276 3324 1435 3390 Cujus
1477 3336 1653 3394 caput.
1716 3327 1789 3395 ᾗ.
1839 3328 2041 3397 Cldria,
2070 3340 2124 3386 et

554 3414 725 3468 honor
745 3415 908 3472 Patri.
938 3426 1042 3470 etc.
1074 3415 1137 3467 P.
1163 3415 1326 3483 Cujus
1353 3426 1531 3482 caput.

627 3504 828 3559 Orétio.
880 3505 1013 3570 Una,
1061 3516 1115 3559 et
1165 3508 1392 3576 perfecta
1424 3508 1569 3578 virgo
1608 3509 1806 3565 Christi
1835 3511 2117 3583 Cohimba,

554 3611 675 3666 qua:
701 3606 749 3651 et
797 3598 997 3651 unitaite
1038 3599 1158 3652 iidei
1204 3599 1366 3665 clara,
1414 3610 1467 3654 et
1522 3602 1847 3671 periectidue
1896 3607 2121 3675 operum

552 3691 864 3744 monstraris
910 3704 1028 3745 esse
1073 3692 1393 3759 conspicua;
1445 3691 1527 3745 fac
1578 3708 1674 3748 nos
1703 3710 1829 3764 ergo
1878 3698 2121 3767 precibus

554 3782 658 3835 tuis
706 3780 843 3835 intrii
882 3782 1052 3835 sinum
1087 3782 1271 3837 matris
1320 3784 1571 3838 Ecclesia:
1618 3785 1688 3839 ita
1734 3788 2123 3855 inculpabiliter

554 3870 749 3939 dégere
773 3912 789 3935 ,
822 3882 878 3925 ut
905 3872 1193 3927 coronaudi
1244 3875 1309 3928 ad
1342 3876 1597 3942 promissa
1625 3879 1925 3935 mereamur
1963 3883 2124 3939 cmic-

554 3964 660 4017 stia
686 3965 988 4031 pervenire.
1027 3974 1063 4031 lt)
1086 4002 1101 4016 .
1131 3965 1321 4019 Amen.

627 4053 728 4107 Per
754 4052 1169 4108 misericordiam
1201 4064 1363 4119 utam,
1399 4066 1501 4111 etc.

627 4146 933 4215 Antiphona.
988 4145 1097 4202 Una
1123 4162 1181 4201 es
1209 4136 1446 4215 proxima
1477 4165 1588 4203 mea
1616 4168 1628 4202 :
1660 4168 1759 4205 una
1780 4167 1840 4207 es
1864 4150 2119 4208 Columba

557 4250 695 4303 mea,
726 4236 793 4291 Ρ.
829 4237 893 4290 Et
916 4236 1123 4291 mécula
1154 4252 1257 4291 non
1287 4248 1371 4292 est
1402 4241 1451 4293 in
1479 4252 1548 4293 te.
1596 4241 1666 4308 ᾖ.
1714 4242 1813 4296 l’er
1860 4244 1998 4297 diem
2040 4246 2120 4299 sol

559 4346 662 4383 nun
695 4339 810 4384 uret
839 4338 927 4385 te:
958 4345 1129 4396 neque
1153 4331 1272 4385 luna
1305 4347 1396 4398 per
1426 4341 1655 4387 noctem.
1714 4332 1778 4387 Ρ.
1825 4335 1889 4389 Et
1915 4336 2121 4394 mitcula

558 4437 680 4474 non.
727 4422 760 4488 ᾖ
784 4459 799 4474 .
829 4419 1029 4485 Gloria,
1053 4431 1105 4475 et
1136 4423 1323 4477 honor.
1349 4422 1417 4475 P.
1451 4424 1516 4477 Et
1539 4424 1762 4480 macula.

2143 3186 2190 3248 C

2227 580 2402 637 ntz'tcul
2424 598 2466 635 is
2498 595 2665 651 terge,
2700 592 2755 640 ut
2786 583 3012 651 speciosi
3045 583 3073 635 ὸ
3107 592 3156 635 te
3188 591 3239 635 ct
3268 584 3429 643 votis,
3460 590 3513 635 et
3558 581 3800 648 operibus

2225 673 2439 739 rédditi,
2486 688 2664 743 portas
2714 674 2926 729 antérnte
2974 675 3309 735 lliert'tsalem
3371 675 3675 737 mereamur
3723 674 3797 728 in~

2228 765 2392 825 troire
2430 766 2590 820 beoti.
2642 766 2679 833 ιῆ
2704 804 2717 819 .
2750 768 2939 822 Amen.

2298 855 2400 911 Per
2426 855 2875 910 misericordiam.

2304 948 2384 1015 ἀ.
2434 946 2619 1002 Gaude
2671 948 2778 1003 [ilia
2818 948 2966 1013 Sion,
3024 947 3153 1002 dicit
3204 948 3467 1002 Dominus
3514 968 3526 1001 :
3577 946 3801 1017 Spiritus

2223 1053 2399 1105 meus,
2431 1038 2521 1108 qui
2573 1048 2656 1093 est
2699 1040 2754 1094 in
2803 1048 2874 1104 te,
2905 1050 2959 1095 et
2989 1042 3148 1094 verba
3192 1055 3333 1105 mea,
3387 1055 3507 1109 qua:
3549 1040 3699 1108 posui
3748 1044 3798 1096 in

2223 1130 2385 1186 corde
2415 1140 2525 1196 tuo,
2559 1146 2663 1185 non
2696 1132 2946 1187 recédant
2972 1132 3041 1187 de
3085 1147 3178 1187 ore
3210 1141 3322 1196 tuo,
3353 1147 3453 1186 nec
3498 1132 3566 1187 de
3594 1148 3687 1187 ore
3718 1134 3798 1188 se-

2224 1222 2381 1278 minis
2407 1224 2481 1277 tui
2514 1222 2583 1276 P.
2618 1222 2796 1292 Usque
2830 1225 2882 1277 in
2912 1223 3319 1291 sempiternum.
3368 1224 3441 1291 ᾗ.
3476 1224 3651 1277 Lauda
3680 1224 3797 1278 llic-

2222 1314 2455 1371 rt'tsalem
2503 1313 2824 1368 Dominum:
2857 1314 3112 1369 conlauda
3156 1313 3321 1369 Deum
3356 1324 3505 1368 tuum
3547 1315 3697 1369 Sion.
3731 1314 3790 1368 P.

2225 1406 2423 1473 Usque.
2463 1406 2494 1474 Ῡ
2522 1446 2536 1461 .
2569 1404 2771 1470 Gloria,
2796 1414 2853 1461 et
2882 1407 3070 1466 honor.
3102 1415 3207 1460 etc.
3232 1404 3299 1459 P.
3335 1404 3534 1474 Usque.

2298 1500 2495 1552 ονὰιὶο.
2528 1499 2877 1566 Omnipotens
2916 1498 3241 1568 sempiterne
3278 1498 3439 1563 Deus,
3473 1499 3585 1567 qui.
3618 1497 3798 1563 ριατιι

2222 1590 2276 1643 in
2311 1589 2544 1659 Vesperis
2572 1590 2998 1660 prwcedénu'hus.

2821 1679 2888 1734 In
2917 1680 3205 1735 Ldudilms.

2297 1770 2375 1822 Ad
2426 1768 2711 1825 Cdntirum.
2753 1771 3071 1838 Antiphona.
3122 1772 3258 1825 Filia
3307 1771 3458 1829 Sion.
3507 1769 3796 1825 Cdnticutl.

2148 1837 2203 1909 Ba
2231 1858 2475 1915 Gaudens
2505 1861 2771 1931 gaudebo.
2800 1837 2885 1917 Ad
2908 1862 3237 1916 Benedictus.
3282 1861 3604 1931 Antiphonti.
3636 1862 3801 1917 Bene-

2228 1951 2400 2005 dictus
2450 1950 2729 2005 Dominus.
2780 1950 3069 2005 Cdnticum.
3113 1950 3435 2006 Benedictus
3475 1965 3534 2003 es
3584 1950 3800 2003 Domine

2230 2043 2391 2097 Deus.
2442 2042 2604 2099 Sana.
2650 2042 2910 2099 Dominus
2961 2042 3100 2098 Deus
3136 2042 3281 2098 caeli.
3325 2040 3529 2095 Lauda.
3569 2040 3799 2095 Laudato

2229 2135 2538 2191 Dominum.
2580 2136 2823 2191 Psalmus
2851 2150 3067 2191 csum.
3118 2133 3421 2201 Prophetia.
3472 2130 3653 2199 Longi
3699 2132 3797 2184 Do-

2228 2229 2407 2283 minus
2435 2228 2678 2296 apporuit
2706 2228 2857 2281 mihi.
2898 2227 3082 2293 Quazre
3129 2226 3225 2296 fol.
3275 2241 3496 2282 cum.
3543 2224 3793 2294 Hymnus.

2228 2318 2435 2374 Nardus
2461 2320 2748 2375 Columba}.
2770 2320 3111 2389 Snppliaitio.
3135 2315 3362 2373 Oremus
3388 2316 3796 2384 Redemptorcm

2230 2410 2414 2465 mundi
2446 2409 2727 2464 Diiminum
2758 2418 3035 2475 nostrum;
3066 2426 3221 2475 supra
3250 2410 3299 2462 in
3348 2407 3612 2475 Vesperis.

2300 2500 2561 2569 Capitula.
2611 2500 2839 2555 Domine
2885 2499 3013 2555 Jesu
3060 2498 3292 2563 Christe,
3327 2500 3414 2567 qui
3462 2496 3795 2551 sermonibus

2229 2593 2503 2649 Columba:
2549 2594 2870 2649 beatissima:
2915 2591 3138 2662 virginis
3181 2602 3234 2645 et.
3280 2591 3557 2661 martyris,
3608 2588 3793 2643 evértis

2229 2699 2443 2739 sensum
2491 2683 2704 2753 jt’tvenis
2759 2682 3047 2752 petulontis
3085 2700 3096 2734 :
3141 2692 3220 2748 ut,
3269 2683 3357 2750 qui
3414 2695 3611 2734 nomen
3656 2690 3790 2732 tuum

2231 2774 2718 2843 blasphematﬂrus,
2751 2774 2816 2827 ad
2847 2774 3079 2843 Virginis
3101 2772 3533 2842 prostitutit‘mem
3567 2771 3792 2839 ingredi-

2231 2874 2333 2927 tur,
2368 2864 2687 2932 prazdicatur
2719 2874 2841 2918 tuus
2875 2878 3018 2928 esse,
3062 2864 3342 2932 egrediens
3380 2863 3790 2923 monstraretur;

2228 2957 2293 3011 da
2326 2956 2477 3011 nobis
2508 2954 2713 3010 méritis
2745 2954 2973 3025 Virginis
3022 2964 3147 3019 tuae,
3196 2963 3251 3007 ut
3289 2953 3358 3007 de
3408 2953 3566 3007 malis
3598 2953 3790 3005 {ictibus

2226 3047 2388 3100 vitam
2420 3046 2470 3098 in
2492 3045 2681 3099 melius
2709 3044 3238 3113 commutemus,quo
3260 3043 3541 3097 incentivis
3561 3042 3790 3096 carentes

2227 3138 2527 3203 libidinum,
2561 3138 2883 3194 azterndrum
2915 3139 3217 3195 mercemur
3266 3137 3543 3208 percipere
3586 3134 3788 3206 praemia

2226 3230 2562 3301 gaudiorum.

2296 3322 2453 3376 Pater
2480 3332 2679 3376 noster.
2714 3321 2949 3376 Liberoti
2973 3322 3003 3375 ξι
3031 3322 3188 3375 malo.
3222 3320 3317 3391 fol.
3346 3320 3402 3374 2.
3434 3320 3635 3373 Lauda.
3667 3318 3789 3388 δρε-

2222 3415 2369 3472 ciosa
2399 3415 2535 3469 facta
2566 3429 2646 3479 es,
2671 3424 2725 3469 et
2749 3416 2950 3477 suavis,
2976 3415 3136 3483 supra
3163 3416 3215 3468 in
3249 3412 3511 3481 Vesperis.

2294 3507 2610 3561 Benedictio.
2654 3507 2816 3572 Deus,
2854 3507 2945 3576 qui
2990 3508 3191 3561 unitAte
3234 3516 3287 3561 et
3329 3506 3652 3573 perfectione
3690 3503 3781 3558 Cn-

2223 3598 2419 3653 lutnbte
2449 3600 2668 3669 virginis
2697 3599 2913 3669 gaudet,
2954 3599 3261 3653 innocéntil
3291 3612 3383 3650 vos
3423 3596 3778 3649 columbarum

2222 3690 2566 3746 remimeret:
2613 3694 2686 3760 ἢ.
2729 3692 2923 3746 Amen.
2965 3692 3031 3746 Et
3060 3692 3149 3761 qui
3179 3707 3238 3745 se
3279 3691 3347 3745 de
3396 3692 3537 3744 creto
3576 3688 3781 3743 vocibus

2226 3781 2499 3848 intonans,
2534 3782 2748 3852 apertos
2769 3784 2885 3851 ejus
2917 3782 3121 3837 méritis
3150 3782 3361 3835 nontiat
3393 3783 3583 3841 cmlos,
3618 3794 3708 3832 vos
3734 3778 3780 3830 in

2222 3872 2532 3928 cteléstibus
2554 3871 2803 3927 conlocet
2823 3872 3040 3927 sedibus
3060 3871 3453 3933 numerandos;
3500 3870 3534 3935 ti)
3556 3907 3571 3921 .
3598 3873 3777 3922 Amen.

2228 3962 2291 4017 Ut
2318 3964 2406 4031 qui
2438 3964 2577 4017 illam
2608 3963 2905 4017 oblectatur
2943 3969 3065 4031 post
3104 3961 3325 4031 gloriam
3373 3960 3656 4027 passionis,
3687 3961 3781 4011 illic

2224 4054 2551 4109 muneranda
2593 4068 2807 4123 semper
2836 4053 3096 4121 dirigatur
3142 4052 3285 4105 ocies
3336 4052 3531 4104 mentis
3572 4060 3777 4103 nostra.

2240 4144 2313 4212 [ἢ.
2354 4146 2546 4200 Anien.
2579 4144 2680 4199 Per
2719 4143 3143 4199 misericordiam
3174 4144 3339 4211 ipsius
3378 4140 3467 4195 Dei
3503 4141 3686 4196 nostri.

2294 4239 2372 4291 Ad
2387 4237 2611 4291 Tertiam
2626 4238 2687 4291 de
2706 4234 2972 4299 Defrinctis
2983 4252 3093 4307 qua?
3106 4235 3246 4289 debet
3260 4236 3521 4304 ingrediin
3543 4234 3644 4301 fine
3655 4232 3755 4286 Las
3768 4261 3781 4272 -

2223 4330 2345 4382 dum
2365 4330 2427 4382 de
2450 4328 2731 4399 Defdnctis,
2749 4328 2842 4395 [οι.
2857 4343 2996 4382 CLVI.
3018 4326 3114 4381 Ubi
3135 4327 3295 4385 dicit:
3319 4327 3507 4393 Incipit
3526 4327 3778 4380 Uittcium.

2294 4420 2607 4488 Antipliona.
2653 4418 2875 4475 Redime
2900 4434 2985 4474 me
3014 4417 3263 4479 Domine,
3295 4427 3348 4471 et
3371 4418 3629 4479 miserere
3654 4419 3779 4479 mei;

628 4510 903 4584 [CCCLXIII]
965 4512 1165 4565 Ortilio.
1214 4512 1326 4567 Una
1350 4555 1364 4578 ,
1400 4530 1499 4569 nec
1526 4517 1692 4570 divisa
1737 4518 1972 4585 proxima
2010 4532 2117 4587 tua,
2148 4530 2198 4590 ι)
2224 4522 2282 4569 ut
2306 4514 2357 4568 ill
2388 4512 2638 4568 ECCléSiiS
2666 4512 2973 4567 belledicam
3015 4520 3066 4566 ιθ
3107 4512 3351 4565 mmine-

556 4601 792 4661 Christe.
822 4600 1054 4655 Ecclt‘sia
1085 4618 1098 4654 :
1129 4617 1233 4655 una
1257 4614 1337 4657 est
1358 4618 1482 4658 ecce
1511 4603 1787 4675 Colitmba,
1806 4624 1921 4677 quae
1948 4626 2046 4664 nec
2068 4614 2119 4666 in

558 4696 659 4749 ﬁde
679 4694 878 4748 habens
901 4708 1105 4762 rugam,
1131 4708 1227 4749 nec
1253 4696 1303 4747 in
1326 4694 1489 4764 opere
1510 4697 1796 4763 mitculam;
1823 4700 2122 4770 interpellet

559 4798 631 4853 te,
673 4800 995 4855 quaesumus,
1049 4801 1143 4854 pro
1191 4788 1497 4842 criminibus
1549 4792 1766 4853 nostris,
1799 4801 1856 4845 ut
1906 4793 1958 4846 in
2006 4795 2123 4863 ejus

557 4879 785 4945 corpore
811 4877 1065 4932 felicitéte
1108 4877 1353 4945 perpetua
1383 4880 1759 4947 consistentes,
1793 4886 2120 4941 aeternorum

556 4963 750 5019 civium
791 4964 1089 5019 mereamur
1114 4977 1233 5017 esse
1265 4964 1565 5035 participes.
1610 4967 1682 5035 ἢ.
1719 4970 1909 5025 Amen.

625 5054 727 5110 Per
763 5052 1203 5111 m'sericordiam.

628 5152 945 5218 Antiphona.
978 5147 1111 5203 Veni
1144 5148 1399 5203 Columba
1442 5166 1634 5219 sponsa
1678 5153 1706 5205 5i
1754 5153 1978 5221 Libano,
2003 5158 2124 5211 veni

559 5239 590 5293 ὲ
618 5240 884 5295 montibus
906 5238 1135 5309 pascuae.
1157 5237 1221 5291 P.
1242 5240 1531 5296 Curramus
1558 5242 1609 5296 in
1636 5244 1858 5300 odorem
1884 5263 2126 5319 unguen-

562 5333 731 5386 torum
765 5333 997 5385 tudrum.
1038 5331 1070 5398 ᾗ
1097 5369 1111 5382 .
1139 5330 1251 5384 Νοη
1279 5331 1368 5385 dct
1410 5336 1459 5386 in
1487 5338 1899 5393 commotidnem
1932 5340 2121 5409 pedem

482 5490 485 5491 ν
559 5431 707 5476 tuum
741 5438 756 5478 :
786 5436 957 5489 neque
986 5420 1287 5478 obdormiet
1319 5425 1406 5492 qui
1432 5426 1665 5480 custodit
1714 5437 1785 5481 te.
1830 5427 1899 5481 P.
1928 5429 2125 5484 Curra-

558 5525 697 5564 mus.
741 5510 769 5578 Ῡ
797 5547 812 5562 .
839 5509 1046 5576 Gloria,
1074 5522 1125 5564 et
1153 5512 1338 5565 honor.
1365 5511 1434 5568 P.
1461 5510 1768 5568 Curromus.

634 5601 833 5656 Oratio.
886 5601 1028 5656 Bona
1082 5611 1205 5670 est,
1259 5603 1505 5669 Domine,
1562 5604 1799 5672 proxima
1845 5613 1932 5659 tua
1974 5608 2125 5678 virgo

562 5690 838 5757 Colomba,
868 5706 985 5758 qua:
1014 5691 1137 5745 dum
1166 5692 1409 5760 proxima
1442 5693 1536 5748 tibi
1563 5692 1811 5762 efﬁcitur,
1854 5710 2007 5750 soror
2036 5708 2123 5751 tua

561 5780 624 5835 dc
656 5780 908 5850 sanguine
936 5780 1176 5850 Speciosa
1206 5783 1536 5838 monstratur
1562 5798 1653 5853 per
1699 5785 1969 5857 propriam
2003 5800 2125 5856 pas-

2817 4601 3053 4656 Psalmus
3080 4618 3201 4659 xxv.

2293 4694 2475 4750 iudica
2504 4710 2588 4747 me
2635 4693 2878 4760 Domine,
2927 4694 3175 4763 quoniam
3222 4708 3323 4763 ego
3376 4694 3430 4748 in
3488 4691 3781 4747 innocentia

2225 4802 2341 4840 mea
2380 4785 2651 4854 ingressus
2700 4800 2856 4839 sum:
2889 4786 2919 4817 *
2950 4795 3002 4840 et
3040 4786 3093 4839 in
3138 4782 3363 4840 Domino
3413 4798 3636 4854 sperans
3683 4799 3780 4837 non

2224 4878 2552 4933 inﬁrmahor.

2297 4971 2464 5025 Proba
2494 4984 2580 5025 me
2608 4969 2852 5039 Domine,
2874 4980 2929 5027 et
2960 4979 3102 5027 tenta
3130 4986 3214 5026 me
3238 4989 3252 5024 :
3279 4972 3311 5005 ⁸
3338 4986 3435 5028 ure
3462 4986 3619 5027 renes
3640 4986 3778 5027 meos

2224 5074 2279 5121 et
2305 5080 2399 5120 σοι·
2429 5079 2627 5119 meum.

2295 5156 2556 5222 Qu’iniam
2588 5152 2951 5209 misericordia
2981 5163 3065 5208 tua
3088 5164 3211 5210 ante
3232 5153 3423 5211 oculos
3451 5171 3596 5211 meos
3618 5165 3723 5211 est:
3754 5160 3778 5185 ⁸

2225 5259 2277 5305 et
2313 5245 2604 5314 complocui
2636 5246 2687 5298 in
2719 5246 2939 5300 veritate
2971 5255 3082 5301 tua.

2296 5336 2411 5392 Non
2456 5335 2571 5390 sedi
2614 5336 2666 5389 in
2708 5336 2937 5389 concilio
2984 5336 3322 5391 vanitatisz“
3350 5346 3407 5393 et
3444 5352 3565 5393 cum
3612 5338 3776 5407 iniqua

2225 5427 2529 5498 gerentibus
2558 5441 2662 5481 non
2691 5426 2945 5480 introibo.

2296 5516 2446 5570 0divi
2466 5514 2903 5587 congregationes
2925 5515 3277 5586 malignorum
3304 5534 3319 5570 :
3343 5518 3374 5552 ¥
3393 5526 3587 5574 etcum
3608 5518 3777 5589 impiis

2228 5621 2332 5661 non
2363 5605 2582 5659 sedebo.

2301 5696 2511 5751 Lavabo
2537 5696 2673 5751 inter
2701 5694 3012 5752 innocentes
3057 5713 3244 5754 manus
3288 5714 3479 5756 meas:
3532 5702 3563 5737 “
3597 5710 3648 5756 et
3687 5702 3785 5755 cir-

2230 5788 2489 5844 contdabo
2517 5788 2679 5843 altore
2709 5795 2856 5842 tuum
2896 5788 3135 5845 Domine.
