3984 6376
181 335 313 390 1515

1160 337 1639 393 SANCTORALE.
1684 366 1754 375 ο-
1798 335 2015 394 FESTA
2066 339 2475 400 DECEMRRIS.

3302 354 3436 411 1314

247 448 311 508 Ut
353 452 567 507 audiam
600 467 784 507 vocem
832 453 1003 509 laudis
1048 462 1173 523 tum,
1198 455 1229 489 *
1255 465 1307 509 et
1336 455 1579 511 enz'irrem
1627 455 1749 509 uni-
1780 454 1828 510 A
1927 454 2004 511 Ne
2035 458 2246 515 avértas
2276 462 2465 518 faciem
2498 472 2637 519 tum:
2667 465 2695 519 ξι
2723 482 2806 523 me
2832 486 2843 521 :
2880 474 2909 500 ⁴
2939 479 2993 524 et
3024 484 3090 526 ne
3111 469 3349 529 declines
3382 476 3433 529 in

176 544 322 601 versa
353 543 618 598 mirabilia
654 552 763 598 tua.

243 633 470 690 Domine
509 635 671 692 dilexi
718 635 969 691 decorem
1020 637 1212 693 domos
1251 646 1379 705 tuae,
1410 638 1439 673 "
1476 647 1531 693 et
1577 637 1753 693 locum

175 728 521 783 habitatidnis
549 728 735 797 glorim
771 739 895 783 ture.

242 821 318 876 Ne
366 822 559 890 perdas
606 837 726 876 Cum
776 822 951 891 impiis
981 823 1213 879 {inimum
1263 838 1458 890 meum,
1486 825 1513 856 "
1545 833 1597 878 et
1627 838 1750 878 cum

182 912 309 965 viris
336 912 653 981 songuinum
684 913 844 967 vitam
872 929 1046 968 meam
1080 931 1093 967 ε

243 1004 297 1058 lu
331 1019 555 1071 quorum
588 1003 834 1060 manibus
866 1004 1173 1074 iuiquitiues
1199 1008 1373 1060 sunt"
1400 1006 1617 1062 déalera
1651 1006 1748 1060 eo-

175 1110 292 1150 rum
326 1096 529 1164 repleta
567 1104 650 1151 est
678 1096 1005 1151 muneribus.

244 1185 356 1252 Ego
377 1194 555 1240 autem
582 1187 633 1239 in
660 1186 961 1242 innoeéntia
978 1176 1251 1259 ingréssus
1269 1206 1386 1243 sum
1414 1188 1750 1263 ε’[εεοιιιγ]

171 1274 373 1332 redime
403 1292 504 1341 me,
537 1285 591 1332 et
613 1278 868 1334 miserere
890 1282 1014 1336 mei.

243 1365 342 1419 Pes
380 1367 521 1420 enim
570 1382 720 1422 meus
761 1369 905 1423 stetit
936 1367 987 1423 in
1035 1370 1115 1424 via
1148 1380 1292 1426 recta
1322 1389 1333 1423 :
1367 1373 1396 1406 “
1428 1372 1478 1426 in
1509 1373 1751 1428 ecclesiis

170 1460 485 1515 benedicam
514 1470 564 1515 te
592 1460 834 1516 Domine.

240 1552 445 1618 Gloria,
472 1562 525 1606 et.
557 1553 746 1607 honor.

245 1641 444 1695 Ortitio.
507 1642 726 1699 Rédime
768 1659 862 1698 nos
897 1644 1144 1715 Domine,
1170 1656 1225 1702 et
1270 1648 1528 1705 miserére
1557 1650 1744 1715 nobis;

174 1742 225 1783 ut
260 1748 360 1785 vox
387 1743 569 1787 nostra
602 1734 692 1787 tibi
726 1734 777 1788 in
821 1733 1077 1791 Ecclésiis
1122 1739 1327 1806 psallat,
1361 1749 1416 1794 et
1457 1740 1562 1795 vita
1594 1752 1646 1797 te
1693 1742 1745 1796 in

171 1818 417 1884 plebibus
447 1820 725 1876 hencdicat
752 1841 762 1874 :
789 1838 882 1876 ure
908 1838 1063 1880 renes
1087 1835 1295 1879 nostros
1312 1837 1364 1881 et
1392 1842 1485 1881 cur
1503 1839 1741 1884 nostrum
1778 1807 1823 1866 Β

168 1920 269 1963 tum
318 1911 593 1965 Charilaus
624 1912 910 1979 exiuuine;
943 1926 1101 1983 atque
1135 1915 1165 1969 ὲ
1210 1916 1363 1972 nobis
1405 1933 1594 1975 omnes
1645 1922 1742 1975 ho-

171 2010 363 2055 ctenus
390 2000 566 2056 réseca
603 2002 898 2070 vuluptotes
929 2021 942 2056 :
976 2014 1032 2058 ut
1067 2020 1166 2060 nec
1197 2006 1360 2062 libido
1409 2025 1596 2064 renum
1649 2028 1745 2066 no-

171 2096 407 2149 strorum
463 2095 773 2164 compagem
828 2097 1033 2163 solvat;
1092 2109 1147 2153 et
1202 2099 1374 2155 ﬂuxus
1432 2105 1584 2158 malm
1655 2121 1747 2161 co-

167 2186 443 2256 gitalidnis
470 2188 501 2242 ὲ
523 2191 653 2244 sedc
693 2190 862 2245 nostri
892 2192 1073 2246 cordis
1095 2193 1366 2250 abscedat.
1415 2195 1449 2262 [ἢ
1471 2235 1485 2250 .
1516 2200 1706 2253 Amen.

240 2283 361 2334 Pt'l'.

238 2373 533 2440 Antiphone
559 2375 608 2427 l.
657 2374 856 2429 Exaudi
888 2376 1114 2434 Domine
1137 2394 1322 2435 vocem
1358 2396 1550 2451 meam,
1584 2399 1743 2453 quam

165 2466 395 2521 clamiui
426 2467 491 2521 ad
524 2478 574 2522 te
602 2487 614 2521 :
650 2469 905 2524 miserere
935 2471 1061 2536 mei,
1094 2481 1147 2525 et
1177 2473 1367 2529 exaudi
1397 2489 1504 2530 me.

756 2565 1000 2623 Psaimus
1033 2586 1182 2624 xxvi.

244 2657 502 2711 Dominus
541 2657 860 2713 illuminotio
906 2676 1045 2727 mea,
1088 2670 1142 2719 et
1172 2664 1317 2718 salus
1359 2680 1496 2729 mea,
1529 2667 1559 2699 ⁴
1585 2681 1744 2735 quem

169 2747 406 2801 limébo?

239 2838 500 2895 Dominus
558 2842 812 2899 defensor
866 2845 989 2900 vitm
1041 2862 1195 2917 meae,
1244 2850 1276 2881 *
1331 2850 1361 2903 :‘1
1419 2867 1525 2921 quo
1582 2855 1747 2921 trepi-

166 2930 351 2985 dabo?

242 3022 375 3076 Dum
424 3025 741 3094 appropiant
780 3041 940 3097 super
988 3043 1073 3083 me
1123 3029 1398 3098 nocéutes,
1427 3032 1459 3065 ’³
1497 3041 1551 3086 ιιι
1582 3032 1745 3089 edant

162 3129 354 3168 carnes
387 3131 531 3171 meas
558 3136 568 3169 ε

1856 549 1931 605 ira
1961 551 1990 605 ii
2014 567 2169 608 servo
2198 562 2309 609 tuo.

1927 642 2155 709 Adjutor
2176 662 2324 701 meus
2358 663 2416 700 es
2446 658 2497 700 tu
2540 648 2759 703 Domine
2786 652 2817 684 *
2842 669 2907 705 ne
2936 653 3275 723 derelinquas
3318 672 3428 723 me,

1856 749 2026 804 neque
2053 736 2317 805 despicias
2348 753 2432 793 me
2463 739 2605 792 Deus
2626 742 2872 795 safuturis
2899 759 3072 799 luens.

1932 824 2191 891 Quoniam
2223 836 2375 897 pater
2403 844 2551 883 meus
2575 840 2627 885 et
2661 842 2828 885 mater
2851 846 2965 887 mea
2988 834 3431 905 derelinquérunt

1855 930 1939 969 me
1968 932 1981 970 :
2015 918 2045 951 ⁴
2078 917 2336 973 Dominus
2368 932 2545 974 autem
2572 922 2864 991 assumpsit
2893 940 2997 979 me.

1924 1007 2117 1078 Legem
2152 1011 2280 1064 mihi
2324 1012 2591 1065 con~titue
2641 1012 2867 1068 Domine
2913 1016 2965 1069 in
3009 1017 3088 1070 via
3127 1027 3213 1071 tua
3255 1036 3269 1073 :
3317 1018 3347 1053 ³⁵
3374 1028 3430 1075 et

1852 1099 2019 1170 dirige
2049 1118 2133 1155 me
2158 1102 2210 1155 in
2241 1102 2431 1159 sémita
2459 1115 2604 1159 recta
2636 1122 2688 1176 pl
2704 1117 2854 1176 npter
2885 1108 3127 1164 inimicos
3157 1127 3325 1166 meos.

1922 1193 1999 1247 Ne
2034 1194 2214 1249 tradas
2255 1212 2339 1251 me
2385 1196 2436 1250 iu
2489 1196 2695 1252 animus
2746 1202 3179 1271 persequentium
3225 1219 3353 1257 me:
3396 1203 3429 1239 ’l‘

1854 1285 2105 1355 quoniam
2140 1288 2623 1345 insurrexéruntin
2656 1306 2741 1347 me
2772 1303 2936 1349 testes
2967 1295 3156 1365 iniqui,
3190 1304 3245 1350 et
3274 1311 3431 1351 men-

1854 1380 1944 1433 tita
1975 1389 2057 1434 est
2085 1381 2333 1450 iniquitas
2359 1383 2482 1436 sibi.

1920 1472 2092 1529 Credo
2142 1476 2320 1531 videre
2384 1477 2521 1532 bona
2580 1477 2793 1533 Domini
2834 1480 2865 1515 ¥
2922 1480 2974 1536 iu
3047 1490 3185 1537 terra
3238 1482 3427 1540 vivéu-

1852 1565 2003 1620 tium.

1924 1679 2157 1749 Expﬁcta
2192 1680 2495 1750 Dominum,
2527 1682 2752 1739 viriliter
2783 1700 2883 1752 age
2909 1705 2920 1740 :
2952 1689 2981 1721 ³*
3008 1698 3061 1745 et
3088 1689 3422 1750 (unfortétur

1852 1785 1948 1825 cor
1981 1782 2151 1837 tuum,
2185 1782 2238 1828 et
2265 1773 2493 1841 expecta
2525 1773 2827 1830 Dominum.

1920 1860 2124 1929 Gloria,
2157 1872 2210 1918 et
2235 1865 2424 1920 honor.

1921 1974 2122 2032 ονάιὶο.
2156 1977 2354 2033 Exaudi
2390 1980 2613 2038 Domine
2643 1999 2829 2040 vocem
2865 1996 3119 2052 nostram,
3158 1987 3263 2054 qua
3307 1988 3421 2043 cla-

1850 2066 2058 2120 mamus
2086 2068 2151 2121 ad
2186 2078 2272 2133 te;
2305 2078 2359 2125 et
2387 2087 2481 2126 cor
2522 2084 2760 2129 nostrum
2790 2086 2994 2146 quaerat
3023 2077 3209 2132 faiciem
3240 2086 3383 2132 tuam
3411 2096 3427 2133 :

1847 2165 1905 2209 ut
1943 2157 2033 2226 qui
2076 2166 2129 2212 te
2179 2174 2319 2213 nunc
2367 2162 2724 2230 conspicimus
2758 2181 2853 2233 per
2895 2166 3120 2234 aenigma
3150 2185 3163 2231 ;
3198 2166 3329 2221 facie
3358 2167 3427 2221 ad

1846 2248 2035 2304 faciem
2082 2249 2374 2319 praesentes
2426 2253 2617 2309 domus
2666 2265 2770 2310 tum
2823 2258 3090 2323 possimus
3138 2254 3427 2313 beatitudi-

1848 2352 1968 2392 nem
2012 2340 2327 2406 promeréri.
2374 2342 2410 2410 ιῆ
2436 2381 2450 2396 .
2490 2346 2681 2400 Anien.

1918 2427 2038 2483 Per.

1920 2540 2215 2609 Antiphona
2244 2540 2301 2596 2.
2336 2543 2593 2600 Dominus
2623 2547 2837 2616 adjdtor
2868 2564 3058 2605 meus:
3106 2561 3159 2606 et
3205 2552 3255 2606 in
3309 2553 3424 2622 ipso
3490 2604 3499 2607 -

1846 2630 2080 2697 speravit
2105 2646 2198 2687 cor
2240 2649 2419 2689 meum
2472 2646 2526 2691 et
2572 2637 2789 2703 adiutus
2818 2655 2959 2694 sum.
2985 2639 3228 2696 Psalmus
3263 2641 3430 2699 David

1849 2738 2015 2777 XXVII.

1944 2814 2004 2882 εξ.
2042 2813 2308 2871 Defensor
2333 2817 2495 2886 juste,
2528 2818 2758 2875 defénde
2805 2836 2925 2888 nos,
2954 2831 3007 2876 et
3037 2822 3201 2889 libera
3233 2838 3332 2881 nos
3362 2825 3430 2880 P.

1851 2906 1925 2959 De
1958 2921 2114 2959 manu
2136 2905 2472 2962 inimicorum
2506 2913 2836 2965 nostrdrum.
2885 2914 2917 2980 ᾖ
2961 2914 3099 2968 Deus
3129 2915 3180 2968 in
3212 2916 3431 2973 nomine

1850 3004 1942 3051 tuo
1997 2997 2172 3051 salvos
2214 3014 2311 3054 nos
2355 2999 2438 3053 iac
2487 3017 2498 3053 :
2552 3010 2607 3056 et
2649 3000 2700 3055 in
2750 3004 2945 3057 virtute
2982 3014 3067 3057 tua
3116 3005 3279 3060 libera
3307 3022 3424 3065 uos.

1852 3083 1919 3138 P.
1955 3084 2028 3139 De
2058 3099 2236 3139 manu.
2287 3088 2319 3156 ᾗ
2345 3127 2359 3140 .
2392 3087 2598 3143 Gloria.
2629 3089 2917 3145 Reiterétur
2948 3091 3369 3161 liesponsdrium.

235 3208 339 3272 Qui
375 3200 628 3264 tribulam
657 3226 743 3266 me
768 3211 968 3267 inimici
995 3215 1123 3281 mei,
1146 3210 1177 3250 "
1207 3216 1307 3286 ipsi
1340 3215 1590 3274 inﬁrmati
1621 3229 1746 3276 sunt
1772 3162 1819 3224 Ο
1923 3193 2123 3249 Lauda'
2173 3197 2431 3265 Μιθωίθν
2474 3199 2707 3266 auelma’
2752 3200 2984 3258 allemia’
3034 3202 3175 3258 Deus
3229 3204 3427 3261 “ﬁndi

161 3306 213 3351 et
256 3297 586 3353 ceciderunt.

233 3388 296 3444 Si
320 3390 613 3446 consistant
639 3392 919 3451 adversum
947 3411 1031 3451 me
1057 3408 1253 3465 castra,
1281 3414 1385 3454 non
1413 3401 1621 3457 timebit
1644 3417 1741 3459 cor

168 3496 373 3536 meum.
402 3482 434 3515 *‘
459 3482 513 3538 Si
544 3486 767 3555 exurgat
810 3487 1096 3543 adversum
1137 3504 1224 3545 me
1252 3492 1518 3561 praelium,
1551 3495 1602 3548 in
1643 3496 1745 3552 hoc

162 3590 265 3645 ego
293 3577 541 3645 sperébo.

237 3666 412 3721 Unam
444 3668 566 3736 petii
593 3669 623 3723 ὰ
666 3670 911 3736 Domino,
955 3673 1095 3729 hanc
1120 3678 1413 3747 requiram,
1444 3678 1472 3711 ¥
1501 3690 1557 3731 ut
1586 3678 1745 3733 inha-

161 3759 337 3817 bitem
368 3760 421 3817 in
452 3764 611 3819 domo
641 3765 851 3821 Domini
879 3765 1131 3824 omnibus
1157 3769 1344 3825 diebus
1370 3773 1492 3827 vita:
1516 3789 1649 3828 mea:
1673 3792 1686 3827 :

234 3852 310 3908 Ut
349 3854 557 3909 videam
598 3857 925 3914 voluntétem
956 3855 1191 3927 Domini,
1242 3864 1272 3897 ’*
1313 3874 1365 3918 et
1397 3864 1643 3936 protegar
1692 3867 1743 3922 in

169 3944 378 4011 templo
413 3955 599 3999 sancto
627 3946 767 4016 ejus.

235 4035 505 4102 Quoniam
562 4039 842 4095 abscondit
892 4058 977 4097 me
1026 4044 1077 4096 iu
1134 4043 1480 4101 tabernaculo
1541 4061 1639 4102 suo
1689 4048 1743 4105 in

162 4125 255 4180 die
303 4128 563 4181 muleram
596 4145 608 4180 :
641 4129 673 4161 *‘
704 4130 934 4198 protexit
955 4147 1040 4187 me
1066 4133 1116 4187 in
1150 4134 1465 4191 abscondito
1495 4138 1746 4193 taberno-

165 4219 275 4273 culi
312 4219 413 4273 sui.

240 4311 300 4363 In
336 4320 482 4378 petra
535 4312 788 4368 exultavit
842 4330 963 4370 me:
993 4317 1022 4351 ¥
1049 4325 1104 4371 et
1139 4332 1281 4372 nunc
1323 4333 1447 4374 ecce
1491 4321 1746 4378 exultavit

162 4410 334 4470 caput
373 4416 551 4456 meum
581 4417 740 4472 super
767 4406 1010 4462 inimicos
1042 4423 1211 4464 meos.

1844 3286 2143 3342 oratidnem
2190 3300 2425 3345 nostram
2456 3308 2469 3343 :
2506 3290 2571 3345 Ρ.
2604 3293 2857 3361 Alleluia,
2907 3296 3145 3362 alleluia,
3181 3298 3415 3353 alleluia.

1861 3377 1894 3445 Ῡ
1919 3416 1933 3431 .
1963 3374 2029 3433 Et
2059 3380 2260 3436 clamor
2282 3391 2465 3438 noster
2494 3384 2561 3438 ad
2595 3395 2645 3440 te
2676 3386 2877 3442 veniat.
2908 3390 2973 3444 Ρ.
3003 3391 3252 3457 Alleluia,
3282 3394 3425 3449 alle-

1840 3469 1977 3536 luia,
2008 3470 2243 3526 alleluia.

1874 3628 1883 3638 .
1921 3581 2126 3639 Preces.
2181 3584 2432 3641 Miserere
2478 3585 2738 3655 Domine;
2784 3588 2854 3645 Ρ.
2900 3591 2999 3659 Qui
3048 3603 3241 3663 potens
3285 3611 3344 3653 es
3374 3599 3428 3654 in

1845 3672 2233 3740 misericordia,
2300 3676 2375 3745 Ῡ.
2424 3678 2561 3733 Audi
2609 3695 2795 3748 preces
2824 3683 3169 3752 supplicum;
3212 3686 3279 3742 P.
3320 3688 3425 3757 Qui

1844 3774 2056 3829 potens.
2108 3765 2136 3833 ᾗ
2163 3803 2176 3819 .
2214 3764 2452 3836 Benigno
2478 3768 2626 3823 vultu
2657 3783 2757 3825 nos
2788 3770 3078 3841 conspice;
3106 3774 3173 3828 P.
3200 3776 3299 3844 Qui
3330 3794 3424 3849 po-

1841 3857 1983 3930 tens.
2039 3853 2112 3919 ᾗ.
2165 3853 2398 3908 Crimina
2442 3868 2622 3913 nostra
2663 3858 2834 3926 dilue;
2866 3861 2934 3916 Ρ.
2966 3864 3065 3929 Qui
3093 3874 3298 3933 potens.
3347 3868 3426 3937 Ῡ.

1846 3938 2066 3996 Delictis
2093 3942 2265 3999 tribue
2293 3944 2537 4011 véniam;
2586 3946 2654 4003 P.
2706 3949 2806 4016 Qui
2850 3964 3058 4021 potens.
3104 3955 3178 4025 ᾗ,
3222 3956 3424 4014 Deion-

1846 4031 1945 4087 ctis
1974 4032 2113 4088 dona
2142 4034 2382 4106 réquiem
2410 4053 2424 4103 ;
2457 4036 2525 4094 P.
2564 4037 2665 4106 Qui
2706 4050 2916 4110 potens.
2956 4043 3243 4102 Reiterétur
3269 4048 3427 4105 Iliae-

1846 4122 1978 4178 τότε.

1918 4234 2175 4305 Capitula.
2214 4238 2440 4307 Adjutor
2469 4248 2523 4295 et
2551 4241 2877 4313 Redemptor
2902 4257 3085 4302 noster
3111 4257 3166 4303 et
3198 4249 3425 4308 Domine

1848 4326 2040 4397 adjuva
2070 4344 2198 4384 nos:
2231 4339 2286 4385 et
2314 4331 2563 4388 reﬂoreat
2588 4349 2713 4389 caro
2737 4345 2918 4392 nostra
2952 4341 3034 4395 vel
3067 4340 3244 4397 virore
3274 4344 3427 4410 pudi-

1846 4415 2009 4483 ciiize,
2040 4418 2124 4472 vel
2155 4421 2525 4477 sanctimonia
2555 4426 2789 4482 novitiite
2815 4446 2827 4480 :
2856 4437 2912 4482 et
2934 4428 3057 4499 quia
3085 4439 3137 4485 tu
3168 4431 3426 4490 fortitudo

224 4493 511 4560 Circuibo,
562 4508 614 4551 et
648 4497 935 4556 iiumolabo
975 4502 1026 4555 in
1073 4503 1417 4560 tabernaculo
1465 4506 1585 4576 ejus
1642 4508 1743 4563 ho-
1775 4509 1830 4569 D
1854 4506 2027 4575 plebis
2059 4514 2163 4563 tuae
2189 4524 2268 4576 es,
2302 4510 2553 4580 populum
2585 4522 2731 4570 tuum
2762 4517 2931 4583 salva,
2953 4493 3033 4574 ~et
3077 4520 3428 4583 heredititem

159 4587 326 4637 stiam
374 4584 703 4653 jubilatidnis

161 4672 424 4728 Domino.

239 4763 447 4817 Exaudi
498 4766 719 4824 Domine
763 4786 943 4826 vocem
989 4787 1187 4838 meam,
1220 4791 1375 4844 quam
1437 4779 1667 4834 clamavi
1712 4781 1743 4835 a

160 4864 214 4908 te
245 4874 257 4907 :
299 4856 329 4889 ⁸
359 4857 613 4914 miserere
637 4863 758 4925 mel,
797 4872 853 4917 et
879 4864 1070 4919 exoudi
1102 4882 1208 4921 me.

236 4945 360 5000 Tibi
384 4947 515 5003 dixit
543 4965 635 5005 cor
654 4966 851 5019 meum,
884 4957 1102 5024 qumsivi
1132 4955 1321 5014 faciem
1353 4968 1496 5014 luam
1525 4977 1541 5015 :
1570 4961 1601 4994 “
1625 4961 1744 5015 vul-

162 5042 286 5088 tuui
318 5045 461 5092 tuum
492 5038 714 5097 Domine
743 5045 1031 5115 requiram.

749 4608 760 4643 :
806 4592 839 4625 ³⁸
882 4594 1129 4659 ωηιᾶὺο,
1162 4603 1215 4649 et
1263 4596 1528 4664 psalmum
1572 4598 1747 4655 dicam

1857 4605 1998 4652 tuam
2026 4600 2179 4668 copia
2208 4601 2596 4660 benedictionis
2623 4606 2821 4663 exalta.

1925 4689 2082 4745 Pater
2112 4700 2312 4748 noster.
2341 4690 2387 4748 Α
2416 4696 2558 4752 malo
2589 4712 2687 4753 nos
2716 4699 2901 4755 libera.
2932 4704 3028 4772 fol.
3056 4704 3145 4761 10.

1926 4780 1981 4836 lu
2032 4781 2249 4839 nomine
2301 4785 2511 4842 Domini
2561 4791 2731 4846 nostri
2778 4792 2906 4848 Jesu
2959 4793 3181 4865 Christi,
3237 4814 3430 4856 omnes

1852 4870 2045 4928 animae
2077 4874 2310 4931 ﬁdelium
2332 4878 2704 4936 defunctorum
2748 4898 2843 4953 per
2874 4884 3295 4944 misericordiam
3334 4891 3431 4947 Dei

1854 4967 1971 5022 sine
1993 4968 2097 5025 line
2122 4971 2460 5041 requiescant
2483 4976 2533 5029 in
2566 4990 2714 5044 pace.
2761 4977 2796 5046 ιῖι
2821 5018 2834 5031 .
2858 4978 2968 5034 Deo
2993 4980 3215 5049 gratias.

1294 5416 2372 5459 *ἠσφ-
