3984 6376
440 402 443 407 ι
553 326 691 383 isis

554 436 1461 471 W

1761 304 2185 366 BREVIARIUM
2220 303 2595 364 COTIIICUM.

1682 532 2693 651 APPENDIX.

3662 292 3791 352 {316

1470 415 3781 446 W

2366 439 2641 450 _.————

802 831 1164 989 FESTA
1266 821 1886 983 BREVIARIO
1992 809 3026 973 GOTli100-HISPANO
3132 804 3582 961 ADDITA

1114 1113 1234 1195 IN
1308 1104 1872 1192 EDITIONE
1945 1098 2156 1183 ΕΑΒ

2256 1093 2650 1179 tINALIS
2724 1088 3214 1175 XIMENII
3239 1148 3259 1181 9

1990 1294 2159 1338 ANNO
2203 1293 2348 1337 MDII
2376 1295 2393 1346 ;

1632 1404 1836 1467 NUNC
1879 1399 2094 1461 VERO
2128 1398 2262 1462 HIC
2305 1395 2681 1458 APPOSITA
2710 1437 2728 1468 ,

1573 1548 1665 1611 Ne
1689 1539 2046 1623 hnjusmodi
2090 1539 2183 1601 rei
2225 1538 2520 1599 memoria
2557 1545 2788 1618 pereat.

644 1797 687 1865 ι
719 1790 983 1846 Invenitur
1030 1783 1153 1857 [alio
1198 1796 1313 1840 ceu
1336 1823 1350 1846 ,
1380 1782 1481 1836 col.
1513 1776 1567 1850 3,
1612 1778 1867 1851 praedic-tte
1917 1776 2155 1832 editionis
2184 1779 2231 1836 Α
2260 1774 2433 1830 vértat
2482 1775 2513 1830 ὲ
2559 1788 2661 1829 me.
2706 1773 2771 1865 Et
2798 1771 3080 1843 egéutibus
3104 1787 3265 1828 sensu
3292 1772 3427 1827 dixit
3456 1791 3468 1825 :
3516 1768 3583 1826 P.
3618 1773 3799 1840 Venite,

568 1902 776 1955 sequens
830 1882 1036 1937 Festum
1091 1882 1145 1933 in
1195 1880 1362 1949 prima
1429 1874 1702 1929 Dominica
1753 1882 1865 1938 post
1912 1882 2149 1927 sanctum

576 1977 927 2031 Pentecosten.

645 2065 748 2131 Qui
774 2066 879 2118 vult
906 2062 1056 2128 scire,
1087 2069 1135 2113 et
1164 2057 1463 2112 denuntiare
1489 2056 1679 2126 papqu
1697 2094 1712 2118 ,
1737 2062 1859 2124 quot
1886 2062 2006 2108 sunt
2045 2052 2153 2108 dies

571 2154 923 2225 indulgentia),
968 2166 1081 2221 qua:
1108 2167 1138 2203 a
1163 2150 1373 2202 summis
1418 2144 1777 2214 Pontiﬁcibus,
1831 2143 2064 2198 omnibus
2098 2144 2154 2197 in

572 2248 775 2303 Christo
822 2245 1055 2312 ﬁdelibus
1079 2258 1189 2296 vere
1216 2240 1591 2308 paenitentibus,
1635 2237 1813 2290 divina
1848 2236 2029 2305 Cilicia
2057 2249 2154 2287 au-

574 2338 828 2393 dientibus
856 2336 909 2389 in
950 2334 1047 2387 hoc
1077 2332 1393 2388 sanctissimo
1435 2326 1589 2383 Festo
1618 2328 1980 2389 conceduntur,
2027 2324 2155 2378 sciat

574 2431 674 2483 isto
704 2426 854 2481 modo
877 2441 898 2480 :

653 2517 802 2589 Papa
833 2514 1089 2580 Urbanus,
1119 2514 1272 2583 hujus
1300 2511 1633 2567 solemnitatis
1658 2510 1932 2574 institutor,
1953 2524 2156 2563 conces-

575 2612 640 2665 sit
695 2609 871 2678 primis
935 2606 1173 2676 Vesperis
1228 2614 1426 2658 centum
1484 2619 1503 2657 :

580 2881 700 2935 libet
730 2880 831 2933 diei
877 2879 1182 2932 Octavarum
1212 2875 1444 2929 omnibus
1476 2869 1635 2928 Horis
1682 2875 1872 2937 simul,
1933 2882 2155 2927 centum.

655 2969 800 3041 Papa
823 2968 1077 3023 Martinus
1108 2983 1283 3022 omnes
1306 2966 1431 3020 istas
1473 2965 1820 3035 indulgentias
1851 2980 1946 3017 suo
1976 2965 2157 3018 ordine

592 3079 625 3115 n
658 3060 816 3131 duplo
845 3059 1111 3114 concessit.

650 3150 799 3220 Papa
850 3168 963 3206 vero
1010 3150 1270 3220 Eugenius
1325 3156 1397 3203 tot
1425 3147 1671 3201 concessit
1710 3154 1831 3216 quot
1877 3145 2157 3200 Martinus.
2194 3140 2237 3199 Β

580 3240 716 3297 Sunt
762 3243 919 3312 igitur
964 3244 1140 3313 primis
1198 3240 1435 3310 Vesperis
1501 3239 1773 3291 ducentum
1816 3254 1835 3289 :
1889 3237 2158 3292 Matutinis

580 3335 894 3388 ducentum:
927 3332 1102 3387 Missa:
1129 3333 1400 3386 ducentum
1445 3346 1464 3385 :
1506 3329 1743 3383 secundis
1780 3326 2017 3398 Vesperis
2064 3332 2157 3382 du-

577 3438 777 3481 centum
807 3443 825 3481 :
869 3426 1072 3480 cuilibet
1112 3427 1335 3480 aliarum
1364 3422 1631 3477 Horarum
1658 3426 1930 3479 ducentum
1955 3441 1973 3478 :
1996 3422 2157 3478 Cuili-

580 3518 658 3571 bet
679 3534 793 3571 vero
824 3518 921 3569 diei
957 3516 1261 3569 Octavarum
1289 3515 1358 3568 ad
1403 3532 1579 3569 omnes
1629 3516 1798 3569 lloras
1853 3517 2029 3579 simul,
2061 3517 2155 3567 du-

578 3617 781 3662 centum
804 3622 823 3660 :
852 3606 1116 3677 Jejunanti
1141 3606 1335 3675 vigilia,
1358 3607 1433 3660 vel
1460 3607 1669 3675 facienti
1687 3608 1915 3676 aliquam
1937 3606 2152 3660 eleemo-

578 3714 760 3768 synam
811 3696 924 3749 loco
966 3696 1174 3768 jejunii,
1222 3696 1514 3750 ducentum.
1569 3696 1629 3751 Si
1684 3698 1864 3766 festum
1910 3696 2153 3767 Corporis

583 3789 795 3856 Christi,
826 3800 872 3842 et
903 3787 1203 3842 Nativitatis
1233 3787 1413 3843 Sancti
1442 3786 1659 3843 Joannis
1707 3787 1955 3859 Baptista:
1980 3788 2155 3842 eodem

577 3879 662 3933 die
714 3879 1044 3942 eccurrerint,
1076 3878 1165 3945 [int
1215 3879 1280 3930 ad
1322 3879 1530 3946 plenum
1560 3880 1622 3931 de
1670 3879 1893 3948 Corpore
1939 3877 2158 3932 Christi.

652 3968 719 4022 In
753 3969 915 4023 Sexta
940 3984 1056 4022 vero
1084 3968 1213 4037 feria
1234 3969 1324 4035 fiat
1352 3969 1419 4020 ad
1447 3969 1650 4038 plenum
1678 3967 1742 4021 de
1772 3968 1962 4023 Sancto
1983 3967 2146 4020 Joan-

579 4077 643 4115 ne
661 4102 677 4126 ,
703 4076 817 4113 cum
846 4060 1323 4114 commemoratione
1354 4058 1594 4127 Corporis
1626 4056 1835 4111 Christi.
1864 4056 1967 4111 Per
1997 4066 2154 4111 totam

581 4161 748 4204 autem
780 4151 1045 4215 Octavam,
1080 4149 1174 4216 [iat
1216 4149 1283 4201 ad
1333 4150 1538 4218 plenum
1582 4150 1645 4202 de
1684 4148 1903 4219 Corpore
1939 4146 2147 4216 Christi,

580 4258 695 4295 cum
723 4240 1199 4296 commemoratione
1230 4238 1411 4293 Sancti
1437 4237 1681 4293 Joannis.

842 4352 908 4407 IN
951 4352 1168 4407 FESTO
1211 4350 1546 4405 CORPORIS
1597 4350 1885 4407 CHRISTI.

1152 4440 1234 4495 Ad
1290 4439 1592 4511 Vesperum.

651 4537 856 4590 Lauda.
885 4535 1037 4606 Apud
1069 4546 1120 4590 te
1163 4543 1247 4592 est
1285 4533 1526 4589 Domine.
1552 4532 1621 4586 P.
1660 4532 1802 4587 Fons
1832 4533 1952 4588 vita:
1978 4549 1992 4588 :
2019 4542 2073 4589 et
2101 4534 2152 4588 in

584 4628 788 4681 lumine
839 4634 927 4681 tuo
965 4627 1263 4682 videbimus
1319 4626 1517 4680 lumen.
1556 4626 1628 4694 ἲ.
1678 4624 1799 4678 Filii
1850 4624 2150 4692 numinum,

585 4717 639 4771 in
673 4717 1004 4786 protectidne
1048 4719 1255 4773 alarum
1313 4718 1521 4772 tuurum
1579 4715 1871 4785 speriibunt
1914 4735 1926 4769 :
1976 4726 2030 4771 et
2075 4718 2150 4771 in-

581 4807 929 4863 ebrisbuntur
954 4808 1023 4862 ab
1070 4807 1322 4863 uberibus
1367 4807 1560 4861 domus
1611 4817 1714 4859 tua:
1757 4824 1769 4859 :
1811 4815 1865 4860 et
1919 4806 2154 4862 torréute

581 4900 865 4954 voluntbtis
887 4908 989 4954 tuus
1012 4909 1191 4970 potum
1220 4900 1370 4954 dabis
1400 4899 1499 4953 eis.
1537 4897 1601 4951 Ρ.
1626 4897 1769 4953 Fons
1798 4899 1939 4953 vitae.

652 4990 853 5045 Oratio.
881 4990 1280 5060 Domine,apud
1305 5004 1463 5060 quem
1489 4998 1568 5045 est
1615 4990 1733 5045 fons
1775 4988 1917 5045 vitai.
1968 4991 2152 5058 Quaere

582 5082 676 5151 fol.
706 5082 830 5138 425.

654 5173 813 5229 Sana.
845 5174 1066 5245 Accépit
1087 5174 1244 5229 Iesus
1272 5188 1481 5243 panem,
1499 5181 1552 5227 et
1578 5171 1875 5234 benedixit.
1902 5170 2151 5240 deditque

581 5266 853 5335 discipulis
883 5269 1015 5335 suis,
1047 5268 1261 5323 etdixit
1296 5286 1307 5320 :
1344 5267 1599 5338 Accipite,
1634 5279 1688 5323 et
1715 5265 1977 5322 comédite
2010 5282 2023 5318 :
2052 5264 2150 5320 hoc

579 5365 661 5410 est
686 5371 879 5422 corpus
904 5372 1101 5413 meum.
1134 5359 1382 5413 Alleluia.

653 5446 909 5501 Dominus
937 5447 1009 5501 sit
1034 5463 1267 5517 semper.
1315 5449 1351 5516 ἡ
1374 5487 1387 5500 .
1419 5449 1486 5502 Et
1515 5464 1658 5503 cum.

646 5536 961 5603 Antiphona.
998 5536 1254 5591 Déminus
1285 5538 1493 5603 ραι-ἔνη
1530 5529 1770 5591 mensam
1805 5550 1973 5590 suam.
2011 5536 2155 5591 Misit

578 5642 761 5684 servos
813 5644 978 5698 suos,
1022 5630 1328 5685 convocans
1382 5644 1502 5685 cum
1552 5629 1717 5684 multa
1772 5630 2154 5699 przedicatione

578 5719 643 5772 ad
682 5721 982 5791 craterem,
1027 5721 1211 5778 dicens
1257 5723 1358 5779 :Si
1410 5724 1527 5793 quis
1579 5732 1662 5780 est
1715 5724 2016 5796 insipiens,
2072 5727 2151 5783 di—

1566 2602 1837 2655 Matutinis
1887 2610 2086 2653 centum
2139 2613 2159 2653 :

586 2702 755 2755 Missa:
802 2707 1043 2753 centum:
1076 2697 1330 2752 Secundis
1390 2693 1630 2763 Vesperis
1666 2702 1908 2757 centum;
1957 2692 2158 2745 cuilibet

576 2806 695 2846 vero
723 2790 945 2843 aliarum
986 2786 1252 2841 Horarum
1296 2786 1553 2839 minorum
1602 2784 1947 2855 quadraginta
1982 2800 1999 2836 :
2029 2783 2160 2837 Cui-

2177 4492 2224 4555 C

2253 1877 2309 1923 et
2353 1867 2497 1922 édite
2539 1866 2607 1922 de
2663 1864 2793 1920 meis
2842 1864 3091 1933 phnibus.
3139 1866 3172 1933 ᾗ
3198 1905 3213 1920 .
3257 1865 3453 1919 Panem
3500 1865 3801 1935 Angeldrum

2254 1957 2596 2015 manducbvit
2625 1957 2807 2023 homo,
2839 1971 2999 2011 omne
3030 1955 3479 2012 delectaméntum
3524 1957 3576 2010 in
3628 1973 3683 2013 se
3725 1960 3803 2012 ba-

2255 2051 2491 2107 béntem.
2555 2046 2621 2102 P.
2683 2047 2893 2116 Venite,
2923 2056 2978 2103 et
3020 2046 3182 2103 edite.
3222 2047 3258 2117 γ
3283 2086 3300 2103 .
3331 2046 3545 2113 Gléria,
3580 2059 3634 2104 et
3662 2050 3806 2103 honor

2256 2140 2421 2196 Patri.
2448 2136 2515 2194 P.
2544 2137 2755 2194 Venite.

2329 2228 2585 2283 Dominus
2614 2229 2685 2283 sit
2711 2241 2943 2295 semper.
2986 2226 3023 2294 ἡ
3046 2268 3057 2278 .
3084 2224 3147 2279 Et
3176 2240 3319 2281 cum.

2329 2318 2532 2373 Lauda.
2567 2318 2742 2374 Bibite
2771 2319 2952 2372 vinum
2980 2316 3121 2384 quod
3152 2316 3339 2370 miscui
3382 2315 3555 2371 vobis.
3588 2316 3806 2372 Alleluia.

2259 2411 2324 2468 P.
2376 2412 2739 2481 Derelinquite
2789 2408 3182 2476 insipientiam,
3211 2417 3261 2462 ct
3292 2406 3503 2464 vivitis.
3552 2408 3797 2470 Alleluia,

2256 2504 2490 2557 alleluia.
2536 2502 2569 2571 Ῡ
2594 2541 2609 2557 .
2654 2500 2863 2555 Educas
2890 2513 3078 2569 panem
3108 2500 3175 2554 de
3206 2508 3368 2566 terra,
3392 2508 3447 2553 et
3474 2498 3652 2552 vinum
3680 2499 3805 2552 lteti-

2261 2594 2500 2648 iicatcor
2552 2590 2806 2645 liéminis.
2858 2588 2922 2644 Ρ.
2956 2590 3341 2660 Dereliuquite.
3404 2590 3480 2659 Ῡ.
3534 2589 3806 2653 Gléris,et

2258 2683 2451 2740 honor.
2476 2681 2541 2736 P.
2573 2682 2951 2751 Derelinquite.

2780 2794 3043 2867 Hymnus.

2546 2886 2723 2955 Pange
2754 2888 2929 2957 lingua
2960 2888 3179 2959 gloriosi

2470 2976 2723 3047 corporis
2752 2979 3064 3049 mysterium
3086 3018 3102 3045 ,

2470 3069 2856 3141 Sanguinisque
2885 3070 3102 3139 pretiési
3120 3110 3136 3135 ,

2480 3160 2651 3226 Quem
2701 3161 2753 3214 in
2804 3159 2986 3214 mundi
3034 3160 3258 3229 prétium

2472 3253 2700 3308 Fructus
2745 3255 2945 3307 ventris
2974 3252 3221 3323 generosi

2472 3345 2585 3401 Rex
2625 3346 2815 3401 eﬂudit
2853 3346 3113 3414 géntium.

2545 3437 2710 3492 Nobis
2746 3438 2922 3505 datus,
2960 3438 3112 3494 nobis
3153 3447 3308 3493 natus

2479 3528 2556 3583 Ex
2591 3528 2785 3583 intecta
2823 3526 3066 3598 Virgine,

2476 3619 2541 3674 Et
2582 3621 2631 3673 in
2678 3618 2875 3673 mundo
2904 3620 3292 3689 conversbtus,

2476 3712 2676 3783 Sparso
2706 3712 2853 3766 verbi
2892 3711 3130 3779 sémine;

2470 3808 2564 3864 Sui
2605 3822 2780 3862 moras
2825 3807 3091 3862 incolbtus

2476 3897 2609 3951 Miro
2638 3896 2837 3951 clausit
2880 3896 3094 3953 ordine.

2542 3988 2596 4041 In
2626 3988 2891 4057 suprénize
2932 3996 3091 4042 nocte
3130 4002 3320 4055 coenae,
3432 3999 3442 4003 ·

2469 4082 2806 4137 Recumbens
2846 4098 2966 4137 cum
3008 4082 3297 4150 frétribus,

2477 4172 2767 4227 Observz'itb
2807 4172 2923 4240 lege
2969 4172 3126 4243 plene

2470 4262 2613 4318 Cibis
2659 4263 2711 4316 in
2764 4262 3056 4331 legulibus,

2473 4356 2662 4411 Cibum
2693 4355 2865 4411 turba
2894 4356 3153 4413 duodena:

2473 4445 2544 4501 Se
2582 4446 2672 4499 dat
2703 4446 2816 4500 suis
2853 4446 3121 4502 munibus.

2553 4537 2779 4591 Verbum
2818 4552 2974 4603 caro,
3021 4554 3207 4605 panem
3249 4554 3436 4594 verum

2474 4626 2650 4683 Verbo
2692 4643 2909 4684 carnem
2951 4629 3158 4684 élticit:

2479 4720 2666 4790 Fitque
2702 4721 2919 4793 sanguis
2953 4720 3150 4778 Christi
3197 4738 3437 4792 merum,

2473 4808 2537 4865 Et
2571 4813 2618 4866 si
2657 4828 2851 4868 sensus
2886 4814 3067 4869 deﬁcit
3097 4833 3108 4867 :

2472 4906 2525 4973 2
2555 4902 2635 4957 Ad
2686 4904 3005 4960 ﬁrméndum
3037 4920 3128 4960 cor
3158 4907 3440 4980 syncérum

2474 4996 2597 5051 Sola
2629 4996 2761 5050 ﬁdes
2789 4996 3007 5051 sultlcit.

2541 5088 2769 5142 Tantum
2818 5102 2950 5158 ergo
2995 5092 3394 5149 Sacraméntum

2478 5178 2801 5234 Veneremur
2828 5179 3012 5235 cérnui
3044 5200 3057 5235 :

2473 5269 2536 5322 Et
2559 5271 2834 5339 antiquum
2875 5270 3254 5330 documentum

2472 5359 2617 5414 Novo
2643 5361 2797 5415 cedat
2825 5363 2949 5417 ritui
2980 5383 2992 5417 :

2468 5450 2690 5506 Praestet
2732 5452 2863 5508 ﬁdes
2905 5455 3329 5525 supplementum

2466 5542 2729 5599 Séusuum
2769 5545 3025 5604 deiéctui.

2538 5634 2780 5691 Genitdri
2800 5676 2817 5702 ,
2858 5636 3158 5713 Genitdque
3176 5683 3191 5709 ,

2472 5728 2608 5782 Laus
2636 5734 2691 5784 et
2730 5727 2979 5797 jubilétio
2997 5774 3014 5800 ,
