3984 6376
224 288 363 348 1517

441 404 616 469 Salus,
648 404 839 473 honor,
874 405 1042 461 virtus
1070 406 1282 477 quoque
1309 447 1324 472 ,

443 496 526 553 Sit
563 505 619 551 et
656 497 958 552 benedictio
985 516 997 550 :

432 587 756 645 Procedénti
798 588 869 644 ab
910 588 1136 658 utroque

430 679 668 750 Compar
699 681 768 734 sit
814 678 1074 736 laudatio.

541 774 736 828 Amen.

290 850 642 934 Supplicatio.
678 863 907 920 Oremus
946 865 1113 933 pium,
1142 873 1197 920 et
1224 867 1587 923 exaudibilem
1622 868 1806 923 Domi-

217 965 344 1012 num
374 968 615 1012 nOStrum
645 956 829 1012 Jesum
857 957 1155 1023 Christum,
1186 973 1308 1014 cum
1354 963 1499 1015 omni
1529 964 1801 1030 supplica-

219 1050 371 1106 tiéue
420 1050 709 1120 rogemus;
764 1060 821 1104 ut
873 1051 1047 1120 gratia
1093 1051 1370 1124 corporis,
1419 1064 1474 1110 et
1520 1054 1805 1125 sanguinis

216 1141 388 1209 ipsius
432 1142 590 1195 nobis
642 1142 1018 1199 remissionem
1079 1145 1463 1215 peccatorum,
1514 1155 1571 1202 et
1617 1161 1804 1217 pacem

218 1232 377 1287 nobis
404 1233 609 1289 donare
640 1234 908 1303 dignetur.
956 1235 995 1299 ti
1017 1274 1031 1290 .
1063 1235 1266 1293 Praesta
1295 1236 1524 1295 Elérne
1558 1240 1804 1310 omnipo-

216 1333 341 1379 tens
372 1324 532 1379 Deus.

285 1415 449 1487 Kyrie
476 1416 704 1472 eléison.
753 1418 790 1485 ii)
814 1457 827 1471 .
852 1416 1017 1489 Kyrie
1053 1420 1280 1475 eléison.
1313 1419 1528 1477 Christe
1556 1424 1799 1481 .eléi‘son.

288 1508 549 1579 Capitula.
582 1510 931 1581 Omnipotens
961 1514 1228 1572 lmménse
1254 1526 1309 1571 et
1348 1518 1649 1575 Misericors
1691 1519 1799 1575 Do-

212 1600 391 1665 mine,
440 1617 599 1671 quem
655 1618 764 1659 non
810 1605 1006 1662 totiens
1058 1607 1423 1679 delinquéndo
1478 1612 1801 1684 exasperant

211 1694 554 1762 peccatores,
586 1698 800 1766 oppone
826 1699 919 1753 irae
956 1708 1059 1755 tuas
1086 1702 1509 1761 misericordiam
1538 1722 1555 1760 :
1588 1718 1641 1762 et
1667 1708 1801 1777 quo-

208 1784 356 1839 tiens
387 1795 440 1841 te
470 1789 823 1856 provocamus
852 1800 911 1844 ut
934 1789 1116 1858 ferias,
1145 1792 1346 1851 totiens
1389 1795 1483 1852 tibi
1508 1806 1595 1852 tua
1628 1799 1798 1868 pietas

208 1878 576 1946 interveniat,
631 1890 690 1935 ut
738 1882 1009 1953 ignoscas.
1067 1885 1211 1941 Satia
1279 1902 1379 1943 nos
1430 1889 1608 1959 itaque
1664 1888 1799 1961 pane

206 1967 564 2038 Angelorum,
598 1980 654 2024 ut
682 1970 801 2040 ejus
828 1973 1082 2041 percepta
1129 1972 1471 2046 fortitudine,
1494 1986 1548 2034 et
1578 1972 1797 2051 maligni

205 2067 461 2123 callidam
508 2070 797 2125 versutiam
824 2070 1290 2141 devincamus,et
1337 2078 1621 2146 patefactis
1671 2081 1796 2136 οωιί

202 2161 408 2231 ianuis,
440 2161 507 2217 ad
529 2163 758 2219 eundem
799 2164 1002 2230 cibum,
1025 2178 1075 2222 te
1098 2167 1409 2236 adjuvante,
1438 2172 1792 2229 introeamus.

282 2253 444 2308 Pater
479 2263 683 2310 noster.
730 2255 965 2311 Liberali
995 2257 1025 2311 s
1055 2260 1217 2313 malo.
1247 2261 1339 2330 fol.
1374 2260 1431 2314 2.

278 2343 600 2401 Benedictio.
632 2346 1031 2417 Omnipoténtis
1067 2350 1158 2404 Dei
1190 2364 1285 2405 vos
1311 2351 1486 2421 gratia
1520 2351 1789 2423 protegat,

201 2436 513 2506 famemque
546 2449 779 2492 vestram
825 2439 1089 2508 spirituali
1117 2441 1237 2495 cibo
1265 2443 1487 2498 reﬁciat.
1509 2443 1546 2508 ii
1569 2445 1791 2500 .Amen.

202 2529 363 2586 Sitim
395 2530 608 2600 quoque
652 2540 886 2584 vestram
932 2530 1154 2601 iustitia:
1210 2532 1519 2588 ﬂuminibus
1575 2535 1789 2604 inriget,

201 2632 369 2692 atque
393 2636 589 2676 novum
619 2620 918 2676 dulcedinis
947 2637 1059 2677 suae
1087 2622 1284 2678 animis
1326 2624 1519 2680 vestris
1549 2626 1795 2683 infundat

198 2714 479 2781 saporem.
534 2712 571 2780 ii)
595 2752 608 2765 .
639 2712 832 2768 Amen.
868 2712 937 2767 Ut
969 2721 1077 2766 tam
1126 2726 1288 2767 carne
1331 2713 1583 2782 contriti,
1630 2715 1791 2783 quam

200 2801 397 2873 spiritu
440 2801 880 2869 sanctiﬁcati,ab
927 2817 993 2858 eo
1039 2801 1351 2858 mereaniini
1393 2803 1599 2859 cteiésti
1650 2806 1792 2861 dono

200 2892 531 2949 beatiﬁcari.
574 2894 609 2962 ιὲ
635 2931 650 2947 .
685 2896 882 2949 Amen.

276 2988 381 3042 Per
409 2986 833 3043 misericordiam
868 2989 1056 3056 ipsius.

1679 294 2043 353 APPENDIX.

3360 321 3498 379 1318

1989 413 2187 469 Oratio.
2253 416 2428 487 Deus,
2463 423 2555 492 qui
2613 438 2804 493 panem
2857 429 2981 485 coeli
3036 431 3159 489 ﬁliis
3212 434 3493 497 hominum

1920 503 2139 598 tribuis,
2173 512 2556 580 terrenumque
2582 513 2782 572 animal
2826 518 3155 591 AngelOrum
3210 526 3366 598 adipe
3407 533 3497 587 sa-

1916 595 2049 661 tias;
2077 597 2554 659 frumentatidnem
2598 609 2746 663 verbi
2788 611 2863 666 tui
2899 616 3054 671 nobis
3083 619 3136 674 in
3165 595 3493 697 abundantia

1914 691 2093 749 tribue
2125 711 2140 748 :
2172 695 2347 789 eaque
2370 714 2470 755 nos
2500 703 2763 770 spirituali
2796 708 2957 767 réﬁce
2998 715 3139 783 cibo,
3168 734 3275 789 quo
3306 691 3495 782 Patres

1911 792 2124 840 nostros
2145 788 2323 844 aluisti
2346 790 2401 845 iu
2433 792 2640 851 erémo.
2690 798 2728 865 ti
2752 838 2765 852 .
2798 800 2991 858 Amen.

1986 872 2087 931 Per
2112 878 2536 938 misericordiam
2572 893 2711 940 tuam
2746 888 2886 945 Deus
2916 903 3119 965 noster,
3151 909 3258 956 etc.

1986 967 2281 1040 Antiphona
2321 974 2375 1029 2.
2411 976 2581 1034 Bibite
2610 981 2792 1037 viuum
2820 985 2961 1053 quod
2992 988 3179 1045 miscui
3221 994 3393 1050 vobis.
3420 996 3491 1053 P.

1911 1058 2275 1132 Derelinquite
2319 1066 2729 1138 insipientiam,
2782 1083 2837 1131 et
2883 1079 3118 1146 vivatis;
3165 1092 3219 1137 et
3269 1090 3494 1152 quaerite

1910 1152 2278 1225 prudentiam,
2313 1168 2369 1213 ut
2420 1162 2473 1215 in
2525 1164 2788 1225 aeternum
2840 1171 3093 1240 regnetis.
3168 1176 3242 1245 Ῡ.
3293 1178 3492 1236 Panem

1907 1245 2238 1316 Angeldrum
2264 1253 2603 1310 manducavit
2634 1257 2815 1325 homo,
2850 1275 3010 1317 omne
3039 1263 3489 1326 delectaméutum

1907 1334 1964 1390 in
1995 1350 2057 1392 se
2079 1338 2386 1396 habentem.
2419 1343 2487 1398 P.
2523 1345 2909 1419 Derclinquite.
2960 1353 3033 1423 ᾗ.
3064 1354 3269 1424 Gloria,
3303 1368 3359 1414 et
3389 1362 3489 1415 ho-

1907 1440 2025 1483 nor.
2050 1426 2119 1482 P.
2150 1430 2532 1504 Derelinquite.

1982 1518 2185 1575 Oratio.
2228 1520 2361 1578 Pars
2412 1524 2727 1586 hereditatis
2774 1544 2994 1602 nostrae,
3023 1537 3272 1610 Domine,
3318 1544 3369 1598 in
3400 1554 3490 1601 tua

1906 1612 2153 1668 consistit
2196 1617 2548 1674 aeternitate:
2583 1620 2734 1677 Unde
2777 1626 3062 1692 precamur
3116 1640 3169 1688 te
3235 1633 3485 1704 Domine,

1910 1703 2108 1770 pietate
2133 1705 2291 1760 solita
2318 1708 2671 1767 hereditatem
2698 1724 2837 1771 tuant
2860 1721 3151 1790 conserva;
3180 1734 3235 1780 et
3262 1725 3484 1784 calicem

1907 1804 2081 1888 canae
2091 1794 2339 1888 Domini,
2372 1814 2528 1868 quem
2581 1804 2773 1870 potasti
2805 1821 2901 1875 pro
2938 1824 3023 1875 ea,
3065 1825 3280 1883 semper
3306 1817 3355 1871 ei
3387 1833 3485 1888 pro

1900 1884 2139 1940 remédio
2187 1901 2381 1956 praesul
2438 1909 2450 1944 :
2503 1901 2560 1947 ut
2605 1896 2743 1950 sicut
2794 1900 3183 1970 redemptionis
3230 1884 3482 1975 pra-clara

1897 1986 2022 2029 sunt
2044 1977 2287 2044 munera,
2313 1981 2385 2034 ita
2411 1980 2789 2054 Redemptdris
2812 1992 2883 2043 sit
2904 1992 3193 2061 adquisitio
3215 1998 3431 2067 copiosa
3462 2017 3476 2053 :

1896 2071 2093 2140 quique
2119 2072 2380 2145 redempti
2426 2090 2611 2133 sumus
2656 2096 2816 2138 cruce
2863 2086 2972 2150 tua,
3002 2086 3169 2144 simus
3219 2090 3479 2162 pérpetim

1897 2160 2171 2220 hereditas
2201 2176 2286 2221 tua
2331 2186 2342 2221 :
2376 2178 2433 2223 ut
2459 2186 2557 2226 nec
2588 2173 2639 2227 in
2666 2173 2931 2230 infernum
2963 2177 3197 2235 animam
3231 2160 3475 2240 nostram

1898 2253 2204 2325 relinquas;
2235 2258 2327 2313 sed
2377 2260 2701 2334 incorroptac
2730 2274 2904 2322 tecum
2953 2282 3170 2341 semper
3195 2274 3478 2332 victoriam

1895 2345 2141 2405 adtollas.
2188 2351 2225 2418 πῆ
2249 2390 2263 2406 .
2295 2351 2487 2407 Amen.

1968 2440 2071 2496 Per
2095 2442 2521 2500 misericordiam
2552 2455 2718 2503 tuam.

1968 2529 2020 2599 3
2052 2531 2352 2599 Antiphatae
2381 2533 2433 2587 ’5.
2467 2535 2613 2591 Unus
2642 2539 2815 2608 panis,
2846 2552 2899 2595 et
2925 2558 3085 2598 unum
3108 2560 3302 2617 corpus
3327 2550 3479 2607 multi

1896 2631 2082 2674 sumus
2108 2637 2120 2672 :
2151 2618 2221 2675 P.
2252 2621 2474 2690 Omnes,
2507 2628 2597 2696 qui
2631 2628 2700 2682 de
2730 2645 2834 2683 uno
2865 2647 3028 2701 pane,
3059 2646 3114 2690 et
3152 2639 3217 2692 de
3243 2655 3350 2694 uno
3377 2641 3481 2696 Ca-

1898 2708 1999 2765 lice
2026 2714 2431 2783 participamus.
2477 2720 2513 2789 ᾗ
2539 2758 2551 2773 .
2583 2720 2793 2778 Parasti
2819 2725 2872 2779 in
2895 2727 3179 2786 dulcedine
3202 2742 3309 2798 tua,
3338 2734 3480 2793 Deus

1896 2805 2120 2876 pauperi
2145 2826 2158 2861 :
2190 2808 2358 2875 Deus,
2377 2814 2467 2881 qui
2493 2814 2737 2870 habitare
2761 2816 2892 2873 iacis
2912 2820 3194 2879 unanimes
3215 2825 3269 2880 in
3295 2828 3475 2885 domo.

1894 2894 1961 2950 Ρ.
2010 2901 2229 2967 Omnes,
2277 2904 2387 2973 qui.
2456 2905 2532 2974 ᾗ.
2561 2904 2765 2974 Gloria,
2814 2920 2867 2966 et
2913 2911 3107 2971 honor.
3142 2916 3211 2974 P.
3256 2921 3475 2990 Omnes,

1893 3006 2004 3062 qui.

277 3081 479 3134 Lauda.
510 3080 789 3136 Similiter.
822 3081 1056 3136 Alleluia
1101 3090 1158 3138 et
1184 3081 1411 3137 calicem
1441 3091 1494 3138 et
1534 3084 1784 3139 Alleluia.
1972 3084 2172 3141 Oratio.
2206 3087 2347 3154 Quot
2377 3091 2503 3161 sibi,
2539 3091 2787 3161 Domine,
2822 3099 3112 3165 praestitisti
3145 3102 3477 3175 redemptio-

199 3173 272 3229 P.
331 3174 616 3244 Postquam
642 3174 893 3241 coenavit,
917 3175 1102 3231 dicens
1125 3173 1358 3232 Alleluia
1385 3194 1397 3230 :
1455 3177 1489 3247 ᾗ
1514 3215 1529 3231 .
1554 3177 1789 3234 'Calicem

200 3265 453 3321 salutaris
501 3266 759 3336 accipiam
818 3285 829 3320 :
882 3275 938 3323 et
985 3283 1180 3323 nomen
1246 3268 1459 3325 Domini
1508 3271 1788 3327 invocabo.

198 3356 272 3413 P.
323 3359 628 3429 Postquam.
692 3360 766 3427 ii.
818 3359 1024 3427 Gloria,
1058 3369 1112 3415 et
1158 3360 1351 3415 honor.
1385 3360 1454 3417 P.
1503 3361 1787 3433 Postquam

198 3454 454 3509 coenavit.

283 3546 488 3600 Oratio.
523 3547 683 3613 Deus,
716 3548 804 3618 qui
839 3548 992 3602 nobis
1038 3547 1138 3601 sub
1186 3546 1531 3602 Sacraménto
1559 3546 1787 3604 mirabili

197 3640 468 3709 passionis
501 3648 606 3694 ture
652 3638 968 3696 memoriam
1019 3642 1279 3711 reliquisti
1308 3660 1320 3695 :
1358 3642 1532 3697 tribue
1565 3659 1782 3713 quaesu-

197 3746 348 3796 mus,
377 3733 445 3785 ita
466 3747 564 3786 nos
585 3730 871 3801 corporis,
897 3742 949 3787 et
980 3733 1266 3804 sanguinis
1297 3734 1371 3788 tui
1401 3750 1553 3789 sacra
1584 3735 1783 3805 myste-

200 3824 280 3879 ria
314 3825 595 3890 venerari;
638 3834 695 3880 ut
718 3825 1105 3893 redemptiOnis
1154 3837 1256 3882 tua:
1287 3826 1514 3883 fructum
1546 3829 1599 3883 in
1630 3827 1786 3883 nobis

193 3917 399 3988 )itgiter
425 3919 740 3974 sentiamus.
788 3920 825 3987 ιῆ
851 3957 866 3973 .
894 3921 1087 3975 Amen.

272 4008 375 4065 Per
400 4010 824 4066 misericordiam
857 4020 1022 4066 tuam.

268 4102 327 4157 in
359 4101 578 4157 nomine
616 4102 825 4158 Domini
870 4103 1035 4157 nostri
1079 4103 1202 4157 Jesu
1239 4102 1459 4160 Christi.

762 4215 842 4269 Ad
890 4214 1223 4267 Matutinum.

270 4285 592 4356 Antiphone.
629 4286 737 4356 Ego
787 4286 1039 4353 dormivi,
1074 4295 1129 4339 et
1182 4283 1452 4339 resurréxi
1482 4303 1494 4338 :
1526 4283 1779 4355 quoniam

199 4376 464 4432 Dominus
504 4377 738 4445 suscepit
768 4392 873 4432 me.
906 4374 1149 4430 Psalmus
1176 4391 1254 4430 ιιι.

1896 3176 1980 3231 nis
2020 3185 2127 3232 tute
2168 3180 2467 3247 beneﬁciis,
2500 3191 2587 3238 tua
2636 3186 2728 3240 tibi
2761 3190 3022 3245 retribuat
3048 3195 3325 3262 creatara;
3358 3213 3479 3265 qua:

1897 3266 2153 3336 percepto
2194 3269 2377 3326 Calice
2422 3272 2675 3328 salutaris
2706 3274 2939 3332 evadere
2985 3294 3045 3334 se
3082 3284 3243 3337 sentit
3290 3288 3478 3344 mortis

1894 3358 2199 3430 diSpéudia,
2254 3364 2355 3418 nisi
2407 3373 2467 3419 ut
2514 3366 2872 3433 redemptioni
2924 3380 3028 3425 tua:
3059 3374 3231 3430 ﬁdélia
3269 3376 3479 3434 deierat

1893 3459 2053 3518 vota;
2086 3460 2141 3506 et
2178 3454 2499 3510 mortiﬁcata
2529 3458 2856 3517 ob-curitate
2888 3464 2942 3518 in
2975 3464 3129 3519 atriis
3160 3468 3350 3524 domus
3382 3471 3477 3528 Dei

1893 3538 2187 3598 famulatus
2238 3546 2490 3601 exhibeat
2535 3549 2909 3621 obsequélam.
2958 3556 3285 3622 Sanitatem,
3335 3561 3478 3619 Deus

1892 3644 2076 3688 noster
2120 3636 2336 3691 tribue:
2394 3650 2450 3692 ut
2504 3640 2760 3710 disruptis
2808 3645 3173 3712 peccaminum
3224 3651 3473 3720 vinculis,

1890 3737 2051 3791 opus,
2083 3740 2190 3795 quo
2222 3727 2485 3794 placaris,
2518 3732 2771 3801 agamus,
2804 3746 2965 3804 atque
2995 3737 3047 3791 in
3080 3739 3256 3794 médio
3284 3742 3477 3798 liien'i—

1889 3818 2057 3871 salem
2090 3820 2140 3871 in
2172 3818 2383 3874 laudem
2431 3831 2573 3876 tuam
2606 3840 2637 3891 p
2660 3839 2821 3880 acens
2853 3828 2946 3881 tibi
2976 3831 3297 3886 sacriﬁcium
3339 3834 3473 3890 olle-

1890 3910 2076 3965 ramus
2103 3928 2115 3963 :
2155 3927 2397 3983 quosque
2436 3930 2576 3969 nunc
2605 3918 2893 3975 mendaces
2925 3920 3128 3990 profert
3152 3925 3345 3982 mentis
3374 3943 3473 3982 ex-

1889 4004 2109 4072 céssus;
2166 4005 2284 4063 illos
2331 4009 2614 4065 catholica:
2677 4014 3008 4069 credulitatis
3057 4017 3250 4075 véritas
3303 4020 3371 4075 ad
3421 4030 3474 4079 te

1893 4096 2176 4152 visendum
2204 4099 2523 4155 intromittat
2546 4104 2786 4158 securos.
2816 4105 2866 4172 ta
2889 4144 2905 4160 .
2937 4109 3128 4162 Amen.

1960 4186 2087 4243 Per.

1973 4281 2011 4349 ιῆ
2032 4316 2048 4334 .
2080 4278 2177 4335 llic
2198 4288 2289 4351 “est
2318 4281 2471 4349 panis
2506 4281 2573 4336 de
2608 4283 2749 4338 caelo
2779 4283 3110 4340 descendens
3140 4305 3151 4339 :
3185 4288 3229 4342 si
3258 4290 3376 4358 quis
3405 4306 3471 4348 ex

1888 4376 2003 4443 ipso
2033 4377 2459 4443 ntanducaverit,
2491 4393 2597 4433 non
2626 4381 2922 4445 moriétur;
2952 4381 3045 4435 sed
3074 4383 3287 4439 habebit
3308 4385 3470 4441 vitam

275 4468 478 4521 Oratio.
505 4466 734 4523 Domine
764 4466 890 4522 Jesu
921 4468 1159 4535 Christe,
1189 4468 1278 4537 qui
1308 4483 1403 4537 pro
1433 4468 1589 4523 nobis
1618 4470 1777 4537 sopo-
1811 4482 1864 4545 Β
1889 4466 2144 4522 aeternam
2173 4485 2185 4521 :
2220 4476 2273 4522 et
2302 4484 2402 4539 ego
2432 4471 2706 4525 suscitabo
2734 4486 2855 4525 eum
2890 4472 2942 4526 in
2975 4475 3285 4532 novissimo.
3313 4475 3381 4532 P.
3416 4479 3472 4536 Si

195 4576 316 4616 rem
359 4561 546 4614 mortis
576 4560 695 4613 ideo
745 4560 1051 4628 suscepisti,
1086 4576 1151 4615 ne
1184 4575 1282 4613 nos
1322 4559 1552 4625 amplius
1582 4559 1775 4613 obdor-

196 4652 459 4706 mirémus
490 4652 545 4706 in
577 4663 778 4717 morte;
837 4652 997 4717 dona,
1046 4652 1214 4720 utqui
1266 4660 1317 4704 te
1370 4651 1637 4706 moriente
1696 4667 1781 4706 re-

194 4744 489 4809 nascimur,
545 4754 599 4800 te
627 4744 788 4799 etiam
821 4742 1128 4797 viviﬁcante
1158 4742 1188 4796 a
1239 4744 1583 4812 peccattirum
1641 4744 1781 4798 lecto

192 4837 520 4905 surgamus:
556 4851 653 4891 nec
684 4835 819 4890 ultra
844 4840 950 4904 jam
981 4834 1272 4889 obruamur
1313 4834 1467 4902 pinna
1528 4834 1775 4903 peccati,

192 4929 290 4997 qui
320 4944 418 4983 nos
474 4929 781 4998 redemptos
810 4929 1208 4999 congaudétnus
1260 4927 1435 4997 pretio
1463 4927 1600 4983 sacri
1633 4926 1777 4983 Sim-

191 5023 372 5092 guinis
416 5022 510 5076 tni.
559 5022 633 5088 iii.
674 5022 869 5075 Amen.

267 5112 373 5167 Per
396 5110 819 5168 misericordiam
857 5122 1021 5178 tuam,
1054 5122 1161 5167 etc.

268 5203 565 5273 Antiphone
590 5206 640 5258 i.
666 5203 941 5274 Sapientia
972 5203 1257 5260 aediﬁcavit
1312 5204 1413 5258 sibi
1444 5203 1662 5260 domum
1684 5246 1699 5269 ,
1725 5214 1781 5261 et

186 5295 728 5351 subdiditcolomnas
749 5305 977 5366 septem.
1026 5296 1276 5350 Mactavit
1299 5310 1424 5351 suas
1446 5294 1676 5363 hostias,
1709 5295 1775 5350 P.

186 5387 409 5442 Miscuit
456 5388 639 5440 vinum
689 5402 845 5442 suum
876 5388 927 5441 in
970 5387 1221 5454 cratere,
1274 5398 1329 5442 et
1379 5388 1583 5455 paravit
1626 5404 1777 5444 suam

186 5494 455 5534 mensam.
503 5481 575 5548 ᾖ.
615 5480 701 5533 'Et
745 5479 1225 5545 manducavérunt,
1277 5488 1333 5534 et
1379 5479 1601 5535 saturati
1654 5489 1782 5535 sunt

185 5571 377 5639 nimis,
404 5581 456 5628 ct
485 5571 811 5627 desiderium
860 5572 1049 5627 eorum
1102 5570 1282 5626 attulit
1332 5569 1414 5627 eis
1465 5589 1478 5624 :
1513 5586 1620 5626 non
1651 5580 1779 5626 sunt

184 5662 422 5718 fraudati
450 5662 479 5718 ξι
505 5663 776 5720 desiderio
811 5676 929 5718 suo.
967 5662 1034 5719 Ρ.
1064 5663 1288 5720 Miscuit.
1329 5664 1363 5733 ᾗ
1388 5700 1404 5717 .
1455 5661 1635 5719 Gloria
1662 5701 1679 5732 ,
1724 5674 1779 5719 et

188 5757 367 5811 honor
395 5756 556 5814 Patri.
594 5755 657 5814 P.
694 5754 904 5812 Miscuit
930 5755 1129 5810 vinum.

1884 4559 2003 4627 quis
2032 4558 2171 4625 sitit,
2204 4558 2384 4615 véniat
2426 4560 2491 4615 ad
2538 4577 2644 4628 me,
2693 4572 2747 4617 et
2795 4563 2959 4618 bibat.
3007 4565 3108 4632 Qui
3150 4568 3379 4625 crodunt
3420 4572 3472 4627 in

1885 4665 1994 4718 me,
2044 4649 2268 4705 ﬂamina
2313 4651 2381 4706 de
2410 4664 2596 4706 ventre
2646 4650 2761 4721 ejus
2802 4652 2970 4708 ﬂuent
3015 4670 3168 4723 aquae
3200 4660 3353 4713 vivae.
3395 4660 3469 4721 ἱ.

1885 4739 2023 4795 Caro
2047 4756 2191 4806 mea,
2214 4740 2339 4796 vero
2376 4752 2458 4798 est
2480 4743 2655 4808 cibus,
2701 4753 2756 4799 et
2799 4744 3028 4815 Sanguis
3058 4763 3210 4804 meus
3241 4748 3363 4804 vere
3392 4760 3473 4805 est

1884 4840 2062 4901 potus.
2094 4830 2161 4889 P.
2192 4832 2245 4889 Si
2278 4835 2416 4902 quis.

1958 4921 2160 4978 Oratio.
2222 4923 2448 4979 Domine
2496 4923 2800 4992 virlatum,
2860 4927 3132 4983 orationes
3184 4930 3468 4986 servorum

1887 5018 2100 5072 tuorum
2125 5031 2232 5071 non
2263 5017 2457 5080 iratus,
2489 5018 2583 5072 sed
2619 5020 2859 5084 placatus
2890 5020 3111 5089 accipe:
3142 5028 3195 5074 et
3222 5036 3340 5091 quae
3370 5038 3470 5078 nos

1884 5110 2040 5168 orare
2064 5111 2346 5182 oporteat,
2374 5112 2593 5183 dignare
2637 5117 2940 5170 monstrare
2967 5133 2979 5167 :
3014 5115 3215 5184 eosque
3247 5118 3468 5172 interni-

1888 5204 2010 5259 tatis
2033 5204 2157 5260 cibo
2185 5202 2451 5273 conforta,
2482 5220 2615 5274 quos
2642 5206 2791 5272 panis
2820 5205 3214 5274 lachrymarum
3242 5207 3467 5263 contur—

1886 5297 2011 5351 bat:
2043 5304 2099 5351 et
2131 5304 2240 5350 tam
2278 5296 2629 5351 mensurabili
2660 5294 2787 5349 ﬁetu
2819 5295 3033 5349 ﬁumina
3068 5294 3463 5365 lachrymarum

1886 5389 2029 5444 oculi
2059 5390 2248 5453 lluant,
2295 5397 2351 5442 ut
2395 5386 2797 5443 miserationum
2850 5389 3059 5440 tuarum
3097 5385 3329 5455 copiam,
3363 5388 3466 5443 cri-

1887 5480 2121 5540 minibus
2144 5479 2313 5547 elisis,
2341 5480 2620 5534 inlléclant
2640 5495 2653 5542 ;
2674 5479 2871 5547 quique
2892 5478 3271 5550 RedemptOris
3296 5480 3466 5536 nostri

1885 5574 2171 5632 adventum
2203 5570 2497 5632 trementes
2539 5570 2814 5640 pavémus,
2863 5572 2980 5640 ejus
3014 5573 3306 5643 gloriosum
3338 5588 3467 5630 οοη-

1885 5666 2148 5736 spéctum,
2182 5673 2235 5719 te
2258 5661 2547 5729 tribuente,
2582 5663 2983 5732 pacatissimam
3016 5668 3464 5734 contemp‘emur.

1900 5760 1938 5828 ἡ
1959 5799 1973 5815 .
2000 5761 2187 5816 Amen.
