3984 6376
521 332 657 393 1519

588 454 689 508 Ρει·
719 446 1160 505 miscriebrdiam.

1108 534 1133 589 1
1144 552 1175 589 n
1217 532 1499 587 Laudibus.

590 634 670 689 Ad
697 632 989 690 Canticum.
1024 629 1343 695 Antiphone.
1391 622 1723 679 Sacriﬁcium
1766 619 1897 688 justi
1927 617 2093 674 accé-

519 737 665 795 ptum
695 732 799 787 est,
830 732 885 777 et
912 719 1229 776 memoriam
1259 715 1377 787 ejus
1408 729 1513 768 non
1543 709 1888 768 obliviscetur
1916 706 2099 762 Demi-

518 835 637 873 IIIIS.

626 906 891 961 Canticum
919 900 1267 957 Ecclesiastlci
1294 896 1585 954 Salomonis
1613 892 1763 964 (Cap.
1800 888 1986 959 xxxv).

588 997 925 1054 Sacriﬁcium
974 992 1207 1048 subiture
1258 998 1340 1044 est
1384 984 1664 1041 attendere
1704 980 1991 1047 mandatis,
2045 987 2099 1033 et

517 1091 799 1147 diseédere
824 1090 889 1143 ab
920 1085 1065 1142 omni
1090 1081 1376 1153 iniquitéte
1397 1097 1411 1145 ;
1434 1080 1462 1113 “
1484 1076 1911 1148 propitiatiﬁnem
1941 1072 2099 1128 liture

517 1185 866 1242 sacriﬁcium.

588 1275 690 1342 Qui
719 1274 846 1329 iacit
872 1267 1324 1329 misericordiam,
1353 1264 1386 1297 *ί
1414 1261 1572 1317 oﬁ’ert
1599 1258 1941 1315 sacriﬁcium.

590 1363 991 1435 Beneplucitum
1020 1370 1102 1416 est
1134 1357 1364 1413 Demino
1394 1353 1649 1409 recedere
1690 1351 1757 1406 ab
1806 1347 1955 1402 omni
1994 1346 2100 1401 ini-

517 1459 722 1529 quitbte
747 1474 761 1511 :
789 1458 821 1491 ’*
847 1463 902 1511 et
929 1451 1236 1523 deprecatio
1263 1446 1518 1503 recedere
1548 1444 1617 1498 ab
1644 1441 1823 1512 injusti
1834 1441 1924 1496 tia.

589 1551 705 1609 Non
731 1548 1011 1620 apparébis
1039 1556 1161 1601 ante
1192 1541 1539 1612 conspectum
1575 1540 1663 1594 Dei
1688 1540 1759 1591 tui
1784 1536 1984 1589 vacuus
2017 1551 2029 1585 :
2072 1532 2105 1566 *

519 1644 659 1715 quad
691 1644 805 1697 haec
830 1641 1008 1695 omnia
1037 1647 1256 1707 propter
1290 1634 1534 1689 mandbta
1565 1630 1774 1685 Domini
1809 1628 1997 1681 ﬁuunt.

589 1733 801 1790 Oblatio
827 1731 958 1801 justi
992 1728 1288 1798 impinguat
1316 1726 1505 1790 altare,
1531 1724 1561 1758 *ι
1592 1732 1644 1776 ει
1671 1720 1804 1775 odor
1826 1716 2105 1773 suavitutis

520 1835 605 1883 est
632 1826 683 1880 in
716 1822 1003 1892 conspectu
1034 1818 1319 1875 Altissimi.

590 1915 924 1973 Sacriﬁcium
967 1911 1099 1981 justi
1141 1908 1418 1979 acceptum
1468 1914 1572 1972 est,
1612 1907 1643 1939 "
1683 1913 1737 1959 et
1791 1900 2104 1957 memoriam

522 2009 639 2080 ejus
665 2024 771 2063 non
796 2005 1143 2061 obliviscetur
1172 2000 1447 2057 Deminus.

595 2100 676 2153 Ad
704 2097 1029 2153 Benedictus.
1082 2092 1397 2160 Antiphona.
1442 2084 1764 2144 Sacerdétes
1811 2082 1982 2137 sancti
2024 2079 2106 2134 in-

522 2191 763 2257 censum,
798 2199 849 2245 et
882 2202 1045 2258 panes
1075 2186 1307 2241 oﬁ'erunt
1332 2182 1463 2237 Deo.

595 2281 887 2339 Canticum.
917 2278 1235 2335 Benedictus
1256 2290 1313 2329 es
1342 2272 1565 2327 Domine
1593 2270 1755 2324 Deus.
1788 2267 1914 2335 folio
1943 2264 1996 2317 ﬁ.

595 2375 758 2432 Sana.
786 2373 898 2443 Ego
926 2386 1042 2426 sum
1074 2369 1223 2436 panis
1247 2367 1415 2429 vivus,
1440 2364 1530 2433 qui
1556 2363 1623 2417 de
1645 2361 1783 2417 etelo
1806 2354 2060 2413 deseéndi
2089 2372 2101 2407 :

522 2467 570 2521 si
595 2466 715 2534 quis
745 2460 1142 2518 manducaverit
1168 2473 1236 2515 ex
1266 2458 1365 2511 hoc
1394 2469 1547 2526 pane,
1575 2452 1789 2508 vivetin
1812 2447 2099 2503 mlérnum.

522 2554 769 2611 Alleluia.

599 2644 803 2699 Lauda.
837 2641 1075 2697 Laudate
1104 2637 1386 2694 Dominum
1418 2636 1486 2691 de
1509 2634 1662 2690 caelis
1689 2628 1957 2687 Alleluia:
1994 2626 2107 2681 lau-

523 2739 649 2793 date
700 2750 821 2791 eum
874 2746 1061 2789 omnes
1107 2728 1294 2799 Angeli
1348 2726 1509 2797 ejus:
1558 2722 1806 2778 Alleluia.
1861 2715 2106 2772 Psalmus

525 2841 745 2883 CXLVIII.

669 2919 841 2973 Lectio
865 2916 982 2970 libri
1010 2913 1291 2983 Sapientia:
1316 2908 1613 2967 Salomonis
1644 2904 1795 2976 (Cap.
1820 2900 1962 2971 vm).

612 3014 651 3079 li
674 3054 687 3067 .
720 3011 830 3066 Deo
856 3008 1072 3080 gratias.

1727 320 2149 380 BREVIARIUM
2194 316 2547 375 GOTIIICUM

2117 440 2167 496 Λ
2264 433 2357 490 Sic
2378 430 2697 488 sacriﬁcium
2726 428 2865 483 istud
2897 428 3147 496 instituit,

2197 524 2364 592 Cujus
2385 521 2621 578 ofﬁcium
2645 519 2907 577 committi
2938 520 3112 574 voluit

3638 316 3774 374 I520

2199 614 2339 671 Solis
2371 612 2725 685 Presbyteris,
2756 612 2949 682 quibus
2974 612 3053 667 sie
3081 610 3352 681 congruit,

2416 704 2485 759 Ut
2511 712 2747 767 sumant,
2779 712 2832 757 et
2858 703 2988 758 dent
3014 704 3251 758 caeteris.

2270 794 2431 851 Panis
2457 795 2742 864 Angélieus
2773 793 2831 848 ﬁt
2862 795 3013 863 panis
3040 793 3351 860 hominum,

2201 884 2301 940 Dat
2326 885 2479 953 panis
2502 884 2713 940 caelitus
2745 884 2928 952 ﬁguris
2952 882 3235 939 terminum
3267 901 3282 940 :

2200 975 2245 1032 Ο
2273 993 2361 1034 res
2381 976 2673 1033 mirabilis!
2704 975 2995 1033 manducat
3021 975 3309 1031 Dominum

2294 1062 2297 1067 ’
2414 1070 2641 1138 Pauper.
2674 1082 2889 1132 servus,
2917 1076 2973 1123 et
2993 1067 3232 1122 humilis.

2271 1163 2349 1220 Te
2374 1164 2533 1219 Trina
2568 1162 2775 1228 Déitas,
2802 1164 3016 1230 unaque
3044 1160 3338 1230 poscimus,

2204 1255 2294 1312 Sic
2323 1270 2420 1310 nos
2450 1264 2506 1311 tu
2531 1256 2742 1322 visitas,
2773 1255 2911 1309 sicut
2933 1264 2985 1308 te
3014 1253 3246 1308 culimus
3272 1270 3286 1306 :

2205 1345 2307 1401 Per
2337 1355 2455 1401 tuas
2484 1346 2706 1400 semitas
2726 1346 2829 1400 due
2857 1359 2954 1399 nos
2986 1344 3091 1413 quo
3116 1342 3406 1411 tendimus,

2417 1437 2496 1492 Ad
2526 1437 2721 1504 lucem,
2751 1451 2913 1507 quam
2945 1445 3001 1491 tu
3030 1435 3260 1490 habitas.

2292 1528 2329 1587 ιῑι
2354 1567 2367 1580 .
2398 1528 2593 1583 Amen.

2277 1639 2626 1711 Supplicatio.
2659 1638 2888 1695 Oremus
2910 1638 3077 1710 pium.
3102 1637 3205 1693 Hic
3223 1654 3385 1708 supra
3412 1638 3542 1709 folio
3562 1637 3618 1691 2.

2280 1729 2545 1800 Capitula.
2576 1731 2844 1788 Ponéntes
2881 1746 3030 1800 spem
3074 1738 3314 1785 nostram
3352 1730 3403 1786 in
3436 1738 3510 1795 te,
3545 1728 3785 1795 Domine,

2210 1839 2315 1879 non
2337 1822 2701 1879 obliviseimur
2724 1822 2950 1893 operum
2975 1822 3209 1889 tuarum,
3234 1822 3357 1877 eum
3392 1835 3488 1890 per
3508 1820 3783 1890 justitiam,

2204 1924 2366 1985 atque
2395 1914 2767 1984 clementiam,
2802 1912 3062 1969 mirabilis
3092 1914 3143 1967 in
3186 1912 3408 1978 sanctis,
3441 1922 3495 1968 et
3543 1913 3787 1967 terribilis

2206 2007 2505 2063 ostenderis
2534 2006 2715 2078 impiis
2740 2024 2755 2060 :
2788 2007 2877 2076 qui
2909 2006 3210 2076 opportuna
3238 2005 3477 2061 remédia
3503 2005 3701 2074 jnstis;
3730 2020 3789 2059 ac

2206 2097 2387 2153 debita
2425 2098 2683 2166 supplicia
2733 2096 3112 2166 recompéitsas
3156 2097 3354 2166 iniquis
3391 2114 3405 2146 :
3458 2111 3786 2166 quaesumus,

2206 2189 2387 2258 itaque
2419 2190 2694 2259 piissime:
2724 2199 2783 2245 ut
2822 2190 3008 2259 quosa
3052 2188 3280 2245 terrenis
3332 2190 3581 2244 hostibus
3625 2189 3786 2253 érnis,

2207 2281 2598 2351 praecepturum
2654 2280 2776 2337 luce
2824 2280 3093 2337 clariﬁces
3140 2300 3153 2333 :
3201 2281 3560 2336 tentationum
3601 2281 3789 2335 ﬂuetus

2208 2373 2488 2442 amovens,
2516 2374 2619 2428 iter
2648 2372 2977 2428 salutiferum
3010 2371 3211 2441 pandas
3244 2388 3259 2424 :
3292 2369 3493 2426 Christi
3542 2371 3614 2425 tui
3655 2370 3793 2425 Gor-

2206 2481 2357 2536 pore,
2388 2464 2655 2534 tamquam
2677 2463 2881 2520 emlésti
2907 2478 3065 2534 pane,
3098 2463 3151 2520 in
3179 2463 3339 2533 hujus
3359 2462 3547 2519 satculi
3580 2462 3791 2517 deserto

2208 2554 2437 2611 reﬁcias.

2281 2648 2437 2703 Pater
2464 2656 2669 2702 noster.
2701 2646 2933 2702 Liberali
2962 2646 2993 2700 ὸ
3025 2646 3185 2701 malo.
3219 2646 3312 2716 fol.
3343 2644 3401 2699 2.

2281 2740 2486 2797 Lauda.
2538 2738 2796 2796 Similiter
2843 2738 3073 2794 Alleluia
3117 2746 3173 2793 et
3216 2736 3461 2794 calicem.
3496 2735 3597 2791 Hic
3640 2752 3794 2807 supra

2210 2831 2337 2902 [alio
2362 2830 2417 2884 2.

2284 2944 2487 2997 Oratio.
2524 2943 2684 3008 Deus,
2713 2942 2803 3012 qui
2841 2941 3100 3013 unigéniti
3133 2940 3226 2998 ﬁlii
3262 2942 3364 3007 tui,
3390 2939 3602 2995 Domini
3636 2942 3795 2995 nostri

2210 3034 2338 3090 Jesu
2376 3033 2599 3100 Christi,
2633 3033 2871 3103 preﬁéso
2900 3033 3159 3102 sanguine
3187 3033 3476 3087 humanum
3508 3047 3680 3101 genus
3718 3046 3796 3086 re-

598 3107 795 3200 Begfus
816 3104 977 3200 hom?
1000 3100 1092 3200 9""
1113 3098 1284 3200 audi"
1308 3089 1768 3200 θείωίγῖξνὲἓὲδ
1787 3088 2108 3200 Erigit???
2138 3137 2185 3200 ο
2449 3088 2667 3179 voluisti
2693 3088 2719 3176 :7
2747 3124 2987 3179 concede
3002 3088 3278 3193 "propitius
3308 3142 3319 3176 :
3353 3134 3413 3179 ut
3442 3088 3539 3193 qui
3590 3124 3663 3178 ad
3707 3123 3801 3177 ad-

525 3189 782 3268 quotidie,
815 3204 868 3247 et
896 3189 1139 3247 observat
1170 3189 1235 3243 ad
1268 3196 1448 3259 postes
1477 3184 1599 3239 ostii
1630 3181 1755 3236 mei.
1786 3178 1883 3248 Qui
1916 3193 2001 3268 me
2031 3178 2113 3268 in-

523 3266 751 3353 venerit,
780 3281 1017 3339 inveniet
1045 3280 1231 3344 vitam,
1262 3288 1317 3334 et
1346 3276 1556 3330 hburiet
1603 3272 1831 3326 salutem
1863 3268 1895 3323 ὲ
1930 3266 2112 3322 1)ιόιηί-

523 3391 616 3434 no.
664 3375 767 3442 Qui
814 3382 990 3427 autem
1041 3370 1096 3425 in
1153 3384 1239 3424 me
1287 3363 1622 3437 peccaverit,
1673 3361 1831 3416 lzedet
1874 3358 2110 3413 animam

523 3482 709 3527 suam;
756 3475 810 3520 et
838 3477 1043 3528 omnes,
1093 3461 1183 3532 qui
1229 3474 1314 3516 me
1341 3457 1574 3513 odérnnt
1598 3455 1829 3525 diligunt
1883 3460 2111 3507 mortem

525 3558 682 3630 (Cap.
712 3556 812 3628 Ix).
857 3552 1131 3625 Sapientia
1171 3550 1457 3606 mdiﬁcbvit
1496 3547 1601 3603 sibi
1629 3546 1869 3610 domum,
1913 3541 2113 3599 excidit

525 3651 801 3707 columnas
822 3656 1048 3717 septem.
1097 3641 1396 3699 Immolavit
1423 3639 1665 3694 victimas
1695 3651 1844 3703 suas,
1896 3631 2112 3689 miscuit

523 3743 729 3807 vinum,
774 3748 828 3794 et
857 3737 1040 3807 pesuit
1069 3749 1308 3791 mensam
1355 3746 1527 3787 suam.
1576 3729 1720 3785 Misit
1760 3740 1947 3783 servos
1985 3738 2112 3779 suos

525 3834 721 3889 vocare
742 3831 806 3885 ad
835 3845 1036 3896 arcem,
1070 3837 1126 3884 et
1155 3827 1349 3883 moenia
1376 3824 1631 3887 civitatis,
1654 3822 1843 3877 dicens
1872 3837 1887 3873 :
1912 3818 1967 3873 Si
1990 3817 2110 3887 quis

527 3933 615 3980 est
641 3922 920 3993 parvulus,
954 3920 1131 3977 veniat
1164 3919 1229 3972 ad
1259 3933 1365 3972 me.
1399 3918 1465 3971 Et
1492 3913 1863 3983 insipientibus
1902 3911 2112 3966 locutus

528 4024 610 4071 est
636 4032 650 4067 :
684 4014 893 4080 Venite,
924 4010 1190 4067 comédite
1220 4024 1414 4078 panem
1440 4022 1639 4071 meum,
1668 4016 1723 4061 et
1744 4002 1908 4059 bibite
1928 4002 2111 4056 vinum

528 4107 671 4174 quod
702 4105 890 4161 miscui
936 4102 1113 4158 vobis.
1159 4100 1462 4170 Relinquite
1494 4097 1795 4163 infantiam,
1827 4104 1882 4152 et
1911 4094 2109 4163 videte,

530 4208 585 4254 et
614 4196 883 4253 ambulate
914 4210 1010 4267 per
1034 4194 1147 4250 vias
1175 4190 1493 4262 prudentiae.
1532 4190 1568 4258 ιῆ
1593 4229 1607 4244 .
1633 4191 1826 4246 Amen.

1185 4285 1444 4356 Hymnus.

599 4381 778 4438 Sacris
805 4377 1080 4436 solémniis
1103 4377 1289 4447 juncta
1328 4376 1437 4431 sint
1463 4373 1680 4444 gaudia,

531 4474 599 4528 Et
622 4488 688 4528 ex
720 4470 1028 4542 praecordiis
1058 4476 1251 4523 sonent
1280 4465 1547 4535 praeconia
1575 4482 1588 4517 :

532 4564 806 4621 Récedant
829 4564 1034 4625 vetera,
1061 4576 1196 4615 nova
1228 4559 1337 4614 sint
1372 4560 1575 4623 omnia,

744 4652 936 4719 Corda,
967 4668 1149 4719 voces.
1172 4661 1226 4707 et
1246 4650 1431 4720 opera.

602 4745 784 4802 Noctis
810 4744 1063 4799 recolitur
1088 4758 1241 4799 cmna
1266 4741 1577 4806 novissima,

534 4838 647 4905 Qua
675 4838 918 4892 Christus
944 4833 1181 4889 eréditur
1205 4848 1399 4903 agnum
1428 4842 1482 4886 et
1504 4830 1692 4903 azyma

539 4929 759 4987 Dedisse
778 4925 1052 4989 fratribus,
1077 4924 1225 4995 juxta
1254 4926 1483 4995 legitima

752 5020 952 5077 Priscis
975 5017 1177 5073 indulta
1202 5016 1458 5086 patribus.

610 5112 737 5167 Post
766 5126 956 5182 agnum
990 5098 1246 5181 typiéum,
1275 5102 1502 5177 expletis
1531 5106 1720 5176 épulis,

539 5205 743 5273 Corpus
771 5203 1101 5259 Dominicum
1126 5200 1313 5256 datum
1340 5200 1651 5267 discipulis,

535 5297 592 5369 4
630 5298 721 5354 Sic
749 5307 915 5351 totum
941 5295 1214 5362 omnibus,
1246 5295 1384 5366 quod
1412 5302 1579 5350 totum
1608 5291 1850 5364 singulis,

751 5388 879 5457 Ejus
907 5387 1132 5442 fatemur
1154 5387 1420 5443 manibus.

612 5478 763 5534 Dedit
791 5493 857 5534 ex
886 5476 1128 5549 frugibus
1156 5479 1399 5548 corporis
1420 5476 1704 5542 lérculum,

542 5567 697 5623 Dedit
724 5584 791 5624 ex
816 5568 1013 5623 vitibus
1041 5569 1313 5638 sanguinis
1346 5567 1620 5637 poculum,

542 5658 751 5727 Dieens,
780 5659 1021 5729 Accipite
1040 5661 1181 5731 quod
1212 5659 1363 5715 trado
1395 5658 1687 5727 vasculum,

750 5756 949 5813 Omnes
976 5772 1043 5812 ex
1071 5771 1134 5812 eo
1160 5756 1343 5813 bibite.

2212 3215 2472 3271 orandum
2502 3214 2771 3270 viviﬁcum
2798 3230 2995 3284 corpus
3024 3214 3222 3269 Christi
3251 3214 3637 3279 advénimusﬁa
3669 3231 3792 3282 pec-

2212 3305 2450 3361 caturum
2485 3304 2794 3359 nostrarum
2820 3304 3053 3361 nexibus
3082 3304 3394 3361 liberemur.
3435 3305 3473 3374 ιῆ
3495 3345 3510 3359 .
3533 3307 3730 3360 Amen.

2284 3394 2386 3451 Per
2409 3394 2859 3451 misericordiam.

2827 3509 2907 3563 Ad
2934 3507 3180 3564 Tertiam.

2300 3625 2336 3693 ἡ
2360 3664 2375 3680 .
2402 3623 2540 3679 Caro
2583 3638 2723 3688 mea,
2768 3622 2894 3679 vere
2934 3630 3019 3679 est
3062 3622 3251 3678 cibus:
3283 3632 3336 3677 et
3366 3622 3584 3692 sanguis
3627 3637 3796 3687 meus,

2212 3716 2339 3771 vere
2364 3724 2448 3771 est
2486 3724 2661 3783 potus.
2698 3710 2768 3770 Ρ.
2802 3715 2903 3781 Qui
2933 3713 3221 3769 mandueat
3258 3728 3432 3768 meam
3471 3728 3723 3777 carnem.
3749 3723 3801 3768 et

2214 3806 2349 3861 bibit
2380 3820 2556 3861 meum
2585 3804 2929 3876 sanguinem,
2962 3805 3015 3858 in
3047 3818 3134 3859 me
3162 3813 3369 3867 manet,
3400 3815 3454 3858 et
3482 3818 3579 3874 ego
3602 3805 3658 3857 in
3687 3803 3799 3857 illo.

2213 3894 2463 3952 Alleluia.
2511 3890 2585 3963 ᾗ.
2614 3892 2762 3949 Meus
2810 3904 2893 3949 est
2918 3894 3090 3963 cibus,
3136 3903 3194 3947 ut
3237 3894 3429 3948 iaciam
3472 3894 3800 3948 voluntatem

2213 3988 2351 4057 ejus,
2381 3986 2471 4057 qui
2502 3987 2651 4042 misit
2678 4002 2787 4053 me,
2837 3995 2895 4041 ut
2925 3984 3193 4055 perﬁciam
3240 3998 3375 4054 opus
3416 3985 3552 4054 ejus.
3590 3985 3661 4037 P.
3703 3983 3798 4051 Qui

2214 4078 2519 4134 manducat.
2571 4078 2645 4147 ᾗ.
2676 4076 2879 4145 Gloria,
2912 4085 2968 4132 et
3009 4079 3180 4131 honor
3208 4076 3372 4132 Patri.
3418 4076 3489 4131 P.
3517 4078 3617 4145 Qui
3653 4092 3800 4130 man-

2176 4154 2191 4164 ’
2214 4170 2392 4224 ducat.

2292 4261 2588 4333 Prophetia.
2637 4260 2832 4316 Beatus
2878 4259 3065 4326 homo,
3111 4257 3199 4330 qui
3235 4259 3385 4314 audit
3426 4273 3534 4315 me.
3573 4258 3798 4327 Requirs

2215 4365 2350 4408 retro
2376 4355 2427 4407 in
2459 4353 2727 4408 Matutinis
2755 4353 3125 4418 superioribus.

2288 4446 2491 4500 Lauda.
2526 4446 2776 4500 Alleluia.
2809 4445 3006 4500 Panem
3048 4446 3116 4500 de
3142 4444 3281 4501 coelo
3322 4444 3469 4500 dedit
3512 4446 3609 4510 eis,
3662 4444 3802 4499 Alle-

2140 4495 2193 4555 D
2217 4495 2490 4604 ιωξῖῖῗ
2512 4495 3466 4605 13;;.;.;."i.;g.‘ii;;...;causa
3489 4495 3797 4592 1.35.3.

2219 4628 2464 4684 Alleluia.

2791 4721 3051 4793 Hymnus.

2431 4834 2665 4890 Verbum
2696 4832 2986 4903 supéruum
3017 4833 3302 4903 prodiens,

2361 4927 2469 4982 Nec
2500 4926 2673 4980 Patris
2702 4926 2951 4995 linquens
2979 4926 3253 4981 dexteram
3275 4966 3291 4993 ,

2362 5020 2443 5075 Ad
2471 5032 2605 5087 opus
2634 5033 2788 5073 suum
2820 5018 3036 5085 éxiens,

2366 5113 2520 5170 Venit
2542 5114 2606 5166 ad
2632 5112 2753 5167 vitae
2772 5111 3075 5183 vesperum.

2432 5203 2487 5258 In
2518 5212 2689 5258 morte
2718 5202 2748 5257 ὸ
2778 5204 3042 5274 discipulo

2363 5294 2485 5349 Suis
2516 5292 2802 5348 tradendus
2822 5295 3028 5350 aemulis
3055 5313 3067 5348 :

2364 5385 2517 5440 Prius
2536 5385 2588 5439 in
2618 5385 2740 5439 vitae
2763 5384 2967 5441 férculo

2365 5477 2435 5534 Se
2466 5475 2686 5531 tradidit
2712 5476 3012 5544 discipulis.

2434 5566 2536 5622 Uni
2568 5566 2818 5636 trinéque
2846 5567 3075 5623 Domino

2364 5660 2444 5714 Sit
2469 5658 2791 5727 sempitérns
2819 5658 2986 5729 gloria
3014 5675 3029 5711 :

2368 5750 2465 5819 Qui
2495 5750 2655 5806 vitam
2682 5750 2799 5807 sine
2828 5751 3058 5806 termino
