3984 6376
526 402 547 455 1
560 403 661 459 325

731 513 794 568 1η
823 513 1028 570 Sancta
1054 512 1279 567 Juliana
1307 510 1515 581 virginis
1544 518 1591 564 et
1630 512 1885 581 martyris.

592 606 776 661 Ontnia
802 606 1036 658 dicantur
1057 608 1209 658 unius
1256 602 1505 674 Virginis,
1536 604 1629 673 fol.
1663 618 1886 658 CLXXIX.

736 702 1066 759 Pantaleonis
1096 704 1355 774 martyris,
1387 704 1738 772 sociorumque
1764 704 1895 773 ejus.

590 799 777 938 Om'nift
814 798 1051 851 dicantur
1081 797 1421 865 plurimorum
1469 794 1756 866 Martyrum
1796 811 1885 849 sea:
1911 798 2107 864 cappa-'

590 886 653 931 m,
711 886 737 920 ο
770 908 780 921 .
811 883 975 922 cun.

519 886 653 931 rum,
688 883 780 931 yol.
811 883 975 922 cun.

891 966 956 1021 In
986 968 1163 1023 Sancti
1196 966 1491 1021 Columbani
1520 967 1750 1022 Abbatis.

593 1060 779 1115 Omnia
806 1062 1044 1115 dicantur
1091 1062 1245 1115 unius
1293 1060 1608 1132 Confessoris
1659 1060 1908 1131 simplicis
1936 1078 2110 1117 novem

518 1134 813 1200 lectionum,
847 1132 939 1201 fol.
972 1146 1167 1187 cnxxv.

828 1235 893 1290 1η
921 1224 1279 1307 Translatione
1313 1233 1494 1290 Sancti
1519 1234 1817 1306 Augustini.

592 1331 776 1386 Omnia
806 1330 1041 1384 dicantur
1095 1329 1241 1382 unius
1288 1327 1610 1396 Confessoris
1666 1327 1960 1399 Pontificis,
2016 1332 2109 1401 fol.

515 1418 696 1459 ειῐικ.

885 1509 1225 1585 FESTA
1301 1508 1749 1583 MART".

899 1671 967 1726 In
1007 1673 1189 1727 Sancti
1214 1672 1432 1726 Adriani
1462 1674 1719 1740 martyris.

589 1766 772 1820 Omnia
820 1766 1059 1818 dicantur
1097 1763 1251 1817 unius
1278 1763 1516 1834 martyris
1562 1761 1827 1830 simplicis,
1862 1759 1955 1827 fol.
1980 1773 2108 1813 cu.

926 1866 991 1920 In
1025 1865 1203 1923 Sancti
1232 1865 1424 1919 Donati
1444 1865 1701 1935 martyris.
2144 1867 2185 1922 ιι

588 1960 774 2013 Omnia
800 1959 1035 2014 dicantur
1065 1959 1217 2014 unius
1244 1956 1483 2029 martyris
1520 1958 1788 2029 simplicis,
1823 1958 1913 2028 fol.
1947 1970 2067 2011 cu.

516 2060 581 2115 In
604 2060 785 2118 Sancti
805 2060 1012 2117 Thoma:
1032 2062 1095 2116 de
1119 2062 1342 2133 Aquino,
1366 2062 1429 2116 de
1460 2060 1653 2115 Ordine
1682 2058 2106 2115 Prtedicatorum.

516 2227 540 2293 ί
574 2153 775 2278 (Omnia
810 2155 866 2226 θ
890 2154 1128 2208 dicantur
1152 2153 1304 2207 unius
1338 2152 1656 2224 Confessoris
1688 2169 1787 2207 non
1815 2148 2125 2221 Ponti/iris,

540 2236 568 2279 0
596 2262 611 2280 .
640 2240 858 2280 CLXXIII.

540 2236 611 2280 at.
640 2240 858 2280 CLXXIII.

788 2326 866 2381 In
899 2327 1104 2383 Sancta:
1132 2325 1401 2397 Perpetua:
1443 2334 1489 2379 et
1518 2324 1825 2380 Felicitatis.

592 2416 781 2471 Omnia
800 2416 1036 2471 dicantur
1058 2415 1399 2487 plurimarum
1432 2414 1726 2485 Virginum,
1750 2415 1843 2485 fol.
1870 2428 2108 2469 cuxm.

712 2514 785 2569 In“
806 2516 980 2573 Sancti
1001 2517 1209 2577 Iuliani
1230 2516 1477 2590 Episcopi
1501 2526 1547 2572 et
1572 2516 1911 2590 Confessoris.

596 2610 783 2664 Omnia
837 2612 1071 2665 dicantur
1123 2611 1271 2666 unius
1320 2610 1639 2680 Confessoris
1690 2608 1978 2678 Pontificis,
2015 2610 2111 2680 fol.

518 2696 701 2736 CLXIX.

879 2773 940 2825 In
974 2772 1182 2828 Sanctae
1210 2773 1501 2843 Apollonii?
1530 2748 1762 2842 virginis.

590 2865 776 2919 Omnia
804 2865 1040 2918 dicantur
1062 2865 1221 2918 'unius
1260 2863 1507 2935 Virginis,
1540 2863 1634 2934 fol.
1678 2877 1894 2917 suam.

701 2961 761 3018 ln
789 2963 968 3019 Sancti
1000 2962 1234 3019 Facundi
1261 2975 1311 3019 et
1337 2963 1597 3019 Primitivi
1627 2974 1931 3035 martyrum.

591 3056 776 3112 Omnia
853 3059 1088 3112 dicantur
1169 3059 1506 3127 plurimorum
1596 3066 1878 3129 martyrum
1942 3071 2116 3111 novem

517 3131 812 3195 lectionum,
844 3129 938 3199 fol.
970 3144 1187 3185 cuvm.

732 3229 796 3285 In
828 3230 1007 3285 Sancti
1036 3230 1270 3303 Gregorii
1306 3230 1464 3302 Papa:
1484 3238 1529 3286 et
1556 3228 1893 3299 Confessam.

593 3321 780 3374 Omnia
826 3322 1062 3376 dicantur
1114 3321 1265 3375 unius
1323 3320 1641 3390 Confessoris
1694 3318 1981 3389 Pontiﬁcis,
2018 3320 2112 3390 fol.

521 3408 703 3447 ςιιιχ.

664 3490 731 3545 In
761 3492 941 3546 Sancti
971 3489 1197 3545 Leandri
1259 3490 1499 3562 Episcopi
1548 3501 1595 3545 et
1635 3491 1973 3563 Confessoris»

561 3583 746 3637 Omnia
768 3583 1166 3649 dicanturunius
1189 3579 1504 3652 Confessoris
1526 3580 1814 3653 Pontificis,
1834 3583 2113 3653 fol.culx.

967 3681 1031 3737 In
1057 3682 1237 3737 Sancti
1262 3680 1447 3737 Leonis
1486 3680 1665 3754 Papae.

601 3775 790 3831 Omnia
837 3775 1074 3827 dicantur
1124 3773 1277 3825 unius
1328 3773 1643 3844 Confessoris
1699 3772 1987 3841 Pontiﬁcis,
2020 3771 2117 3840 fol.

522 3862 700 3904 ςιιιι.

2143 3221 2187 3282 C

951 3943 1019 4000 In
1050 3938 1229 4001 Sancti
1262 3943 1405 3998 Petri
1438 3940 1704 4012 EpiscOpi.

603 4039 790 4096 Omnia
817 4038 1055 4094 dicantur
1083 4038 1229 4097 unius
1278 4034 1596 4105 Canfessoris
1652 4032 1939 4098 Pontificis,
1996 4031 2123 4102 folio

530 4127 711 4171 CLXIX.

700 4203 767 4261 IN
804 4199 1046 4263 SANCTI
1084 4197 1446 4258 GABBIELIS
1485 4184 1948 4253 ARCIIANGELI.

1115 4296 1197 4350 Ad
1241 4294 1538 4365 Vésperunt.

594 4390 804 4448 Lauda.
846 4387 1227 4446 Laudavérunt
1257 4394 1330 4453 te,
1391 4382 1637 4449 Démine,
1687 4395 1877 4437 omnes
1933 4378 2122 4449 Angeli

533 4484 632 4554 tui,
663 4492 719 4542 et
744 4485 998 4554 hymnum
1051 4479 1323 4545 dixerunt,
1381 4476 1508 4532 dum
1540 4474 1827 4545 perﬁceres
1871 4471 2123 4528 fabricam

531 4577 679 4634 cmli.
709 4576 857 4633 Tuus
923 4584 1008 4631 est
1038 4575 1177 4640 dies,
1209 4581 1264 4629 et
1293 4582 1380 4627 tua
1431 4578 1514 4627 est
1543 4582 1685 4624 nox:
1719 4566 1787 4621 P.
1819 4566 1900 4622 Tu
1953 4566 2125 4623 iecisti
2158 4584 2204 4642 υ
2250 4554 2253 4557 ’

532 4670 698 4727 solem
726 4678 781 4726 et
808 4669 987 4724 lunam
1022 4687 1033 4721 :
1084 4668 1119 4738 y
1146 4707 1157 4721 .
1189 4666 1272 4723 'l‘u
1319 4662 1647 4720 conﬁrmasti
1702 4663 1754 4716 in
1790 4660 1989 4717 virtute
2037 4670 2127 4723 tua

536 4776 684 4819 mare
710 4781 721 4816 :
748 4769 805 4816 tu
831 4760 1201 4817 contribulasti
1226 4758 1399 4829 capita
1428 4756 1723 4813 draconum
1748 4767 1913 4823 super
1936 4766 2103 4825 aquas

539 4855 608 4910 ι’.
632 4854 714 4911 ἰἰι
750 4852 945 4911 fecisti.

504 4941 510 4947 ’
607 4946 869 5002 Duminus
896 4947 985 5000 sit.
1034 4943 1108 5014 ἦ.
1144 4943 1210 4999 Ει
1236 4941 1377 4999 cum.

528 5080 535 5089 ρ
610 5038 771 5096 Sono.
807 5035 1056 5093 Alleluia.
1088 5034 1352 5094 Judicium
1380 5033 1562 5088 datum
1588 5041 1672 5089 est
1701 5029 1938 5087 Sanctis.
1974 5027 2042 5084 P.
2072 5027 2126 5081 lu

539 5130 671 5217 horq
700 5127 952 5185 sacriﬁcii
981 5125 1274 5199 veSpertini
1306 5124 1558 5195 Alleluia,
1591 5123 1827 5217 alleluia.
1876 5123 1910 5194 ᾖ
1939 5158 1956 5176 .
1990 5121 2128 5217 Ecce

491 5240 511 5251 “
539 5212 752 5289 Gabriel
782 5238 921 5279 unus
950 5221 1243 5293 principum
1290 5217 1530 5290 priorum
1578 5216 1779 5282 veniet,
1810 5222 1871 5273 ut
1895 5212 2128 5271 sanctiﬁ-

537 5316 729 5373 céntur
755 5317 928 5371 multi.
977 5313 1041 5368 P.
1070 5314 1127 5369 In
1166 5312 1299 5369 hora
1321 5312 1589 5370 sacrificii.

614 5405 877 5462 Dominus
903 5405 992 5460 sit.
1038 5404 1074 5473 ἢ
1097 5443 1111 5459 .
1145 5404 1211 5460 Et
1241 5418 1383 5457 cum.

616 5497 931 5569 Antipltona.
992 5494 1238 5548 Thronus
1293 5502 1433 5556 tuus,
1472 5490 1611 5547 Deus
1638 5490 2046 5558 inaestimabilis,
2078 5501 2134 5549 et

546 5588 714 5659 pluria
744 5587 1298 5661 incomprehensibilis
1330 5607 1343 5642 :
1369 5587 1453 5643 cui
1484 5587 1658 5643 adstat
1706 5586 1882 5641 omnis
1931 5587 2134 5642 exerci-

548 5691 638 5736 tus
687 5682 1014 5753 Angeldrum
1065 5694 1185 5736 cum
1240 5681 1493 5745 tremere,
1540 5677 1601 5733 P.
1636 5677 1798 5750 Cujus
1853 5677 2134 5748 adspectus

549 5771 771 5832 aréfacit
796 5773 1039 5844 abyssos,
1055 5782 1117 5827 et
1143 5771 1433 5842 indignatio
1455 5771 1729 5828 tabescere
1759 5772 1883 5826 facit
1906 5780 2133 5828 montes.

536 5881 549 5887 β
568 5866 601 5937 7
625 5905 644 5924 .
675 5861 901 5925 Damine
930 5862 1070 5920 Deus
1099 5862 1378 5932 virtutum,
1413 5864 1531 5935 quis
1562 5861 1750 5917 similis
1785 5861 1922 5917 tibi?
1950 5872 2137 5932 potens

1730 394 2156 455 BREVIARIUM
2194 394 2566 454 GOTHICUM.

3647 382 3765 458 i324

2128 514 2179 570 Α
2206 524 2265 566 es
2298 508 2543 574 Omine,
2575 516 2629 562 et
2669 506 2867 564 veritas
2911 515 2999 562 tua
3046 507 3099 562 in
3126 507 3359 573 circuitu.
3388 515 3498 563 tuo.
3532 508 3596 565 P.
3628 514 3776 584 Cujus

2211 601 2511 671 adspectus.
2557 600 2591 669 ᾗ
2617 640 2631 654 .
2660 598 2862 666 Gloria,
2895 608 2948 656 et
2973 600 3166 657 honor.
3198 599 3265 656 P.
3297 600 3464 677 Cujus
3488 601 3770 673 adspectus.

2284 692 2539 748 Déminus
2568 692 2657 747 sit.
2705 693 2742 761 ἰή
2766 732 2779 746 .
2814 692 2880 746 Et
2904 706 3045 747 cum.

2288 786 2485 841 Lauda.
2514 784 2762 840 Alleluia.
2795 785 3024 854 Spiritus
3052 796 3173 841 tuus
3195 786 3390 849 bonus,
3419 787 3578 843 Deus.
3604 787 3667 843 P.
3688 790 3775 846 De-

2211 878 2373 933 ducat
2399 892 2496 932 nos
2519 878 2570 932 in
2601 876 2737 931 viam
2770 888 2995 932 rectam.
3048 877 3274 933 Alleluia
3296 918 3313 943 ,
3336 878 3567 934 alleluia.
3602 879 3664 934 P.
3685 881 3776 936 Ad-

2211 971 2362 1026 orhte
2388 968 2670 1024 Dominum
2689 982 2880 1023 omnes
2908 968 3097 1038 Angeli
3119 968 3237 1039 ejus
3262 1009 3278 1024 .
3303 969 3522 1035 audivit,
3546 979 3597 1025 et
3624 970 3777 1025 lauta

2212 1073 2293 1119 est
2323 1062 2470 1119 Sion.
2508 1061 2573 1117 Et
2600 1061 2979 1117 exultavérunt
3006 1059 3127 1116 ﬁliae
3151 1060 3325 1125 ludar,
3359 1071 3577 1132 propter
3600 1062 3775 1132 judicia

2214 1167 2300 1209 tua
2353 1153 2597 1209 Démine.
2656 1151 2724 1209 P.
2758 1153 3000 1209 Deducat
3024 1169 3140 1209 nos.
3188 1152 3493 1222 7.Gl6ria,
3540 1162 3593 1211 et
3632 1153 3778 1212 honor

2215 1246 2375 1301 Patri.
2412 1244 2478 1297 P.
2512 1244 2745 1300 Deducat
2775 1258 2893 1300 nos.

2881 1336 3140 1408 Hymnus.

2570 1430 2821 1499 Prompta
2849 1440 3038 1484 cuncta
3062 1429 3348 1487 Catholica:

2495 1524 2653 1580 Plebs
2682 1524 2896 1578 alumna
2925 1522 3116 1593 gloria:

2501 1614 2631 1668 Vota
2678 1615 2844 1669 simul
2884 1614 3154 1684 exhibete,

2498 1706 2843 1776 Criminhque
2881 1707 3132 1777 pandite;

2498 1801 2567 1858 Ut
2602 1802 2916 1857 cunctarum
2944 1788 3133 1857 auctor
3159 1802 3397 1858 clemens

2498 1876 2699 1949 cuncta
2730 1903 2947 1962 praestet
2969 1896 3153 1965 petita,

2572 1987 2789 2043 Gabriél
2816 1987 3019 2044 étenim
3052 1986 3145 2041 ille

2500 2079 2831 2135 Sublimatus
2862 2076 3102 2145 nomine,

2501 2173 2635 2229 Aula
2666 2173 2789 2229 caeli
2819 2171 3165 2241 conspicuus,

2500 2263 2709 2320 Summi
2739 2263 2831 2319 Dei
2861 2262 3102 2326 nuntius,

2504 2354 2757 2425 Princeps
2787 2353 3114 2422 Angeldrum
3155 2352 3349 2420 factus,

2498 2446 2795 2515 Celsusque
2822 2443 3097 2499 vocabulo.

2574 2539 2741 2609 Cujus
2771 2552 2971 2593 nomen
2997 2552 3067 2593 ex
3105 2536 3326 2605 virtute,

2502 2633 2567 2687 Et
2591 2647 2726 2703 opus
2757 2646 2824 2687 ex
2854 2631 3079 2685 munere

2502 2726 2583 2781 Ab
2624 2724 2994 2803 omnipotente
3022 2733 3207 2793 raptus

2504 2817 2725 2873 Obtiuet
2747 2816 3120 2894 conservmum
3143 2832 3157 2883 ;

2507 2910 2575 2965 Ut
2602 2910 2896 2980 gloriemur
2918 2909 2972 2962 in
3007 2908 3115 2963 Deo

2504 3002 2638 3058 Cum
2668 2999 2917 3055 conserte
2943 2998 3098 3053 socii.

2582 3092 2835 3147 Summus
2861 3088 3073 3144 Domini
3103 3096 3186 3141 est
3213 3086 3315 3141 iste

2512 3189 2731 3257 Magnus
2762 3183 2938 3239 lactus
2958 3182 3176 3238 nuntius

2507 3282 2607 3349 Qui
2640 3289 2833 3336 tetrum
2865 3277 2943 3333 illi
2972 3274 3295 3331 horrendum

2506 3372 2875 3442 Relugﬁmque
2902 3367 3151 3438 angelum

2505 3463 2584 3518 Ad
2610 3461 2830 3531 gldriam
2856 3455 3170 3514 debellanda

2507 3552 2768 3610 Demersit
2797 3552 2849 3607 in
2888 3550 3073 3607 erebo.

2582 3646 2688 3703 Iste
2714 3645 2958 3715 superest
2984 3641 3279 3713 protector,

2508 3734 2767 3792 Defensor
2806 3733 3072 3799 Omnium,

2510 3826 2577 3884 Ut
2608 3825 2923 3882 cunctarum
2954 3821 3213 3894 postuma

2511 3917 2641 3988 Regi
2668 3917 2780 3972 Deo
2809 3916 2999 3972 ull‘erat
3019 3932 3033 3981 ;

2508 4012 2576 4068 Et
2603 4008 2673 4066 ab
2705 4010 2798 4065 illo
2827 4008 3145 4065 destinatam

2512 4102 2660 4160 Plebi
2692 4108 2908 4171 praestet
2933 4098 3177 4172 gratiam.

2576 4195 2766 4263 Magna
2792 4193 3057 4263 siquidem
3083 4198 3169 4247 est

2514 4290 2615 4345 Ista
2642 4288 2747 4343 diéi
2778 4286 3064 4351 festivitas,
3106 4328 3111 4335 .

2518 4382 2687 4452 Cujus
2718 4394 2912 4436 nomen
2942 4375 3265 4447 Archangeli

2516 4470 2780 4528 Gabrielis
2810 4468 3004 4537 nuntii,

2526 4566 2695 4631 Quem
2722 4560 2937 4631 opértet
2961 4557 3235 4613 eelebrhre

2520 4656 2587 4711 Et
2612 4652 2797 4727 digne,
2824 4652 3101 4723 suscipere
3128 4646 3320 4705 dévote
3347 4666 3358 4699 :

2597 4749 2664 4805 Ut
2685 4763 2750 4804 ex
2782 4746 2942 4817 hujus
2971 4741 3261 4814 impetritu

2518 4842 2817 4898 Merelunur
2843 4837 3082 4893 omnium

2517 4933 2772 4999 Obtinére
2800 4930 2942 5001 apud
2966 4930 3135 4984 Deum

2521 5025 2741 5082 veniam
2769 5022 3173 5095 peccaminum;

2526 5122 2593 5175 Et
2618 5118 2791 5175 beatae
2813 5118 2936 5186 vita:
2964 5101 3186 5187 regnum

2524 5211 2733 5267 Pérlrui
2762 5208 2884 5281 post
2910 5202 3216 5264 transitum.

2587 5306 2670 5363 Sit
2690 5305 2882 5377 gloria,
2912 5306 2983 5360 sit
3007 5301 3287 5372 honérque

2527 5399 2691 5465 Patri,
2717 5408 2929 5469 quoque
2959 5404 3014 5452 et
3040 5395 3197 5460 Filio,

2520 5489 2796 5557 Simulque
2816 5496 2871 5543 et
2899 5485 3163 5556 coaequali

2530 5582 2748 5653 Spiritui
2789 5578 3089 5643 Paraclito;

2529 5673 2628 5739 Qui
2659 5685 2794 5727 unus
2823 5670 2878 5725 in
2899 5668 3164 5729 Trinitéte

2527 5767 2732 5836 Regnat
2752 5774 2874 5819 ante
2898 5764 3113 5820 saecula.

2599 5857 2784 5929 Amen.
