3984 6376
132 354 135 359 ’
230 376 365 435 i325

1657 371 2022 430 APPENDIX.

3353 368 3480 423 ης(

289 491 339 562 7
370 488 709 559 Supplicatio.
733 488 955 545 Oremus
985 488 1395 558 Redexnpwrem
1423 486 1605 542 mundi
1627 486 1799 542 Domi-
1830 493 1877 549 Α
1901 488 2017 555 ejus
2045 488 2096 542 in
2127 486 2249 543 nde.
2286 487 2354 541 P.
2379 487 2519 543 Ecce
2541 486 2831 557 concipias.
2870 486 2903 554 γ
2929 525 2942 539 .
2976 483 3181 551 Gibria,
3207 490 3259 538 et
3283 483 3480 538 honor.

222 596 345 636 num
375 590 613 635 nostrum
636 580 816 636 Jesum
857 578 1147 645 Christum,
1179 596 1300 637 cum
1346 581 1493 636 omni
1532 578 1799 650 supplica-

245 674 367 729 idne
388 672 668 743 rogemus;
697 681 755 727 ut
775 673 1329 745 per‘intercessidnem
1352 673 1518 728 sancti
1538 672 1803 731 Gabriélis

220 764 533 834 Archimgeli
570 764 722 820 nobis
752 764 1123 821 remissidnem
1165 766 1505 835 peccatdrum
1534 772 1590 824 et
1618 780 1800 835 pacem

218 853 419 909 donére
470 854 730 925 dignetur.
798 856 869 924 ιῆ.
927 857 1163 922 Praesta,
1216 856 1415 913 aeterne
1468 858 1803 926 omnipotens

222 946 384 1001 D‘eus.

290 1038 454 1110 Kyrie
482 1040 720 1098 eiéison..
750 1040 787 1108 ιῆ
808 1080 822 1095 .
850 1039 1061 1095 Christe
1087 1039 1293 1095 eléison
1321 1056 1333 1092 :
1358 1038 1520 1111 Kyrie
1546 1039 1769 1095 eléison.

288 1129 553 1201 Capitula.
597 1130 821 1187 Démine
848 1130 990 1188 Deus
1028 1118 1186 1187 Dater
1213 1130 1547 1202 omnipotens
1592 1130 1802 1185 creetur

217 1221 455 1277 dmtiium
505 1232 561 1279 et
608 1222 854 1279 conditor
903 1224 1289 1279 eiementdrum
1317 1267 1331 1290 ,
1362 1224 1451 1294 qui
1496 1222 1798 1277 Gabriélem

217 1325 366 1371 tuum
416 1315 668 1387 praeferre
707 1318 954 1388 dignétus
1002 1333 1060 1372 es
1107 1317 1405 1387 agminibus
1450 1316 1755 1370 nuntiorum
1782 1357 1796 1381 ,

214 1390 444 1483 quo‘rum
468 1411 725 1467 exhibitio
744 1422 833 1467 tuo
861 1411 1192 1467 obseeundat
1214 1410 1459 1480 imperio,
1486 1426 1583 1464 nec
1617 1409 1797 1486 talium

215 1516 472 1571 umquam
503 1500 789 1571 fatigantur
817 1502 1144 1569 oi‘iicidrum,
1172 1515 1367 1556 nomen
1396 1510 1551 1555 sonat
1589 1515 1654 1555 ex
1686 1516 1801 1570 my-

215 1592 408 1663 sterio,
427 1602 482 1649 et
504 1593 675 1647 virtus
698 1593 863 1661 pollet
888 1609 953 1648 ex
982 1592 1204 1658 mérito;
1237 1600 1295 1646 ut
1315 1593 1435 1648 cum
1461 1592 1568 1646 sint
1589 1606 1801 1661 semper

214 1684 458 1758 spiritus,
480 1685 602 1739 dum
624 1693 799 1739 tamen
830 1684 859 1739 2t
887 1694 939 1742 te
964 1685 1246 1741 mittuntur
1266 1700 1330 1740 ex
1355 1684 1482 1740 aére
1501 1685 1800 1754 corporati,

1906 575 1973 633 P.
2004 574 2141 633 Ecce
2162 577 2451 646 concipies.

1977 668 2175 724 Oratio.
2230 671 2439 735 Tuam,
2493 667 2916 724 Clementissime
2978 668 3173 729 Pater.
3216 665 3486 735 supplices

1903 759 2184 816 exoramus
2224 760 2594 825 clementiam;
2637 769 2691 815 ut
2738 759 2991 815 hodierna
3042 758 3325 825 solemnia,
3361 772 3484 828 qua
3522 818 3529 835 .

1906 866 2002 920 pro
2040 853 2332 909 beatissimi
2363 853 2686 924 Archangeli
2738 854 2811 907 tui
2843 836 3106 908 Gabriélis
3135 851 3485 908 veneratidne

1905 950 2254 1020 suscepimus,
2288 950 2403 1020 ipse
2429 952 2522 1007 tibi
2561 949 2911 1006 commendes
2937 967 2947 1002 :
2975 958 3029 1003 et
3055 948 3191 1003 sicut
3217 947 3291 1002 illi
3323 947 3483 1001 coro-

1906 1057 2026 1096 nam
2057 1051 2255 1101 sancta:
2302 1042 2648 1113 perfectidnis
2693 1041 2945 1109 tribuisti,
2979 1041 3050 1096 ita
3080 1038 3233 1093 nobis
3260 1037 3376 1108 ejus
3405 1038 3489 1092 in-

1906 1133 2229 1187 tercessione
2253 1132 2489 1188 Omnium
2535 1132 2855 1187 delictorum
2888 1128 3094 1184 véniam
3123 1138 3177 1183 et
3205 1126 3481 1197 induigén:

1906 1225 2029 1277 tiam
2050 1224 2314 1294 largiaris.
2357 1224 2394 1293 ti
2419 1263 2435 1279 .
2468 1214 2665 1280 Amen.

1897 1326 1905 1335 ‘
1975 1314 2076 1370 Per
2100 1314 2545 1371 misericordiam.

1974 1429 2268 1501 Antiphana
2296 1430 2351 1483 2.
2398 1429 2517 1484 Vidi
2545 1428 2802 1498 Angelum
2833 1426 3095 1481 volantem
3129 1438 3224 1492 per
3256 1421 3487 1477 medium

1902 1518 2120 1584 cmlum,
2142 1519 2428 1576 habe'utem
2450 1519 2785 1590 evangelium
2808 1517 3092 1582 retérnum,
3119 1524 3175 1571 et
3194 1514 3484 1569 dicc'ntem:

1908 1608 1971 1663 P.
2027 1610 2232 1666 'l‘iméte
2293 1610 2575 1666 Deminum
2635 1612 2799 1666 Deum
2852 1617 3128 1674 nostrum,
3161 1617 3214 1663 et
3258 1610 3382 1663 dule
3414 1606 3489 1662 illi

1902 1702 2127 1772 gloriam
2150 1713 2203 1758 et
2233 1703 2517 1759 hondrem.
2561 1704 2595 1776 γ
2621 1742 2635 1757 .
2668 1702 2768 1770 Qui
2798 1702 2952 1758 statis
2982 1700 3034 1755 in
3065 1701 3224 1755 domo
3252 1699 3487 1763 Demini,

208 1779 410 1848 Anseli
455 1779 861 1847 nuncupéntur.
897 1789 952 1834 ιιι
997 1779 1233 1835 (minium
1281 1780 1483 1835 visibus
1514 1779 1799 1835 visibililer
1838 1847 1872 1862 η
1907 1797 1957 1849 iu
1991 1795 2143 1850 atriis
2170 1797 2359 1851 domus
2391 1795 2482 1851 Dei
2514 1797 2698 1851 nostri.
2727 1794 2793 1849 P.
2821 1794 3052 1852 Timete.
3102 1795 3135 1862 φ
3161 1790 3406 1857 .Gloria,
3432 1801 3489 1846 et

216 1847 540 1938 appareant;
571 1884 794 1941 quorum
830 1872 1143 1942 incorporea
1174 1883 1350 1929 manet
1382 1873 1675 1929 substantia
1696 1915 1713 1941 ,
1746 1885 1798 1929 et
1838 1847 1873 1902 ῃ

218 1976 346 2019 cum
400 1960 644 2017 localiter
693 1962 1235 2028 circumscribimlur,
1291 1962 1557 2019 indeiéssé
1621 1973 1799 2019 tamen

217 2050 494 2114 Creatdris
536 2053 823 2122 conspectu
874 2053 1144 2120 fruantur;
1190 2057 1425 2113 concede
1454 2056 1627 2125 nobis,
1654 2073 1801 2128 qua:-

218 2159 427 2210 sumus,
450 2144 667 2199 obténtu
690 2144 846 2214 hujus
870 2146 1184 2216 Archangeli
1205 2146 1466 2202 Gabriélis
1488 2156 1541 2203 et
1562 2147 1798 2221 omnium

225 2232 574 2304 Algeldrum,
603 2234 856 2304 ednsequi
902 2235 1107 2291 veniam
1140 2237 1450 2310 tleiictd‘rum
1479 2257 1490 2291 :
1514 2249 1601 2303 ut,
1630 2240 1718 2310 qui
1748 2244 1798 2296 in

216 2325 408 2379 edrum
457 2326 661 2381 hondre
701 2328 791 2380 tibi
838 2328 946 2381 Deo
979 2338 1157 2382 nostro
1199 2304 1404 2383 Iaudiem
1436 2304 1801 2399 depromimus

217 2429 274 2472 et
322 2427 440 2473 vota
466 2460 481 2483 ,
510 2419 723 2474 aztérnte
766 2419 1108 2474 beatitudinis
1156 2423 1549 2492 consequamur
1592 2425 1798 2481 véuiam

218 2509 625 2577 sempiternam.
1282 2526 1285 2529 ‘

296 2600 455 2657 Pater
484 2612 681 2672 noster.
713 2603 939 2657 Liberali
971 2603 1000 2658 ὸ
1026 2605 1184 2659 malo.
1213 2608 1307 2677 fol.
1336 2606 1390 2660 .‘2.

294 2691 602 2747 Benedictio.
626 2694 868 2749 Christus
888 2695 981 2749 Dei
1007 2695 1190 2763 Filius,
1209 2698 1352 2752 unici
1378 2699 1548 2755 Patris
1577 2700 1799 2758 Unicum

216 2783 489 2852 Verbum,
533 2787 618 2840 cui
662 2786 901 2840 serviunt
941 2787 1143 2842 militia:
1190 2790 1511 2858 Angeldrum
1540 2834 1553 2857 ,
1587 2794 1799 2863 gloriari

120 2862 127 2865 ’
216 2893 315 2932 vos
337 2877 494 2932 iaciat
511 2877 577 2933 de
593 2877 920 2948 perfectione
939 2867 1201 2933 bondruin
1224 2879 1478 2949 operum;
1514 2884 1550 2950 ιῆ
1576 2862 1799 2940 [Αεηθη.

215 2970 320 3034 Iit,
349 2968 442 3039 qui
468 2966 767 3024 Gabriélem
799 2968 1191 3038 Archangelum
1222 2971 1503 3027 sublimem
1549 2974 1674 3029 fecit
1704 2978 1800 3029 ho-

211 3062 376 3129 udre,
403 3078 498 3119 vos
540 3078 641 3118 suo
678 3062 837 3118 faciat
866 3065 1091 3134 ﬂagrAre
1127 3080 1195 3121 ex
1236 3067 1452 3131 amere;
1498 3068 1534 3135 ii)
1557 3106 1572 3121 .
1606 3070 1797 3125 Amen.

212 3156 323 3218 Et,
353 3157 442 3227 qui
487 3157 637 3211 illum
668 3154 810 3213 iidéli
839 3157 1036 3227 populo
1064 3159 1271 3214 censuit
1312 3160 1678 3227 defensuram,
1711 3178 1800 3219 ve-

210 3249 454 3303 strhrum
502 3248 913 3318 precum'illum
945 3264 1156 3321 semper
1202 3250 1357 3305 faciat
1395 3254 1798 3324 promptidrem.

229 3339 272 3406 ἢ
296 3379 312 3393 .
347 3341 542 3405 Amen.

176 3417 184 3424 ’
293 3430 396 3485 Per
426 3430 862 3511 misericordiam.

288 3519 495 3576 Lauda.
548 3521 801 3577 Dominus
853 3523 905 3576 in
955 3524 1092 3579 caelo
1131 3526 1339 3594 param
1385 3528 1564 3583 sedem
1608 3545 1797 3585 suam:

206 3613 472 3668 Alleluia.
518 3612 585 3666 P.
638 3614 704 3669 Et
743 3629 963 3684 regnum
993 3616 1109 3684 ejus
1153 3616 1387 3673 Omnium
1418 3619 1798 3678 dominabitur.

210 3704 474 3777 Alleluia.
522 3704 824 3761 Benedicite
853 3706 1168 3774 deinum,
1198 3724 1384 3765 omnes
1429 3714 1615 3783 Angeli
1661 3714 1798 3783 ejus.

209 3795 473 3860 Alleh’iia,
503 3795 749 3863 alleluia,
779 3796 1014 3851 alleluia.
1062 3798 1097 3868 ᾗ
1119 3839 1132 3852 .
1168 3799 1223 3854 1η
1252 3802 1539 3870 conspectu
1571 3804 1801 3875 Angelo-

212 3901 345 3942 rum
376 3885 593 3955 psallam
626 3887 742 3951 tibi,
767 3886 992 3943 Domine
1017 3907 1029 3941 :
1052 3890 1287 3945 adorabo
1306 3893 1371 3946 ad
1404 3896 1658 3965 templum
1679 3894 1801 3953 sau-

206 3988 367 4034 ctum
392 3988 562 4044 tuum,
593 3987 644 4033 et
670 3981 964 4036 conﬁtebor
997 3982 1199 4037 nomini
1234 3993 1343 4039 tuo.
1370 3986 1437 4041 P.
1464 3989 1527 4042 Et
1557 4006 1794 4059 regnum.

223 4072 263 4140 ἲ
292 4060 319 4127 ,ν
355 4070 570 4135 Gldria,
601 4080 655 4123 et
685 4073 874 4126 honor.
906 4072 971 4128 P.
1005 4074 1309 4129 Benedicite
1358 4078 1661 4149 Dominum,
1687 4099 1801 4138 om-

205 4177 342 4219 1188.

290 4258 493 4311 Oratio.
539 4255 583 4312 0
620 4255 833 4313 Gabriél
879 4256 1126 4327 princeps
1155 4258 1422 4314 exercitus
1452 4262 1797 4333 Angeldrum,

204 4349 369 4414 veni,
402 4347 725 4418 quaesumus,
755 4347 823 4402 ad
848 4347 1154 4404 liberandas
1199 4348 1402 4405 animas
1443 4352 1676 4409 ﬁdelium
1710 4372 1801 4426 po-

202 4438 511 4508 puldrum;
545 4445 601 4491 ut
644 4446 699 4491 et
740 4436 870 4506 justi
909 4436 1168 4508 justitiam
1212 4440 1505 4512 obtinéudq
1546 4443 1598 4498 in
1648 4444 1801 4500 bonis

1972 1990 2175 2057 Oratio.
2206 2001 2252 2057 Ο
2280 2001 2492 2058 Gabriel
2518 2002 2788 2073 princeps.
2822 2002 3005 2069 Quare
3033 2011 3169 2055 retro
3197 2001 3250 2054 in
3287 1998 3478 2067 Vespa-

1904 2094 1973 2145 ris
2001 2094 2425 2163 pracedentibus.

1974 2206 2268 2273 Antiphona
2294 2207 2349 2263 5.
2381 2208 2492 2278 Ego
2519 2206 2674 2262 Jesus
2707 2208 2859 2261 mitto
2903 2209 3159 2277 Angelum
3194 2221 3370 2260 meum
3402 2215 3483 2258 te-

1902 2310 1927 2345 s
1956 2294 2135 2352 iiicére
2164 2296 2470 2353 hominibus
2496 2316 2507 2351 :
2537 2299 2673 2353 Ecce
2720 2297 2872 2351 véuiu
2901 2298 3029 2351 cito.
3067 2296 3126 2349 P.
3178 2297 3239 2349 lit
3266 2311 3486 2351 .merces

1904 2400 2019 2440 mea
2069 2401 2276 2443 mecum
2305 2397 2389 2443 est
2435 2391 2624 2445 sanare
2669 2388 2956 2460 l'angudres
3006 2388 3187 2459 pepuli
3237 2390 3362 2443 mei.
3408 2389 3484 2456 ᾖ.

1904 2480 2096 2536 Audite
2141 2481 2256 2537 haec
2303 2498 2488 2539 omnes
2534 2490 2763 2556 gentes:
2791 2482 3011 2542 auribus
3064 2480 3355 2551 percipite,
3396 2482 3485 2550 qui

1905 2571 2152 2628 habititis
2196 2574 2402 2630 orbem.
2439 2574 2504 2627 P.
2543 2575 2610 2629 Et
2650 2588 2858 2629 merces
2905 2586 3042 2628 mea.
3090 2573 3124 2641 Ῡ
3152 2611 3165 2625 .
3198 2569 3398 2635 Gloria,
3432 2580 3489 2625 et

1903 2663 2096 2720 honor.
2134 2663 2199 2719 P.
2235 2666 2302 2719 Et
2325 2681 2534 2722 merces
2564 2682 2703 2724 mea.

1924 2816 1932 2821 -
1975 2775 2175 2830 Oratio.
2236 2778 2384 2833 Mitte
2424 2779 2575 2833 nobis
2599 2823 2613 2847 ,
2668 2779 2807 2834 Deus
2862 2780 3101 2835 clemens
3127 2821 3141 2845 ,
3181 2777 3485 2835 Gabriélem

1903 2868 2136 2924 caelestis
2161 2869 2364 2925 militiae
2395 2872 2713 2942 principem,
2740 2881 2797 2925 ut
2825 2887 2922 2927 uos
2949 2873 3018 2927 de
3048 2886 3208 2925 manu
3235 2871 3485 2924 inimica-

1903 2975 2018 3014 rum
2061 2958 2360 3017 nustrdrum
2414 2963 2624 3030 liberet,
2654 2975 2705 3018 et
2739 2964 2830 3018 tibi
2882 2963 3108 3018 deino
3140 2964 3250 3019 Deo
3297 2973 3487 3018 nostro

1903 3050 2117 3106 initesos
2138 3052 2460 3121 praesentet;
2488 3056 2545 3124 8
2571 3065 2625 3110 et
2651 3055 2822 3124 ipsum
2847 3071 3062 3126 semper
3083 3056 3136 3110 in
3157 3054 3484 3126 adjutdrium

1905 3147 2213 3215 habeémus,
2244 3164 2400 3221 quem
2432 3150 2487 3204 in
2511 3158 2602 3205 tuo
2629 3150 2851 3205 munere
2878 3150 3215 3207 sublimatum
3240 3150 3489 3221 agnosci-

1907 3248 2146 3299 muszut
2190 3241 2306 3311 ejus
2354 3239 2608 3313 suffragio
2659 3242 2956 3298 resistendo
3007 3242 3169 3309 vitiis,
3198 3242 3489 3297 ﬂoreémue

1908 3332 2211 3406 virtutibus,
2238 3344 2292 3389 et
2320 3334 2564 3405 deposito
2596 3334 2922 3406 piaculdrum
2954 3334 3126 3405 eldgio
3153 3336 3486 3403 conscriptos

1908 3439 2004 3481 nos
2032 3425 2086 3481 in
2115 3427 2430 3497 perpetuum
2478 3429 2611 3484 liber
2654 3430 2799 3484 vita!
2824 3427 3041 3485 aeternae
3076 3428 3369 3483 contineat.
3412 3429 3448 3496 ἡ
3471 3469 3484 3481 .

1906 3518 2099 3575 Amen.
2768 3532 2775 3535 ‘

1946 3614 1951 3619 '
1976 3608 2076 3664 Per
2102 3611 2529 3668 misericdrdiam

1990 3701 2027 3770 ἢ
2048 3743 2061 3756 .
2092 3702 2285 3759 Missus
2307 3715 2384 3758 est
2410 3706 2439 3760 δ
2495 3705 2607 3761 Deo
2635 3706 2870 3777 Angelus
2895 3706 3107 3764 Gabriel
3153 3706 3216 3760 ad
3262 3707 3481 3761 Mariam

1906 3791 2195 3865 Virginem,
2229 3795 2451 3851 dicens:
2478 3798 2590 3853 Ave
2633 3798 2800 3853 Maria
2821 3841 2837 3865 ,
2870 3799 3041 3869 gratia
3072 3799 3227 3869 plena
3256 3819 3267 3853 :
3307 3798 3489 3854 Domi-

1906 3898 2004 3939 nus
2031 3895 2203 3940 tecum
2231 3905 2243 3939 :
2271 3886 2554 3943 Benedicta
2588 3898 2641 3943 tu
2673 3889 2814 3943 inter
2833 3890 3106 3945 mulieres.
3139 3888 3206 3943 P.
3234 3889 3486 3960 i‘roptér-

1902 3974 1968 4031 ea
1995 3985 2050 4031 et
2077 3978 2216 4047 quod
2247 3979 2500 4034 nascetur
2521 3995 2585 4035 ex
2628 3988 2679 4035 te
2704 3980 2984 4050 Sanctum,
3014 3982 3292 4038 vocabitur
3323 3982 3488 4039 Filius

1904 4067 2018 4123 Dei.
2052 4068 2121 4123 P.
2152 4069 2380 4136 Spiritus
2408 4070 2634 4125 Sanctus
2676 4075 3019 4142 superveniet
3049 4077 3100 4129 in
3132 4084 3205 4140 te,
3232 4088 3287 4132 et
3322 4078 3487 4133 virtus

1905 4161 2159 4216 Altissimi
2188 4162 2526 4218 obumbrhbit
2557 4164 2668 4217 tibi.
2709 4165 2772 4219 P.
2806 4168 3094 4237 Propterea
3123 4170 3364 4239 et‘quod.
3409 4173 3444 4237 y
3471 4214 3482 4224 .

1902 4252 2108 4320 Gloria,
2139 4264 2193 4310 et
2218 4254 2408 4310 honor.
2445 4254 2511 4311 Ρ.
2538 4255 2846 4328 Propterea.

1976 4367 2174 4422 Oratio.
2221 4368 2265 4424 0
2290 4370 2622 4426 sanctissime
2651 4372 2892 4429 Gabriel!
2934 4374 2967 4431 ὸ
2993 4375 3249 4434 fortitudo
3287 4382 3481 4436 summi

1905 4457 2095 4524 Patris,
2119 4460 2153 4513 ὸ
2180 4460 2405 4515 nuncius
2434 4461 2695 4530 veritatis,
2720 4463 2751 4518 ὸ
2774 4464 3074 4523 ἀρειίιιέιιοι·
3094 4468 3257 4524 divini
3283 4473 3483 4543 myste-

198 4542 436 4629 δξωρετ
464 4528 801 4629 ,ίξυειίηεθιίξ
820 4571 834 4595 υ
877 4538 931 4601 βε
976 4529 1159 4629 inﬁmi
1189 4531 1647 4629 adP‘BI‘ilélliiam
1675 4552 1802 4592 000-
1833 4556 1880 4614 ι)
1906 4548 1966 4602 rii
1988 4589 2004 4615 ,
2030 4549 2338 4607 verissimus
2366 4528 2689 4608 adiuvéntorr
2709 4557 2776 4610 ad
2828 4556 3092 4627 Virginem
3126 4562 3310 4629 venis;
3338 4528 3486 4619 salit-

196 4618 364 4679 νέηί
418 4616 619 4674 veniam
675 4622 918 4711 accipere
964 4636 1068 4676 non
1096 4624 1399 4701 desperent
1427 4621 1645 4699 :sicque
1701 4646 1799 4686 nos

200 4712 448 4766 invicem
481 4712 827 4778 provocemus
859 4713 910 4765 in
945 4712 1129 4768 melius
1152 4756 1166 4778 ,
1199 4723 1257 4767 ut
1304 4720 1578 4783 praemium
1610 4720 1801 4789 conse-

195 4802 309 4872 qui
341 4801 642 4855 merehmur
669 4802 947 4857 mtérnum.
997 4804 1033 4859 ἡ
1057 4843 1071 4857 .
1107 4806 1299 4857 Amen.

296 4889 400 4945 Per
428 4890 867 4948 misericordiam.

295 4982 351 5035 In
381 4981 595 5037 nemine
624 4982 853 5038 Démini.

757 5075 837 5127 Ad
876 5076 1210 5131 Matutinum.

290 5165 605 5232 Antiphona.
650 5165 724 5219 Da
766 5166 918 5221 nobis
944 5168 1199 5223 lmtitiam.
1247 5169 1484 5227 Psalmus
1514 5160 1803 5248 ιηὐναιὶοε

188 5246 602 5318 Βριίιιόηοδίε,
637 5256 877 5312 deine.
912 5257 1033 5312 Fol.
1068 5276 1235 5315 cum

289 5347 584 5417 Antiphona
616 5347 666 5403 i.
711 5349 901 5405 Missus
942 5361 1026 5407 est
1068 5351 1282 5410 Gabriéi
1329 5358 1561 5425 Angelus
1593 5360 1656 5414 ad
1690 5362 1798 5415 Ma-

187 5439 374 5501 riam,
429 5436 691 5506 virginem
746 5438 1119 5508 desponsatam
1170 5443 1410 5512 Joseph,
1466 5449 1797 5506 annuncians

188 5527 437 5582 verbum
464 5570 477 5595 ,
511 5535 565 5584 et
592 5529 895 5600 expavescit
940 5531 1088 5603 virgo
1116 5534 1182 5589 de
1213 5533 1430 5591 lumine.
1477 5538 1553 5595 Ne
1586 5541 1793 5607 timeas,

184 5618 399 5684 Maria,
436 5617 684 5674 invenisti
726 5619 951 5688 gratiam
998 5623 1137 5691 apud
1179 5624 1507 5682 Dominum:
1544 5628 1611 5686 Ρ.
1657 5633 1795 5688 Ecce

182 5707 504 5777 concipies,
535 5716 588 5763 et
633 5708 845 5778 paries.
876 5720 929 5764 et
970 5713 1250 5768 vocabitur
1297 5714 1555 5773 Altissimi
1610 5719 1791 5776 Filius.

205 5801 249 5868 7
291 5837 306 5850 .
354 5798 482 5865 Quia
528 5808 705 5856 rectus
732 5810 810 5855 cst
852 5815 1030 5857 sermo
1062 5802 1266 5857 Domini
1298 5849 1311 5872 ,
1342 5817 1395 5861 et
1424 5807 1601 5863 omnia
1628 5809 1791 5879 dpera

1906 4647 2005 4703 tas,
2038 4640 2373 4709 utut’mcius;
2401 4643 2711 4711 obumbras,
2748 4659 2801 4701 ut
2835 4646 3085 4704 famulus.
3120 4656 3255 4722 Ave,
3287 4656 3482 4726 inquis,

1905 4733 2064 4786 Maria
2093 4750 2106 4786 :
2131 4733 2277 4789 Meus
2308 4735 2564 4791 deiuus
2593 4747 2765 4794 tecum
2795 4756 2807 4792 :
2834 4741 3171 4801 benedictam
3201 4761 3321 4803 esse
3344 4751 3482 4805 inter

1905 4826 2152 4882 mulieres
2174 4869 2189 4893 ,
2223 4827 2439 4883 aﬂ‘aris:
2474 4830 2707 4887 Verbum
2755 4849 2818 4889 ex
2872 4851 2933 4891 ea
2977 4841 3206 4906 prodire.
3241 4843 3478 4915 ciangis:

1900 4929 1950 5001 et
1986 4926 2041 4971 ut
2062 4917 2227 4974 Filius
2258 4920 2349 4974 Dei
2385 4923 2687 4992 vocaretur,
2714 4926 2939 4982 miriﬁca
2970 4929 3322 5003 adtestaticine
3349 4951 3481 5003 pro-

1907 5006 2091 5061 iiteris.
2136 5007 2258 5062 Ideo
2290 5009 2547 5078 petimus,
2580 5021 2638 5068 ut
2667 5023 2743 5078 tu,
2774 5015 2861 5085 qui
2895 5018 3120 5073 nuncius
3149 5021 3387 5078 veritAtis
3415 5028 3479 5081 ad

1906 5096 2174 5166 Virginem
2220 5100 2529 5164 accessisti,
2580 5104 2838 5160 miriﬁcus
2885 5108 3190 5173 petitiduem
3243 5122 3478 5170 mstram

1902 5188 2095 5246 divinis
2140 5191 2271 5246 offer
2300 5192 2353 5246 in
2383 5192 2635 5250 auribus:
2661 5205 2716 5250 et
2765 5200 2833 5250 ita
2876 5213 2968 5266 per
2995 5207 3045 5253 te
3073 5200 3250 5255 abdita
3282 5220 3481 5277 cogno-

1899 5283 2110 5338 scemus
2154 5284 2441 5355 mysteria,
2485 5298 2542 5342 ut
2586 5302 2873 5356 numquam
2931 5289 3227 5349 incidhmus
3278 5296 3477 5354 inimici

1901 5373 2185 5444 ergastula,
2211 5386 2269 5431 ut
2297 5392 2392 5446 per
2417 5378 2590 5446 ipsum
2617 5378 2812 5433 summi
2844 5378 3014 5435 Patris
3050 5382 3299 5452 Verbum,
3324 5390 3477 5457 cujus

1902 5476 1954 5522 te
1977 5467 2228 5537 prmvium
2250 5468 2314 5523 ad
2346 5469 2611 5539 Virginem
2636 5471 2819 5526 venire
2841 5471 3155 5543 denuncias,
3186 5477 3476 5535 habehmus

1900 5570 1951 5615 et
2002 5560 2170 5615 veniae
2224 5561 2508 5626 redditum,
2540 5571 2593 5617 et
2645 5562 3091 5635 mtérnmpétrim
3139 5570 3474 5626 verissimum

1900 5651 2206 5709 incolAtum.
2251 5653 2286 5719 ιῆ
2312 5693 2325 5707 .
2356 5655 2546 5709 Amen.

1971 5748 2071 5802 Per
2097 5746 2516 5802 misericordiam
