3984 6376
477 321 602 374 1331

1720 320 2142 377 BREV'IARIUM
2181 319 2554 377 GOTHICUM.

3588 329 3720 387 1332

545 438 732 489 Omnia
774 437 1007 514 dicuntur
1049 436 1389 504 plurimorum
1434 435 1723 506 Martyrum
1769 455 1940 492 novem
1973 441 2046 490 ls-
2075 441 2124 496 Α
2170 512 2176 514 Δ
2217 437 2413 514 Omnia
2439 441 2677 494 dicantur
2708 442 2856 496 unius
2911 439 3156 510 Martyris
3190 458 3366 496 nouem
3419 443 3718 514 lectionum,

472 509 692 560 ctiouum
719 549 730 568 ,
765 506 886 574 folio
911 521 1129 560 cuvm.

673 618 698 671 Ι
707 637 738 672 η
765 619 943 673 Sancti
969 620 1174 673 Antonii
1201 621 1264 673 de
1293 619 1478 674 Padua
1508 621 1643 690 Conf
1668 623 1843 675 ssoris.

474 783 501 847 Ῑ
530 708 732 830 [Omnia
759 711 998 762 dicantur
1025 712 1174 761 unius
1201 707 1522 778 Confessoris
1549 727 1720 764 novem
1752 711 2043 779 lectionum,

498 800 523 830 O
551 797 598 832 t0
626 794 815 834 CLXXV.

498 794 598 832 ulto
626 794 815 834 CLXXV.

872 872 933 926 In
983 872 1163 927 Sancti
1190 871 1370 926 Basilii
1395 871 1657 942 Episcopi.

544 964 730 1016 Omnia
761 965 1000 1017 dicantur
1028 966 1178 1018 unius
1221 964 1538 1034 Confessoris
1574 965 1843 1033 Pontificis
1872 1008 1885 1028 ,
1919 967 2045 1035 folio

476 1050 651 1088 CLXIX.

649 1123 713 1177 In
741 1124 1050 1179 Sanctorum
1087 1123 1208 1188 Viti,
1238 1134 1284 1177 et
1313 1123 1533 1178 Modesti
1560 1136 1863 1194 martyrum.

544 1218 728 1268 Omnia
772 1217 1014 1268 dicantur
1053 1216 1388 1280 plurimorum
1433 1215 1725 1286 Martyrum
1753 1233 1925 1270 novem
1959 1220 2036 1273 le-

472 1289 728 1349 ctionum,
760 1288 888 1354 folio
912 1302 1133 1341 cumt.

637 1400 703 1453 In
734 1401 1043 1455 Sanctorunt
1075 1399 1288 1464 Cltirici,
1319 1382 1364 1453 et
1391 1399 1570 1454 Julita:
1600 1411 1900 1470 martyrum.

543 1493 726 1543 Omnia
767 1493 1005 1544 dicantur
1036 1493 1376 1558 plurimorum
1410 1493 1701 1563 Martyrum
1750 1511 1926 1546 novem
1968 1496 2035 1547 le.

500 1561 690 1614 tionum
710 1605 723 1627 ,
753 1563 878 1629 folio
903 1577 1120 1616 CLXVIII.

558 1673 624 1724 ln
653 1673 956 1727 Sanctorum
986 1673 1190 1738 Marci,
1220 1685 1265 1727 ct
1298 1674 1621 1729 Marcelliani
1649 1686 1948 1745 martyrum.

540 1761 725 1816 Omnia
767 1765 1008 1817 dicantur
1049 1766 1390 1833 plurimorum
1440 1765 1728 1836 Martyrum
1769 1783 1943 1821 novem
1976 1767 2044 1820 le-

465 1836 684 1887 ctionum
705 1874 719 1902 ,
755 1836 878 1905 folio
903 1851 1119 1891 CLXVIII.

817 1951 880 2003 lu
907 1950 1109 2005 Sanctia
1133 1950 1413 2006 Florentite
1447 1954 1686 2022 Virginis.

538 2041 724 2094 Omnia
754 2045 993 2096 dicantur
1021 2045 1172 2097 unius
1209 2043 1460 2116 Virginis,
1495 2046 1624 2114 folio
1649 2057 1862 2100 cuna.

857 2153 924 2206 In
956 2155 1134 2209 Sancti
1175 2155 1410 2210 Silvestri
1449 2155 1629 2226 Papte.

534 2246 720 2300 Omnia
750 2249 989 2301 dicantur
1019 2251 1169 2303 unius
1198 2248 1503 2320 Pontificis,
1532 2253 1658 2321 folio
1685 2269 1864 2308 cutx.

463 2359 528 2412 In
573 2361 780 2416 Sanctis
823 2362 1106 2417 Censortite
1142 2364 1372 2434 Virginis
1413 2382 1527 2419 cum
1559 2365 1793 2420 undecim
1820 2365 2040 2420 millium

1092 2468 1396 2527 martyrum.

532 2549 717 2602 Omnia
732 2551 968 2604 dicantur
982 2551 1324 2622 plurimarum
1349 2551 1638 2623 Virginum,
1661 2555 1784 2623 folio
1801 2570 2036 2632 manu.

462 2661 525 2715 In
553 2661 917 2717 Translatione
943 2662 1123 2717 Sancti
1151 2663 1313 2734 Eligii
1342 2664 1587 2734 EpiscoPi
1616 2676 1662 2718 ct
1702 2664 2036 2734 Confessoris.

534 2753 719 2807 Omnia
762 2753 1003 2806 dicantur
1047 2755 1197 2806 unius
1225 2753 1546 2823 Confessoris
1575 2754 1849 2820 Pontiﬁcis
1914 2754 2038 2823 folio

457 2840 632 2880 ειιικ.

531 2920 628 2988 ιι
665 2917 728 2969 1η
763 2917 1066 2972 Sanctarum
1093 2914 1310 2968 Joannis
1334 2925 1377 2969 et
1411 2914 1564 2968 Pauli
1618 2925 1924 2985 martyrum.

531 3009 718 3062 Omnia
754 3009 993 3060 dicantur
1023 3006 1362 3074 plurimorum
1416 3005 1708 3075 Martyrum
1752 3022 1927 3060 novem
1961 3007 2036 3059 le-

457 3083 702 3145 ctionum,
727 3079 819 3147 fol.
853 3094 1068 3133 CLXVIII.

905 3191 970 3245 In
999 3191 1178 3246 Sancti
1202 3191 1384 3244 Leonis
1416 3189 1595 3261 Papa’.

528 3285 717 3341 Omnia
766 3284 1001 3336 dicantur
1041 3283 1190 3334 unius
1211 3279 1528 3350 Confessoris
1585 3283 1880 3349 Pontiﬁcis,
1939 3283 2031 3350 fol.

457 3373 632 3413 CLXIX.

632 3448 698 3501 In
724 3448 1210 3504 Commemoratione
1242 3445 1422 3500 Sancti
1447 3443 1607 3498 Pauli
1630 3447 1886 3514 Apostoli.

531 3542 714 3596 Omnia
742 3541 976 3594 dicantur
1001 3540 1150 3593 unius
1183 3537 1428 3606 Martyris
1480 3553 1569 3590 sex
1596 3553 1904 3606 capparum,
1937 3538 2030 3612 fol.

460 3627 598 3670 cm
870 3698 1218 3769 FESTA
1271 3697 1593 3768 JULlI.

770 3811 958 3864 Octava
988 3813 1169 3866 Sancti
1198 3809 1418 3864 .loanuis
1443 3809 1706 3878 Baptista’.

533 3900 720 3955 Omnia
749 3904 983 3955 dicantur
1009 3915 1058 3954 ut
1082 3906 1132 3955 in
1153 3903 1257 3968 die,
1287 3904 1380 3970 fol.
1408 3915 1659 3955 cchvnI.

821 4015 1060 4068 Visitatio
1084 4017 1290 4070 Sancta:
1325 4015 1610 4068 Elisabeth.

534 4109 719 4162 Omnia
750 4107 986 4160 dicantur
1038 4118 1090 4161 ut
1119 4109 1169 4159 in
1192 4106 1552 4175 Assumptione
1609 4105 1815 4159 Sancta:
1852 4103 2039 4156 Maria:

473 4181 717 4250 Virginis,
739 4182 836 4249 fol.
866 4194 1138 4233 ccuxxn.

600 4294 668 4348 In
711 4293 885 4348 Sancti
917 4291 1171 4357 Processi,
1203 4301 1247 4346 et
1276 4291 1538 4345 Valeriani
1567 4301 1867 4360 martyrum.

535 4387 724 4442 Omnia
779 4387 1019 4438 dicantur
1065 4385 1402 4455 plurimorum
1446 4383 1740 4451 Martyrum
1769 4382 2041 4434 novcmle-

463 4461 704 4524 ctionum,
727 4457 821 4523 fol.
850 4472 1063 4511 cuvut.

679 4576 739 4628 ln
772 4575 960 4628 Octava
986 4574 1339 4643 Apostolorum
1368 4570 1508 4623 Petri
1563 4579 1608 4622 et
1640 4568 1814 4622 Pauli.

718 4666 901 4718 Omnia
931 4666 1166 4718 dicantur
1195 4672 1251 4716 ut
1282 4666 1334 4714 in
1357 4663 1456 4731 die,
1485 4661 1583 4730 fol.
1607 4675 1758 4715 CCLIV

969 4735 1226 4789 Martialis
1251 4733 1516 4803 Episcopi.

538 4831 723 4886 Omnia
763 4831 999 4883 dicantur
1027 4828 1176 4880 unius
1205 4824 1520 4894 Confessoris
1571 4821 1838 4888 Pontiﬁcis
1875 4861 1889 4885 ,
1944 4818 2037 4886 fol.

464 4919 643 4960 CLXIX.

969 4990 1157 5044 Octava
1190 4989 1533 5042 Visitationis.

539 5085 728 5142 Omnia
750 5086 987 5138 dicantur
1013 5092 1066 5136 ut
1095 5082 1150 5135 in
1175 5081 1276 5145 die,
1301 5082 1395 5149 fol.
1425 5094 1679 5134 ccuxu.

848 5176 1054 5244 Septem
1086 5173 1331 5226 Fratrum
1359 5181 1660 5240 martyrum.

538 5270 722 5325 Omnia
747 5269 978 5322 dicantur
1007 5267 1343 5337 plurimorum
1361 5261 1648 5332 Martyrum
1672 5276 1844 5314 novem
1867 5260 2041 5314 lectio-

464 5357 608 5409 num,
640 5339 732 5411 fol.
766 5353 984 5393 CLXVIII.

839 5428 1134 5482 Translatio
1164 5426 1343 5482 Sancti
1374 5423 1655 5480 Benedicti.

546 5524 732 5578 Omnia
762 5520 1174 5576 dicanturatnius
1201 5505 1539 5587 Confessd‘i'is,
1567 5519 1660 5588 fol.
1690 5533 1904 5572 cum".

788 5613 855 5668 In
883 5613 1091 5669 Sancta:
1114 5608 1418 5680 Margarita:
1453 5608 1697 5680 Virginis.

547 5701 732 5759 Omnia
758 5705 993 5758 dicantur
1014 5702 1166 5756 unius
1200 5701 1450 5772 Virginis,
1475 5702 1567 5770 fol.
1599 5717 1812 5757 οιιιιι.

853 5796 916 5851 In
950 5795 1130 5868 Sancti
1163 5792 1361 5866 Quirici
1383 5795 1643 5863 martyris.

2065 3171 2113 3234 C

2073 4545 2123 4602 D

2151 510 2276 575 folio
2305 526 2426 565 cu.

2517 581 2581 634 In
2613 579 2797 636 Sancti
2833 583 2999 634 Aleiii
3026 582 3364 650 Confessoris.

2209 669 2411 792 (Omnia
2440 673 2679 726 dicantur
2702 675 2850 727 unius
2881 673 3200 744 Confessoris
3224 693 3400 730 uocem
3431 679 3722 742 lectionum.

2235 757 2469 792 .CLxxv.

2153 743 2246 808 fol.
2276 757 2469 796 cun.
2994 743 2998 744 “

2528 813 2594 867 1η
2624 813 2890 884 Triumplii
2918 815 3122 869 Sanctte
3144 815 3340 873 Crucis.

2224 905 2408 958 Omnia
2436 905 2672 958 dicantur
2692 917 2743 959 ut
2770 907 2822 958 in
2854 906 3167 970 lnventione,
3199 908 3295 977 fol.
3327 924 3573 965 ccunx.

2537 1019 2601 1072 ln
2632 1029 2819 1072 sanctte
2843 1020 3065 1074 Marince
3093 1019 3345 1092 Virginis.

2223 1105 2409 1160 Omnia
2437 1108 2676 1161 dicantur
2706 1110 2855 1161 unius
2892 1107 3141 1178 Virginis,
3175 1109 3268 1178 fol.
3300 1123 3511 1165 cuna.

2318 1222 2384 1275 In
2416 1222 2622 1277 Sancta:
2646 1222 2946 1295 Margarin
2982 1222 3210 1294 Virginis
3241 1232 3284 1277 et
3313 1227 3570 1294 martyris.

2162 1385 2168 1398 .
2221 1313 2409 1368 Omnia
2435 1315 2674 1369 dicantur
2703 1318 2854 1370 unius
2893 1314 3140 1385 Virginis,
3165 1316 3258 1386 fol.
3283 1333 3500 1374 cuxtx.

2503 1429 2570 1485 In
2593 1431 2799 1486 Sancta:
2830 1430 3086 1488 Praxedis
3123 1433 3368 1504 Virginis.

2223 1520 2410 1577 Omnia
2439 1525 2673 1577 dicantur
2701 1527 2850 1578 unius
2887 1525 3138 1596 Virginis,
3170 1527 3264 1595 fol.
3293 1542 3514 1581 curis.

2235 1636 2301 1690 ΙΝ
2331 1635 2548 1691 FESTO
2575 1637 2870 1694 SANCTIE
2902 1639 3138 1695 ΜΑΒΙᾹΞ
3168 1639 3637 1696 ΒΙΛῦῡΑιΕΝιΕ.

2713 1732 2792 1784 Ad
2825 1731 3118 1801 Vcsperum.

2081 1811 2124 1870 Β
2228 1807 2452 1879 Lauda.
2489 1823 2914 1888 Conlessiénem,
2971 1835 3026 1878 et
3083 1825 3334 1880 decOrem
3374 1825 3594 1880 induisti
3658 1826 3724 1881 Ρ.

2151 1912 2355 1967 Amicta
2386 1914 2562 1969 lumen
2616 1916 2754 1970 sicut
2801 1916 3140 1970 vestimento.
3211 1918 3247 1985 ᾗ
3273 1959 3285 1971 .
3319 1914 3596 1972 Confessio
3621 1956 3640 1984 ,
3672 1929 3727 1973 et

2149 2005 2355 2074 species
2386 2007 2438 2061 in
2467 2008 2759 2076 conspectu
2786 2010 2902 2077 ejus
2931 2028 2941 2062 :
2967 2009 3220 2064 sanctitas
3243 2019 3296 2064 et
3327 2011 3724 2080 magniﬁcentia

2150 2099 2201 2151 in
2225 2100 2648 2155 sanctiﬁcatiéne
2671 2101 2802 2168 ejus.
2840 2099 2904 2154 P.
2935 2100 3163 2156 Amicta.
3211 2103 3244 2169 Ῡ
3270 2142 3283 2154 .
3330 2101 3395 2156 Ει
3424 2117 3526 2171 ego
3554 2104 3724 2157 conlio

2150 2191 2300 2246 tébor
2328 2191 2555 2248 Domino
2583 2195 2634 2247 in
2660 2195 2798 2249 vasis
2849 2195 3200 2263 psalmorum.
3258 2194 3326 2248 P.
3379 2195 3608 2250 Amica.
3649 2197 3717 2263 ᾗ.

2148 2282 2353 2350 ϐιότὶει,
2376 2293 2427 2338 et
2455 2297 2643 2338 nonor.
2673 2282 2740 2338 P.
2774 2284 3002 2339 Amicta.

2217 2374 2475 2430 Déminus
2503 2376 2574 2430 sit
2594 2389 2825 2445 semper.
2866 2377 2902 2443 ἢ
2926 2417 2938 2428 .
2967 2376 3193 2432 Etcum.

2217 2466 2378 2522 Sono.
2410 2465 2718 2523 Conlitébor
2766 2468 2858 2523 tibi
2891 2468 3113 2523 Duuiine
3141 2470 3193 2522 in
3225 2476 3336 2522 toto
3361 2467 3528 2523 corde
3549 2482 3667 2523 meo
3705 2491 3714 2519 -.

2145 2561 2368 2616 narrhbo
2398 2561 2656 2616 mirabilia
2687 2571 2794 2617 tua.
2821 2560 3061 2616 Alleluia.
3095 2561 3162 2615 P.
3197 2560 3463 2626 Laetabor,
3489 2570 3546 2616 et
3574 2563 3716 2615 exul-

2145 2654 2269 2708 tabo
2326 2654 2379 2708 in
2412 2662 2483 2721 te,
2517 2649 2740 2708 Démine
2775 2672 2784 2705 :
2818 2653 3041 2723 psallam
3061 2652 3263 2708 no'mini
3295 2662 3388 2708 tuo
3414 2652 3708 2708 Altissime.

2143 2746 2390 2800 Alleluia.

2216 2838 2472 2892 Dominus
2498 2841 2565 2892 sit
2595 2852 2832 2906 semper.
2881 2840 2952 2905 ἡ.
2985 2838 3218 2892 Etcum.

2213 2931 2525 3000 Antiphone.
2559 2931 2862 2988 Conﬁtébor
2919 2931 3012 2987 tibi
3047 2931 3272 2986 Démine
3297 2932 3350 2984 in
3379 2931 3492 2985 tcto
3548 2930 3713 2985 corde

2141 3037 2298 3077 meo:
2322 3022 2443 3091 quia
2469 3022 2724 3077 exaudisti
2759 3022 2917 3076 verba
2947 3026 3055 3077 oris
3080 3024 3202 3078 mei.
3233 3021 3300 3076 P.
3338 3022 3396 3076 ιη
3421 3021 3707 3089 conspectu

2141 3116 2465 3184 Angelorum
2520 3115 2739 3184 psallam
2771 3114 2902 3169 tibi:
2953 3117 2986 3184 ᾖ
3013 3158 3025 3170 .
3079 3117 3218 3171 Deus
3261 3131 3414 3171 meus
3442 3131 3502 3171 es
3533 3125 3608 3178 tu,
3663 3125 3714 3168 et

2144 3207 2437 3262 conﬁtebor
2459 3207 2554 3260 tibi
2583 3207 2925 3262 :Deusmeus
2955 3219 3007 3262 et
3035 3209 3281 3264 exaltébo
3313 3218 3385 3263 te.
3417 3206 3484 3262 P.
3517 3207 3573 3262 In
3587 3221 3713 3263 con-

2142 3299 2350 3369 spéclu.
2399 3300 2432 3367 Ῡ
2459 3339 2472 3352 .
2505 3298 2706 3353 Gloria.
2746 3298 2810 3352 P.
2842 3300 2897 3354 In
2920 3300 3226 3368 conspectu.

2216 3390 2470 3444 Deminus
2493 3389 2580 3443 sit.
2629 3389 2700 3456 ιῆ.
2739 3390 2970 3443 Etcum.

2186 3482 2418 3552 _Lauda.
2443 3481 2750 3536 Conﬁtébor
2804 3480 2898 3535 tibi
2947 3482 3171 3536 Ι).ὶωίηά
3201 3497 3292 3536 rex
3347 3481 3569 3537 Alleluia
3599 3497 3614 3535 :
3649 3480 3713 3535 P.

2144 3570 2206 3629 Et
2248 3573 2582 3628 conlaudiibo
2628 3572 2793 3627 Deum
2844 3572 3180 3628 Salvatdrem
3211 3588 3411 3629 meum.
3464 3573 3708 3634 Alleluia,

2143 3667 2377 3723 alleluia.
2418 3668 2451 3735 ᾖ
2480 3708 2492 3722 .
2521 3666 2768 3721 Adorébo
2812 3667 2876 3720 ad
2908 3668 3162 3736 templum
3194 3675 3437 3722 sanctum
3465 3677 3635 3730 tuum,
3659 3676 3714 3720 et

2145 3763 2457 3831 conﬁtebor,
2492 3763 2741 3819 Démine.
2779 3761 2844 3818 P.
2876 3762 2960 3816 Et.
3021 3763 3052 3829 ᾖ
3082 3801 3095 3814 .
3123 3759 3327 3815 Gléria.
3361 3757 3428 3812 P.
3457 3759 3537 3812 Et.

2750 3853 3009 3922 Hymnus.

2505 3945 2606 4000 Pro
2629 3945 2850 4014 speciali
2882 3945 3046 3998 linteo

2431 4039 2661 4096 Servivit
2689 4037 2928 4108 capitilio
2964 4055 2974 4089 :

2429 4131 2573 4186 Inter
2603 4144 2753 4184 sacra
2781 4129 3019 4184 convivia

2428 4224 2542 4280 Non
2572 4223 2742 4278 deluit
2766 4222 2985 4278 invidia.

2507 4319 2635 4383 Quae
2665 4315 3053 4385 protoplastum
3085 4313 3287 4384 pepulit

2431 4410 2506 4463 De
2531 4407 2757 4476 paradisi
2787 4405 2980 4475 gloria,
3030 4448 3036 4453 .

2431 4499 2596 4566 Cujus
2620 4497 2832 4567 longum
2864 4497 3079 4551 exilium

2424 4588 2610 4644 Crucis
2638 4589 2802 4644 servit
2832 4589 3150 4658 patibulum.

2504 4681 2636 4736 Nam
2659 4681 2873 4750 quidam
2901 4680 3061 4734 corde
3086 4679 3321 4734 tumido'

2435 4773 2870 4843 lmproperabant
2895 4771 3125 4826 Domino
3160 4793 3169 4823 :

2437 4868 2490 4923 Si
2518 4876 2698 4922 nosset
2719 4867 2805 4920 hic
2837 4867 3091 4937 mystéria

2437 4958 2735 5013 Divinilélis
2767 4958 2998 5011 intima?

2507 5051 2622 5105 Non
2648 5050 2853 5106 sineret
2875 5064 2935 5105 se
2959 5050 3179 5118 tangere

2438 5143 2794 5198 Peccatrlcem
2820 5143 3094 5198 mulierem
3128 5161 3140 5194 :

2439 5233 2787 5304 Respondeas
2816 5243 2993 5289 autem
3026 5233 3244 5304 prbvido

2439 5327 2682 5383 Rimétor
2707 5328 3069 5392 conscientiae,

2509 5421 2675 5491 Cujus
2707 5436 2810 5474 non
2843 5422 2971 5474 latet
3000 5421 3210 5474 Oculum

2440 5514 2716 5568 Creaturtn
2753 5512 3054 5575 latibulum,

2443 5603 2752 5673 Proponens
2780 5602 3163 5657 immutabilem

2441 5696 2784 5752 RemissiOnis
2808 5695 3039 5765 spéciem

2514 5790 2695 5847 Simon
2726 5790 2900 5860 inquit
2928 5787 3236 5850 domestice,
