3984 6376
230 269 381 361 ιιδῑ’

513 414 736 486 (Allatas
756 418 1067 491 allegorice)
1101 439 1111 472 :

529 505 648 562 Duo
676 504 893 566 fuerunt
924 509 1170 565 homines
1268 516 1275 521 “

527 598 755 656 Divérso
780 602 941 657 vincti
968 601 1175 658 [tenore
1208 658 1221 668 ,

579 691 892 761 Quingéntis
928 693 1061 747 alter
1085 691 1394 759 nummulis,

444 814 445 817 η
523 782 672 839 Alter
698 798 825 839 vero
854 783 1249 855 quinquagenis
1281 800 1317 837 τ,

506 874 605 941 Qui
636 875 847 944 repetiti
873 866 1113 931 debitum
1146 896 1151 905 ο

498 962 615 1019 Non
645 963 879 1019 habuere
910 963 1138 1033 prétium
1174 982 1186 1017 :

496 1062 497 1065 “
608 1055 934 1125 Compassus
961 1056 1122 1111 corde
1146 1054 1377 1111 creditor

511 1150 612 1221 12
637 1147 864 1203 Indulsit
891 1148 1236 1203 beneﬁcium.

476 1266 479 1269 π
507 1240 601 1295 Dic
629 1241 821 1311 itaque,
847 1238 976 1307 Quis
1007 1240 1295 1309 plurimum

508 1333 707 1388 Horum
732 1333 919 1389 dilexit.
943 1334 966 1385 ?
994 1332 1300 1397 Prtemium,

593 1424 745 1493 Quod
768 1424 1058 1494 promisisti
1089 1423 1341 1480 omnibus

503 1516 579 1571 Te
614 1517 741 1572 vere
761 1516 1121 1587 diligentibus,

504 1608 634 1663 Cum
666 1609 843 1674 Patre,
874 1617 931 1664 et
957 1609 1155 1669 Sancto
1182 1608 1381 1680 Spiritu

503 1698 558 1753 In
589 1700 915 1771 sempiterna
938 1702 1153 1757 sarcula.

663 1795 851 1848 Amen.

294 1883 641 1955 Supplicatio.
668 1884 891 1941 Oremus
914 1884 1335 1956 Reoemptbrem
1368 1883 1573 1952 mundi,
1600 1892 1793 1939 mutato

215 1978 449 2039 nomine,
482 1976 576 2047 fol.
605 1992 880 2033 cuxxvn.

291 2067 555 2138 Capitula.
586 2069 746 2134 Deus,
782 2068 874 2138 qui
904 2058 1074 2124 beata:
1104 2068 1284 2125 Maria:
1338 2066 1663 2139 Magdaléute
1686 2082 1797 2139 pte-

217 2163 499 2220 niténtiam
531 2164 602 2218 ita
634 2164 725 2219 tibi
751 2164 1018 2232 placitam,
1048 2164 1360 2235 gratamque
1380 2164 1575 2232 fecisti,
1610 2174 1667 2219 ut
1690 2178 1794 2219 non

220 2255 396 2311 solum
426 2255 474 2309 ei
504 2255 715 2324 pecceta
744 2254 1068 2323 dimitteres,
1098 2254 1191 2311 sed
1219 2254 1384 2309 etiam
1434 2253 1693 2324 singulari
1723 2254 1796 2308 tui

218 2348 426 2403 ameris
450 2347 810 2419 gratiacordis
837 2348 1151 2418 ejusintima
1181 2347 1569 2416 perlustréres;
1596 2347 1662 2400 da
1694 2361 1795 2400 no-

219 2441 306 2493 bis
330 2447 434 2492 tua:
466 2436 857 2507 propitiationis
885 2436 1259 2511 abundantiam
1285 2478 1300 2505 ,
1326 2445 1385 2491 ut
1412 2436 1527 2506 ejus
1547 2436 1799 2490 solemni-

225 2532 336 2587 tate
364 2532 624 2595 laetémur,
658 2531 809 2598 cujus
832 2529 1077 2598 precibus
1106 2529 1243 2599 apud
1302 2537 1352 2583 te
1377 2528 1404 2582 ὸ
1458 2529 1797 2595 peccatorum

228 2632 534 2681 nostrorum
556 2622 777 2676 maculis
804 2621 1177 2676 emundémur.

296 2714 455 2769 Pater
478 2722 680 2769 noster.
708 2712 939 2767 Liberoti
971 2712 1002 2766 δ
1024 2714 1185 2767 malo.
1219 2714 1312 2781 fol.
1340 2712 1393 2765 2.

298 2805 609 2860 Benedictio.
642 2803 887 2859 Christus
914 2802 1194 2869 Dominus,
1225 2802 1313 2872 qui
1344 2802 1669 2857 beatissima:
1694 2801 1802 2855 Ma-

230 2901 327 2956 ria:
352 2899 677 2971 Magdaléna‘.
705 2912 763 2954 se
793 2896 951 2967 digne
982 2912 1159 2953 coram
1183 2896 1487 2950 hominibus
1520 2895 1646 2949 fecit
1672 2909 1801 2948 con-

225 2990 391 3056 lltéri,
437 2987 757 3043 conllteiltur
795 3000 892 3040 vos
912 3000 1093 3044 coram
1149 2983 1306 3039 Patre
1336 2998 1455 3051 suo,
1505 2984 1697 3052 quiest
1749 2983 1802 3037 in

222 3080 423 3137 cmlis:
468 3080 544 3148 ἢ.
570 3078 764 3133 Amen.
795 3076 883 3144 Et,
935 3076 1100 3145 quiin
1155 3089 1247 3129 ore
1285 3088 1382 3128 suo
1435 3072 1652 3143 accépta
1700 3072 1798 3127 sibi

220 3172 577 3229 confessionis
600 3170 831 3227 contulit
865 3168 1094 3232 cantica,
1122 3168 1237 3238 ipse
1287 3166 1679 3221 confessit‘mem
1706 3178 1796 3219 ve-

219 3276 388 3322 stram
412 3264 852 3321 remunerandam
875 3262 1157 3331 suscipiat;
1199 3261 1235 3327 ιῑπ
1261 3260 1480 3315 .Ameu.
1512 3258 1583 3315 Ut
1611 3259 1800 3313 exémc

221 3358 315 3429 plo
343 3357 524 3413 uariae
553 3355 874 3426 Magdalénte
904 3352 1207 3410 confitendo
1230 3362 1285 3408 et
1316 3352 1580 3406 laudando
1605 3366 1801 3405 nomen

232 3451 361 3506 Jesu
389 3449 587 3505 Christi
611 3450 664 3503 in
695 3448 975 3513 sreculum,
1009 3446 1292 3517 participes
1320 3445 1456 3514 ejus,
1488 3459 1645 3514 quem
1676 3458 1803 3499 con-

223 3540 356 3598 fessi
375 3539 525 3605 estis,
556 3538 867 3595 mereamini
900 3552 1020 3594 esse
1045 3537 1097 3592 in
1122 3536 1282 3593 ctelo.
1318 3536 1357 3606 ιῆ
1379 3576 1393 3591 .
1430 3534 1620 3591 Amen.

296 3630 400 3687 Per
430 3629 853 3685 misericordiam
887 3629 1072 3697 ipsius,
1103 3636 1209 3683 etc.

295 3722 501 3775 Lauda.
535 3720 1062 3777 Germinobuntossa
1097 3730 1208 3785 tua,
1240 3721 1392 3791 quasi
1415 3722 1609 3777 salices
1656 3722 1807 3777 Alle-

225 3814 337 3869 luia
367 3812 437 3867 P.
468 3812 622 3869 Juxta
641 3812 867 3879 ﬂuentes
884 3826 1069 3883 aquas.
1092 3812 1340 3880 Alleluia,
1370 3812 1606 3868 alleluia.
1655 3814 1690 3881 Ῡ
1714 3814 1809 3869 .Et

226 3903 333 3960 erit
355 3912 624 3974 tamquam
657 3904 885 3973 lignum,
912 3902 1052 3974 quod
1083 3902 1382 3973 plantitum
1427 3912 1512 3959 est
1530 3904 1685 3960 secus
1709 3905 1803 3960 de-

226 3997 420 4053 cursus
448 3995 729 4066 aquarum,
760 3994 899 4065 quod
930 3996 1158 4050 fructum
1187 4010 1343 4051 suum
1388 3994 1535 4050 dabit
1556 3997 1607 4051 in
1666 3995 1805 4051 tém-

227 4102 361 4159 pore
392 4102 511 4143 suo.
572 4086 635 4141 Ρ.
665 4087 821 4142 Juxta
879 4087 1124 4143 ﬂuentes.
1192 4088 1225 4154 Ῡ
1253 4124 1269 4142 .
1299 4086 1500 4155 Gloria,
1534 4097 1589 4144 et
1641 4088 1811 4145 honor

226 4177 374 4235 Patri
406 4220 421 4245 ,
480 4186 533 4233 et
562 4176 715 4233 Filio.
746 4177 809 4234 P.
837 4177 994 4232 Juxta
1024 4177 1270 4233 ﬂuentes.

305 4272 508 4327 Oratio.
540 4271 716 4337 Deus,
741 4272 830 4341 qui
874 4270 1195 4325 beatissima:
1254 4271 1433 4326 Maria:
1482 4270 1811 4340 Ilagdalénze

230 4363 630 4421 confessionem
652 4363 957 4433 acceptans,
1001 4363 1072 4417 ita
1115 4362 1293 4417 omnia
1338 4363 1499 4418 verba
1530 4362 1640 4417 oris
1697 4362 1811 4433 ejus

1646 298 1866 356 ΔΡΡΕΝ
1874 299 1934 354 DI
1944 297 1981 352 Χ
1993 335 2006 351 .

1828 419 1883 479 Α
1908 413 2274 483 Domine,ego
2302 428 2456 483 serva
2481 422 2591 482 tua,
2619 423 2674 471 et
2704 415 2807 471 lilia
2838 416 3047 472 ancillae
3080 424 3201 471 tute.
3231 412 3299 467 'P.
3326 413 3470 469 Psal-

3335 295 3468 360 I335

1897 525 2040 565 mum
2069 509 2266 565 dicam.
2309 512 2342 579 ᾗ
2367 548 2383 565 .
2414 509 2691 579 Gloria,et
2720 512 2889 569 honor
2904 511 3070 580 Patri,
3092 521 3196 568 etc.
3232 510 3298 566 P.
3323 502 3471 567 Psalé

1858 598 1868 607 ’
1897 616 2041 655 mum
2074 600 2268 655 dicam.
2552 654 2553 657 η
3338 614 3343 615 ί

1969 691 2169 745 Oratio.
2204 692 2342 747 Deus
2365 692 2458 748 Dei
2482 694 2667 761 Filius,
2704 709 2860 765 quem
2886 696 2973 750 illa
3007 696 3157 751 beata
3180 694 3341 750 Maria
3364 694 3472 750 Ma-

1896 782 2119 861 gdaléna
2148 785 2201 839 in
2234 794 2343 841 toto
2371 787 2530 843 corde
2559 787 2809 844 confessa!
2834 805 3027 844 nomen
3074 800 3218 845 tuum
3251 789 3471 845 honori-

1898 874 2130 941 ﬁcando,
2166 876 2420 944 perdocta
2447 887 2531 933 est
2552 877 2617 932 ad
2649 877 2905 933 coronam
2936 895 2950 943 ;
2981 878 3049 933 da
3079 880 3132 934 in
3160 894 3256 935 ore
3283 867 3471 934 nostro

1897 966 2445 1038 confessionem,quae
2466 984 2562 1023 nos
2579 970 2837 1054 expurget
2852 969 2889 1031 γὸ
2911 970 3134 1024 crimine
3166 990 3177 1023 :
3210 978 3287 1035 ut,
3318 970 3470 1040 quic-

1898 1058 2020 1127 quid
2044 1059 2097 1114 in
2130 1068 2234 1115 tute
2253 1060 2423 1116 laudis
2450 1058 2660 1117 honore
2681 1061 3071 1133 depromimus,
3095 1064 3147 1117 in
3178 1058 3325 1119 lucro
3351 1076 3471 1132 pro-

1898 1148 2054 1205 désse
2075 1149 2259 1205 actérui
2283 1154 2520 1208 muneris
2551 1154 2867 1209 sentiamus.
2912 1153 2947 1219 ti;
2973 1191 2987 1206 .
3016 1152 3207 1217 Amen.

1970 1240 2073 1298 Per
2093 1242 2517 1298 misericordiam
2541 1254 2708 1312 tuam,
2744 1244 2883 1300 Deus
2904 1250 3107 1299 noster.

1972 1329 2261 1400 Antiphona
2288 1330 2342 1387 2.
2376 1332 2683 1388 Coulitébor
2703 1332 2929 1388 Domino
2951 1331 3110 1387 nimis
3132 1334 3182 1385 in
3198 1345 3301 1386 ore
3330 1341 3475 1385 meo:

1902 1418 1973 1474 P.
2000 1418 2141 1477 Et'in
2166 1423 2340 1479 métlio
2363 1424 2652 1479 multorum
2675 1423 2899 1479 laudabo
2929 1438 3070 1479 eum.
3112 1423 3145 1491 ᾗ
3170 1460 3186 1476 .
3209 1420 3471 1489 Quoniam

1901 1510 2105 1568 Adstitit
2124 1512 2157 1567 ει
2183 1513 2391 1569 dextris
2418 1513 2687 1583 pauperis,
2715 1522 2771 1567 ut
2790 1510 2991 1567 salvam
3009 1501 3208 1567 laceret
3231 1510 3261 1564 ξι
3296 1504 3476 1579 perse-

1901 1604 2183 1673 quentibus
2207 1604 2437 1659 animam
2454 1620 2648 1660 meam.
2670 1603 2732 1657 P.
2758 1604 2819 1658 Et
2844 1604 2895 1657 in
2929 1602 3123 1657 medio.
3147 1602 3200 1653 τῦ
3230 1640 3243 1653 .
3270 1600 3473 1664 Gloria,

1901 1704 1956 1752 et
1978 1696 2169 1762 honor,
2202 1696 2269 1751 P.
2304 1698 2370 1752 Et
2402 1699 2474 1751 in.

1827 1775 1875 1837 B
1974 1786 2175 1844 Oratio.
2223 1789 2436 1844 Beatam
2489 1790 2642 1856 satis,
2704 1788 2947 1855 Domine,
2994 1787 3204 1843 beatam
3258 1784 3477 1840 Mariam

1901 1879 2266 1948 Magdaléuam
2312 1894 2432 1936 esse
2458 1878 2655 1947 fecisti,
2708 1895 2827 1950 quae
2850 1880 2904 1935 in
2938 1888 3048 1936 toto
3066 1878 3236 1935 corde
3257 1892 3355 1933 suo
3383 1877 3476 1932 tibi

1898 1970 2162 2039 confessa,
2196 1972 2249 2027 in
2269 1972 2495 2028 concilio
2514 1972 2790 2028 Justorum
2820 1981 2875 2028 et
2898 1972 3307 2043 congregatiOne
3338 1985 3464 2040 pro-

1899 2064 2056 2119 batur
2081 2079 2201 2121 esse
2227 2066 2512 2135 conspicua
2543 2082 2559 2119 :
2616 2066 2693 2120 Da
2721 2080 2850 2135 ergo
2903 2063 3057 2119 nobis
3084 2062 3288 2119 meritis
3316 2062 3474 2133 ejus;

1900 2167 1957 2211 ut
1989 2156 2327 2214 conlessiéne
2350 2157 2579 2227 simplici
2606 2158 2714 2212 oris
2736 2155 2975 2212 mundati
3002 2156 3032 2210 ὲ
3056 2154 3303 2233 crimine,
3337 2155 3467 2210 San—
3564 2170 3567 2173 ν

1899 2250 2108 2307 ctorum
2133 2250 2451 2319 mercemur,
2481 2259 2535 2307 et
2555 2249 2976 2323 congregationi,
3002 2258 3056 2306 et
3078 2248 3307 2307 coetibus
3330 2246 3471 2304 inte-

1901 2344 2069 2401 résse.
2124 2346 2161 2413 ἡ
2187 2388 2199 2400 .
2226 2347 2417 2403 Amen.

1977 2436 2078 2492 Per
2106 2436 2552 2493 misericordiam.

1972 2528 2270 2599 Antiphone
2293 2527 2351 2582 3.
2384 2528 2440 2584 ln
2462 2542 2593 2599 pace
2611 2529 2897 2597 dormiam,
2925 2538 2981 2585 et
3032 2526 3387 2600 requiescam.
3412 2525 3476 2581 P.

1901 2619 2162 2686 Quoniam
2194 2629 2269 2685 tu,
2303 2620 2546 2687 Domine,
2595 2621 2932 2691 singulariter
2957 2621 3011 2676 in
3032 2634 3128 2690 spe
3152 2616 3478 2676 constituisti

1902 2726 2008 2767 me.
2054 2713 2088 2782 7
2113 2748 2128 2766 .
2180 2710 2486 2767 Conﬁtebor
2517 2711 2609 2769 tibi
2641 2710 2865 2768 Domine
2902 2712 2957 2768 in
2981 2702 3275 2767 toto'corde
3304 2721 3426 2764 meo
3457 2725 3473 2761 :

1903 2807 1957 2860 in
1988 2805 2218 2862 concilio
2244 2798 2532 2875 jus'tOrum,
2565 2814 2618 2861 et
2636 2805 3082 2876 congregatione.
3107 2802 3175 2858 P.
3190 2802 3477 2872 Quoniam.

1918 2900 1950 2965 ᾗ
1976 2937 1991 2952 .
2015 2897 2217 2962 Gloria,
2247 2907 2301 2953 et
2330 2898 2523 2953 honor.
2558 2898 2625 2953 P.
2657 2898 2943 2965 Quéuiam.

1976 2988 2174 3043 Oratio.
2203 2988 2469 3059 Deus,qui
2496 2988 2816 3044 beatissima:
2838 2987 3034 3045 Moriar.
3074 2988 3258 3055 Quare
3289 2986 3346 3065 in
3382 2984 3482 3042 Vc-

1902 3083 2063 3152 speris
2085 3083 2507 3153 prwcedentibus.

1989 3174 2027 3241 ἡ
2048 3212 2064 3228 .
2089 3174 2274 3231 Stabat
2296 3174 2459 3229 Maria
2488 3174 2797 3246 Magdaléne
2817 3178 2884 3232 ad
2925 3178 3325 3233 monumentum
3347 3172 3479 3229 foris

1906 3264 2139 3335 plorans.
2160 3264 2296 3320 Dum
2324 3281 2451 3336 ergo
2479 3266 2650 3335 ﬂeret,
2676 3268 2969 3339 prospexit,
2993 3269 3083 3325 ubi
3102 3267 3332 3337 positum
3359 3274 3475 3322 erat

1903 3372 2096 3427 corpus
2117 3361 2244 3414 Jesu
2276 3378 2286 3411 :
2318 3366 2375 3415 et
2396 3360 2527 3416 vidit
2546 3362 2681 3417 duos
2695 3363 2929 3433 Angelos
2955 3363 3007 3417 in
3029 3363 3165 3417 albis
3189 3361 3463 3417 sedentes.

1906 3447 1972 3502 P.
1999 3448 2063 3505 Et
2089 3450 2343 3507 conversa
2371 3452 2664 3509 retrorsum
2685 3453 2816 3509 vidit
2836 3453 3015 3510 Jesum
3030 3461 3277 3517 stantem,
3302 3438 3364 3506 ‘et
3388 3465 3482 3506 ve-

1908 3542 1987 3599 nit
2019 3544 2118 3616 13
2139 3545 2469 3600 annuncians
2506 3544 2781 3614 discipulis
2813 3563 2825 3598 :
2859 3545 2992 3613 Quia
3016 3544 3130 3599 vidi
3169 3542 3484 3607 Dominum,

1909 3643 1965 3691 et
1992 3635 2104 3690 haac
2125 3636 2257 3690 dixit
2275 3636 2428 3691 mihi.
2503 3638 2574 3705 ᾗ.
2607 3636 2744 3691 Dixit
2793 3635 2947 3707 Jesus
3004 3634 3231 3690 Merita:
3272 3632 3481 3694 Mulier,

1908 3727 2033 3797 quid
2066 3728 2241 3797 ploras
2268 3728 2290 3781 ?
2318 3742 2474 3796 quem
2496 3727 2808 3797 quaeris‘lP.
2840 3727 2904 3780 Et
2926 3726 3208 3783 conversa.
3254 3725 3289 3779 ἦ
3314 3761 3330 3778 .
3353 3723 3482 3781 Glo-

1910 3818 2009 3884 ria,
2032 3829 2137 3874 etc.
2170 3819 2457 3874 Reiteretur
2479 3819 2897 3890 Responsorium.

1984 3908 2186 3965 Oratio.
2231 3910 2509 3964 Sublatum
2541 3919 2615 3976 te,
2667 3908 2913 3974 Domine,
2959 3909 2992 3964 ὲ
3038 3906 3324 3978 sepulchro
3365 3907 3474 3962 fru~

1912 4002 2103 4054 «uesa
2148 3999 2291 4054 illius
2341 3999 2521 4054 Maria:
2567 3998 2891 4068 Magdaléute
2942 3997 3223 4068 inquisitio
3268 3994 3489 4051 llétuum

1911 4089 2177 4144 elfusione
2205 4088 2571 4157 conqueritur,
2600 4104 2718 4157 quae
2766 4090 2951 4159 utique
2978 4090 3100 4158 igne
3134 4089 3207 4143 tui
3235 4088 3484 4143 desiderii

1912 4177 2252 4233 cremabatur
2284 4195 2297 4231 :
2325 4178 2644 4245 Quaesumus
2664 4192 2812 4247 ergo,
2841 4188 2898 4231 ut
2925 4178 3263 4234 desiderium”
3289 4178 3490 4232 ameris

1915 4275 1987 4326 tui
2021 4268 2270 4324 similiter
2298 4266 2352 4323 in
2386 4268 2540 4323 nobis
2568 4267 2862 4324 accéndas:
2891 4277 2946 4323 ut
2972 4267 3098 4323 etin
3128 4268 3490 4339 perquiréudo

1916 4358 2261 4426 valentiores,
2315 4370 2370 4416 et
2416 4360 2739 4416 inveniendo
2768 4370 2821 4416 te
2858 4361 3164 4417 mercemur
3219 4359 3335 4417 sine
3384 4360 3490 4417 ﬁne

228 4453 543 4527 plenissime
566 4450 846 4521 exaudisti,
881 4462 940 4513 ut
960 4454 1272 4525 participem
1301 4469 1421 4510 eam
1447 4454 1693 4511 elliceres
1724 4470 1809 4511 re-
1843 4495 1892 4556 ο
1917 4471 2039 4512 esse
2063 4452 2268 4513 felices.
2308 4453 2346 4523 [ἢ
2368 4491 2383 4509 .
2405 4452 2595 4509 Amen.

230 4547 323 4617 gni
353 4546 448 4611 tui,
478 4561 598 4617 quae
644 4546 695 4600 in
728 4545 1017 4615 conspectu
1045 4546 1371 4617 Angelérum
1397 4546 1489 4601 tibi
1514 4545 1805 4616 psalleret;

234 4637 423 4707 Accipe
450 4653 590 4693 nunc
619 4653 713 4708 per
734 4653 850 4718 eam
871 4639 1225 4694 confessionis
1245 4650 1443 4694 nostra:
1474 4650 1680 4711 votum,
1717 4641 1805 4711 qui

229 4730 377 4785 illam
401 4730 694 4800 produxisti
712 4731 777 4786 ad
802 4730 1077 4809 praemium
1110 4749 1121 4784 :
1147 4732 1229 4798 Et,
1262 4734 1356 4802 qui
1387 4733 1532 4788 illam
1563 4749 1656 4803 per
1681 4749 1810 4790 con-

228 4822 521 4880 fessionem
545 4822 755 4879 voluisti
778 4838 896 4880 csse
922 4824 1151 4892 beatam,
1185 4839 1283 4879 nos
1303 4836 1420 4894 post
1449 4826 1659 4896 lapsum
1688 4827 1810 4897 qui-

230 4914 357 4972 dem
382 4915 774 4973 confessionem
798 4917 852 4972 in
874 4919 974 4973 hoc
997 4916 1195 4972 mundo
1223 4918 1431 4984 demus,
1471 4926 1526 4972 ut
1546 4918 1611 4972 ad
1640 4918 1800 4974 aster-

234 5022 360 5063 nam
381 5007 718 5063 coronimdos
771 5008 1042 5078 pertrahat
1085 5008 1330 5079 patriam.
1389 5009 1425 5077 [ἢ
1451 5046 1467 5062 .
1501 5012 1693 5064 Amen.

310 5100 410 5156 Per
434 5100 857 5157 misericordiam
892 5111 1056 5167 tuam,
1087 5103 1225 5159 Deus
1256 5112 1457 5172 noster,
1491 5112 1593 5158 etc.

809 5193 888 5246 Ad
914 5191 970 5246 Μ
972 5194 1245 5248 atutinum.

310 5284 626 5355 Antiphone.
649 5282 813 5338 [.abia
845 5298 960 5339 mea
978 5284 1214 5354 aperies:
1244 5292 1298 5339 et
1326 5298 1388 5340 os
1410 5298 1586 5341 meum
1608 5300 1816 5340 annun-

235 5375 395 5433 eum
414 5377 625 5435 laudem
650 5387 816 5433 tuam.
849 5378 1093 5435 Psalmus
1126 5396 1174 5434 ι..

314 5470 518 5527 Oratio.
550 5469 752 5526 Laudet
782 5478 856 5538 te,
890 5468 1135 5535 Domine,
1159 5471 1335 5540 lingua
1368 5477 1573 5525 nostra.
1631 5467 1817 5534 Quaere

235 5558 338 5631 fol.
369 5575 514 5616 cui.

314 5652 606 5723 Antiphone
639 5654 689 5710 1.
710 5652 1021 5712 Confitébor
1052 5654 1145 5710 tibi
1175 5654 1226 5710 in
1249 5653 1483 5726 populis,
1542 5652 1773 5710 Domine
1804 5673 1815 5707 :

241 5743 335 5798 Ρ..
373 5744 641 5803 Psa'lmum
695 5746 868 5803 dicam
897 5744 1101 5803 admini
1146 5758 1236 5803 tuo
1275 5747 1414 5804 inter
1433 5742 1645 5816 gentes.
1683 5746 1753 5814 ᾗ.
1780 5746 1821 5801 Ο

1992 4547 2112 4604 Per.

2530 4639 2595 4692 In
2635 4637 2915 4692 Laudibus.

1918 4798 1924 4809 ι
1996 4734 2075 4787 Ad
2102 4733 2390 4799 Canticum.
2442 4731 2757 4800 Antiphona.
2791 4730 2930 4785 Ecce
2969 4744 3002 4784 n
3034 4742 3163 4799 pace
3192 4728 3507 4784 amaritudo.

1921 4839 2041 4881 mea
2069 4823 2404 4879 amarissima
2438 4840 2449 4876 :
2482 4830 2539 4877 tu
2567 4832 2743 4877 autem
2785 4819 3027 4892 eripuisti
3054 4819 3285 4874 animam
3318 4833 3492 4877 meam

1926 4926 1983 4972 ut
2013 4930 2118 4972 non
2147 4916 2400 4985 perirem,
2449 4913 2545 4970 sed
2594 4912 2863 4985 projecisti
2919 4920 3037 4983 post
3082 4921 3293 4981 tergum
3344 4919 3491 4967 tuum

1906 5000 2099 5061 omnia
2130 5006 2349 5076 peccem
2378 5018 2514 5060 mea.

1990 5096 2277 5151 Canticum.
2313 5097 2423 5163 Ego
2443 5096 2555 5153 dixi
2584 5096 2641 5151 in
2669 5097 2889 5153 dimidio
2909 5094 3139 5150 dierum.
3172 5094 3354 5159 Quare
3398 5092 3493 5165 (cl.

1924 5189 2046 5247 122.

1994 5281 2276 5336 Reitereiur
2307 5282 2621 5353 Antiphona.
2643 5282 2780 5339 Ecce
2798 5281 2852 5336 in
2882 5293 3012 5350 pace
3034 5278 3361 5339 amarittdo.

2000 5372 2203 5427 Oratio.
2252 5373 2414 5443 Eripe
2467 5372 2690 5429 Domine
2734 5372 2943 5429 animas
2995 5378 3233 5439 nostras,
3273 5379 3334 5426 It
3388 5380 3495 5429 mn

1928 5464 2210 5533 pereamus
2258 5466 2312 5520 in
2348 5464 2565 5520 interitu
2595 5480 2611 5515 :
2640 5461 2950 5518 nostrorum
2973 5460 3213 5515 omnium
3256 5460 3493 5515 facirrra

1929 5558 2273 5626 peccatdrum
2303 5564 2422 5626 post
2445 5564 2649 5625 tergum
2680 5553 2886 5633 projiee
2917 5562 3101 5619 tuum;
3134 5560 3191 5607 ut
3229 5566 3333 5609 uzn
3358 5550 3385 5607 ι’
3404 5551 3485 5621 tji.

1929 5651 2136 5710 ciémur
2163 5649 2356 5722 perditi
2377 5650 2432 5711 in
2464 5642 2893 5715 iuférnumﬂed
2935 5648 2967 5703 δ
3011 5656 3064 5703 te
3096 5644 3373 5702 viviﬂtotot
3411 5645 3487 5697 hic

1931 5739 2224 5808 fateamur;
2276 5750 2335 5799 et
2384 5738 2667 5797 veritMem
2718 5748 2860 5796 tuam
2915 5736 3292 5808 expectimter,
3350 5734 3477 5811 pal-
