3984 6376
501 340 639 399 ίῦὖό

501 470 616 512 mos
656 464 866 511 nostros
896 456 949 509 in
993 454 1212 510 domum
1262 464 1404 507 tuam
1442 451 1640 522 jugiter
1696 451 2065 506 decantemus.
2103 454 2144 504 Α

510 550 548 615 ἡ
571 588 584 601 .
611 553 797 604 Amen.

569 638 685 691 Per.

573 727 652 780 Ad
675 727 959 779 Canticum.
982 725 1294 793 Antiphona.
1312 723 1617 779 Conlilébor
1647 723 1762 778 libi.
1781 723 2069 776 Canticum.

503 821 810 876 Confitébor
839 820 932 874 tibi
967 817 1192 873 Domine
1223 817 1355 872 Rex.
1389 817 1514 887 [alio
1540 829 1714 870 cuxt.

576 913 777 966 Oratio.
813 909 1102 966 Inen’itbilis
1133 909 1385 965 bonitatis
1406 917 1593 965 auctor
1620 915 1675 964 et
1696 906 1939 974 Dumine,
1981 908 2071 977 qui

502 1005 826 1062 beatissima
873 1003 1053 1058 Mariae
1081 1001 1406 1072 Magdaléna‘.
1435 1002 1669 1070 linguam
1720 1001 1912 1068 imples
1944 1013 2072 1054 con-

503 1099 756 1164 fessidne,
776 1107 831 1153 et
851 1097 1029 1152 cordis
1051 1098 1366 1151 remuneras
1381 1094 1701 1149 cltaritatem
1727 1109 1742 1146 :
1762 1092 1902 1147 dona
1919 1091 2072 1146 nobis

501 1191 616 1260 ejus
645 1189 873 1257 meritis,
907 1198 965 1244 ut
1010 1197 1156 1242 tuum
1205 1186 1525 1242 confitentes
1569 1199 1763 1240 nomen
1807 1183 1858 1238 in
1892 1181 2067 1248 terris,

497 1295 682 1349 pacem
712 1279 1004 1336 habehmus
1035 1279 1090 1333 in
1117 1277 1308 1333 diebus
1335 1276 1554 1333 nostris.
1601 1278 1674 1344 ἢ.
1708 1276 1896 1329 Amen.

567 1371 685 1424 Per.

568 1461 648 1514 Att
699 1459 1025 1514 Benedictus.
1077 1458 1391 1528 Autiphona.
1443 1456 1579 1512 Filia
1629 1457 1788 1522 Sion,
1843 1454 2071 1511 bénedic

496 1550 720 1605 Dotuino
747 1551 857 1604 Deo
885 1548 1099 1604 excelso
1125 1550 1179 1604 in
1210 1549 1357 1604 omni
1384 1549 1761 1605 benedictione
1781 1555 1837 1603 et
1888 1546 2064 1602 laude.

559 1641 844 1696 Canticum.
874 1640 1196 1696 Benedictus
1226 1657 1286 1696 es
1318 1641 1562 1697 Dumine.
1591 1642 1686 1709 fol.
1714 1643 1766 1695 6.

557 1733 722 1788 Sana.
760 1733 815 1786 ln
853 1733 1143 1801 conspectu
1173 1733 1500 1800 Angeldrum
1552 1731 1774 1800 psallam
1808 1731 1926 1797 tibi,
1962 1728 2065 1783 Du-

488 1825 653 1890 mine,
687 1822 953 1879 Alleluia:
993 1800 1034 1892 77
1061 1862 1074 1876 .
1117 1821 1369 1877 Δίιοτόὺο
1419 1823 1484 1877 ad
1531 1823 1788 1891 templum
1819 1830 2060 1877 sanctum
2099 1800 2148 1862 Β

489 1929 658 1986 tuum,
689 1929 742 1974 et
770 1917 1064 1973 confitebor
1096 1917 1210 1982 tibi,
1237 1916 1485 1971 Duniine.
1518 1915 1763 1970 Alleluia.

555 2012 758 2066 Lauda.
810 2011 1058 2066 Alleluia.
1103 2009 1386 2065 Confessio
1439 2009 1557 2078 ejus
1597 2022 1761 2076 super
1790 2021 1984 2061 coetum
2013 2015 2066 2060 et

488 2115 713 2172 terram,
737 2105 963 2160 Alleluia
1001 2124 1011 2156 :
1046 2103 1314 2158 Exaltavit
1359 2116 1526 2156 cornu
1577 2098 1758 2169 pupult
1788 2097 1891 2152 sui.
1923 2097 2066 2152 Alle-

487 2197 618 2254 luia.
672 2196 910 2268 Hymnus
959 2204 1042 2251 est
1090 2195 1340 2251 Omnibus
1385 2193 1587 2250 sanctis
1634 2193 1770 2261 ejus.
1824 2189 2066 2244 Psatmus

487 2307 684 2346 CXLVIII

549 2382 718 2437 Lectio
746 2382 862 2436 libri
891 2380 1282 2436 Proverbiorum
1315 2378 1611 2435 Salomonis
1642 2377 1797 2446 (Cap.
1831 2375 2010 2445 xui).

580 2474 616 2540 ti)
641 2514 654 2528 .
691 2472 803 2529 Deo
825 2473 1042 2543 gratias.

560 2564 835 2619 Mulierem
859 2562 1052 2619 fortem
1077 2565 1198 2634 quis
1225 2563 1498 2620 inveniet?
1525 2562 1731 2631 procul,
1767 2569 1821 2616 et
1854 2560 1923 2617 de
1942 2559 2066 2614 ulti-

490 2660 592 2713 mis
621 2657 815 2712 Iinibus
848 2656 1076 2726 pretium
1106 2655 1250 2724 ejus.
1280 2654 1518 2709 Confidit
1540 2653 1592 2708 in
1622 2669 1685 2708 ea
1713 2667 1809 2708 cor
1833 2650 1933 2706 viri
1961 2652 2066 2715 sui,

495 2758 550 2806 et
595 2748 780 2819 spuliis
809 2747 926 2818 ejus
967 2761 1074 2802 non
1106 2745 1381 2815 indigebit.
1429 2744 1638 2800 Reddet
1681 2744 1730 2799 ei
1763 2744 1986 2808 bonum,
2015 2751 2072 2797 et

495 2857 602 2898 non
627 2841 828 2898 malum
858 2840 1109 2896 umnibus
1136 2839 1328 2894 diebus
1376 2838 1498 2893 vitae
1523 2853 1656 2893 suae.
1692 2835 1955 2904 Quaesivit
1995 2835 2071 2889 la-

495 2947 616 2987 nam
638 2941 692 2987 et
718 2932 904 3000 linum,
937 2939 991 2985 et
1020 2929 1239 3000 operata
1270 2938 1353 2984 est
1391 2929 1619 2984 consilio
1667 2928 1920 2981 manuum
1947 2923 2073 2980 sua-

494 3037 612 3077 rum
646 3039 658 3074 :
692 3021 852 3076 Facta
880 3029 962 3076 est
980 3022 1131 3090 quasi
1159 3021 1308 3076 navis
1330 3019 1612 3086 institeris,
1655 3018 1722 3073 de
1750 3016 1906 3087 longe
1947 3032 2073 3086 por-

499 3122 615 3165 tans
642 3125 832 3180 panem
861 3124 1037 3165 suum.
1070 3109 1136 3164 Et
1158 3109 1224 3164 de
1245 3117 1402 3164 nocte
1428 3108 1781 3178 consurgens,
1811 3106 2066 3175 deditque

497 3200 734 3270 praedam
783 3198 1092 3255 domesticis
1130 3199 1261 3263 suis,
1313 3206 1366 3254 et
1420 3197 1625 3252 cibaria
1674 3195 1885 3251 ancillis
1931 3197 2063 3250 suis.

495 3294 866 3350 Considerévit
891 3307 1100 3362 agrum,
1131 3301 1184 3347 et
1200 3292 1466 3348 emiteum
1493 3310 1507 3345 ε
1531 3291 1599 3347 de
1619 3291 1790 3345 fructu
1816 3289 2068 3344 manuum

494 3387 712 3442 sutlrum
742 3384 1004 3456 plantttvit
1051 3385 1284 3439 vineam.
1316 3382 1564 3438 Accinxit
1591 3381 1906 3436 fortitudine
1934 3380 2072 3434 tun;-

499 3478 594 3532 bos
617 3491 768 3542 suos,
797 3488 848 3532 et
883 3475 1161 3532 roborhvit
1183 3473 1462 3530 brachium
1490 3487 1666 3527 suum.
1693 3469 2071 3540 Gusthvitquia

499 3571 638 3625 bona
691 3579 773 3624 est
817 3566 1106 3635 negotiatio
1131 3565 1248 3636 ejus
1281 3583 1293 3620 :
1330 3579 1436 3620 non
1459 3563 1802 3632 extinguetur
1832 3561 1886 3616 in
1918 3572 2073 3616 noete

502 3659 722 3731 lucerna
747 3659 935 3727 ipsius.
958 3657 1170 3713 Manum
1203 3671 1354 3712 suam
1377 3655 1524 3711 misit
1551 3653 1619 3709 ad
1648 3653 1830 3720 fortia,
1849 3660 1902 3707 ct
1923 3652 2076 3722 digiti

499 3751 617 3820 ejus
649 3749 1121 3820 apprehendérunt
1149 3747 1353 3802 fusum.
1385 3746 1598 3802 Manum
1660 3758 1814 3799 suam
1864 3743 2078 3812 apéruit

503 3844 670 3912 inopi,
717 3851 773 3898 et
823 3842 1028 3912 palmas
1075 3854 1202 3895 suas
1246 3837 1486 3896 extendit
1530 3835 1597 3890 ad
1639 3836 1922 3906 pauperes.
1963 3832 2076 3886 Non

503 3933 713 3990 tim‘bit
758 3932 938 3988 domui
965 3946 1075 3986 suae
1102 3931 1133 3985 ἐι
1163 3930 1451 3999 friguribus
1481 3928 1618 3982 nivis
1651 3946 1662 3979 :
1693 3939 1882 3980 omnes
1925 3925 2068 3980 enim

501 4023 784 4080 domestici
831 4022 947 4092 ejus
995 4022 1170 4076 vestiti
1237 4029 1364 4076 sunt
1408 4017 1662 4087 duplicia.
1720 4016 2079 4086 Stragulatam

503 4122 709 4171 vestem
740 4111 867 4168 fecit
907 4111 1010 4168 sibi
1044 4129 1055 4164 :
1090 4111 1283 4181 byssus
1320 4117 1376 4165 et
1421 4109 1658 4178 purpura
1702 4105 2075 4162 indumentum

511 4206 649 4277 ejus.
679 4204 882 4261 Nubllis
908 4205 961 4258 in
991 4213 1144 4273 porta
1176 4202 1255 4256 vir
1284 4203 1423 4270 ejus,
1474 4197 1685 4270 quando
1715 4197 1917 4253 séderit
1959 4211 2081 4250 cum

510 4300 849 4358 senatoribus
889 4309 1067 4354 terrae.
1100 4297 1390 4353 Sindonem
1445 4295 1589 4361 fecit,
1621 4305 1674 4350 et
1720 4294 1978 4360 vendidit,
2028 4303 2084 4348 et

510 4393 780 4464 cingulum
841 4389 1064 4446 tradidit
1111 4389 1430 4444 Cltananaao.
1484 4386 1760 4442 Fortitudo
1814 4394 1868 4440 et
1920 4385 2085 4439 decor

509 4483 882 4540 ornamentum
923 4483 1060 4552 ejus,
1107 4491 1163 4537 et
1210 4481 1405 4538 ridebit
1435 4481 1488 4535 in
1531 4481 1618 4536 die
1668 4480 1982 4534 novissimo.
2013 4480 2082 4533 Os
2117 4515 2164 4572 υ

513 4590 668 4631 suum
697 4575 908 4644 aperuit
937 4574 1234 4642 sapientiai,
1289 4584 1343 4630 et
1373 4575 1460 4630 lex
1492 4572 1794 4629 clementiae
1823 4572 1876 4627 in
1908 4571 2088 4641 lingua

512 4673 650 4736 ejus.
703 4666 1076 4721 Consideravit
1120 4665 1340 4720 semitas
1399 4667 1590 4721 domus
1643 4680 1775 4729 suae,
1806 4674 1860 4720 et
1900 4678 2089 4733 panem

516 4759 688 4814 otidsa
720 4772 824 4811 non
847 4758 1098 4811 comedit.
1134 4755 1492 4811 Surrexérunt
1533 4756 1626 4809 filii
1650 4755 1790 4824 ejus,
1812 4764 1866 4808 et
1895 4755 2094 4808 beatis-

517 4850 706 4902 simam
737 4845 1192 4915 przedicavérunt;
1241 4847 1321 4901 vir
1368 4848 1508 4915 ejus,
1567 4856 1621 4902 et
1668 4847 1902 4901 laudévit
1946 4861 2090 4900 eam.

522 4939 700 4994 Multae
726 4937 848 4993 tilia:
868 4938 1325 5007 congregavéruut
1348 4937 1592 4991 divitias:
1621 4946 1676 4991 tu
1703 4948 1876 4992 autem
1903 4950 2092 5004 super-

519 5028 702 5098 gressa
736 5027 1035 5083 universas.
1071 5027 1248 5081 Fallax
1282 5026 1478 5097 imago.
1509 5039 1564 5083 et
1591 5043 1722 5081 vana
1747 5037 1829 5082 est
1857 5026 2093 5095 pulchri-

521 5121 648 5176 tudo
675 5139 686 5173 :
718 5121 912 5176 mulier
941 5120 1136 5175 timens
1162 5119 1356 5186 Deum,
1381 5121 1495 5190 ipsa
1524 5119 1844 5175 laudabitur.
1895 5120 2025 5172 Date
2045 5119 2094 5172 ei

519 5210 585 5264 de
607 5210 783 5267 fructu
812 5211 1064 5265 manuum
1092 5210 1306 5266 suarum
1341 5228 1352 5262 :
1385 5220 1441 5266 et
1462 5211 1683 5266 laudent
1706 5226 1824 5266 eam
1848 5210 1901 5263 in
1927 5209 2095 5278 portis

523 5300 686 5371 opera
714 5301 852 5372 ejus.
884 5304 1074 5358 Amen.

595 5393 850 5463 Hymnus.
880 5393 986 5448 Pro
1018 5393 1238 5462 speciali
1264 5393 1446 5448 linteo.
1497 5391 1842 5461 Supplicatia.
1870 5392 2098 5444 Urémus

525 5484 936 5553 Redemptdrem
969 5484 1176 5541 mundi.
1209 5484 1470 5552 Capitula.
1498 5483 1661 5549 Deus,
1711 5483 1801 5552 qui
1832 5482 1900 5537 de
1931 5483 2100 5536 beata:

527 5575 708 5629 Maria:
736 5574 1083 5645 Magdalénat.
1117 5577 1321 5632 Lauda.
1357 5576 1767 5633 Germinubunt.
1802 5575 1907 5646 ιη,
1935 5575 2096 5629 Bene-

527 5665 701 5720 dictio.
729 5666 973 5725 Christus
1018 5669 1302 5740 Duminus,
1339 5670 1448 5742 qui.
1498 5671 1718 5740 Require
1761 5669 1816 5724 in
1865 5668 2103 5736 Vesperis

531 5755 942 5823 praecedentibus.

2096 3153 2144 3216 C

1694 335 2115 394 BREVIARIUM
2154 334 2532 392 GUTIIICUM.

3603 340 3743 397 I356

2356 447 2419 500 In
2448 446 2604 502 Festo
2635 450 2946 516 Apollinaris
2973 449 3215 520 Episcopi
3242 462 3288 505 ct
3312 453 3568 521 martyris.

2251 537 2435 592 Omnia
2457 541 2694 593 dicantur
2721 542 2869 593 unius
2890 538 3140 611 Martyris
3165 541 3453 611 Pontiﬁcis,
3483 543 3576 612 fol.
3606 559 3744 601 cui.

2178 647 2239 702 ΙΝ
2277 649 2492 705 FESTO
2527 651 2820 707 SANCT/E
2862 651 3074 708 ΑΝΝᾹΞ
3101 693 3114 717 ,
3157 653 3414 711 MATRIS
3454 653 3749 712 VIRGINIS

2830 743 3084 799 MARUE.

2749 835 2828 888 Ad
2886 834 3182 907 Vesperum.

2248 923 2451 977 Lauda.
2475 921 2906 992 Confessit‘mem,
2937 935 2992 981 et
3023 927 3296 982 decorem.
3330 926 3489 982 Sana.
3521 927 3749 983 Confite-

2175 1013 2272 1068 bor
2304 1012 2424 1080 tibi,
2473 1012 2719 1070 Domine.
2767 1017 2866 1083 fol.
2897 1031 3080 1072 curs.
3131 1015 3385 1074 Dominus
3430 1017 3516 1072 sit.
3562 1019 3637 1085 ἡ.
3688 1019 3752 1073 Et

2174 1119 2316 1159 cum.

2246 1197 2558 1268 Antiphona.
2593 1197 2899 1254 Confitébor
2928 1199 3023 1254 tibi
3054 1198 3277 1255 Dumine
3335 1200 3390 1255 in
3434 1209 3544 1254 toto
3591 1201 3752 1255 corde

2174 1303 2297 1344 meo
2325 1308 2339 1344 :
2365 1290 2489 1359 quia
2514 1289 2780 1345 exaudisti
2812 1290 2972 1346 verba
2996 1291 3106 1346 oris
3131 1293 3258 1349 mei.
3279 1288 3347 1344 Ρ.
3371 1291 3425 1346 ln
3452 1291 3746 1360 couspéctu

2173 1379 2498 1450 Angelorum
2530 1381 2756 1450 psallam
2809 1381 2924 1436 tibi.
2991 1381 3066 1450 ﬁt;
3119 1381 3259 1436 Deus
3309 1395 3460 1436 meus
3495 1396 3554 1436 es
3584 1391 3659 1443 tu,
3701 1390 3753 1434 et

2176 1471 2470 1527 confitebor
2509 1471 2628 1526 tibi.
2679 1471 2818 1526 Deus
2848 1487 3020 1536 meus.
3074 1481 3129 1527 et
3176 1471 3424 1527 exaltabo
3463 1481 3536 1526 te.
3585 1468 3652 1522 P.
3696 1470 3749 1522 In

2175 1562 2466 1630 couspéctu
2501 1581 2511 1614 :
2559 1563 2593 1630 ᾗ
2620 1600 2634 1615 .
2663 1561 2870 1627 Gloria,
2899 1571 2954 1617 et
2975 1562 3166 1617 honor.
3202 1559 3270 1616 P.
3305 1560 3359 1616 lu
3383 1559 3696 1629 couspéctu.

2245 1652 2502 1707 Duminus
2523 1661 2609 1707 sn.
2652 1653 2688 1719 ii)
2713 1691 2726 1705 .
2753 1653 2818 1706 Et
2846 1668 2989 1708 cum.

2244 1744 2450 1799 Lauda.
2504 1741 2812 1799 Confitebor
2865 1743 2982 1807 tibi,
3037 1743 3261 1797 Dumine
3293 1757 3384 1796 rex
3433 1739 3747 1795 :Alleluia:

2179 1836 2242 1891 Ρ.
2278 1838 2344 1892 Et
2364 1836 2694 1893 conlaudubo
2741 1837 2908 1892 Deum
2930 1834 3260 1890 Salvatdrem
3287 1849 3487 1888 meum.
3507 1833 3751 1897 Alleluia,

2167 1928 2407 1984 alleluia.
2473 1930 2504 1996 Ῡ
2530 1967 2544 1982 .
2577 1927 2825 1983 Adorabo
2851 1927 2915 1980 ad
2947 1927 3200 1996 templum
3229 1935 3470 1981 sanctum
3502 1932 3673 1987 tuum,
3700 1933 3752 1978 et

2167 2020 2462 2076 confitebor
2505 2018 2752 2075 Dumino.
2789 2018 2854 2076 P.
2890 2017 3328 2074 Etconlaudabo.
3367 2018 3403 2082 ἲ
3429 2055 3442 2069 .
3473 2015 3678 2078 Gldria,
3701 2025 3752 2067 et

2170 2110 2363 2167 honor.
2391 2109 2458 2166 P.
2494 2111 2559 2166 Et
2585 2111 2942 2168 conlaudubo.

2842 2201 3092 2270 Hymnus.

2454 2280 2612 2335 Lucis
2641 2280 2800 2349 hujus
2831 2280 2962 2334 festa
2986 2281 3130 2334 colat

2397 2372 2553 2428 Plebs
2584 2370 2803 2427 bonéSta
2831 2371 3074 2438 Durnino,

2385 2464 2448 2519 Ει
2467 2465 2725 2520 οωιότυω
2758 2464 2934 2534 dignis

2389 2561 2808 2630 Confrequéntet
2837 2561 3074 2631 hymnis.

2459 2654 2626 2708 Mater
2653 2653 2835 2708 Matris
2855 2652 3051 2706 Christi

2387 2745 2462 2798 Ex
2482 2744 2582 2798 hoc
2611 2743 2809 2797 mundo
2825 2743 2962 2798 tristi

2386 2833 2616 2903 Migrans
2641 2834 2744 2887 llde
2772 2832 2930 2898 bona,

2386 2928 2535 2984 Dona
2562 2927 2685 2982 vitae
2711 2928 2872 2982 dona.

2457 3021 2663 3076 Annam
2693 3019 2771 3075 sic
2799 3017 3054 3088 expresse

2389 3110 2545 3168 Fudit
2565 3110 2714 3165 radix
2743 3108 2916 3175 Jessé,

2388 3204 2457 3260 Ut
2485 3204 2554 3258 sit
2583 3202 2751 3256 Mater
2779 3201 2960 3254 Matris

2395 3297 2508 3352 Nati
2541 3296 2631 3350 Dei
2660 3294 2852 3349 Patris.

2461 3386 2536 3440 Ex
2562 3386 2663 3439 hac
2689 3383 2866 3438 carnis
2897 3383 3072 3451 planta

2393 3475 2574 3546 Surgit
2597 3474 2758 3543 Vingo
2783 3471 2981 3527 Sancta
3021 3490 3030 3522 :

2399 3567 2475 3622 Ex
2500 3567 2600 3620 hoc
2627 3565 2743 3619 ﬂuit
2769 3565 2914 3617 fonte

2397 3659 2556 3728 Lapis
2581 3672 2752 3713 caesus
2783 3665 2982 3710 monte.

2463 3751 2614 3807 Casio
2631 3749 2741 3820 jam
2773 3749 2980 3804 sublata

2395 3844 2583 3900 Mulier
2610 3844 2762 3897 beata

2399 3937 2508 3990 Suo
2535 3935 2641 3988 Nos
2666 3933 2887 4002 precatu

2399 4028 2592 4092 Purget
2621 4024 2651 4078 ὸ
2679 4023 2848 4078 reatu.

2472 4119 2637 4172 Trino
2663 4117 2778 4171 laus
2803 4125 2857 4171 et
2886 4117 2975 4169 uni

2400 4213 2508 4267 Deo
2537 4210 2604 4264 sit
2630 4209 2900 4264 communi

2400 4303 2533 4360 Cum
2563 4318 2669 4370 quo
2689 4301 2820 4356 vivit
2842 4301 2994 4354 Anna

2399 4392 2570 4449 Simul
2593 4405 2713 4445 cum
2739 4389 2925 4444 Maria.

2473 4483 2626 4537 Clara
2655 4480 2762 4535 diei
2792 4479 2982 4549 gaudia

2414 4575 2709 4631 Moduletur
2730 4572 2988 4634 Ecclesia,

2408 4667 2464 4721 In
2494 4666 2649 4720 Anna
2670 4662 2764 4718 Dei
2787 4662 3010 4728 famula,

2407 4759 2650 4826 Pangens
2677 4755 2800 4811 creti
2831 4754 3109 4810 miracula.

2483 4849 2637 4901 Anna
2671 4845 2868 4913 Regum
2899 4843 3198 4913 progenies,

2417 4940 2486 4994 Et
2513 4937 2865 4992 Sacerdt‘itum
2896 4935 3097 5000 series;

2408 5031 2638 5097 Stirpeni
2662 5027 2924 5082 illustrem
2959 5026 3206 5080 Putribus

2407 5122 2532 5176 Suis
2557 5121 2763 5174 ornhvit
2789 5119 3016 5172 actibus.

2481 5212 2651 5282 Nupta
2673 5211 2791 5266 eazli
2814 5209 3017 5279 judicic

2415 5305 2582 5361 Fidéli
2609 5303 2987 5368 ntatrimunio;

2414 5397 2662 5452 Fructum
2694 5395 2943 5463 concepit
2963 5393 3209 5448 ccelicnm

2413 5489 2572 5543 Juxta
2604 5488 2828 5542 verbum
2855 5485 3189 5555 Angélicum.

2490 5577 2801 5634 lukecunda
2836 5592 2932 5645 pro
2969 5576 3242 5644 tempore;

2417 5671 2485 5725 Et
2511 5685 2676 5739 prope
2707 5669 3044 5724 marcéscens
3065 5669 3292 5736 curporc

2429 5759 2653 5815 Decréto
2678 5759 2846 5814 Patris
2877 5759 3136 5814 luminum
