3984 6376
251 369 374 425 i537

457 481 599 535 Parit
627 480 881 551 Reginam
908 481 1205 549 Virginum.

517 572 745 629 Obténtu
773 573 955 628 Matris
984 571 1106 624 ﬁliae

454 665 632 720 Μαι-ιω
660 665 829 735 plena:
849 662 1034 733 gratiae

452 756 616 811 Nobis
643 755 916 812 auctdrem
940 752 1177 807 amnium

458 847 564 903 Fac
590 849 789 902 habere
816 846 1122 916 propitium,

519 935 600 991 Sit
619 936 731 990 laus
752 936 982 992 Paterno
1015 938 1227 994 lumini.

453 1019 533 1074 Sit
561 1018 713 1085 Filio,
736 1021 808 1075 sit
838 1020 1086 1088 Flamini,

456 1111 555 1177 Qui
589 1126 684 1166 nos
714 1127 810 1178 per
835 1112 1007 1168 Annae
1036 1113 1281 1169 meritum

453 1200 587 1256 Coeli
613 1202 855 1258 traducat
882 1202 1108 1259 aditum.

602 1294 794 1349 Amen.

316 1384 663 1455 Supplicatio.
678 1386 905 1441 Oremus
925 1386 1365 1456 Redemptérem,
1382 1394 1574 1438 mutato
1591 1385 1811 1451 nomine,

247 1476 341 1546 fol.
372 1492 646 1532 cuum.

314 1567 574 1638 Capitula.
610 1568 835 1624 Demine
877 1569 1004 1624 Jesu
1062 1568 1276 1624 Christe
1322 1568 1543 1633 merae,
1576 1568 1819 1637 omnipo-

248 1670 389 1726 tens,
418 1660 451 1714 a
472 1675 581 1731 quo
608 1660 806 1716 bonum
836 1675 995 1717 omne
1023 1660 1285 1727 exoritur,
1328 1669 1384 1716 et
1424 1660 1632 1716 melibri
1659 1675 1817 1715 cursu

1658 357 2021 415 APPENUIX.

1838 477 1881 532 Α
1912 472 2164 530 cerdibus
2206 476 2497 546 pescimus,
2528 491 2583 533 ut
2614 483 2819 539 meritis
2846 485 2963 554 ejus
2995 487 3098 541 vita
3130 498 3310 545 nostra
3341 491 3499 545 remi-

3364 374 3385 427 i
3395 373 3497 427 338

1917 573 2052 630 real,
2083 575 2140 621 et
2181 566 2211 621 ἐι
2251 569 2403 623 malis
2432 569 2640 626 actibus
2669 574 2950 630 emendata
2998 577 3260 647 nitescat;
3294 592 3372 650 ιιι,
3404 582 3493 652 qui

1909 657 2019 724 jam
2066 661 2339 717 meremur
2380 678 2479 732 pro
2509 664 2826 722 criminibus
2872 684 3105 736 poenam,
3152 672 3497 731 confessidne

1913 758 1969 802 et
1993 748 2140 804 cultu
2167 750 2291 806 ﬁdei
2320 753 2629 807 christiana:
2660 755 2726 809 ad
2758 754 2990 812 futuram
3024 761 3329 816 mereamur
3372 777 3493 832 per-

1917 838 2097 892 venire
2116 838 2359 909 gloriam.
2404 842 2441 910 ιῆ
2467 881 2480 895 .
2510 842 2700 898 Amen.

1989 926 2089 982 l’er
2117 929 2567 987 misericérdiam.

1986 1022 2280 1091 Antiphone
2325 1023 2380 1079 2.
2436 1024 2689 1093 Speciosa
2719 1026 2858 1083 facta
2890 1044 2949 1084 cs
2983 1031 3207 1087 Alleluia
3234 1075 3250 1101 ,
3321 1033 3387 1091 Ρ.
3427 1036 3493 1090 Ει

1916 1118 2053 1170 odor
2080 1117 2524 1173 vestimentdrum
2571 1128 2782 1174 tuorum
2814 1136 2972 1190 super
3004 1121 3183 1177 otnnia
3228 1124 3486 1178 aremnta.

1816 1206 1821 1211 ’
1918 1208 2171 1274 Alleluia,
2202 1207 2432 1264 alleluia.
2483 1210 2555 1279 ᾖ.
2589 1211 2766 1265 Lauda
2806 1211 3137 1269 Hierusalem
3170 1214 3503 1269 Dominum:

1916 1300 2174 1355 conlauda
2203 1302 2367 1355 Deum
2402 1312 2546 1356 tuum
2578 1302 2732 1359 Sion.
2788 1302 2851 1357 1³.
2886 1305 2949 1358 Et
2974 1304 3129 1361 odnr.
3184 1307 3257 1375 ᾗ.
3292 1304 3490 1369 Gléria,

1916 1401 1970 1446 ct
1998 1390 2169 1445 honor
2197 1390 2358 1445 Patri.
2394 1390 2458 1444 P.
2490 1392 2559 1446 Et
2588 1392 2739 1448 odor.

1995 1481 2201 1543 Oratio.
2258 1478 2483 1537 Demine
2512 1482 2640 1538 Jesu
2666 1482 2900 1548 Christe,
2947 1499 3036 1554 qut
3086 1499 3145 1539 es
3175 1498 3397 1555 magnus
3444 1495 3499 1541 et

1919 1570 2204 1641 gloriﬁsus.
2239 1568 2338 1625 Hic
2359 1588 2536 1640 supra.

1988 1663 2285 1733 Antiphona
2332 1665 2388 1718 5.
2433 1663 2748 1725 Conﬁtébor
2803 1663 2919 1725 tibi.
2970 1663 3219 1732 Domine,
3249 1664 3496 1734 queniam

248 1751 602 1820 progreditur,
626 1754 715 1822 qui
746 1752 902 1807 iidem
930 1752 1151 1807 reboras
1179 1751 1587 1816 conlessérum;
1620 1761 1810 1819 praesta
1841 1818 1883 1825 _
1922 1754 2231 1809 terribiliter
2275 1753 2589 1809 mirilicatus
2628 1768 2689 1811 es
2733 1774 2745 1808 :
2795 1756 2931 1809 mira
2959 1754 3123 1825 opera
3174 1764 3284 1820 tua,
3335 1757 3496 1822 Deus,

247 1818 539 1895 tolerantia:
565 1818 784 1909 donum,
815 1841 939 1896 dum
970 1841 1125 1896 sacrit
1173 1839 1438 1895 acerbitas
1486 1818 1810 1910 persequen-
1841 1818 1889 1877 Β
1920 1846 1990 1901 P.
2019 1847 2083 1902 Et
2120 1846 2299 1901 anima
2347 1861 2463 1901 mea
2513 1847 2663 1902 novit
2708 1847 2886 1903 nimis.
2948 1818 3019 1917 i2
3050 1818 3361 1903 Conﬁtébor
3404 1818 3496 1903 tibi

248 1936 403 1989 tium.
442 1934 896 2003 Omnipotentiam
929 1944 1095 2002 tuam,
1148 1933 1385 2000 dOmiIte,
1437 1933 1725 2003 péscimus,
1760 1943 1817 1988 nt

250 2038 435 2093 preces
477 2035 692 2081 nostras
735 2025 1018 2095 dignanter
1062 2025 1321 2082 adtendas
1349 2067 1367 2092 ,
1419 2035 1475 2081 et
1523 2023 1817 2080 clementer

248 2115 501 2184 accipias,
528 2129 664 2186 quas
694 2117 745 2171 in
796 2117 1058 2173 honorem
1114 2117 1389 2172 fundimus
1435 2115 1606 2171 beatis
1649 2116 1818 2170 Anna:

249 2209 436 2266 matris
460 2209 638 2265 Mariae
672 2210 904 2281 Virginis
927 2210 1201 2281 genitricis
1231 2216 1336 2263 tua:
1365 2226 1378 2262 :
1408 2218 1466 2263 ut
1498 2205 1819 2277 cooperante

249 2301 621 2357 misericérdia
654 2303 764 2368 tua,
793 2303 932 2373 quod
963 2302 1069 2358 ﬁde
1121 2301 1413 2373 pestulant,
1460 2300 1820 2356 indubitanter

246 2392 524 2449 obtineant
555 2411 568 2446 :
596 2403 650 2449 et
678 2394 745 2449 ah
775 2393 1025 2449 Omnibus
1070 2393 1301 2449 absoluti
1352 2393 1562 2448 delictis
1600 2391 1821 2447 ctelcste

250 2499 470 2555 regnum
495 2485 613 2539 sine
644 2485 750 2540 line
772 2483 1103 2551 possideant.

323 2575 483 2630 Pater
514 2585 716 2630 noster.
748 2575 978 2631 Liberali
1007 2576 1037 2630 ἐι
1066 2576 1229 2632 malo.
1256 2577 1348 2647 fol.
1375 2576 1431 2631 2.

1922 1936 2145 1992 Demine
2191 1936 2244 1991 in
2273 1944 2384 1991 toto
2424 1937 2586 1992 corde
2631 1951 2751 1993 meo
2784 1955 2797 1990 :
2838 1938 2891 1992 in
2920 1938 3150 1993 concilio
3190 1938 3487 2008 iustarum,

1920 2038 1975 2085 et
2021 2028 2457 2099 congregatiene.
2513 2027 2572 2083 P.
2632 2028 2700 2082 Et
2744 2028 2921 2084 anima
2972 2046 3111 2085 mea.
3175 2029 3495 2099 ὶνηϐιὸτίει,

1920 2128 1976 2176 et
2000 2119 2187 2175 honor.
2221 2116 2287 2173 P.
2314 2119 2379 2173 Et
2408 2118 2583 2173 anima
2614 2134 2751 2173 mea.

1994 2210 2189 2266 Oratio.
2220 2210 2442 2266 Demine
2465 2210 2591 2266 Jesu
2617 2209 2829 2266 Christe
2857 2210 3162 2266 misericors
3185 2219 3241 2265 et
3265 2211 3374 2282 pie,
3407 2209 3495 2278 qui

1922 2303 1988 2359 de
2013 2303 2188 2358 cordis
2216 2304 2418 2359 virtute
2441 2302 2711 2374 glorilicas
2728 2303 2922 2373 justos,
2954 2303 3135 2358 ctsine
3163 2301 3326 2372 opere
3343 2302 3498 2370 justi-

1923 2395 2050 2453 ﬁcas
2103 2395 2441 2466 peccatdres;
2493 2395 2581 2465 qui
2631 2394 2942 2449 conﬁtentes
2980 2393 3032 2448 in
3082 2392 3276 2448 Mundo
3318 2392 3498 2447 beati-

1924 2484 2071 2551 ﬁcas,
2103 2493 2158 2541 et
2188 2483 2503 2539 conﬁtentes
2544 2482 2597 2537 in
2635 2483 2771 2538 cmlo
2808 2482 3105 2551 glorilicas;
3141 2481 3313 2535 tribue
3347 2479 3500 2533 nobis

1925 2573 2230 2630 interventu
2268 2572 2440 2629 beata:
2468 2574 2637 2628 Anna;
2676 2574 2858 2627 matris
2887 2571 3065 2626 Mariae
3095 2569 3327 2639 Virginis
3345 2570 3496 2638 geni-

321 2664 636 2719 Benedictio.
683 2664 929 2721 Christus
998 2665 1277 2733 Dominus,
1342 2666 1432 2735 qui
1501 2664 1824 2720 beatissima:
1928 2666 2075 2720 tricis
2101 2673 2224 2730 tum,
2261 2663 2412 2734 cujus
2456 2664 2715 2720 solemnia
2760 2662 3114 2727 celebrantur,
3149 2662 3241 2715 tibi
3272 2660 3502 2715 Démino

255 2759 425 2811 Anna:
478 2755 630 2809 matri
661 2755 841 2810 Mariae
868 2754 1102 2826 Virginis
1140 2756 1414 2825 genitricis
1443 2769 1555 2809 sua:
1584 2768 1644 2809 se
1666 2750 1827 2824 digne
1926 2759 2162 2816 conﬁteri
2212 2759 2308 2827 ,pio
2354 2757 2535 2814 cordis
2587 2757 2809 2823 amictu;
2860 2765 2919 2811 ut
2948 2755 3158 2826 prépria
3210 2752 3501 2824 pandentes

249 2857 431 2899 coram
449 2843 753 2899 hominibus
776 2843 1515 2913 fecitconﬁtéri,conﬁteﬁtur
1532 2858 1627 2898 vos
1644 2857 1823 2898 coram
1929 2852 2163 2922 piacula,
2217 2854 2456 2907 invenire
2502 2853 2824 2918 mereamur,
2859 2866 2955 2920 pio
2981 2850 3174 2919 quibus
3218 2847 3499 2917 gemimus,

250 2933 410 2989 Patre
432 2948 552 2989 suo.
598 2935 636 3003 ιῆ
659 2976 673 2989 .
706 2936 896 2989 Amen.
933 2933 1020 3000 Et,
1050 2934 1141 3004 qui
1171 2935 1226 2989 in
1252 2949 1348 2989 ore
1368 2949 1466 2989 suo
1487 2932 1701 3003 accepta
1725 2932 1826 2988 sibi
1935 2942 2166 2996 veniam.
2211 2944 2248 3011 ti)
2269 2982 2284 2995 .
2311 2943 2499 2996 Amen.

258 3024 615 3080 confessidnis
664 3024 894 3079 contulit
941 3025 1192 3091 cantica,
1259 3025 1373 3094 ipse
1436 3023 1826 3079 conl'essiénem
2005 3034 2104 3088 per
2155 3032 2596 3089 misericordiam.

258 3124 490 3170 vestram
548 3116 992 3172 remunerandam
1046 3116 1330 3186 suscipiat;
1399 3115 1473 3183 ri.
1518 3114 1707 3171 Amen.
1757 3114 1826 3170 Ut
1855 3168 1897 3194 η
2019 3127 2092 3193 ii}.
2121 3124 2376 3194 Speciesa
2405 3134 2458 3179 et
2482 3122 2677 3177 dccdra
2724 3122 2856 3177 facta
2902 3131 2985 3177 est
3010 3121 3164 3177 bedta
3194 3122 3342 3175 Anna
3389 3134 3500 3174 ma-

256 3207 505 3277 cxémplo
532 3207 701 3263 beata:
732 3209 902 3265 Anna:
926 3209 1111 3265 matris
1136 3208 1315 3263 Maria:
1342 3206 1570 3278 Virginis
1602 3207 1703 3279 15
1733 3222 1825 3277 ge-
1854 3206 1900 3231 ”
1933 3225 2014 3272 ter
2060 3215 2242 3270 Mariae
2272 3213 2504 3283 Virginis
2546 3212 2818 3282 genitricis
2864 3226 2996 3280 sum,
3044 3211 3176 3267 dicit
3218 3209 3498 3264 Dominus.

261 3298 469 3352 nitrlcis
521 3312 631 3353 suat
685 3298 989 3354 conﬁtendo
1031 3307 1087 3355 et
1143 3298 1406 3355 laudando
1450 3313 1643 3352 nomen
1697 3297 1824 3352 Jesu
1926 3306 2087 3364 p.15;
2128 3306 2261 3361 οάοι-
2308 3312 2446 3370 tuus,
2476 3304 2623 3359 velut
2649 3302 2941 3358 balsamum
2985 3318 3089 3358 non
3121 3302 3333 3356 ηιίειυιη
3370 3320 3383 3354 ;
3414 3300 3500 3354 f5-

254 3386 455 3442 Christi
502 3387 556 3441 in
608 3389 885 3454 sarculum,
936 3390 1220 3459 participes
1245 3389 1381 3458 ejus,
1409 3403 1567 3458 quem
1595 3386 1822 3443 confessi

1941 3400 2038 3454 :ies
2086 3405 2260 3454 autem
2312 3407 2422 3462 tua,
2471 3395 2609 3450 sicut
2649 3393 2727 3448 sol
2775 3393 3062 3461 Splendens
3111 3393 3165 3448 in
3208 3402 3333 3447 ortu
3375 3404 3493 3446 suo.

253 3478 404 3543 estis,
436 3478 743 3534 mereamini
775 3496 894 3537 esse
919 3482 971 3536 in
1002 3481 1161 3537 cmlo.
1208 3481 1245 3547 Ii)
1269 3520 1282 3534 .
1314 3482 1502 3535 Amen.

1941 3490 2181 3557 Alleluia,
2207 3486 2441 3555 alleluia,
2469 3485 2706 3541 alleluia.
2769 3485 2803 3554 ᾗ
2827 3520 2843 3538 .
2875 3484 2989 3539 Vox
3019 3484 3161 3540 enim
3194 3494 3280 3538 tua
3307 3482 3499 3548 dulcis,

324 3568 427 3625 Per
455 3572 901 3628 misericordiam.
1929 3587 1985 3636 et
2010 3577 2175 3633 iacies
2202 3588 2288 3633 tua
2318 3577 2533 3632 decﬁra.
2566 3574 2632 3629 P.
2666 3575 2729 3630 Et
2757 3576 2907 3631 odor.
2930 3575 2962 3643 ᾗ
2985 3612 3000 3629 .
3021 3572 3224 3638 Gldria,
3248 3584 3299 3627 et
3329 3572 3501 3626 honor

326 3660 529 3717 Lauda.
557 3664 941 3720 Cerminabunt
980 3679 1101 3719 ossa
1130 3674 1240 3730 tua,
1286 3664 1463 3735 quasi.
1492 3662 1638 3735 folio.
1666 3679 1825 3723 eux.
1930 3671 2093 3726 Patri.
2128 3669 2190 3723 Ρ.
2220 3669 2285 3723 Ει
2310 3669 2464 3722 odor.

328 3751 527 3807 Oratio.
577 3752 801 3809 Démine
838 3754 964 3811 Jesu
989 3755 1219 3825 Christe,
1264 3758 1355 3826 qui
1408 3770 1467 3812 es
1511 3771 1734 3827 magnus
1774 3767 1829 3812 et
2004 3762 2201 3816 Oratio.
2242 3759 2466 3815 Domine
2492 3759 2618 3815 Jesu
2640 3757 2873 3824 Christe,
2915 3757 3094 3829 quies
3123 3770 3281 3824 supra
3307 3768 3495 3808 omnes

253 3842 561 3911 gloriﬁsus;
616 3843 681 3898 da
710 3844 863 3900 nobis
911 3845 1123 3900 tumulis
1164 3847 1286 3912 tuis.
1336 3856 1412 3913 ut,
1440 3847 1563 3903 dum
1607 3847 1822 3916 operum

1941 3861 2117 3923 gentes
2144 3851 2413 3917 excelsus,
2440 3860 2496 3905 et
2535 3851 2586 3905 in
2614 3850 2918 3906 cceléstihus
2950 3848 3158 3903 habitas
3202 3847 3500 3918 gloriosus;

254 3932 467 3989 tudrum
516 3935 932 4006 magnitudinem
987 3937 1333 4008 admiramur,
1384 3939 1827 4009 magniﬁcentiam
1932 3943 2288 4000 humilitatem
2336 3952 2571 3999 nostram
2612 3944 2679 3996 ab
2702 3939 2917 3998 excelso
2964 3940 3179 3998 intende
3228 3940 3504 4008 placittus;

257 4032 400 4079 tuam
430 4024 609 4080 debita
637 4027 975 4083 conlessitine
1002 4029 1307 4095 laudemus;
1359 4041 1521 4100 atque
1569 4032 1831 4087 interces-
1936 4046 2095 4105 atque
2128 4037 2267 4090 sicut
2308 4032 2550 4090 Ecclesia
2590 4042 2700 4103 tua,
2729 4048 2848 4103 quae
2883 4042 2997 4089 crat
3040 4032 3334 4088 sterilitétis
3362 4029 3509 4089 vitiis

256 4114 410 4171 sicne
456 4114 704 4185 gloriosae
748 4118 918 4171 beatae
945 4121 1112 4173 Anna:
1158 4121 1344 4175 matris
1391 4121 1570 4176 Maria:
1604 4121 1832 4191 Virginis
1934 4129 2220 4196 impedita,
2258 4141 2397 4181 nunc
2425 4135 2530 4189 est,
2561 4126 2615 4180 in
2648 4137 2699 4180 te
2735 4125 2989 4189 credens,
3022 4125 3275 4179 virtutum
3305 4122 3512 4179 meritis

257 4201 528 4273 genitricis
558 4212 663 4258 tute
707 4204 881 4260 tribue
926 4206 1083 4262 nobis
1128 4206 1416 4276 perlectum
1466 4209 1831 4278 intelligentia:
1934 4213 2090 4281 plena
2135 4221 2190 4265 et
2236 4209 2358 4264 ﬁliis
2410 4210 2731 4274 numerosa;
2792 4208 2864 4263 ita
2893 4249 2908 4275 ,
2959 4218 3016 4263 te
3064 4208 3368 4276 tribuente,
3415 4221 3508 4276 per

255 4293 456 4361 decus,
503 4293 711 4349 liméris
749 4294 1105 4351 obedientiam
1145 4297 1323 4366 agere,
1364 4306 1419 4353 et
1458 4297 1705 4353 mandata
1743 4306 1833 4353 tua
1935 4300 2294 4359 interventum
2341 4297 2591 4371 gloriosae
2662 4298 2830 4355 beatae
2883 4298 3054 4353 Annae
3097 4298 3283 4352 matris
3329 4295 3508 4351 Mariae

258 4385 435 4442 ﬁdelia
502 4388 648 4441 omni
714 4388 956 4442 custddia
1020 4388 1200 4445 cordis
1255 4387 1541 4460 diligenter
1592 4389 1826 4460 explere.

272 4476 308 4541 ἡ
332 4515 346 4528 .
377 4475 566 4531 Amen.

327 4566 430 4623 Per
454 4569 896 4626 misericdnliam.

811 4662 891 4714 Ad
925 4661 977 4713 Μ
985 4663 1260 4715 atutinum.

328 4748 643 4821 Antipapna.
681 4750 845 4807 Labia
867 4768 1005 4807 mea.
1050 4752 1145 4822 fol.
1170 4768 1385 4807 usui.
1416 4750 1511 4808 Ps.
1544 4770 1595 4808 ι..
1626 4751 1827 4809 Oratio.

253 4838 509 4894 Exuitent
535 4848 589 4896 te
615 4841 861 4898 Domine.
892 4845 987 4912 fol.
1016 4858 1232 4901 cum.

324 4931 619 5002 Antiphona
669 4936 717 4989 i.
776 4936 887 5006 Ego
937 4937 990 4990 in
1023 4937 1221 4993 saecula
1259 4935 1502 5007 gaudebo
1532 4953 1548 4992 :
1580 4939 1827 4995 Alleluia.

254 5020 324 5076 P.
352 5021 658 5080 Conﬁtébor
681 5026 916 5092 alleluia,
943 5036 997 5083 et
1026 5027 1246 5098 psallam
1281 5028 1389 5083 Deo
1434 5029 1665 5094 alleluia,
1696 5030 1828 5086 alle-

257 5112 387 5167 luia.
438 5113 862 5181 i.Convértere
907 5116 1081 5171 anima
1126 5133 1243 5173 mea
1294 5119 1346 5172 in
1385 5117 1620 5188 requiem
1652 5130 1824 5175 tuam:

255 5204 378 5272 quia
430 5204 688 5263 Dominus
737 5207 1002 5265 benel‘ecit
1053 5210 1205 5265 mibi.
1259 5208 1328 5267 P.
1378 5209 1706 5267 Conﬁtébor.
1753 5214 1824 5278 Ῡ.

277 5294 480 5359 Cleria,
511 5305 565 5351 et
590 5299 762 5352 honor
788 5298 949 5353 Patri.
980 5298 1045 5355 P.
1077 5300 1403 5356 Conlitébor.

332 5386 532 5443 Oratio.
588 5387 811 5445 Domine
848 5392 972 5445 .lesu
1000 5390 1230 5459 Christe,
1260 5394 1349 5463 qui
1380 5393 1589 5449 beatam
1619 5396 1823 5451 Annam

258 5485 482 5534 matrem
536 5479 717 5536 Mariae
765 5483 997 5555 Virginis
1042 5486 1316 5554 genitricis
1382 5496 1484 5542 tua:
1528 5485 1581 5542 in
1632 5490 1825 5544 sarcula

253 5571 575 5627 steculdrum
613 5574 843 5644 gaudere
889 5584 944 5630 et
987 5579 1227 5632 cxultAre
1278 5579 1473 5647 fecisti,
1513 5589 1573 5635 ut
1604 5579 1699 5637 tibi
1727 5581 1827 5636 soli

254 5660 373 5717 sine
413 5662 519 5719 ﬁne
551 5665 783 5734 psallens
820 5667 988 5722 laudis
1012 5667 1214 5724 delerat
1248 5669 1521 5739 hymnum,
1567 5672 1720 5741 cujus
1759 5686 1824 5727 ex

251 5752 590 5811 confessione
623 5757 815 5813 meruit
853 5758 1098 5815 obtinere
1129 5761 1498 5827 consortium;
1533 5772 1585 5820 te
1616 5762 1827 5818 desetis

1858 4524 1908 4584 Ι)

1937 4392 2167 4464 Virginis
2208 4391 2482 4464 genitricis
2542 4401 2644 4447 tute
2691 4405 2842 4447 mens
2900 4400 3081 4446 nostra
3120 4390 3188 4443 ab
3229 4388 3510 4444 sterilitate

1934 4484 2156 4555 operum
2208 4482 2536 4549 infamanda,
2588 4483 2757 4550 possit
2800 4494 2982 4535 semen
3032 4480 3177 4534 verbi
3208 4477 3503 4547 suscipere,

1933 4584 1987 4630 ct
2020 4572 2257 4643 copiosis
2302 4572 2561 4628 fructibus
2605 4570 2907 4627 redundiire
2954 4588 2965 4622 :
3010 4568 3311 4640 nomenque
3359 4579 3503 4624 tuum

1936 4666 2135 4736 ubique
2166 4663 2502 4736 praeclarum,
2533 4663 2710 4717 cordis
2751 4660 2945 4715 ambiat
2993 4660 3344 4714 unanimitéte
3389 4659 3507 4714 dili-

1934 4771 2080 4827 gere,
2106 4764 2162 4812 et
2192 4755 2315 4810 ﬁdei
2344 4754 2655 4809 assensione
2681 4753 2919 4806 laudare.
2966 4752 3003 4819 ἢ
3024 4789 3038 4803 .
3062 4752 3254 4806 Amen.

2538 4842 2601 4895 In
2632 4841 2918 4897 Laudibus.

2008 4939 2089 4993 Ad
2113 4936 2402 4991 Canticum.
2436 4932 2748 5003 Autiphona.
2783 4932 3088 4989 Conﬁtébor
3117 4932 3231 4995 tibi,
3262 4930 3510 4986 Demitte.

2007 5028 2297 5083 Canticum.
2327 5024 2655 5090 Conlitébor,
2688 5024 2914 5080 Domine
2937 5040 3051 5080 rex.
3082 5024 3207 5092 [alio
3233 5037 3412 5078 cum.

2010 5115 2213 5171 Oratio.
2247 5114 2471 5171 Domine
2515 5116 2640 5169 Jcsu
2669 5114 2879 5169 Christe
2922 5112 3202 5167 laudabilis
3251 5111 3412 5167 nimis
3456 5119 3515 5167 et

1935 5224 2156 5280 magne,
2207 5217 2260 5261 te
2306 5204 2655 5275 implorantes
2703 5204 3067 5273 exquirimus;
3119 5212 3172 5257 te
3214 5201 3514 5272 querentes

1934 5300 2275 5372 exposcimus
2315 5299 2613 5355 interventu
2643 5298 2888 5368 glorit’isze
2927 5298 3097 5354 beata:
3126 5299 3295 5354 Anna:
3324 5297 3513 5353 matris

1936 5396 2116 5451 Mariae
2146 5395 2377 5465 Virginis
2404 5393 2679 5464 genitricis
2712 5401 2815 5447 tum
2849 5410 2860 5445 :
2895 5393 2975 5449 lac
3001 5392 3278 5449 nobiscum
3304 5389 3513 5447 miseri-

1929 5486 2165 5541 cerdiatn
2212 5495 2432 5556 propter
2473 5497 2665 5539 nomen
2712 5492 2858 5537 tuum
2910 5502 2926 5538 :
2970 5492 3026 5540 et
3068 5483 3121 5536 in
3169 5481 3359 5549 quibus
3400 5481 3432 5534 ὸ
3460 5488 3513 5535 te

1937 5578 2215 5649 peccando
2243 5578 2588 5641 recessimus,
2604 5574 2941 5633 confessitine
2961 5575 3147 5631 humili
3172 5575 3511 5631 maneamus:

1938 5670 2041 5739 ιθ
2064 5679 2118 5724 ct
2146 5668 2372 5736 pietate,
2413 5667 2515 5734 qua
2547 5665 2819 5721 redemisti
2845 5665 3103 5735 captivos,
3127 5675 3183 5721 et
3208 5662 3505 5720 misericor-

1933 5762 2021 5816 dia
2054 5760 2315 5829 adjuvasli
2367 5761 2684 5830 oppressos;
2739 5759 2847 5828 ipsa
2881 5774 3041 5827 nunc,
3088 5773 3205 5829 qua:
3232 5755 3505 5828 gessimus.
