3984 6376
467 330 606 388 139

464 444 637 511 dilue;
684 454 838 514 atque
871 443 922 498 in
954 451 1102 513 parte
1136 441 1371 499 dexterae
1417 451 1543 511 tute,
1589 457 1723 514 quos
1752 444 2049 513 redemisti,
2079 448 2125 506 Α

462 535 657 592 statue.
700 535 738 603 Ii
762 575 776 589 .
811 535 1003 590 Amen.

535 626 638 681 Per
664 626 1112 681 misericordiam.

534 721 615 773 ea
642 706 965 775 Benedictus.
1000 719 1313 790 Antiphone.
1341 719 1475 775 Filia
1503 720 1656 789 Sion,
1688 718 1915 776 bénedic
1942 718 2052 773 ne.

414 826 417 829 '
470 812 621 868 mino
650 810 759 868 Deo
786 812 1000 867 excelso
1028 812 1080 866 in
1112 811 1257 866 omni
1286 811 1683 876 bénedictidne,
1710 820 1770 876 _et
1800 810 1977 865 laude.

535 888 824 959 Canticum.
851 904 1169 960 Benedictus
1197 919 1277 968 es,
1309 903 1551 959 Domine.
1596 903 1690 972 fol.
1724 902 1773 956 6.

532 995 697 1051 Sana.
732 996 788 1051 In
826 996 1121 1066 conspectu
1148 995 1491 1066 A-ngelérum.
1552 995 1759 1049 Lauda.
1800 992 2036 1051 Alleluia.
2140 998 2143 999 ⁷

462 1084 750 1142 Confessio
800 1087 937 1157 ejus.
1007 1087 1103 1159 fol.
1158 1102 1355 1142 cuxu.
1414 1086 1711 1157 Prop/teda.
1773 1085 2052 1142 Mulierem

460 1177 657 1235 fortem
687 1180 806 1252 quis
837 1180 1111 1251 inveniet?
1149 1180 1353 1249 ιιι-οεὺι.
1387 1178 1488 1233 Hic
1518 1179 1615 1250 fol.
1652 1181 1737 1235 t5.

1125 1293 1384 1363 Hymnus.

676 1386 836 1442 Orbis
859 1388 1105 1442 exultans
1133 1388 1372 1443 celebret
1400 1390 1499 1441 hoc
1525 1387 1740 1450 festum,

596 1476 945 1547 Prdsequens
969 1480 1178 1533 Annam
1210 1486 1433 1532 matrem
1463 1478 1644 1533 Matris
1666 1478 1884 1543 Christi,

604 1570 723 1638 ρυι
749 1572 917 1626 sacris
947 1570 1153 1624 actibus
1182 1572 1425 1639 occeptat

816 1663 1018 1718 Gaudia
1058 1663 1198 1719 vitae.

677 1753 907 1808 Abrahae
934 1755 1109 1823 proles
1140 1754 1479 1809 sacerdotum
1508 1754 1699 1810 sériem
1717 1798 1733 1822 ,

604 1843 795 1905 Filiam
826 1847 986 1916 regis,
1019 1862 1192 1914 spem,
1226 1847 1501 1906 Hebrznam
1528 1848 1747 1918 stirpem

602 1934 919 1989 Sanctorum
954 1935 1159 1990 méritis
1188 1944 1243 1990 et
1273 1939 1391 1990 vita:

818 2027 997 2082 Nobili
1030 2030 1192 2081 canit.

673 2119 861 2175 Stérili
897 2128 1083 2191 ventre
1127 2119 1620 2188 prius'inl’mcumln

602 2212 743 2267 Nutu
780 2213 972 2267 Divino
1004 2212 1215 2283 péperit
1245 2212 1464 2266 Mariam

606 2304 893 2360 Dbminnm
923 2320 1105 2375 regum
1134 2314 1188 2360 et
1213 2320 1397 2359 verum
1435 2305 1619 2361 liorem

823 2394 1171 2464 Vitginimtis.

684 2489 876 2559 Atque,
904 2488 993 2542 illa
1019 2486 1311 2553 mediante,
1336 2486 1462 2542 Jesu
1483 2487 1696 2543 Christo
1723 2500 1943 2544 nostros

599 2580 772 2650 Terge
801 2580 982 2635 reatus
1010 2579 1171 2635 noxia
1205 2580 1527 2650 prapt'tlsans

599 2670 743 2727 Filia
769 2671 1022 2724 succurre
1054 2670 1450 2726 matri..........

678 2762 851 2816 Donet
880 2762 980 2815 hoc
1009 2761 1165 2816 nobis
1193 2760 1362 2830 pietas
1391 2776 1511 2816 cum
1542 2764 1653 2815 miti

603 2855 805 2925 Spiritu
833 2854 1032 2910 Sancto
1060 2872 1072 2906 :
1108 2853 1356 2925 precibus
1380 2854 1630 2923 juvémur

603 2947 789 3003 Matris
818 2948 987 3003 Anna:
1031 2946 1083 3002 in
1126 2947 1514 3001 omni..........

821 3038 1087 3109 Témpore
1126 3037 1294 3095 saecli.

675 3134 867 3189 Amen.
1209 3124 1214 3130 ’
1592 3208 1595 3209 ν

532 3227 878 3296 Supplicatio.
904 3226 1133 3283 Oremus
1166 3224 1579 3295 Redetnptdrem
1606 3223 1815 3289 mundi,
1845 3222 2046 3277 Mutato

460 3318 685 3373 nomine.
723 3318 821 3384 fol.
850 3332 1106 3373 cuxxvu

533 3407 801 3477 Capitula.
848 3407 1097 3464 Gloridse
1125 3449 1140 3473 ,
1192 3423 1256 3463 ac
1302 3406 1609 3463 misericors
1655 3404 1905 3472 Domine,
1955 3406 2045 3475 qui

459 3499 635 3555 beata:
664 3501 838 3555 Annae
889 3502 1078 3556 matris
1120 3491 1303 3556 Marias
1336 3500 1566 3570 Virginis
1621 3499 1893 3571 genitricis
1943 3508 2049 3554 tute

459 3590 557 3647 tibi
607 3591 768 3647 nimis
813 3593 865 3646 in
914 3607 1008 3648 ore
1059 3608 1159 3648 suo
1209 3592 1451 3649 conﬁteri
1500 3592 1735 3659 dedisti,
1788 3601 1945 3662 teque
1994 3590 2047 3645 in

458 3683 637 3739 médio
665 3684 963 3753 Justdrum,
1010 3686 1129 3757 ejus
1173 3685 1511 3742 confessidne
1556 3684 1761 3740 laudari
1808 3684 2045 3753 voluisti,

458 3784 516 3831 ut
542 3792 660 3832 eam
691 3786 746 3833 et
788 3778 842 3833 in
875 3779 1030 3834 terris
1058 3778 1405 3834 conﬁtentem
1436 3788 1491 3834 et
1532 3779 1583 3833 in
1637 3778 1868 3833 concilio
1908 3774 2048 3831 San-

436 3870 669 3938 ,ctdrum
690 3872 992 3941 glorilicons
1041 3871 1248 3929 faceres
1276 3874 1603 3929 exultantem
1638 3891 1651 3927 :
1703 3874 2044 3942 expdscimus

460 3962 537 4016 tui
578 3963 818 4018 muneris
844 3963 1068 4028 donum,
1102 3971 1159 4017 ut.
1201 3964 1320 4033 ejus
1365 3963 1616 4032 precibus
1654 3963 1858 4017 tribuas
1891 3964 2047 4019 nobis

457 4052 489 4106 ii
513 4052 714 4121 peccati
746 4053 1066 4123 contagidne
1095 4052 1331 4123 purgari,
1360 4053 1429 4107 ab
1459 4051 1743 4108 ardoribus
1774 4052 2046 4124 perpetuis

459 4141 603 4209 erui,
634 4152 686 4199 et
712 4142 897 4215 gloria:
929 4153 1031 4199 tum
1054 4144 1436 4199 beatitudinem
1468 4143 1752 4215 consequi.

524 4234 686 4290 Pater
712 4243 911 4291 noster.
943 4234 1177 4291 Liberéti
1216 4234 1247 4289 ὲ
1275 4237 1436 4291 malo.
1466 4235 1563 4304 fol.
1594 4234 1651 4289 2.

527 4325 738 4381 Lauda.
796 4324 1190 4382 Gertninabunt
1242 4340 1386 4382 ossa.
1439 4324 1754 4382 Benedictio.
1801 4326 2045 4384 Christus

456 4408 737 4486 Daminus,
769 4415 858 4485 qui
892 4415 1215 4471 beatissima:
1243 4416 1433 4475 Aunte.
1470 4415 1654 4483 Quane
1680 4424 1817 4471 retro
1858 4418 1910 4470 in
1949 4416 2044 4472 Ve-
2135 4490 2139 4499 ι

455 4509 617 4579 speris
647 4509 1067 4579 prwcedentibus.

699 4599 768 4654 In
797 4598 1108 4655 Sanctorum
1141 4600 1347 4672 Septem
1378 4600 1772 4656 Dormientium.

529 4688 720 4745 Omnia
768 4692 1005 4745 dicantur
1046 4692 1386 4762 plurimorum
1415 4691 1702 4758 Martyrum
1749 4707 1925 4745 novem
1972 4693 2040 4746 le-

458 4762 711 4827 ctionum,
737 4762 834 4831 fol.
864 4777 1086 4817 CLXVIII.

457 4869 525 4928 In
549 4872 863 4929 Sanctorum
888 4871 1104 4927 Nazarii
1125 4912 1141 4938 ,
1172 4882 1220 4926 et
1242 4870 1407 4938 Celsi,
1438 4881 1486 4925 et
1527 4871 1858 4928 Pantaleonis
1899 4872 2042 4928 Mar-
2110 4920 2115 4931 λη

1158 4974 1343 5019 turum.

1158 4982 1192 5017 tt
1213 4982 1343 5019 rum.

530 5053 714 5108 Omnia
743 5055 981 5109 dicuntur
1010 4982 1353 5125 plurim’orum
1384 5053 1694 5125 Martyrum,
1737 5055 1830 5123 fol.
1862 5070 2037 5112 CLXVI.

848 5163 915 5219 In
944 5165 1127 5221 Sancti
1157 5163 1350 5220 Felicis
1380 5165 1641 5239 EpiscOpi.

529 5256 718 5312 Omnia
766 5257 1001 5313 dicantur
1044 5258 1194 5313 unius
1238 5256 1553 5328 Confessoris
1584 5258 1871 5329 Pontiﬁcis,
1916 5262 2042 5332 folio

455 5341 630 5384 CLXIX.

558 5419 628 5474 In
655 5420 965 5477 Sanctorum
992 5422 1271 5492 Simplicii,
1302 5419 1563 5486 Faustini,
1591 5430 1635 5474 et
1664 5421 1932 5481 Beatricis.

530 5509 718 5564 Omnia
758 5512 999 5567 dicantur
1046 5514 1383 5581 plurimorum
1415 5513 1702 5581 Martyrum
1748 5533 1926 5572 novent
1970 5521 2038 5574 le-

459 5580 700 5647 ctionum,
736 5584 831 5653 fol.
871 5580 1091 5640 cuvm.

828 5694 893 5749 In
920 5696 1127 5751 Sancta:
1155 5696 1373 5753 Martha:
1404 5698 1653 5773 Virginis.

530 5778 718 5839 Omnia
745 5779 1159 5844 dicantnr'unius
1186 5788 1421 5862 Virginis
1441 5835 1455 5861 ,
1490 5792 1585 5862 fol.
1617 5806 1829 5846 CLXXIX.

1707 325 2130 386 BREVIARIUM
2171 326 2541 399 GQ'I'IIICUII.

3605 338 3771 398 ιδιοη

2478 442 2541 499 In
2570 442 2879 500 Sanctorum
2911 446 3110 512 Abdon,
3135 458 3181 501 et
3205 447 3436 504 Scnncn.

2230 534 2415 588 Omnia
2446 535 2704 609 dicantur
2750 534 3093 606 plurimorum
3134 535 3427 609 Martyrum
3459 558 3635 599 nocent
3664 544 3738 601 le-

2154 607 2397 673 clionum,
2427 607 2521 677 fol.
2551 621 2767 661 curm.

2313 720 2374 776 In
2404 720 2586 777 Sancti
2614 723 2863 778 Germani
2894 725 3141 797 Episcopi
3167 736 3212 781 et
3240 726 3583 798 Confessoris.

2229 813 2413 868 Omnia
2463 816 2701 871 dicantur
2749 821 2902 875 unius
2950 817 3267 889 Confessoris
3297 820 3587 894 Pontiﬁcis,
3641 825 3737 894 fol.

2154 898 2331 938 (ςιιιι.

2504 1017 2836 1090 FESTA
2893 1018 3387 1096 AUGUSTI.

2622 1146 2842 1201 Vincula
2872 1149 3054 1205 Sancti
3079 1150 3240 1205 Petri.

2201 1236 2413 1289 -Omnia
2440 1239 2679 1293 dicantur
2707 1253 2760 1294 ut
2790 1243 2842 1295 in
2867 1242 3145 1309 Catltrdra,
3182 1246 3274 1313 fol.
3306 1260 3560 1301 ccxxvttt.

2355 1347 2418 1402 In
2446 1348 2753 1406 Sanctorum
2790 1354 3203 1409 Machabcrorum
3233 1369 3538 1427 martyrum.

2224 1433 2413 1493 Ontnia
2444 1440 2683 1498 dicantur
2714 1443 3050 1529 plurimorum
3070 1448 3381 1518 Martyrum,
3396 1449 3487 1517 fol.
3518 1462 3743 1503 CLXVIII.

2405 1551 2473 1607 In
2500 1554 2681 1610 Sancti
2698 1556 2950 1625 Stephani
2974 1559 3135 1629 Papa:
3158 1572 3205 1615 et
3236 1562 3497 1631 martyris.

2225 1638 2410 1719 Omnia
2471 1644 2710 1699 dicantur
2758 1647 2908 1701 unius
2948 1647 3197 1719 Martyris
3241 1664 3420 1703 novem
3449 1649 3742 1710 lectionum,

2151 1708 2281 1778 folio
2320 1726 2441 1767 cu.

2292 1804 2357 1859 In
2389 1805 2691 1864 Inventione
2720 1809 2898 1865 Sancti
2926 1811 3180 1882 Stephani
3204 1820 3617 1882 protomartyris.

2231 1892 2416 1948 Omnia
2448 1897 2688 1952 dicantur
2713 1909 2766 1953 ut
2796 1900 2849 1953 in
2877 1902 2978 1965 die,
3011 1901 3106 1971 fol.
3135 1901 3225 1957 5L

2532 2009 2598 2065 In
2630 2011 2815 2067 Sancti
2847 2012 2992 2069 Petri
3023 2014 3349 2070 Oxomensis.

2224 2094 2413 2151 Omnia
2456 2101 2701 2156 dicantur
2747 2104 2901 2158 unius
2941 2107 3263 2176 Confessoris
3308 2104 3601 2175 Pontiﬁcis,
3648 2106 3743 2174 fol-

2151 2182 2331 2221 ςικιι.

2427 2278 2495 2334 1η
2528 2285 2658 2352 festo
2686 2283 2894 2341 Sancta:
2916 2285 3102 2343 Mante
3128 2290 3191 2342 de
3220 2289 3461 2345 Nicibus.

2226 2369 2416 2429 Omnia
2482 2376 2723 2431 dicantur
2781 2390 2834 2432 ut
2903 2382 2955 2434 in
3014 2382 3099 2435 die
3154 2383 3557 2452 Assumptionis,
3619 2380 3744 2450 folio

2153 2458 2427 2500 CCLXIX".

2154 2556 2218 2612 In
2244 2558 2424 2614 Sancti
2482 2558 2744 2616 Dominici
2795 2560 3111 2634 Confessoris
3156 2568 3219 2620 de
3255 2565 3453 2621 Ordine
3478 2564 3742 2619 Prcedica-

2840 2646 3029 2689 torum.

2152 2720 2413 2858 flOmnia
2458 2724 2696 2778 dicantur
2743 2726 2891 2781 unius
2931 2726 3250 2797 Confessoris
3303 2744 3407 2783 non
3438 2727 3726 2796 Pontiﬁcis,

2179 2812 2204 2842 υ
2234 2832 2247 2845 .
2288 2807 2511 2847 CLXXIII.

2179 2807 2247 2845 υι.
2288 2807 2511 2847 CLXXIII.

2507 2887 2572 2941 In
2605 2888 3100 2961 Transﬁyurationis
3149 2889 3376 2945 Domini.

2229 2977 2417 3031 Omnia
2448 2979 2690 3032 dicantur
2722 2991 2773 3034 ut
2807 2981 2858 3034 in
2886 2982 2969 3033 die
2998 2981 3203 3035 Sancta:
3226 2980 3519 3035 Trinitatis.

2155 3093 2221 3148 In
2257 3095 2570 3152 Sanctorum
2612 3096 2778 3167 nyti
2834 3096 3011 3162 Papte,
3068 3095 3407 3159 Felicissimi,
3459 3108 3508 3149 et
3532 3098 3737 3167 Ayapiti

2422 3176 2429 3185 '
2793 3182 3097 3237 martyrum.

2226 3259 2413 3313 Omnia
2459 3261 2701 3313 dicantur
2745 3259 3088 3327 plurimorum
3127 3259 3419 3331 Martyrum
3463 3275 3639 3314 novent
3666 3263 3736 3313 le-

2152 3332 2399 3396 ctionum,
2435 3332 2559 3401 folio
2583 3346 2808 3385 cuvm.

2367 3445 2433 3497 In
2468 3444 2647 3499 Sancti
2685 3442 2878 3497 Donati
2910 3442 3155 3515 Episcopi
3180 3456 3223 3498 et
3244 3444 3517 3515 Martyris.

2225 3534 2414 3590 Omnia
2436 3537 2674 3590 dicantur
2702 3536 2850 3590 unius
2875 3533 3122 3607 Martyris
3148 3536 3438 3606 Pontiﬁcis,
3469 3539 3565 3609 fol.
3591 3552 3734 3592 cus.

2511 3648 2575 3701 In
2603 3648 2786 3703 Sancti
2808 3648 3099 3703 Mammetis
3122 3649 3381 3719 martyris.

2153 3741 2418 3880 [lOmnia
2456 3740 2697 3795 dicantur
2738 3742 2889 3795 unius
2930 3739 3183 3811 Martyris
3228 3756 3404 3795 novem
3444 3742 3734 3805 lectionum,

2177 3828 2205 3865 o
2235 3851 2248 3864 .
2280 3827 2425 3867 CLVI.
2526 3832 2529 3835 λ

2177 3827 2248 3866 οι.
2280 3827 2425 3867 CLVI.
2526 3832 2529 3835 λ

2153 3922 2219 3978 In
2252 3924 2562 3979 Sanctorum
2601 3924 2804 3995 Cyriaci
2823 3966 2838 3991 ,
2870 3924 3048 3997 Largi,
3075 3924 3444 3995 Sociorumque
3468 3926 3566 3996 17
3596 3926 3729 3995 ejus.

2228 4014 2410 4067 Omnia
2440 4014 2678 4066 dicantur
2726 4014 3062 4081 plurimorum
3111 4015 3405 4085 Martyrum
3448 4031 3623 4069 norem
3654 4019 3730 4070 le-

2149 4085 2393 4152 ctionum,
2424 4086 2518 4154 fol.
2550 4099 2769 4140 CLXVIII.

2540 4196 2599 4251 In
2637 4196 2818 4252 Sancti
2848 4197 3064 4252 Tiburtii
3094 4201 3356 4271 martyris.

2150 4291 2413 4431 flumnia
2455 4291 2694 4345 dicantur
2724 4292 2875 4345 unius
2924 4291 3174 4364 Martyris
3218 4310 3396 4350 novem
3439 4296 3733 4360 lectionum,

2175 4377 2201 4414 ο
2234 4402 2246 4416 .
2277 4376 2398 4416 CLX.

2175 4376 2246 4416 οι,
2277 4376 2398 4416 CLX.

2504 4475 2574 4531 In
2602 4477 2781 4537 Sancti
2810 4478 3073 4534 Laurentii
3104 4479 3372 4551 Episcopi.

2072 4546 2121 4604 D
2230 4570 2415 4623 Omnia
2446 4569 2683 4625 dicantur
2726 4571 2877 4626 unius
2917 4546 3237 4643 Confessoris
3287 4546 3573 4640 Pontiﬁcis,
3605 4570 3738 4643 [alio

2149 4655 2327 4703 CLXIX.

2240 4752 2308 4807 In
2338 4736 2548 4809 Sancta:
2576 4753 2745 4810 Clara:
2774 4755 3022 4828 Virginis,
3048 4758 3110 4812 de
3139 4759 3334 4812 Ordine
3363 4757 3642 4812 Minorunt.

2226 4845 2412 4899 Omnia
2434 4845 2671 4900 dicantur
2696 4848 2845 4902 unius
2879 4847 3123 4921 Virginis,
3148 4850 3242 4920 fol.
3268 4866 3484 4906 custx.

2298 4958 2362 5013 In
2397 4960 2578 5015 Sancti
2611 4959 2822 5017 Eusebii
2854 4962 3149 5035 Presbyteri
3173 4975 3218 5018 et
3248 4965 3588 5036 Confessoris.

2225 5050 2412 5105 Omnia
2427 5053 2674 5108 dicantur
2699 5055 2849 5109 unius
2879 5054 3201 5127 Confessoris
3228 5073 3402 5112 novent
3433 5057 3735 5120 lectionum,

2152 5122 2242 5191 fol.
2272 5136 2462 5179 cuxv.

2582 5235 2773 5291 Octava
2804 5236 2988 5293 Sancti
3014 5238 3298 5293 Laurentii.

2227 5324 2411 5381 Omnia
2436 5325 2677 5381 dicantur
2697 5335 2751 5381 ut
2774 5344 2827 5382 In
2854 5327 2960 5395 die,
2991 5330 3086 5398 fol.
3115 5344 3380 5385 ccuxvtt.

2541 5437 2610 5492 In
2639 5438 2819 5496 Sancti
2846 5441 3053 5513 Ayapiti
3080 5442 3337 5511 martyris.

2148 5531 2409 5672 “Omnia
2438 5531 2681 5617 dicantur
2728 5532 2878 5588 unius
2904 5533 3172 5605 Martyris
3216 5549 3391 5588 novem
3435 5534 3738 5604 lectionum,

2174 5620 2201 5657 ο
2229 5642 2244 5659 .
2272 5618 2389 5659 cu.

2174 5618 2244 5659 οι.
2272 5618 2389 5659 ιιι.

2150 5719 2215 5774 In
2251 5720 2431 5805 Sancti
2459 5717 2703 5775 Ludovici
2747 5718 2995 5845 Egilsicopi
3020 5730 3068 5775 et
3096 5720 3412 5792 Confessoris
3443 5720 3506 5778 de
3539 5720 3742 5779 Ordine

2882 5807 3079 5845 norum.
3646 5838 3651 5843 _

2882 5807 3079 5847 norum.
3646 5838 3651 5843 .
