3984 6376
210 369 332 425 ιδἰι

1616 368 1977 423 ΑΡΡΕΝΒΙΧ.

3331 381 3466 437 15η

276 485 463 539 Omnia
500 484 738 537 dicantur
780 487 928 539 unius
972 484 1290 556 Confessoris
1337 482 1642 548 Pontiﬁcis,
1677 482 1769 551 fol.
1804 487 1849 542 Α
1899 555 1914 560 _
1949 483 2136 560 Omnia
2178 481 2414 535 dicantur
2459 486 2607 537 unius
2651 485 2902 556 Martyris
2942 505 3120 543 novem
3163 492 3460 560 lectionum,

209 571 382 610 JLIII.

584 642 649 698 In
672 645 854 699 Sancti
880 644 1138 706 Bernardi
1169 645 1399 698 Abbatis.

278 738 462 792 Omnia
490 739 730 792 dicantur
755 743 905 794 unius
935 739 1271 808 Confessoris,
1296 740 1387 809 fol.
1415 753 1634 792 CLXVIII.

661 835 850 887 Octava
881 834 1086 888 Sancta:
1119 833 1319 886 Mariae.

279 924 462 977 Omnia
485 925 736 989 dicantur,
770 935 821 977 ut
851 925 904 978 in
929 927 1030 990 die,
1065 924 1157 991 fol.
1185 938 1454 977 CCLXXXII.

200 1037 270 1089 In
305 1037 612 1092 Sanctorum
645 1038 954 1095 Fabriciani.
983 1047 1030 1089 et
1051 1035 1291 1089 Filibtrti
1316 1036 1542 1099 A-bbatis,
1568 1045 1611 1087 et
1645 1050 1780 1086 mar-

897 1117 1083 1177 lyrum.

280 1199 464 1251 Omnia
487 1201 722 1252 dicantur
739 1199 1074 1267 plurimorum
1096 1197 1386 1267 Martyrum
1413 1212 1584 1250 novem
1607 1195 1776 1247 lectio-

201 1285 346 1333 num,
379 1269 476 1336 fol.
503 1285 721 1324 CLXVIII.

220 1381 222 1385 ’
257 1380 320 1433 ln
349 1380 653 1435 Sanctorum
682 1381 935 1434 Timothei
964 1391 1009 1434 et
1042 1381 1399 1446 Sintpttoriani
1425 1389 1728 1446 martyrum.

277 1472 462 1525 Omnia
507 1473 743 1527 dicantur
773 1474 1113 1539 plurimorum
1155 1473 1443 1543 Martyrum
1483 1488 1662 1526 novem
1704 1473 1776 1526 le-

202 1542 454 1610 ctionum,
487 1544 579 1612 fol.
604 1559 824 1596 CLXVIII.

311 1656 376 1710 In
411 1657 588 1712 Sancti
615 1657 858 1710 Ludovici
889 1657 1036 1726 [tegis
1065 1657 1306 1711 Francia:
1333 1655 1671 1726 Confessoris.

278 1749 464 1802 Omnia
507 1750 742 1802 dicantur
771 1753 916 1803 unius
947 1750 1263 1810 Confessoris
1293 1751 1569 1821 sintplicis,
1600 1768 1776 1805 novem

202 1821 494 1887 lectionum,
523 1821 615 1888 fol.
641 1835 838 1876 CLXXV.

637 1933 702 1987 In
737 1934 914 1989 Sancti
949 1935 1066 2001 liuﬁ
1096 1936 1355 2003 martyris.

204 2026 465 2164 rlOmnia
506 2028 744 2081 dicantur
774 2028 921 2080 unius
971 2026 1212 2096 Martyris
1259 2043 1434 2082 novem
1481 2028 1775 2093 lectionum,

225 2113 256 2148 ο
283 2137 296 2149 .
320 2111 445 2151 CLX.

225 2111 296 2150 οι.
320 2111 445 2151 (ιιι.

580 2187 644 2241 1η
674 2187 850 2243 Sancti
888 2187 1108 2242 Vic'oris
1141 2189 1405 2260 Episcopi.

278 2275 461 2330 Omnia
503 2279 736 2332 dicantur
776 2280 924 2333 unius
976 2279 1293 2350 Confessoris
1349 2280 1636 2350 Pontificis,
1677 2282 1771 2350 fol.

200 2362 384 2402 ειυς.

487 2440 552 2495 1η
582 2442 888 2497 Sanctorum
914 2444 1113 2499 Juliani
1140 2457 1185 2500 et
1217 2446 1495 2501 Hermetis.

278 2530 463 2584 Omnia
494 2533 728 2607 dicantur
775 2534 1110 2599 plurimorum
1151 2531 1439 2607 Martyrum
1486 2553 1659 2591 novem
1699 2540 1776 2592 lc-

201 2603 451 2667 ctionum,
485 2603 576 2668 fol.
603 2619 821 2658 CLXVIII.

594 2715 658 2766 In
690 2714 896 2770 Sancta:
925 2717 1130 2771 Sabinis
1156 2719 1384 2787 virginis.

277 2802 462 2856 Omnia
490 2805 723 2858 dicantur
753 2807 900 2860 unius
941 2807 1187 2877 Virginis,
1221 2810 1309 2878 fol.
1336 2827 1547 2864 CLXXIX.

345 2915 411 2970 In
439 2917 742 2973 Sanctorum
776 2918 963 2974 Felicis
991 2932 1037 2974 et
1067 2923 1287 2976 Audacti
1327 2934 1629 2994 martyrum.

276 3008 371 3076 fol.
399 3012 616 3064 CLXVIII.

422 3141 767 3213 FESTA
821 3143 1434 3216 SEPTEMBRI
1454 3149 1537 3218 S.

609 3272 674 3326 In
707 3273 882 3326 Sancti
915 3274 1112 3346 /Eyidt'i
1139 3278 1364 3331 Abbatis.

281 3362 466 3415 Omnia
494 3367 730 3417 dicantur
758 3367 905 3419 unius
936 3367 1272 3436 Confessoris.
1301 3370 1391 3438 fol.
1417 3386 1633 3424 CLXXIII.

387 3455 449 3509 In
480 3458 788 3513 Sanctorum
817 3461 1067 3516 Vincentii
1090 3473 1137 3516 et
1164 3464 1274 3517 Leti
1301 3478 1597 3535 marlyrum.

280 3547 465 3600 Omnia
498 3552 742 3626 dicantur
779 3553 1110 3616 plurimorum
1160 3555 1448 3626 Martyrum
1489 3573 1662 3610 novem
1707 3558 1776 3610 le-

205 3618 456 3682 ctionum,
487 3621 577 3688 fol.
604 3637 824 3675 CLXVIII.

584 3719 647 3772 In
677 3721 855 3776 Sancti
885 3723 1127 3778 Antonini
1151 3735 1410 3794 martyris.

281 3812 466 3865 Omnia
494 3813 731 3865 dicantur
757 3814 905 3867 unius
933 3814 1178 3886 Martyris
1209 3820 1485 3887 prtccipui,
1516 3821 1608 3890 fol.
1634 3834 1774 3874 CLVI.

576 3909 640 3964 Iit
672 3912 877 3967 Sancta:
914 3916 1170 3971 Obdullia:
1196 3920 1420 3989 virginis.

281 4003 468 4056 Omnia
493 4003 730 4056 dicantur
753 4007 901 4060 unius
934 4007 1180 4079 Virginis;
1205 4012 1297 4080 fol.
1320 4029 1530 4066 CLX\IX.

430 4092 496 4146 In
525 4093 824 4149 Nativitatis
852 4096 1059 4152 Sancta:
1091 4101 1270 4153 Maria:
1304 4101 1549 4172 Virginis.

282 4184 465 4238 Omnia
493 4185 726 4239 dicantur
755 4195 809 4240 ut
838 4187 888 4240 in
920 4188 1293 4259 Assumptione,
1320 4193 1414 4261 fol.
1439 4208 1706 4247 CCLXXXII.

314 4295 380 4350 In
412 4296 716 4352 Sanctorum
735 4297 981 4367 Gargonii
1010 4309 1054 4352 et
1081 4299 1327 4354 Dorotltei
1361 4301 1669 4372 Martyrum.

283 4390 471 4442 Omnia
491 4390 750 4464 ‘dicantur
793 4391 1130 4460 plurimorum
1163 4392 1450 4464 Martyrum
1501 4411 1672 4448 novem
1703 4398 1777 4449 le-

205 4461 449 4525 ctionum,
477 4460 569 4526 fol.
597 4475 813 4516 CLXVIII.
1304 4460 1319 4464 ⁷
1745 4491 1750 4498 ν

329 4571 392 4625 In
423 4572 731 4627 Sanctorum
761 4573 944 4630 Prothi
967 4588 1014 4630 et
1049 4576 1324 4648 Hyacinthi
1353 4589 1649 4650 martyrum.

282 4664 468 4717 Omnia
515 4665 752 4740 dicantur
795 4669 1129 4735 plurimorum
1175 4681 1456 4740 martyrum
1485 4687 1658 4725 novem
1707 4673 1778 4724 le—

205 4735 452 4802 ctionum,
477 4737 572 4805 fol.
596 4751 818 4793 CLXVIII.

642 4847 905 4903 Exaltatio
934 4852 1138 4905 Sancta
1161 4851 1354 4909 Crucis.

281 4937 466 4990 Omnia
503 4937 756 5006 dicantur,
793 4951 844 4992 ut
891 4942 942 4994 in
988 4940 1282 4996 lnventione
1325 4943 1533 4998 Sancta:
1580 4943 1776 5010 Crucis,

201 5007 296 5076 fol.
325 5022 579 5062 CCXXXIX.

421 5118 486 5173 In
515 5119 694 5175 Sancti
721 5121 938 5176 Cornelii
967 5123 1207 5192 Episcopi
1237 5135 1281 5176 et
1312 5128 1565 5194 martyris.

283 5210 467 5264 Omnia
496 5212 736 5265 dicantur
756 5213 908 5266 unius
931 5212 1175 5283 Martyris
1199 5213 1489 5281 Pontificis,
1515 5213 1610 5284 fol.
1634 5229 1774 5268 CLIX.

490 5322 680 5376 Octava
713 5323 1006 5378 Nativitatis
1041 5323 1262 5395 Virginis
1292 5324 1496 5379 Marite.

279 5413 464 5465 Omnia
486 5414 721 5467 dicantur
749 5416 874 5468 sicut
905 5415 958 5468 in
985 5417 1088 5481 die,
1113 5417 1207 5485 fol.
1234 5431 1286 5470 ut
1317 5418 1396 5471 hic
1423 5435 1601 5486 supra.

280 5522 342 5575 In
375 5524 682 5579 Sanctorum
715 5530 1007 5585 Nicomedis
1031 5541 1077 5585 et
1114 5532 1373 5586 Valeriani
1400 5543 1700 5603 martyrum.

282 5617 466 5668 Omnia
495 5619 745 5692 dicantur
772 5622 1122 5687 .plurimorum
1168 5623 1454 5692 Martyrum
1496 5642 1666 5679 novcnt
1708 5628 1778 5679 le-

205 5685 449 5750 ctionum,
478 5688 569 5756 fol.
600 5685 823 5743 CLXVIIi.

577 5795 637 5849 In
663 5791 838 5853 Sancti
875 5799 1124 5857 Vincentii
1155 5809 1411 5876 martyris.

1801 3179 1850 3244 C

1803 4533 1856 4591 D

1886 553 1977 626 fol.
2005 568 2124 607 CLX.

2073 667 2139 718 In
2165 663 2344 718 Sancti
2372 665 2632 719 Lambetti
2664 667 2907 738 Episcopi
2931 682 2976 723 et
3005 679 3258 743 martyris.

1960 755 2143 809 Omnia
2197 758 2430 811 dicantur
2477 759 2629 812 unius
2684 759 2930 830 Martyris
2979 763 3281 834 Pontificis,
3339 769 3463 837 folio

1886 842 2026 879 CLIX.

2175 916 2239 970 Iit
2270 917 2579 972 Sanctorum
2604 919 2774 974 Lucia:
2799 930 2844 974 et
2873 919 3178 978 Geminiani.

1960 1005 2142 1059 Omnia
2181 1009 2422 1082 dicantur
2457 1011 2793 1075 plurimorum
2829 1010 3119 1082 Martyrum
3164 1031 3338 1070 novem
3389 1016 3462 1068 le-

1888 1077 2133 1143 ctionum,
2165 1079 2256 1148 fol.
2284 1095 2479 1133 CLXVIII

2187 1189 2250 1242 In
2281 1190 2459 1243 Sancti
2491 1191 2664 1244 Mauri
2692 1209 2804 1245 cum
2834 1192 3000 1247 Sociis
3029 1199 3156 1249 suis.

1961 1269 2152 1362 Omnia
2167 1285 2400 1362 dicantur
2425 1287 2758 1353 plurimorum
2783 1285 3072 1358 Martyrum
3093 1290 3312 1343 duarum
3344 1308 3463 1362 cap-

1891 1369 2090 1420 parum,
2125 1355 2216 1423 fol.
2245 1370 2465 1408 CLXVIII.

2295 1467 2362 1521 In
2393 1469 2598 1524 8αιιειιε
2627 1469 2790 1525 Ειειιε
2817 1474 3045 1542 virginis.

1961 1557 2146 1611 Omnia
2176 1558 2413 1612 dicantur
2443 1562 2592 1614 unius
2630 1561 2876 1633 Virginis,
2901 1565 2994 1632 fol.
3027 1582 3238 1622 CLXXIX.

2031 1671 2096 1725 In
2127 1672 2304 1728 Sancti
2337 1671 2610 1729 Fortunati
2643 1675 2882 1745 Episwpi
2911 1689 2955 1730 et
2986 1677 3319 1747 Confessoris.

1960 1763 2148 1818 Omnia
2185 1765 2420 1818 dicantur
2463 1768 2612 1820 unius
2662 1767 2961 1836 confessoris
3023 1770 3306 1839 Pontiﬁcis,
3337 1774 3462 1838 folio

1809 1837 1856 1895 Β
1884 1849 2058 1888 CLXIX.

2191 1983 2534 2053 FESTA
2585 1984 3151 2060 OCTOBRIS.

1881 2158 1948 2210 In
1993 2159 2300 2213 Sanctorum
2330 2157 2599 2223 Germani,
2642 2161 2857 2233 Itemigii
2900 2171 2946 2215 et
2997 2161 3201 2215 Vcdasti
3246 2161 3460 2230 Episco-

2569 2248 2768 2298 porum.

1953 2318 2136 2372 Omnia
2168 2320 2401 2373 dicantur
2447 2322 2786 2388 plurimorum
2827 2322 3187 2391 (Ionfcssorum
3233 2321 3458 2390 Pontiﬁ-

1879 2406 2013 2455 cum,
2043 2391 2138 2459 fol.
2169 2405 2404 2444 CLXXVII.

2055 2494 2120 2548 In
2148 2496 2328 2551 Sancti
2356 2495 2653 2565 Leodegarii
2681 2497 2922 2568 Episcopi
2949 2507 2994 2551 et
3023 2499 3279 2568 martyris.

1952 2589 2134 2643 Omnia
2171 2590 2406 2643 dicantur
2456 2592 2604 2643 unius
2657 2590 2898 2662 Martyris
2948 2607 3123 2645 novem
3165 2592 3454 2651 lectionum.

1937 2663 1972 2711 l.
2001 2676 2119 2711 CLX.

1881 2665 1972 2727 fol.
2001 2676 2119 2714 CLX.

1879 2776 1942 2828 In
1987 2777 2164 2832 Sancti
2195 2776 2460 2831 Francisci
2503 2778 2818 2848 Confessoris
2847 2781 2907 2831 de
2941 2777 3132 2831 Ordine
3173 2776 3453 2830 Minorum.

1875 2865 2137 3004 IlOmnia
2184 2867 2417 2919 dicantur
2462 2868 2610 2919 unius
2658 2866 2973 2935 Confessoris
3024 2885 3120 2921 non
3165 2867 3456 2943 Pontiﬁcis,

1900 2951 1928 2987 ο
1955 2974 1970 2988 .
1995 2950 2220 2989 CLXXIII.

1900 2950 1970 2988 Ol.
1995 2950 2220 2989 CLXUII.

2300 3025 2365 3080 In
2395 3026 2602 3082 Sancta:
2637 3027 2783 3082 Fidis
2813 3029 3042 3100 virginis.

1951 3116 2138 3172 Omnia
2167 3117 2409 3171 dicantur
2434 3119 2581 3171 unius
2615 3118 2861 3190 Virginis,
2887 3120 2979 3188 fol.
3005 3135 3229 3174 CLXXIX.

2144 3228 2210 3281 In
2237 3228 2415 3282 Sancti
2445 3227 2560 3282 Lini
2590 3228 2829 3298 Episcopi
2854 3239 2901 3283 et
2931 3229 3195 3299 Martyris.

1955 3318 2140 3372 Omnia
2175 3319 2279 3389 18
2322 3319 2560 3372 dicantur
2586 3321 2740 3374 unius
2771 3319 3016 3390 Martyris
3045 3319 3332 3389 Pontificis,
3361 3321 3454 3388 fol.

1881 3403 2024 3443 οικ.

2116 3479 2182 3534 1η
2212 3482 2389 3537 Sancti
2419 3481 2584 3536 Marci
2614 3483 2775 3554 Papce
2799 3493 2846 3538 ct
2876 3484 3212 3556 Confessoris.

1955 3571 2138 3626 Omnia
2187 3573 2423 3627 dicantur
2469 3576 2619 3630 unius
2659 3573 2975 3646 Confessoris
3030 3576 3320 3645 Pontiﬁcis,
3361 3578 3456 3646 fol.

1879 3658 2054 3697 ειμι.

2111 3752 2176 3806 Iit
2209 3754 2389 3808 Sancti
2421 3753 2591 3825 Sergii
2617 3767 2664 3809 et
2693 3755 2881 3810 Bacchi
2913 3757 3215 3828 Martyrum.

1954 3841 2140 3896 Omnia
2173 3845 2418 3917 dicantur
2449 3847 2789 3912 plurimorum
2831 3846 3119 3917 Martyrum
3167 3865 3343 3902 novem
3389 3851 3462 3902 lc-

1879 3914 2127 3980 ctionum,
2156 3915 2250 3984 fol.
2275 3930 2494 3970 CLXVIII.

2219 4028 2285 4080 In
2319 4029 2498 4084 Sancti
2531 4029 2826 4085 Marcellini
2854 4030 3118 4102 Martyris.

1955 4121 2139 4173 Omnia
2167 4121 2403 4173 dicantur
2436 4123 2588 4174 unius
2620 4122 2888 4191 Martyris,
2915 4125 3009 4190 fol.
3035 4139 3174 4177 CLVI.

1987 4235 2050 4288 In
2083 4235 2392 4289 Sanctorum
2427 4236 2684 4306 Dionysii,
2718 4237 2940 4302 Rustici,
2965 4247 3012 4290 et
3044 4235 3347 4290 Eleutlterii.

1953 4327 2137 4381 Omnia
2163 4329 2400 4382 dicantur
2425 4330 2764 4398 plurimorum
2788 4329 3076 4400 Martyrum
3104 4333 3323 4386 duarum
3343 4348 3461 4395 cap-

1881 4415 2084 4466 parum,
2119 4400 2214 4468 fol.
2240 4413 2454 4454 CLXVIII.

2276 4509 2337 4562 lit
2371 4512 2550 4565 Sancti
2582 4510 2791 4565 Geraldi
2813 4512 3148 4581 Confessoris.

1957 4600 2141 4653 Omnia
2171 4602 2405 4654 dicantur
2451 4603 2601 4656 unius
2630 4601 2947 4671 Confessoris
2992 4605 3238 4672 simplicis
3284 4622 3455 4659 novem

1884 4672 2152 4724 lectionum
2171 4712 2185 4735 ,
2219 4672 2309 4741 [αι.
2336 4688 2529 4726 CLXXV.

2133 4785 2199 4838 In
2235 4785 2412 4840 Sancti
2443 4785 2652 4840 Callixti
2675 4785 2836 4855 Papae
2859 4799 2904 4841 et
2933 4788 3196 4858 Martyris.

1955 4876 2141 4931 Ontnia
2195 4880 2430 4933 dicantur
2484 4881 2636 4934 unius
2692 4881 2936 4952 Martyris
2983 4883 3280 4950 Pontificis,
3328 4883 3454 4952 folio

1881 4965 2028 5002 CLIX.

2288 5041 2350 5092 In
2382 5039 2556 5093 Sancti
2590 5039 2775 5109 Ufrani
2807 5041 3069 5111 Episcopi.

1956 5127 2140 5180 Omnia
2193 5129 2431 5182 dicantur
2477 5132 2627 5184 unius
2676 5134 2991 5202 Confessoris
3039 5131 3326 5200 Pontiﬁcis,
3358 5135 3454 5202 fol.

1883 5212 2062 5250 εικιι.

2275 5292 2337 5346 In
2367 5298 2526 5348 sant-ti
2565 5295 2783 5349 Victoris
2814 5295 3079 5365 Martyris.

1889 5378 2142 5520 “Omnia
2181 5383 2418 5438 dicantur
2445 5388 2593 5440 unius
2641 5386 2885 5455 Martyris
2933 5403 3105 5440 novent
3157 5389 3453 5453 lectionum,

1907 5466 1933 5501 ο
1962 5491 1974 5503 .
1995 5467 2112 5504 CLX.

2104 5562 2168 5617 In
2195 5565 2372 5620 Sancti
2404 5566 2535 5636 Lupi
2568 5566 2810 5637 EpiscOpi
2841 5579 2886 5621 ct
2919 5569 3257 5637 Cunfessoris.

1958 5654 2142 5708 Omnia
2191 5656 2424 5710 dicantur
2473 5657 2622 5711 unius
2669 5657 2984 5728 Confessoris
3037 5658 3327 5727 Pontificis,
3363 5662 3434 5730 fol

1887 5741 2061 5778 CLXIX.

2105 5814 2167 5868 In
2200 5815 2407 5870 Sancta:
2448 5815 2615 5872 It'etta:
2655 5818 2875 5888 Virginis
2904 5829 2948 5871 cl
2984 5817 3246 5888 Martyris.
