3984 6376
475 345 612 402 1545

546 455 731 511 Omnia
755 455 992 508 dicantur
1023 452 1173 504 unius
1206 446 1455 518 Virginis,
1481 445 1574 514 fol.
1603 456 1816 497 CLXXIX.

849 561 914 614 In
940 561 1120 615 Sancti
1152 556 1384 626 Caprasii
1421 552 1686 621 Martyris.

552 656 742 710 Onmia
780 655 1018 708 dicantur
1062 651 1214 705 unius
1262 648 1508 717 Martyris
1549 659 1724 699 novem
1761 640 2053 703 lectionum,

539 728 577 782 l.
601 741 720 780 CLX.

481 732 577 797 fol.
601 741 720 780 CLX.

482 837 550 892 In
581 837 894 894 Sanctarum
925 835 1131 890 Ursqu
1159 843 1206 887 et
1243 832 1486 887 Underim
1512 829 1732 881 millium
1769 824 2060 893 Virginum.

560 929 748 983 Omnia
820 929 1058 981 dicantur
1137 925 1476 994 plurimarum
1558 919 1866 989 Virginum,
1939 912 2064 981 folio

488 1015 723 1055 CLXXX".

596 1107 664 1161 In
692 1108 832 1162 Sanc
856 1125 1000 1160 arum
1035 1107 1332 1160 Nunillonts
1354 1116 1401 1158 et
1430 1103 1630 1157 Alatliw
1666 1100 1955 1171 Virginum.

566 1199 753 1252 Omnia
820 1200 1059 1252 dicantur
1134 1198 1477 1268 plurimarum
1555 1194 1857 1262 Virginum,
1944 1189 2068 1258 [alio

493 1285 726 1324 CLXXX".

863 1338 926 1392 ln
961 1339 1138 1392 Sancti
1169 1336 1346 1391 Fructi
1375 1336 1712 1403 Confessoris.

569 1429 751 1482 Omnia
781 1430 1016 1481 dicantur
1047 1429 1196 1482 unius
1225 1426 1542 1496 Confessoris
1568 1440 1743 1478 novem
1768 1422 2038 1476 lectionum
2057 1463 2069 1485 ,

499 1501 594 1568 fol:
612 1515 802 1554 CLxsv.

784 1589 846 1642 In
873 1589 1204 1642 Deatcattouc
1233 1587 1475 1640 Ecclesia:
1500 1586 1786 1640 Toletanis.

575 1687 760 1739 Omnia
804 1687 1063 1746 dicantur,
1107 1695 1162 1737 ut
1208 1687 1259 1737 in
1306 1685 1435 1752 {esto
1484 1683 1712 1752 Spiritus
1760 1679 1968 1742 Sancti,
2001 1677 2077 1746 [οε
2119 1687 2122 1692 ’

503 1755 574 1808 lio
599 1755 724 1811 M9.

603 1865 669 1919 In
695 1867 1004 1920 Sanctorum
1027 1867 1248 1936 Crispini
1272 1875 1318 1919 et
1342 1864 1660 1929 Crispiniani
1684 1861 1994 1931 Martyrum.

581 1957 768 2010 Omnia
797 1958 1036 2011 dicantur
1082 1959 1416 2024 plurimorum
1464 1954 1756 2024 Martyrum
1792 1968 1967 2006 novem
2013 1949 2086 2002 le-

508 2031 751 2092 ctionum,
781 2029 875 2095 [οι.
899 2043 1123 2082 CLXVIII.

584 2140 652 2195 In
676 2142 856 2196 Sancti
887 2140 1147 2194 Eustachii
1178 2142 1545 2207 Sociorumque
1571 2141 1679 2210 ejus
1710 2136 2015 2206 Martyrum.

585 2231 769 2285 Omnia
819 2232 1050 2284 dicantur
1086 2233 1423 2300 plurimorum
1459 2231 1741 2299 Martyrum
1786 2244 1963 2283 norem
2007 2229 2089 2281 lc-

513 2303 756 2366 ctionum,
789 2303 883 2370 fol.
910 2318 1120 2355 L'vam.

890 2415 954 2468 In
987 2418 1113 2486 [esto
1141 2415 1270 2468 Belli
1295 2417 1356 2468 de
1386 2415 1716 2468 Benamarin.

591 2507 779 2559 Omnia
802 2509 1034 2559 dicantur
1056 2515 1109 2560 ut
1137 2507 1189 2560 in
1216 2505 1514 2560 Inventione
1538 2505 1743 2559 Sanctre
1765 2504 1968 2564 Grut-is,
1994 2501 2090 2570 fol.

521 2593 770 2631 εοιχιικ.

563 2687 626 2742 In
660 2689 964 2743 Sanctorum
995 2689 1200 2743 Cla'ldii
1228 2701 1273 2743 et
1307 2691 1577 2745 Sociorum
1607 2705 1716 2759 ejus
1750 2687 2055 2757 Martyrum.

601 2777 786 2831 Omnia
828 2780 1060 2831 dicantur
1108 2780 1446 2849 plurimorum
1480 2777 1769 2845 Martyrum
1811 2795 1985 2832 noram
2018 2777 2090 2829 le-

526 2848 768 2914 ctionum,
797 2850 891 2918 fol.
917 2848 1130 2903 CLXVIII.

884 2961 949 3016 In
981 2963 1161 3018 Sancti
1193 2964 1427 3029 Quintilii
1456 2964 1723 3034 Martyris.

603 3054 788 3108 Omnia
817 3055 1051 3110 dicantur
1081 3057 1229 3110 unius
1259 3057 1520 3127 Martyris,
1553 3059 1646 3125 fol.
1675 3074 1795 3112 CLX.

791 3185 1138 3259 FESTA
1191 3187 1849 3263 NOVEM-BBIS.

724 3314 915 3370 FESTI
931 3317 1124 3372 VI'I‘AS
1161 3317 1423 3374 OMNIUM
1464 3320 1904 3378 SANCTORUM.

1104 3410 1181 3460 Ad
1217 3409 1512 3476 Vesperum.

606 3495 800 3549 Lauda.
853 3499 1107 3552 Exurtum
1159 3512 1260 3554 est.
1320 3504 1412 3570 fol.
1447 3519 1608 3557 t‘.L.\'ll.
1653 3505 1817 3560 Sono.
1865 3504 2104 3559 Gaudete

532 3587 681 3655 iusti.
733 3590 824 3656 fol.
865 3607 1018 3645 CLXV.
1059 3593 1376 3660 Antipliona.
1433 3595 1537 3648 Viri
1592 3596 1741 3664 justi.
1784 3596 1879 3665 fol.
1945 3611 2103 3650 cum

537 3679 738 3736 Lauda.
774 3682 1093 3740 lnvocitbant
1118 3686 1419 3740 Dominum.
1451 3689 1547 3756 fol.
1577 3703 1796 3741 CLXVIII.

1197 3778 1451 3847 Hymnus.

825 3865 1042 3920 Christe
1073 3867 1397 3937 Redemptor
1426 3869 1684 3934 onmium,

745 3958 1017 4012 Conserva
1047 3970 1167 4013 tuos
1197 3960 1422 4015 famulos
1449 3981 1460 4014 :

754 4055 929 4109 Beata:
955 4070 1166 4126 semper
1205 4057 1430 4127 Virginis

753 4145 996 4201 Placétus
1026 4149 1224 4203 sanctis
1253 4147 1518 4217 precibus.

829 4237 986 4291 Beata
1014 4238 1225 4307 quoque
1249 4238 1454 4308 agmina

757 4326 1067 4382 leéstium
1096 4327 1397 4396 spirituum,

760 4419 1048 4488 Prmtérita,
1075 4421 1376 4489 prmséntia,

767 4515 960 4570 Futura
990 4515 1123 4569 mala
1163 4513 1356 4585 pellite.

837 4605 996 4660 Vates
1025 4605 1208 4661 tetérui
1234 4606 1448 4675 iudicis,

763 4696 1104 4766 Apostolique
1131 4697 1342 4751 Domini
1369 4715 1381 4750 :

764 4787 1084 4857 Supplicitér
1111 4789 1478 4858 expéscimus,

765 4878 970 4933 Salvari
1001 4882 1197 4936 vestris
1227 4880 1499 4949 precibus.

839 4965 1096 5036 martyres
1124 4965 1218 5019 Dei
1249 4967 1463 5037 inclyti,

767 5056 1221 5124 (Ioniessorésque
1247 5057 1434 5124 lucidi,

765 5149 968 5205 Vestris
993 5148 1325 5204 orationibus

767 5240 874 5294 Nos
902 5239 1036 5296 terte
1061 5240 1113 5296 in
1140 5239 1401 5295 caelestia.

838 5331 1044 5386 Chorus
1075 5331 1386 5387 Sanctarum
1422 5327 1694 5399 Virginum
1721 5345 1734 5382 τ

772 5420 1256 5491 Monachort'tmque
1286 5420 1523 5476 omnium
1551 5437 1564 5473 :

770 5515 938 5570 Simul
960 5531 1082 5570 cum
1105 5513 1315 5569 Sanctis
1339 5514 1588 5569 Omnibus

770 5607 1060 5663 Consortes
1087 5607 1285 5661 Christi
1317 5606 1493 5661 limite.

844 5699 1069 5755 Gentem
1099 5698 1305 5752 auferte
1335 5699 1587 5766 pérlidatn

773 5789 1112 5845 Credéutiuto
1136 5787 1201 5844 de
1231 5787 1423 5842 ﬁnibus
1451 5807 1459 5839 :

1673 319 2095 382 BREVIARIUM
2136 315 2508 374 GOTHICUM.

2080 437 2130 494 Α
2371 426 2439 482 Ut
2469 422 2684 479 Christo
2715 422 2898 477 laudes
2929 421 3136 475 debitus

3591 310 3729 366 l3“

2376 515 2748 573 Persolvémus
2778 512 3048 568 alacriter.

2444 607 2623 660 Gldria
2656 604 2802 660 Patri
2828 603 3085 674 ingenito,

2375 701 2612 770 Ejdsque
2641 699 2945 769 Unigéuito,

2384 791 2494 846 Una
2524 805 2644 844 cum
2671 790 2870 845 Sancto
2897 788 3097 857 Spiritu

2384 881 2439 934 lu
2470 878 2795 949 sempiterna
2823 879 3036 933 saecula.

2448 975 2638 1026 Anien.

2241 1060 2586 1131 Supplicdtio.
2618 1059 2846 1114 Orémus
2877 1058 3320 1128 Redemptdrem,
3350 1058 3560 1110 mutatis
3587 1059 3750 1110 nomi-

2172 1153 2340 1219 nibus,
2362 1154 2456 1222 [οι.
2484 1168 2752 1207 CLXXXVII.

2243 1248 2503 1316 Capitula.
2533 1247 2694 1316 Deus,
2722 1248 2814 1317 qui
2843 1261 2901 1302 es
2934 1248 2985 1300 in
3013 1247 3250 1299 nmmum
3281 1243 3604 1300 Sanctarum
3637 1243 3756 1295 tud-

2176 1356 2292 1394 rum
2340 1340 2672 1409 protectiéne
2719 1338 2977 1394 mirabilis
3007 1355 3018 1390 :
3050 1338 3246 1408 quique
3275 1335 3419 1391 hunc
3445 1333 3588 1390 diem
3619 1349 3757 1403 prte-

2175 1429 2389 1498 cipuum
2445 1430 2687 1486 Omnium
2754 1431 3074 1488 Sancttirum
3134 1430 3346 1485 tudrum
3413 1427 3757 1484 solemnitate

2177 1522 2503 1578 consecrasti
2530 1539 2544 1577 :
2576 1537 2881 1593 quaesumus
2926 1521 3218 1593 potentiam
3263 1530 3428 1583 tuam,
3459 1520 3530 1574 da
3563 1518 3754 1573 Eccle-

2179 1616 2271 1670 sizn
2301 1625 2403 1670 tua:
2432 1615 2725 1671 (Iathélicm
2753 1617 2820 1671 de
2847 1618 3010 1672 tantis
3039 1617 3270 1688 gaudere
3298 1615 3665 1684 principibus;
3703 1623 3762 1667 ut

2184 1709 2397 1763 illdrum
2449 1710 2598 1778 sequi
2647 1709 2948 1766 mereamur
2976 1711 3063 1780 pia
3110 1709 3401 1764 devotiduc
3428 1707 3760 1766 doctrinam.

2118 1786 2160 1844 Β
2195 1805 2295 1875 19
2324 1805 2410 1870 qui
2457 1803 2687 1860 dilectos
2719 1804 2812 1858 tibi
2841 1819 3031 1874 greges
3078 1813 3168 1858 tuo
3201 1818 3338 1871 pane
3378 1801 3676 1871 paverunt:
3708 1808 3765 1853 ut

2187 1896 2275 1964 qui
2309 1895 2403 1950 tibi
2433 1895 2500 1951 de
2524 1903 2616 1950 tuo
2642 1896 2865 1950 munere
2905 1894 3211 1964 placuerunt
3237 1935 3252 1958 ,
3287 1895 3474 1949 eorum
3515 1891 3767 1961 precibus

2188 1986 2395 2056 adiuti,
2459 1988 2765 2044 mereamur
2810 1986 2878 2042 de
2944 1986 3302 2056 prmséntibus
3367 1983 3634 2055 angustiis
3699 1981 3762 2035 li-

2190 2079 2387 2134 berari.

2263 2170 2416 2225 Pater
2445 2181 2644 2226 noster.
2675 2170 2905 2225 Liberati
2936 2185 2966 2223 a
2991 2170 3151 2224 malo.
3185 2170 3278 2239 fol.
3310 2169 3362 2221 Ξ.

2261 2260 2575 2316 Benedictio.
2621 2261 2906 2318 Benedlcat
2942 2276 3038 2316 vos
3076 2262 3413 2330 omnipotens
3450 2259 3616 2327 Deus,
3655 2259 3770 2315 om-

2195 2355 2338 2408 nium
2360 2354 2676 2409 Sanctérum
2698 2353 2864 2423 gratia
2893 2354 3238 2423 gratulantes.
3278 2353 3314 2419 ἢ
3337 2393 3348 2405 .
3375 2355 3566 2409 Amen.
3605 2352 3770 2407 Donet

2195 2447 2344 2500 vobis
2373 2445 2676 2500 ﬁrmitatem
2701 2445 2844 2511 ﬂdei,
2867 2443 3291 2514 expectatitinem
3335 2445 3479 2513 spei,
3511 2453 3564 2498 et
3595 2444 3770 2498 dulce-

2194 2535 2370 2592 dinem
2398 2537 2674 2599 charitatis
2707 2555 2718 2589 :
2770 2536 2805 2605 ἢ
2829 2577 2843 2592 .
2876 2539 3064 2591 Amen.
3102 2535 3165 2591 Ut
3207 2535 3399 2589 talibus
3437 2551 3548 2589 suae
3587 2537 3767 2605 gratia:

2197 2628 2383 2682 muniti
2411 2627 2689 2697 praesidiis,
2715 2643 2940 2697 quorum
2970 2628 3101 2682 testa
3131 2627 3444 2691 celebratis;
3474 2627 3589 2680 eri
3612 2625 3765 2682 etiam

2198 2732 2314 2773 esse
2343 2719 2395 2773 in
2422 2719 2560 2774 cmlo
2586 2718 2869 2788 participes
2893 2718 3226 2774 mereantini.
3276 2719 3312 2783 Ii;
3336 2757 3349 2771 .
3384 2721 3570 2774 Amen.

2270 2805 2371 2862 Per
2397 2807 2842 2864 misericérdtam.

2271 2897 2472 2951 Lauda.
2507 2898 2766 2953 Gaudium
2799 2898 3200 2967 sempiternum.
3233 2899 3326 2966 fol.
3355 2912 3537 2953 CLXIII.

2275 2989 2477 3043 Oratio.
2535 2991 2710 3060 Deus,
2766 2992 3055 3057 exult..tio,
3109 3003 3163 3046 et
3217 2992 3387 3059 palma
3437 2991 3772 3054 Sanctorum,

2205 3081 2395 3137 exaudi
2422 3095 2518 3135 uos
2546 3082 2814 3151 supplices
2849 3092 2990 3150 tuos,
3029 3090 3083 3136 et
3120 3091 3311 3151 priesta
3340 3099 3354 3134 :
3386 3093 3442 3135 ut
3471 3097 3693 3149 quorum
3726 3084 3774 3135 in

2213 3176 2512 3244 tuoamdre
2551 3175 2798 3244 reliquias
2827 3176 3162 3242 venerhmur,
3191 3186 3242 3230 et
3274 3174 3599 3229 monimenta
3630 3174 3775 3228 reco-

2206 3266 2394 3332 limus;
2425 3267 2607 3322 cntum
2649 3267 2854 3322 méritis
2881 3269 2946 3322 ab
2976 3266 3224 3322 Omnibus
3265 3266 3417 3321 malis
3460 3266 3694 3331 liberari,
3728 3277 3777 3320 et

2204 3358 2506 3413 conservari
2535 3361 2850 3414 mereamur.
2898 3361 2967 3427 ιῆ.
3000 3361 3188 3415 Amen.

2280 3451 2378 3506 Per
2405 3451 2844 3506 misericdrdiam.

2778 3543 2856 3594 Ad
2893 3541 3221 3595 Matutinum.

2279 3632 2589 3702 Antiphona.
2620 3632 2696 3686 Da
2722 3634 2890 3688 nobis.
2920 3633 3158 3688 Psatmus
3179 3650 3229 3688 L.
3259 3634 3458 3687 Oratio.
3488 3633 3670 3688 Redde
3693 3650 3786 3688 uo-

2210 3726 2309 3780 bis.
2344 3723 2460 3778 Fol.
2495 3740 2674 3779 CLXIII.

2284 3818 2598 3888 Antiphonti.
2633 3817 2686 3872 ln
2715 3818 2804 3872 die
2834 3817 3053 3888 insignis
3082 3817 3436 3873 solemnitatis
3466 3829 3658 3873 nostrae
3696 3821 3787 3875 be-

2213 3910 2442 3964 nedicite
2467 3910 2665 3974 Deum;
2697 3911 2946 3964 cortinam
2970 3911 3090 3964 anui
3119 3909 3457 3978 benignitatis
3485 3918 3606 3971 tum,
3637 3909 3700 3962 P.
3728 3910 3790 3964 Et

2213 4003 2384 4070 campi
2427 4002 2502 4056 tui
2542 4001 2847 4070 repleantur
2869 4002 3126 4057 ubertate.
3173 4003 3206 4070 ᾖ
3231 4042 3244 4055 .
3275 4001 3350 4057 Te
3377 4001 3531 4057 decet
3561 4002 3794 4072 hymnus

2216 4094 2357 4148 Deus
2387 4094 2438 4148 in
2469 4093 2599 4148 Sion
2627 4110 2641 4148 :
2667 4103 2721 4148 et
2747 4093 2837 4148 tibi
2865 4092 3115 4149 reddetur
3141 4101 3322 4147 votum
3355 4093 3406 4146 iu
3440 4092 3793 4148 Hierusalem.

2222 4185 2285 4239 Ρ.
2319 4187 2384 4240 Et
2412 4187 2606 4256 campi.
2649 4188 2683 4252 Ῡ
2705 4225 2723 4243 .
2758 4186 2958 4252 Gloria,
2990 4197 3041 4242 et
3073 4188 3261 4241 honor.
3283 4183 3358 4266 .P.
3389 4186 3453 4238 Et
3483 4187 3676 4255 campi.

2291 4279 2491 4333 Oratio.
2527 4280 2783 4346 Benedic,
2817 4279 3072 4344 Domine,
3105 4279 3358 4334 cortinam
3386 4279 3509 4331 anni
3550 4276 3798 4346 benigni-

2220 4372 2346 4428 tatis
2388 4382 2490 4427 tuae
2531 4372 2584 4426 in
2611 4371 2698 4427 die
2735 4370 2956 4440 insignis
2992 4370 3345 4426 solemnitﬁtis
3385 4379 3583 4424 nostra
3612 4385 3628 4421 :
3659 4378 3720 4423 ut
3750 4380 3804 4424 et

2149 4487 2200 4546 υ
2224 4471 2433 4518 mentes
2454 4463 2605 4532 copia
2628 4462 2884 4518 doctriute
2910 4461 3236 4532 refulgeant;
3260 4468 3317 4517 et
3339 4460 3513 4529 campi
3533 4459 3801 4514 donorum

2226 4555 2437 4610 tudrum
2469 4554 2709 4610 ubertittc
2737 4554 3085 4625 pinguescant
3116 4569 3130 4606 :
3162 4552 3268 4620 qui)
3297 4553 3369 4606 ita
3406 4550 3560 4606 nobis
3588 4561 3808 4605 susten-

2227 4645 2358 4700 tatio
2383 4660 2503 4701 cum
2532 4654 2615 4699 tua
2647 4645 2814 4715 gratia
2843 4646 3113 4714 largiatur,
3147 4650 3200 4696 ut
3228 4651 3281 4696 et
3307 4654 3431 4696 caro
3457 4641 3721 4711 frugibus,
3754 4653 3810 4696 et

2224 4736 2399 4791 anima
2419 4735 2618 4791 divinis
2640 4745 2807 4806 pasta,
2828 4734 3141 4790 conlaetetur
3163 4732 3465 4788 virtutibus.
3503 4732 3540 4800 ἢ
3562 4768 3580 4786 .
3604 4733 3806 4787 Amen.

2297 4827 2398 4883 Per
2423 4826 2864 4883 misericordiam.

2298 4918 2614 4988 Antiphona.
2642 4916 2883 4972 Christus
2903 4916 3079 4974 Jesus.
3106 4917 3306 4970 Oratio.
3328 4914 3542 4970 Christe
3562 4913 3690 4969 Jesu
3717 4915 3812 4986 qui

2230 5009 2588 5064 mortalitatis.
2617 5009 2742 5079 folio
2770 5023 2923 5064 CCXL.

2303 5099 2611 5170 Antiphona.
2641 5097 2809 5154 Positi
2835 5106 2961 5154 sunt
2986 5097 3162 5153 throni
3183 5137 3198 5162 ,
3228 5105 3283 5152 et
3319 5096 3571 5166 antiquus
3599 5094 3816 5151 dierum

2230 5190 2451 5249 sedebat
2477 5208 2491 5245 :
2523 5189 2894 5247 vestimentum
2917 5188 3034 5258 ejus
3059 5188 3286 5244 sublime
3315 5203 3328 5240 :
3359 5195 3414 5242 et
3440 5187 3659 5240 thronus
3692 5187 3817 5254 ejus

2233 5286 2444 5342 ﬂamma
2473 5286 2627 5356 ignis.
2657 5283 2726 5339 P.
2752 5282 2915 5338 Millia
2944 5281 3164 5338 millium
3193 5279 3502 5335 serviebant
3527 5278 3601 5343 ei,
3631 5288 3683 5331 et
3722 5277 3820 5332 dé-

2233 5378 2342 5434 cies
2369 5377 2561 5433 millies
2586 5376 2808 5432 c’enléna
2832 5373 2999 5429 millia
3028 5371 3346 5429 assistebant
3373 5369 3445 5425 ei.
3491 5369 3524 5435 Ῡ
3552 5407 3564 5420 .
3607 5367 3818 5422 Omnes
3885 5363 3892 5372 ’

2236 5479 2423 5540 gentes
2454 5469 2686 5541 plaudite
2711 5467 2956 5523 manibus
2984 5485 2995 5518 :
3026 5465 3247 5536 jubilate
3276 5465 3382 5518 Deo
3413 5465 3464 5516 in
3497 5476 3628 5517 voce
3652 5462 3817 5516 exul-

2238 5563 2473 5618 tatiénis.
2524 5560 2590 5614 P.
2638 5559 2798 5615 Millia
2847 5557 3093 5614 millium.
3152 5557 3223 5623 ᾗ.
3267 5554 3470 5618 Gléria,
3517 5562 3571 5607 et
3618 5554 3816 5607 honor.

2247 5653 2304 5708 P.
2339 5654 2495 5708 Millia
2525 5650 2767 5706 millium.

2317 5747 2512 5802 Oratio.
2540 5743 2648 5800 Rex
2669 5757 2854 5812 regum
2876 5739 3152 5809 immense,
3177 5736 3260 5793 cui
3283 5735 3423 5792 Deus
3445 5734 3567 5792 εωΙί
3592 5747 3820 5805 regnum
