  <div class='ocr_page' id='page_1' title='image "/cluster/home/n/w/nwhite01/storage/ocr_20150623/86/hvd.32044015469463/676.png"; bbox 0 0 3984 6376; ppageno 0'>
   <div class='ocr_carea' id='block_1_1' title="bbox 201 359 333 418">
    <p class='ocr_par' dir='ltr' id='par_1_1' title="bbox 201 359 333 418">
     <span class='ocr_line' id='line_1_1' title="bbox 201 359 333 418; baseline -0.023 0"><span class='ocrx_word' id='word_1_1' title='bbox 201 359 333 418; x_wconf 68' lang='grc' dir='ltr'><strong>ὥιῦ</strong></span> 
     </span>
    </p>
   </div>
   <div class='ocr_carea' id='block_1_2' title="bbox 1625 360 1989 417">
    <p class='ocr_par' dir='ltr' id='par_1_2' title="bbox 1625 360 1989 417">
     <span class='ocr_line' id='line_1_2' title="bbox 1625 360 1989 417; baseline 0 -2"><span class='ocrx_word' id='word_1_2' title='bbox 1625 360 1989 417; x_wconf 79' lang='lat' dir='ltr'><strong>APPENDIX.</strong></span> 
     </span>
    </p>
   </div>
   <div class='ocr_carea' id='block_1_3' title="bbox 3306 377 3446 435">
    <p class='ocr_par' dir='ltr' id='par_1_3' title="bbox 3306 377 3446 435">
     <span class='ocr_line' id='line_1_3' title="bbox 3306 377 3446 435; baseline 0.029 -6"><span class='ocrx_word' id='word_1_3' title='bbox 3306 377 3446 435; x_wconf 67' lang='lat' dir='ltr'><strong>i346</strong></span> 
     </span>
    </p>
   </div>
   <div class='ocr_carea' id='block_1_4' title="bbox 196 473 3448 548">
    <p class='ocr_par' dir='ltr' id='par_1_4' title="bbox 196 473 3448 548">
     <span class='ocr_line' id='line_1_4' title="bbox 196 473 3448 548; baseline 0.005 -19"><span class='ocrx_word' id='word_1_4' title='bbox 196 485 350 539; x_wconf 65' lang='lat' dir='ltr'><strong>torte,</strong></span> <span class='ocrx_word' id='word_1_5' title='bbox 376 482 430 530; x_wconf 84' lang='lat' dir='ltr'><strong>et</strong></span> <span class='ocrx_word' id='word_1_6' title='bbox 459 481 665 544; x_wconf 82' lang='lat' dir='ltr'><strong>potens,</strong></span> <span class='ocrx_word' id='word_1_7' title='bbox 691 485 742 531; x_wconf 88' lang='lat' dir='ltr'><strong>et</strong></span> <span class='ocrx_word' id='word_1_8' title='bbox 767 474 1081 530; x_wconf 80' lang='lat' dir='ltr'><strong>honoratum</strong></span> <span class='ocrx_word' id='word_1_9' title='bbox 1108 473 1275 538; x_wconf 85' lang='lat' dir='ltr'><strong>dedit,</strong></span> <span class='ocrx_word' id='word_1_10' title='bbox 1304 473 1429 528; x_wconf 81' lang='lat' dir='ltr'><strong>dum</strong></span> <span class='ocrx_word' id='word_1_11' title='bbox 1459 473 1635 529; x_wconf 76' lang='lat' dir='ltr'><strong>omnia</strong></span> <span class='ocrx_word' id='word_1_12' title='bbox 1667 490 1755 544; x_wconf 84' lang='lat' dir='ltr'><strong>po-</strong></span> <span class='ocrx_word' id='word_1_13' title='bbox 1790 484 1837 541; x_wconf 78' lang='grc' dir='ltr'><strong>Α</strong></span> <span class='ocrx_word' id='word_1_14' title='bbox 1864 485 1917 529; x_wconf 89' lang='lat' dir='ltr'><strong>et</strong></span> <span class='ocrx_word' id='word_1_15' title='bbox 1946 476 2146 531; x_wconf 77' lang='lat' dir='ltr'><strong>monile</strong></span> <span class='ocrx_word' id='word_1_16' title='bbox 2172 476 2437 548; x_wconf 86' lang='lat' dir='ltr'><strong>detégitur</strong></span> <span class='ocrx_word' id='word_1_17' title='bbox 2465 479 2778 548; x_wconf 72' lang='lat' dir='ltr'><strong>pretidsum,</strong></span> <span class='ocrx_word' id='word_1_18' title='bbox 2808 482 2934 538; x_wconf 88' lang='lat' dir='ltr'><strong>diIm</strong></span> <span class='ocrx_word' id='word_1_19' title='bbox 2962 484 3116 539; x_wconf 89' lang='lat' dir='ltr'><strong>unius</strong></span> <span class='ocrx_word' id='word_1_20' title='bbox 3147 486 3353 543; x_wconf 76' lang='lat' dir='ltr'><strong>natura:</strong></span> <span class='ocrx_word' id='word_1_21' title='bbox 3384 489 3448 544; x_wconf 83' lang='lat' dir='ltr'><strong>il-</strong></span> 
     </span>
    </p>
   </div>
   <div class='ocr_carea' id='block_1_5' title="bbox 192 564 1759 636">
    <p class='ocr_par' dir='ltr' id='par_1_5' title="bbox 192 564 1759 636">
     <span class='ocr_line' id='line_1_5' title="bbox 192 564 1759 636; baseline 0.001 -15"><span class='ocrx_word' id='word_1_22' title='bbox 192 564 371 621; x_wconf 82' lang='lat' dir='ltr'><strong>testati</strong></span> <span class='ocrx_word' id='word_1_23' title='bbox 416 572 516 620; x_wconf 85' lang='lat' dir='ltr'><strong>tuae</strong></span> <span class='ocrx_word' id='word_1_24' title='bbox 554 566 797 635; x_wconf 77' lang='lat' dir='ltr'><strong>subjecit,</strong></span> <span class='ocrx_word' id='word_1_25' title='bbox 841 567 925 621; x_wconf 90' lang='lat' dir='ltr'><strong>cui</strong></span> <span class='ocrx_word' id='word_1_26' title='bbox 970 564 1132 619; x_wconf 82' lang='lat' dir='ltr'><strong>millia</strong></span> <span class='ocrx_word' id='word_1_27' title='bbox 1174 565 1396 620; x_wconf 87' lang='lat' dir='ltr'><strong>millium</strong></span> <span class='ocrx_word' id='word_1_28' title='bbox 1440 566 1759 636; x_wconf 68' lang='lat' dir='ltr'><strong>Angelﬁrum</strong></span> 
     </span>
    </p>
   </div>
   <div class='ocr_carea' id='block_1_6' title="bbox 192 656 1774 729">
    <p class='ocr_par' dir='ltr' id='par_1_6' title="bbox 192 656 1774 729">
     <span class='ocr_line' id='line_1_6' title="bbox 192 656 1774 729; baseline 0.004 -17"><span class='ocrx_word' id='word_1_29' title='bbox 192 657 492 714; x_wconf 92' lang='lat' dir='ltr'><strong>ministrant</strong></span> <span class='ocrx_word' id='word_1_30' title='bbox 518 677 529 711; x_wconf 95' lang='lat'>:</span> <span class='ocrx_word' id='word_1_31' title='bbox 559 659 624 713; x_wconf 85' lang='lat' dir='ltr'><strong>da</strong></span> <span class='ocrx_word' id='word_1_32' title='bbox 650 658 884 729; x_wconf 85' lang='lat' dir='ltr'><strong>réquiem</strong></span> <span class='ocrx_word' id='word_1_33' title='bbox 918 656 1114 728; x_wconf 78' lang='lat' dir='ltr'><strong>pépulo</strong></span> <span class='ocrx_word' id='word_1_34' title='bbox 1145 666 1235 713; x_wconf 91' lang='lat' dir='ltr'><strong>tuo</strong></span> <span class='ocrx_word' id='word_1_35' title='bbox 1264 659 1333 713; x_wconf 88' lang='lat' dir='ltr'><strong>ab</strong></span> <span class='ocrx_word' id='word_1_36' title='bbox 1354 657 1606 715; x_wconf 81' lang='lat' dir='ltr'><strong>omnibus</strong></span> <span class='ocrx_word' id='word_1_37' title='bbox 1631 660 1774 719; x_wconf 79' lang='lat' dir='ltr'><strong>oné-.</strong></span> 
     </span>
    </p>
   </div>
   <div class='ocr_carea' id='block_1_7' title="bbox 190 749 1760 823">
    <p class='ocr_par' dir='ltr' id='par_1_7' title="bbox 190 749 1760 823">
     <span class='ocr_line' id='line_1_7' title="bbox 190 749 1760 823; baseline 0.001 -18"><span class='ocrx_word' id='word_1_38' title='bbox 190 749 359 820; x_wconf 88' lang='lat' dir='ltr'><strong>ribus,</strong></span> <span class='ocrx_word' id='word_1_39' title='bbox 390 751 579 823; x_wconf 79' lang='lat' dir='ltr'><strong>quibus</strong></span> <span class='ocrx_word' id='word_1_40' title='bbox 605 752 808 807; x_wconf 87' lang='lat' dir='ltr'><strong>onerati</strong></span> <span class='ocrx_word' id='word_1_41' title='bbox 837 752 1214 817; x_wconf 75' lang='lat' dir='ltr'><strong>consistimus;</strong></span> <span class='ocrx_word' id='word_1_42' title='bbox 1247 761 1327 817; x_wconf 91' lang='lat' dir='ltr'><strong>ut,</strong></span> <span class='ocrx_word' id='word_1_43' title='bbox 1359 754 1448 821; x_wconf 91' lang='lat' dir='ltr'><strong>qui</strong></span> <span class='ocrx_word' id='word_1_44' title='bbox 1476 753 1760 808; x_wconf 76' lang='lat' dir='ltr'><strong>ascendisti</strong></span> 
     </span>
    </p>
   </div>
   <div class='ocr_carea' id='block_1_8' title="bbox 189 840 1758 911">
    <p class='ocr_par' dir='ltr' id='par_1_8' title="bbox 189 840 1758 911">
     <span class='ocr_line' id='line_1_8' title="bbox 189 840 1758 911; baseline 0.002 -17"><span class='ocrx_word' id='word_1_45' title='bbox 189 840 453 911; x_wconf 68' lang='lat' dir='ltr'><strong>gloriasns</strong></span> <span class='ocrx_word' id='word_1_46' title='bbox 484 843 535 898; x_wconf 91' lang='lat' dir='ltr'><strong>in</strong></span> <span class='ocrx_word' id='word_1_47' title='bbox 577 844 807 908; x_wconf 63' lang='lat' dir='ltr'><strong>caelum,</strong></span> <span class='ocrx_word' id='word_1_48' title='bbox 844 843 989 898; x_wconf 89' lang='lat' dir='ltr'><strong>mitis</strong></span> <span class='ocrx_word' id='word_1_49' title='bbox 1016 842 1235 908; x_wconf 82' lang='lat' dir='ltr'><strong>existas,</strong></span> <span class='ocrx_word' id='word_1_50' title='bbox 1273 842 1392 898; x_wconf 78' lang='lat' dir='ltr'><strong>cum</strong></span> <span class='ocrx_word' id='word_1_51' title='bbox 1426 841 1758 900; x_wconf 66' lang='lat' dir='ltr'><strong>manifestAta</strong></span> 
     </span>
    </p>
   </div>
   <div class='ocr_carea' id='block_1_9' title="bbox 192 935 1021 1006">
    <p class='ocr_par' dir='ltr' id='par_1_9' title="bbox 192 935 1021 1006">
     <span class='ocr_line' id='line_1_9' title="bbox 192 935 1021 1006; baseline -0.001 -15"><span class='ocrx_word' id='word_1_52' title='bbox 192 936 349 991; x_wconf 69' lang='lat' dir='ltr'><strong>inerit</strong></span> <span class='ocrx_word' id='word_1_53' title='bbox 377 935 540 1006; x_wconf 83' lang='lat' dir='ltr'><strong>gratia</strong></span> <span class='ocrx_word' id='word_1_54' title='bbox 571 944 681 991; x_wconf 88' lang='lat' dir='ltr'><strong>tua.</strong></span> <span class='ocrx_word' id='word_1_55' title='bbox 726 935 763 1003; x_wconf 65' lang='lat' dir='ltr'><strong>Ii)</strong></span> <span class='ocrx_word' id='word_1_56' title='bbox 784 976 797 989; x_wconf 97' lang='lat'><strong>.</strong></span> <span class='ocrx_word' id='word_1_57' title='bbox 833 938 1021 992; x_wconf 83' lang='lat' dir='ltr'><strong>Amen.</strong></span> 
     </span>
    </p>
   </div>
   <div class='ocr_carea' id='block_1_10' title="bbox 261 1027 829 1082">
    <p class='ocr_par' dir='ltr' id='par_1_10' title="bbox 261 1027 829 1082">
     <span class='ocr_line' id='line_1_10' title="bbox 261 1027 829 1082; baseline -0.002 0"><span class='ocrx_word' id='word_1_58' title='bbox 261 1028 361 1082; x_wconf 84' lang='lat' dir='ltr'><strong>Per</strong></span> <span class='ocrx_word' id='word_1_59' title='bbox 391 1027 829 1082; x_wconf 72' lang='lat' dir='ltr'><strong>misericérdiam.</strong></span> 
     </span>
    </p>
   </div>
   <div class='ocr_carea' id='block_1_11' title="bbox 274 1117 1760 1186">
    <p class='ocr_par' dir='ltr' id='par_1_11' title="bbox 274 1117 1760 1186">
     <span class='ocr_line' id='line_1_11' title="bbox 274 1117 1760 1186; baseline 0.001 -13"><span class='ocrx_word' id='word_1_60' title='bbox 274 1118 311 1184; x_wconf 65' lang='grc' dir='ltr'><strong>ἢ</strong></span> <span class='ocrx_word' id='word_1_61' title='bbox 333 1158 348 1173; x_wconf 94' lang='grc'>.</span> <span class='ocrx_word' id='word_1_62' title='bbox 379 1117 625 1172; x_wconf 79' lang='lat' dir='ltr'><strong>Omnium</strong></span> <span class='ocrx_word' id='word_1_63' title='bbox 654 1117 763 1173; x_wconf 76' lang='lat' dir='ltr'><strong>Rex</strong></span> <span class='ocrx_word' id='word_1_64' title='bbox 782 1159 798 1185; x_wconf 91' lang='lat'><strong>,</strong></span> <span class='ocrx_word' id='word_1_65' title='bbox 824 1118 1068 1186; x_wconf 82' lang='lat' dir='ltr'><strong>Creator,</strong></span> <span class='ocrx_word' id='word_1_66' title='bbox 1100 1129 1155 1174; x_wconf 92' lang='lat' dir='ltr'><strong>et</strong></span> <span class='ocrx_word' id='word_1_67' title='bbox 1182 1120 1440 1175; x_wconf 72' lang='lat' dir='ltr'><strong>Dominus</strong></span> <span class='ocrx_word' id='word_1_68' title='bbox 1465 1120 1645 1176; x_wconf 77' lang='lat' dir='ltr'><strong>décuit</strong></span> <span class='ocrx_word' id='word_1_69' title='bbox 1674 1135 1760 1175; x_wconf 86' lang='lat' dir='ltr'><strong>sa-</strong></span> 
     </span>
    </p>
   </div>
   <div class='ocr_carea' id='block_1_12' title="bbox 189 1206 1761 1279">
    <p class='ocr_par' dir='ltr' id='par_1_12' title="bbox 189 1206 1761 1279">
     <span class='ocr_line' id='line_1_12' title="bbox 189 1206 1761 1279; baseline 0 -18"><span class='ocrx_word' id='word_1_70' title='bbox 189 1207 459 1274; x_wconf 80' lang='lat' dir='ltr'><strong>pientiam.</strong></span> <span class='ocrx_word' id='word_1_71' title='bbox 496 1206 561 1261; x_wconf 91' lang='lat' dir='ltr'><strong>P.</strong></span> <span class='ocrx_word' id='word_1_72' title='bbox 589 1208 818 1264; x_wconf 88' lang='lat' dir='ltr'><strong>Sanctus</strong></span> <span class='ocrx_word' id='word_1_73' title='bbox 845 1209 1071 1277; x_wconf 82' lang='lat' dir='ltr'><strong>Spiritus</strong></span> <span class='ocrx_word' id='word_1_74' title='bbox 1099 1209 1308 1275; x_wconf 77' lang='lat' dir='ltr'><strong>imicus,</strong></span> <span class='ocrx_word' id='word_1_75' title='bbox 1339 1210 1558 1279; x_wconf 83' lang='lat' dir='ltr'><strong>simplex</strong></span> <span class='ocrx_word' id='word_1_76' title='bbox 1581 1253 1594 1275; x_wconf 94' lang='lat'><strong>,</strong></span> <span class='ocrx_word' id='word_1_77' title='bbox 1625 1213 1761 1265; x_wconf 73' lang='lat' dir='ltr'><strong>mu!-</strong></span> 
     </span>
    </p>
   </div>
   <div class='ocr_carea' id='block_1_13' title="bbox 186 1296 1753 1370">
    <p class='ocr_par' dir='ltr' id='par_1_13' title="bbox 186 1296 1753 1370">
     <span class='ocr_line' id='line_1_13' title="bbox 186 1296 1753 1370; baseline 0.003 -19"><span class='ocrx_word' id='word_1_78' title='bbox 186 1296 438 1363; x_wconf 86' lang='lat' dir='ltr'><strong>timodus,</strong></span> <span class='ocrx_word' id='word_1_79' title='bbox 469 1298 699 1364; x_wconf 89' lang='lat' dir='ltr'><strong>subtilis,</strong></span> <span class='ocrx_word' id='word_1_80' title='bbox 732 1299 1183 1370; x_wconf 80' lang='lat' dir='ltr'><strong>incoiuquinatus,</strong></span> <span class='ocrx_word' id='word_1_81' title='bbox 1220 1302 1427 1367; x_wconf 82' lang='lat' dir='ltr'><strong>suavis,</strong></span> <span class='ocrx_word' id='word_1_82' title='bbox 1460 1308 1515 1357; x_wconf 89' lang='lat' dir='ltr'><strong>et</strong></span> <span class='ocrx_word' id='word_1_83' title='bbox 1538 1301 1753 1357; x_wconf 88' lang='lat' dir='ltr'><strong>charus.</strong></span> 
     </span>
    </p>
   </div>
   <div class='ocr_carea' id='block_1_14' title="bbox 202 1389 1757 1463">
    <p class='ocr_par' dir='ltr' id='par_1_14' title="bbox 202 1389 1757 1463">
     <span class='ocr_line' id='line_1_14' title="bbox 202 1389 1757 1463; baseline 0.003 -21"><span class='ocrx_word' id='word_1_84' title='bbox 202 1390 238 1457; x_wconf 58' lang='grc' dir='ltr'><em>ᾗ</em></span> <span class='ocrx_word' id='word_1_85' title='bbox 262 1429 275 1442; x_wconf 95' lang='grc'><strong>.</strong></span> <span class='ocrx_word' id='word_1_86' title='bbox 308 1389 525 1460; x_wconf 84' lang='lat' dir='ltr'><strong>Magnus</strong></span> <span class='ocrx_word' id='word_1_87' title='bbox 553 1390 811 1446; x_wconf 69' lang='lat' dir='ltr'><strong>Daminus</strong></span> <span class='ocrx_word' id='word_1_88' title='bbox 838 1403 1041 1460; x_wconf 84' lang='lat' dir='ltr'><strong>noster,</strong></span> <span class='ocrx_word' id='word_1_89' title='bbox 1078 1401 1133 1448; x_wconf 90' lang='lat' dir='ltr'><strong>et</strong></span> <span class='ocrx_word' id='word_1_90' title='bbox 1171 1409 1357 1463; x_wconf 88' lang='lat' dir='ltr'><strong>magna</strong></span> <span class='ocrx_word' id='word_1_91' title='bbox 1397 1395 1564 1450; x_wconf 80' lang='lat' dir='ltr'><strong>virtus</strong></span> <span class='ocrx_word' id='word_1_92' title='bbox 1592 1396 1708 1463; x_wconf 90' lang='lat' dir='ltr'><strong>ejus</strong></span> <span class='ocrx_word' id='word_1_93' title='bbox 1745 1413 1757 1447; x_wconf 91' lang='lat'><strong>:</strong></span> 
     </span>
    </p>
   </div>
   <div class='ocr_carea' id='block_1_15' title="bbox 182 1481 1761 1556">
    <p class='ocr_par' dir='ltr' id='par_1_15' title="bbox 182 1481 1761 1556">
     <span class='ocr_line' id='line_1_15' title="bbox 182 1481 1761 1556; baseline 0.006 -23"><span class='ocrx_word' id='word_1_94' title='bbox 182 1489 239 1534; x_wconf 91' lang='lat' dir='ltr'><strong>et</strong></span> <span class='ocrx_word' id='word_1_95' title='bbox 262 1481 537 1551; x_wconf 64' lang='lat' dir='ltr'><strong>sapientia</strong></span> <span class='ocrx_word' id='word_1_96' title='bbox 567 1481 683 1552; x_wconf 64' lang='lat' dir='ltr'><strong>ejus</strong></span> <span class='ocrx_word' id='word_1_97' title='bbox 722 1498 827 1538; x_wconf 91' lang='lat' dir='ltr'><strong>non</strong></span> <span class='ocrx_word' id='word_1_98' title='bbox 855 1491 938 1538; x_wconf 89' lang='lat' dir='ltr'><strong>cst</strong></span> <span class='ocrx_word' id='word_1_99' title='bbox 966 1485 1239 1540; x_wconf 81' lang='lat' dir='ltr'><strong>numerus.</strong></span> <span class='ocrx_word' id='word_1_100' title='bbox 1285 1485 1347 1539; x_wconf 89' lang='lat' dir='ltr'><strong>P.</strong></span> <span class='ocrx_word' id='word_1_101' title='bbox 1388 1485 1611 1542; x_wconf 80' lang='lat' dir='ltr'><strong>Sanctus</strong></span> <span class='ocrx_word' id='word_1_102' title='bbox 1639 1486 1761 1556; x_wconf 82' lang='lat' dir='ltr'><strong>Spi-</strong></span> 
     </span>
    </p>
   </div>
   <div class='ocr_carea' id='block_1_16' title="bbox 180 1572 1370 1643">
    <p class='ocr_par' dir='ltr' id='par_1_16' title="bbox 180 1572 1370 1643">
     <span class='ocr_line' id='line_1_16' title="bbox 180 1572 1370 1643; baseline 0.004 -15"><span class='ocrx_word' id='word_1_103' title='bbox 180 1572 336 1628; x_wconf 86' lang='lat' dir='ltr'><strong>ritus.</strong></span> <span class='ocrx_word' id='word_1_104' title='bbox 382 1574 417 1643; x_wconf 65' lang='lat' dir='ltr'><strong>y</strong></span> <span class='ocrx_word' id='word_1_105' title='bbox 441 1614 456 1628; x_wconf 94' lang='lat'><strong>.</strong></span> <span class='ocrx_word' id='word_1_106' title='bbox 487 1574 690 1639; x_wconf 75' lang='lat' dir='ltr'><strong>Gléria,</strong></span> <span class='ocrx_word' id='word_1_107' title='bbox 718 1586 770 1631; x_wconf 93' lang='lat' dir='ltr'><strong>et</strong></span> <span class='ocrx_word' id='word_1_108' title='bbox 802 1576 989 1632; x_wconf 88' lang='lat' dir='ltr'><strong>honor.</strong></span> <span class='ocrx_word' id='word_1_109' title='bbox 1026 1577 1091 1631; x_wconf 86' lang='grc' dir='ltr'><strong>Ρ.</strong></span> <span class='ocrx_word' id='word_1_110' title='bbox 1122 1578 1370 1633; x_wconf 90' lang='lat' dir='ltr'><strong>Sanctus.</strong></span> 
     </span>
    </p>
   </div>
   <div class='ocr_carea' id='block_1_17' title="bbox 258 1661 1759 1725">
    <p class='ocr_par' dir='ltr' id='par_1_17' title="bbox 258 1661 1759 1725">
     <span class='ocr_line' id='line_1_17' title="bbox 258 1661 1759 1725; baseline 0.006 -9"><span class='ocrx_word' id='word_1_111' title='bbox 258 1661 457 1718; x_wconf 83' lang='lat' dir='ltr'><strong>Oratio.</strong></span> <span class='ocrx_word' id='word_1_112' title='bbox 490 1665 735 1721; x_wconf 85' lang='lat' dir='ltr'><strong>Omnium</strong></span> <span class='ocrx_word' id='word_1_113' title='bbox 766 1682 945 1723; x_wconf 90' lang='lat' dir='ltr'><strong>rerum</strong></span> <span class='ocrx_word' id='word_1_114' title='bbox 973 1667 1196 1723; x_wconf 65' lang='lat' dir='ltr'><strong>Crehtor</strong></span> <span class='ocrx_word' id='word_1_115' title='bbox 1224 1677 1277 1723; x_wconf 92' lang='lat' dir='ltr'><strong>et</strong></span> <span class='ocrx_word' id='word_1_116' title='bbox 1297 1668 1558 1725; x_wconf 73' lang='lat' dir='ltr'><strong>Daminus</strong></span> <span class='ocrx_word' id='word_1_117' title='bbox 1577 1668 1759 1725; x_wconf 82' lang='lat' dir='ltr'><strong>docuit</strong></span> 
     </span>
    </p>
   </div>
   <div class='ocr_carea' id='block_1_18' title="bbox 179 1754 1759 1830">
    <p class='ocr_par' dir='ltr' id='par_1_18' title="bbox 179 1754 1759 1830">
     <span class='ocr_line' id='line_1_18' title="bbox 179 1754 1759 1830; baseline 0.003 -19"><span class='ocrx_word' id='word_1_118' title='bbox 179 1754 517 1825; x_wconf 76' lang='lat' dir='ltr'><strong>sapientiam,</strong></span> <span class='ocrx_word' id='word_1_119' title='bbox 549 1758 600 1814; x_wconf 92' lang='lat' dir='ltr'><strong>in</strong></span> <span class='ocrx_word' id='word_1_120' title='bbox 627 1772 727 1827; x_wconf 90' lang='lat' dir='ltr'><strong>qua</strong></span> <span class='ocrx_word' id='word_1_121' title='bbox 755 1768 839 1816; x_wconf 91' lang='lat' dir='ltr'><strong>est</strong></span> <span class='ocrx_word' id='word_1_122' title='bbox 864 1760 1088 1816; x_wconf 88' lang='lat' dir='ltr'><strong>Sanctus</strong></span> <span class='ocrx_word' id='word_1_123' title='bbox 1111 1759 1363 1830; x_wconf 80' lang='lat' dir='ltr'><strong>Spiritus,</strong></span> <span class='ocrx_word' id='word_1_124' title='bbox 1394 1762 1601 1827; x_wconf 81' lang='lat' dir='ltr'><strong>imicus,</strong></span> <span class='ocrx_word' id='word_1_125' title='bbox 1628 1762 1759 1816; x_wconf 85' lang='lat' dir='ltr'><strong>sim-</strong></span> 
     </span>
    </p>
   </div>
   <div class='ocr_carea' id='block_1_19' title="bbox 1867 566 3447 639">
    <p class='ocr_par' dir='ltr' id='par_1_19' title="bbox 1867 566 3447 639">
     <span class='ocr_line' id='line_1_19' title="bbox 1867 566 3447 639; baseline 0.009 -19"><span class='ocrx_word' id='word_1_126' title='bbox 1867 566 1956 621; x_wconf 93' lang='lat' dir='ltr'><strong>lud</strong></span> <span class='ocrx_word' id='word_1_127' title='bbox 1999 582 2194 638; x_wconf 87' lang='lat' dir='ltr'><strong>corpus</strong></span> <span class='ocrx_word' id='word_1_128' title='bbox 2236 569 2554 625; x_wconf 73' lang='lat' dir='ltr'><strong>conﬁtemur</strong></span> <span class='ocrx_word' id='word_1_129' title='bbox 2603 572 2963 639; x_wconf 74' lang='lat' dir='ltr'><strong>Dominicum,</strong></span> <span class='ocrx_word' id='word_1_130' title='bbox 3014 575 3166 631; x_wconf 73' lang='lat' dir='ltr'><strong>istius</strong></span> <span class='ocrx_word' id='word_1_131' title='bbox 3209 577 3447 635; x_wconf 75' lang='lat' dir='ltr'><strong>inlibata:</strong></span> 
     </span>
    </p>
   </div>
   <div class='ocr_carea' id='block_1_20' title="bbox 1867 659 3443 740">
    <p class='ocr_par' dir='ltr' id='par_1_20' title="bbox 1867 659 3443 740">
     <span class='ocr_line' id='line_1_20' title="bbox 1867 659 3443 740; baseline 0.008 -25"><span class='ocrx_word' id='word_1_132' title='bbox 1867 659 2174 727; x_wconf 80' lang='lat' dir='ltr'><strong>Genitricis,</strong></span> <span class='ocrx_word' id='word_1_133' title='bbox 2211 661 2241 716; x_wconf 66' lang='grc' dir='ltr'>ὸ</span> <span class='ocrx_word' id='word_1_134' title='bbox 2271 662 2555 718; x_wconf 64' lang='grc' dir='ltr'><strong>ῡὶνίηίιὸῑθ</strong></span> <span class='ocrx_word' id='word_1_135' title='bbox 2581 668 2934 734; x_wconf 73' lang='lat' dir='ltr'><strong>assamptum.</strong></span> <span class='ocrx_word' id='word_1_136' title='bbox 2967 666 3199 725; x_wconf 87' lang='lat' dir='ltr'><strong>Proinde</strong></span> <span class='ocrx_word' id='word_1_137' title='bbox 3226 685 3443 740; x_wconf 65' lang='lat' dir='ltr'><strong>quaesu-</strong></span> 
     </span>
    </p>
   </div>
   <div class='ocr_carea' id='block_1_21' title="bbox 1868 751 3446 823">
    <p class='ocr_par' dir='ltr' id='par_1_21' title="bbox 1868 751 3446 823">
     <span class='ocr_line' id='line_1_21' title="bbox 1868 751 3446 823; baseline 0.006 -17"><span class='ocrx_word' id='word_1_138' title='bbox 1868 766 2016 815; x_wconf 88' lang='lat' dir='ltr'><strong>mus,</strong></span> <span class='ocrx_word' id='word_1_139' title='bbox 2065 751 2349 808; x_wconf 81' lang='lat' dir='ltr'><strong>ineli‘abilis</strong></span> <span class='ocrx_word' id='word_1_140' title='bbox 2391 768 2598 810; x_wconf 91' lang='lat' dir='ltr'><strong>summe</strong></span> <span class='ocrx_word' id='word_1_141' title='bbox 2649 756 2818 823; x_wconf 85' lang='lat' dir='ltr'><strong>Deus,</strong></span> <span class='ocrx_word' id='word_1_142' title='bbox 2854 766 2918 819; x_wconf 44' lang='lat' dir='ltr'><strong>.ut</strong></span> <span class='ocrx_word' id='word_1_143' title='bbox 2967 758 3075 813; x_wconf 90' lang='lat' dir='ltr'><strong>illic</strong></span> <span class='ocrx_word' id='word_1_144' title='bbox 3123 761 3446 815; x_wconf 82' lang='lat' dir='ltr'><strong>extendatur</strong></span> 
     </span>
    </p>
   </div>
   <div class='ocr_carea' id='block_1_22' title="bbox 1867 843 3444 914">
    <p class='ocr_par' dir='ltr' id='par_1_22' title="bbox 1867 843 3444 914">
     <span class='ocr_line' id='line_1_22' title="bbox 1867 843 3444 914; baseline 0.006 -17"><span class='ocrx_word' id='word_1_145' title='bbox 1867 852 2045 898; x_wconf 91' lang='lat' dir='ltr'><strong>nostra</strong></span> <span class='ocrx_word' id='word_1_146' title='bbox 2091 843 2341 912; x_wconf 87' lang='lat' dir='ltr'><strong>inténtio,</strong></span> <span class='ocrx_word' id='word_1_147' title='bbox 2387 844 2492 914; x_wconf 69' lang='lat' dir='ltr'><strong>qui)</strong></span> <span class='ocrx_word' id='word_1_148' title='bbox 2534 860 2627 913; x_wconf 87' lang='lat' dir='ltr'><strong>per</strong></span> <span class='ocrx_word' id='word_1_149' title='bbox 2669 846 2856 900; x_wconf 79' lang='lat' dir='ltr'><strong>fortem</strong></span> <span class='ocrx_word' id='word_1_150' title='bbox 2900 848 3240 904; x_wconf 73' lang='lat' dir='ltr'><strong>dilectidnem</strong></span> <span class='ocrx_word' id='word_1_151' title='bbox 3282 850 3444 907; x_wconf 70' lang='lat' dir='ltr'><strong>hddic</strong></span> 
     </span>
    </p>
   </div>
   <div class='ocr_carea' id='block_1_23' title="bbox 1867 934 3439 1006">
    <p class='ocr_par' dir='ltr' id='par_1_23' title="bbox 1867 934 3439 1006">
     <span class='ocr_line' id='line_1_23' title="bbox 1867 934 3439 1006; baseline 0.005 -18"><span class='ocrx_word' id='word_1_152' title='bbox 1867 934 2137 1003; x_wconf 73' lang='lat' dir='ltr'><strong>prrecéssit</strong></span> <span class='ocrx_word' id='word_1_153' title='bbox 2165 935 2321 1006; x_wconf 78' lang='lat' dir='ltr'><strong>digna</strong></span> <span class='ocrx_word' id='word_1_154' title='bbox 2349 935 2688 1006; x_wconf 75' lang='lat' dir='ltr'><strong>suﬁ&#39;ragatrix</strong></span> <span class='ocrx_word' id='word_1_155' title='bbox 2716 951 2813 1006; x_wconf 89' lang='lat' dir='ltr'><strong>pro</strong></span> <span class='ocrx_word' id='word_1_156' title='bbox 2839 937 3016 1005; x_wconf 90' lang='lat' dir='ltr'><strong>nobis,</strong></span> <span class='ocrx_word' id='word_1_157' title='bbox 3043 953 3106 995; x_wconf 89' lang='lat' dir='ltr'><strong>ac</strong></span> <span class='ocrx_word' id='word_1_158' title='bbox 3131 939 3439 996; x_wconf 84' lang='lat' dir='ltr'><strong>beatissima</strong></span> 
     </span>
    </p>
   </div>
   <div class='ocr_carea' id='block_1_24' title="bbox 1865 1024 2392 1095">
    <p class='ocr_par' dir='ltr' id='par_1_24' title="bbox 1865 1024 2392 1095">
     <span class='ocr_line' id='line_1_24' title="bbox 1865 1024 2392 1095; baseline 0 -16"><span class='ocrx_word' id='word_1_159' title='bbox 1865 1024 2045 1095; x_wconf 82' lang='lat' dir='ltr'><strong>Virgo.</strong></span> <span class='ocrx_word' id='word_1_160' title='bbox 2094 1025 2166 1092; x_wconf 63' lang='grc' dir='ltr'><strong>ἡ.</strong></span> <span class='ocrx_word' id='word_1_161' title='bbox 2204 1030 2392 1081; x_wconf 83' lang='lat' dir='ltr'><strong>Amen.</strong></span> 
     </span>
    </p>
   </div>
   <div class='ocr_carea' id='block_1_25' title="bbox 1938 1115 2507 1171">
    <p class='ocr_par' dir='ltr' id='par_1_25' title="bbox 1938 1115 2507 1171">
     <span class='ocr_line' id='line_1_25' title="bbox 1938 1115 2507 1171; baseline 0.002 -2"><span class='ocrx_word' id='word_1_162' title='bbox 1938 1115 2038 1169; x_wconf 82' lang='lat' dir='ltr'><strong>Per</strong></span> <span class='ocrx_word' id='word_1_163' title='bbox 2066 1116 2507 1171; x_wconf 84' lang='lat' dir='ltr'><strong>misericordiam.</strong></span> 
     </span>
    </p>
   </div>
   <div class='ocr_carea' id='block_1_26' title="bbox 1935 1206 3442 1277">
    <p class='ocr_par' dir='ltr' id='par_1_26' title="bbox 1935 1206 3442 1277">
     <span class='ocr_line' id='line_1_26' title="bbox 1935 1206 3442 1277; baseline 0.007 -18"><span class='ocrx_word' id='word_1_164' title='bbox 1935 1207 2247 1274; x_wconf 81' lang='lat' dir='ltr'><strong>Antipltona.</strong></span> <span class='ocrx_word' id='word_1_165' title='bbox 2274 1206 2386 1276; x_wconf 88' lang='lat' dir='ltr'><strong>Ego</strong></span> <span class='ocrx_word' id='word_1_166' title='bbox 2408 1206 2563 1261; x_wconf 84' lang='lat' dir='ltr'><strong>Jesus</strong></span> <span class='ocrx_word' id='word_1_167' title='bbox 2584 1208 2737 1262; x_wconf 88' lang='lat' dir='ltr'><strong>mitto</strong></span> <span class='ocrx_word' id='word_1_168' title='bbox 2758 1208 3040 1277; x_wconf 86' lang='lat' dir='ltr'><strong>Angelum.</strong></span> <span class='ocrx_word' id='word_1_169' title='bbox 3068 1209 3269 1264; x_wconf 82' lang='lat' dir='ltr'><strong>Oratio.</strong></span> <span class='ocrx_word' id='word_1_170' title='bbox 3294 1212 3442 1269; x_wconf 79' lang='lat' dir='ltr'><strong>Mitte</strong></span> 
     </span>
    </p>
   </div>
   <div class='ocr_carea' id='block_1_27' title="bbox 1864 1296 3446 1370">
    <p class='ocr_par' dir='ltr' id='par_1_27' title="bbox 1864 1296 3446 1370">
     <span class='ocr_line' id='line_1_27' title="bbox 1864 1296 3446 1370; baseline 0.005 -20"><span class='ocrx_word' id='word_1_171' title='bbox 1864 1298 2051 1362; x_wconf 88' lang='lat' dir='ltr'><strong>nobis,</strong></span> <span class='ocrx_word' id='word_1_172' title='bbox 2111 1296 2256 1352; x_wconf 89' lang='lat' dir='ltr'><strong>Deus</strong></span> <span class='ocrx_word' id='word_1_173' title='bbox 2295 1298 2564 1366; x_wconf 90' lang='lat' dir='ltr'><strong>clemens,</strong></span> <span class='ocrx_word' id='word_1_174' title='bbox 2608 1299 2938 1355; x_wconf 77' lang='lat' dir='ltr'><strong>blichaélem.</strong></span> <span class='ocrx_word' id='word_1_175' title='bbox 2971 1301 3065 1370; x_wconf 88' lang='lat' dir='ltr'><strong>fol.</strong></span> <span class='ocrx_word' id='word_1_176' title='bbox 3099 1317 3257 1357; x_wconf 89' lang='lat' dir='ltr'><strong>cccu.</strong></span> <span class='ocrx_word' id='word_1_177' title='bbox 3299 1306 3446 1359; x_wconf 82' lang='lat' dir='ltr'><strong>Anti-</strong></span> 
     </span>
    </p>
   </div>
   <div class='ocr_carea' id='block_1_28' title="bbox 1862 1387 3441 1462">
    <p class='ocr_par' dir='ltr' id='par_1_28' title="bbox 1862 1387 3441 1462">
     <span class='ocr_line' id='line_1_28' title="bbox 1862 1387 3441 1462; baseline 0.006 -23"><span class='ocrx_word' id='word_1_178' title='bbox 1862 1387 2053 1457; x_wconf 82' lang='lat' dir='ltr'><strong>pltona.</strong></span> <span class='ocrx_word' id='word_1_179' title='bbox 2099 1387 2176 1445; x_wconf 75' lang='lat' dir='ltr'><strong>Ex</strong></span> <span class='ocrx_word' id='word_1_180' title='bbox 2208 1390 2358 1444; x_wconf 77' lang='lat' dir='ltr'><strong>utero</strong></span> <span class='ocrx_word' id='word_1_181' title='bbox 2400 1391 2604 1445; x_wconf 82' lang='lat' dir='ltr'><strong>matris.</strong></span> <span class='ocrx_word' id='word_1_182' title='bbox 2651 1390 2849 1446; x_wconf 83' lang='lat' dir='ltr'><strong>Oratio.</strong></span> <span class='ocrx_word' id='word_1_183' title='bbox 2882 1392 3091 1448; x_wconf 80' lang='lat' dir='ltr'><strong>Christe</strong></span> <span class='ocrx_word' id='word_1_184' title='bbox 3132 1393 3222 1449; x_wconf 88' lang='lat' dir='ltr'><strong>Dei</strong></span> <span class='ocrx_word' id='word_1_185' title='bbox 3256 1395 3441 1462; x_wconf 83' lang='lat' dir='ltr'><strong>Filius,</strong></span> 
     </span>
    </p>
   </div>
   <div class='ocr_carea' id='block_1_29' title="bbox 1862 1480 3447 1555">
    <p class='ocr_par' dir='ltr' id='par_1_29' title="bbox 1862 1480 3447 1555">
     <span class='ocr_line' id='line_1_29' title="bbox 1862 1480 3447 1555; baseline 0.007 -22"><span class='ocrx_word' id='word_1_186' title='bbox 1862 1481 1950 1551; x_wconf 90' lang='lat' dir='ltr'><strong>qui</strong></span> <span class='ocrx_word' id='word_1_187' title='bbox 1994 1480 2407 1536; x_wconf 74' lang='lat' dir='ltr'><strong>Praecursérem.</strong></span> <span class='ocrx_word' id='word_1_188' title='bbox 2452 1482 2546 1552; x_wconf 86' lang='lat' dir='ltr'><strong>fol.</strong></span> <span class='ocrx_word' id='word_1_189' title='bbox 2588 1498 2710 1539; x_wconf 69' lang='lat' dir='ltr'><strong>cce.</strong></span> <span class='ocrx_word' id='word_1_190' title='bbox 2757 1486 3169 1555; x_wconf 79' lang='lat' dir='ltr'><strong>Itesponsorinm.</strong></span> <span class='ocrx_word' id='word_1_191' title='bbox 3210 1488 3304 1541; x_wconf 91' lang='lat' dir='ltr'><strong>llic</strong></span> <span class='ocrx_word' id='word_1_192' title='bbox 3362 1498 3447 1544; x_wconf 89' lang='lat' dir='ltr'><strong>est</strong></span> 
     </span>
    </p>
   </div>
   <div class='ocr_carea' id='block_1_30' title="bbox 1865 1564 3441 1643">
    <p class='ocr_par' dir='ltr' id='par_1_30' title="bbox 1865 1564 3441 1643">
     <span class='ocr_line' id='line_1_30' title="bbox 1865 1564 3441 1643; baseline 0.004 -18"><span class='ocrx_word' id='word_1_193' title='bbox 1865 1564 2190 1626; x_wconf 74' lang='lat' dir='ltr'><strong>Prtecursor.</strong></span> <span class='ocrx_word' id='word_1_194' title='bbox 2222 1571 2421 1627; x_wconf 84' lang='lat' dir='ltr'><strong>Oratio.</strong></span> <span class='ocrx_word' id='word_1_195' title='bbox 2453 1573 2593 1628; x_wconf 87' lang='lat' dir='ltr'><strong>Deus</strong></span> <span class='ocrx_word' id='word_1_196' title='bbox 2620 1578 2707 1643; x_wconf 85' lang='lat' dir='ltr'><strong>qui</strong></span> <span class='ocrx_word' id='word_1_197' title='bbox 2734 1575 2992 1630; x_wconf 87' lang='lat' dir='ltr'><strong>Joannem</strong></span> <span class='ocrx_word' id='word_1_198' title='bbox 3022 1576 3441 1633; x_wconf 65' lang='lat' dir='ltr'><strong>Praecursércm.</strong></span> 
     </span>
    </p>
   </div>
   <div class='ocr_carea' id='block_1_31' title="bbox 1862 1661 3435 1741">
    <p class='ocr_par' dir='ltr' id='par_1_31' title="bbox 1862 1661 3435 1741">
     <span class='ocr_line' id='line_1_31' title="bbox 1862 1661 3435 1741; baseline 0.005 -28"><span class='ocrx_word' id='word_1_199' title='bbox 1862 1661 2173 1730; x_wconf 77' lang='lat' dir='ltr'><strong>Aniipltona.</strong></span> <span class='ocrx_word' id='word_1_200' title='bbox 2229 1661 2485 1741; x_wconf 66' lang='lat' dir='ltr'><strong>Honorati</strong></span> <span class='ocrx_word' id='word_1_201' title='bbox 2531 1672 2676 1718; x_wconf 92' lang='lat' dir='ltr'><strong>sunt.</strong></span> <span class='ocrx_word' id='word_1_202' title='bbox 2731 1664 2930 1717; x_wconf 84' lang='lat' dir='ltr'><strong>Oratio.</strong></span> <span class='ocrx_word' id='word_1_203' title='bbox 2985 1665 3239 1721; x_wconf 88' lang='lat' dir='ltr'><strong>llonorati</strong></span> <span class='ocrx_word' id='word_1_204' title='bbox 3290 1678 3435 1721; x_wconf 89' lang='lat' dir='ltr'><strong>sunt.</strong></span> 
     </span>
    </p>
   </div>
   <div class='ocr_carea' id='block_1_32' title="bbox 1866 1753 3439 1825">
    <p class='ocr_par' dir='ltr' id='par_1_32' title="bbox 1866 1753 3439 1825">
     <span class='ocr_line' id='line_1_32' title="bbox 1866 1753 3439 1825; baseline 0.003 -20"><span class='ocrx_word' id='word_1_205' title='bbox 1866 1753 1958 1822; x_wconf 82' lang='lat' dir='ltr'><strong>fol.</strong></span> <span class='ocrx_word' id='word_1_206' title='bbox 2010 1768 2188 1807; x_wconf 79' lang='lat' dir='ltr'><strong>CCLV].</strong></span> <span class='ocrx_word' id='word_1_207' title='bbox 2214 1754 2531 1822; x_wconf 83' lang='lat' dir='ltr'><strong>Antiphona.</strong></span> <span class='ocrx_word' id='word_1_208' title='bbox 2563 1754 2732 1820; x_wconf 82' lang='lat' dir='ltr'><strong>Beati,</strong></span> <span class='ocrx_word' id='word_1_209' title='bbox 2756 1765 2810 1810; x_wconf 90' lang='lat' dir='ltr'><strong>et</strong></span> <span class='ocrx_word' id='word_1_210' title='bbox 2836 1755 3020 1809; x_wconf 70' lang='lat' dir='ltr'><strong>multa.</strong></span> <span class='ocrx_word' id='word_1_211' title='bbox 3058 1756 3153 1825; x_wconf 86' lang='lat' dir='ltr'><strong>fol.</strong></span> <span class='ocrx_word' id='word_1_212' title='bbox 3187 1772 3439 1812; x_wconf 75' lang='lat' dir='ltr'><strong>cuxvm.</strong></span> 
     </span>
    </p>
   </div>
   <div class='ocr_carea' id='block_1_33' title="bbox 180 1822 3441 1922">
    <p class='ocr_par' dir='ltr' id='par_1_33' title="bbox 180 1822 3441 1922">
     <span class='ocr_line' id='line_1_33' title="bbox 180 1822 3441 1922; baseline 0.002 -20"><span class='ocrx_word' id='word_1_213' title='bbox 180 1822 326 1918; x_wconf 74' lang='lat' dir='ltr'><strong>plex,</strong></span> <span class='ocrx_word' id='word_1_214' title='bbox 355 1822 721 1916; x_wconf 79' lang='lat' dir='ltr'><strong>multimodus.</strong></span> <span class='ocrx_word' id='word_1_215' title='bbox 762 1852 970 1909; x_wconf 86' lang='lat' dir='ltr'><strong>subtilis</strong></span> <span class='ocrx_word' id='word_1_216' title='bbox 997 1872 1011 1909; x_wconf 89' lang='lat'><strong>:</strong></span> <span class='ocrx_word' id='word_1_217' title='bbox 1037 1863 1089 1909; x_wconf 89' lang='lat' dir='ltr'><strong>et</strong></span> <span class='ocrx_word' id='word_1_218' title='bbox 1127 1822 1263 1908; x_wconf 79' lang='lat' dir='ltr'><strong>unus</strong></span> <span class='ocrx_word' id='word_1_219' title='bbox 1291 1822 1469 1921; x_wconf 76' lang='lat' dir='ltr'><strong>Pater,</strong></span> <span class='ocrx_word' id='word_1_220' title='bbox 1496 1822 1636 1909; x_wconf 83' lang='lat' dir='ltr'><strong>unus</strong></span> <span class='ocrx_word' id='word_1_221' title='bbox 1673 1853 1757 1908; x_wconf 82' lang='lat' dir='ltr'><strong>Fi—</strong></span> <span class='ocrx_word' id='word_1_222' title='bbox 1796 1822 1840 1884; x_wconf 72' lang='grc' dir='ltr'><strong>Β</strong></span> <span class='ocrx_word' id='word_1_223' title='bbox 1940 1844 2137 1896; x_wconf 69' lang='grc' dir='ltr'><strong>θ’·αιίο·</strong></span> <span class='ocrx_word' id='word_1_224' title='bbox 2171 1843 2317 1901; x_wconf 68' lang='grc' dir='ltr'><strong>8οὸιὶ</strong></span> <span class='ocrx_word' id='word_1_225' title='bbox 2349 1844 2496 1914; x_wconf 67' lang='lat' dir='ltr'><strong>veré,</strong></span> <span class='ocrx_word' id='word_1_226' title='bbox 2522 1845 2767 1914; x_wconf 62' lang='lat' dir='ltr'><strong>Dbmitte,</strong></span> <span class='ocrx_word' id='word_1_227' title='bbox 2794 1859 2845 1903; x_wconf 87' lang='lat' dir='ltr'><strong>cl</strong></span> <span class='ocrx_word' id='word_1_228' title='bbox 2876 1822 3269 1906; x_wconf 71' lang='lat' dir='ltr'><strong>Itimioimnére</strong></span> <span class='ocrx_word' id='word_1_229' title='bbox 3295 1851 3441 1922; x_wconf 83' lang='lat' dir='ltr'><strong>digni</strong></span> 
     </span>
    </p>
   </div>
   <div class='ocr_carea' id='block_1_34' title="bbox 179 1937 1758 2012">
    <p class='ocr_par' dir='ltr' id='par_1_34' title="bbox 179 1937 1758 2012">
     <span class='ocr_line' id='line_1_34' title="bbox 179 1937 1758 2012; baseline 0.004 -21"><span class='ocrx_word' id='word_1_230' title='bbox 179 1937 317 2004; x_wconf 91' lang='lat' dir='ltr'><strong>lius,</strong></span> <span class='ocrx_word' id='word_1_231' title='bbox 354 1953 490 1994; x_wconf 91' lang='lat' dir='ltr'><strong>unus</strong></span> <span class='ocrx_word' id='word_1_232' title='bbox 518 1940 747 2009; x_wconf 90' lang='lat' dir='ltr'><strong>Spiritus</strong></span> <span class='ocrx_word' id='word_1_233' title='bbox 772 1941 1023 2010; x_wconf 86' lang='lat' dir='ltr'><strong>Sanctus,</strong></span> <span class='ocrx_word' id='word_1_234' title='bbox 1062 1958 1167 1998; x_wconf 92' lang='lat' dir='ltr'><strong>non</strong></span> <span class='ocrx_word' id='word_1_235' title='bbox 1200 1944 1498 2012; x_wconf 82' lang='lat' dir='ltr'><strong>pluralitate</strong></span> <span class='ocrx_word' id='word_1_236' title='bbox 1539 1943 1758 1999; x_wconf 82' lang='lat' dir='ltr'><strong>Deitatis</strong></span> 
     </span>
    </p>
   </div>
   <div class='ocr_carea' id='block_1_35' title="bbox 178 2030 1757 2104">
    <p class='ocr_par' dir='ltr' id='par_1_35' title="bbox 178 2030 1757 2104">
     <span class='ocr_line' id='line_1_35' title="bbox 178 2030 1757 2104; baseline 0.003 -19"><span class='ocrx_word' id='word_1_237' title='bbox 178 2030 406 2098; x_wconf 81' lang='lat' dir='ltr'><strong>osténsi,</strong></span> <span class='ocrx_word' id='word_1_238' title='bbox 438 2032 530 2086; x_wconf 88' lang='lat' dir='ltr'><strong>sed</strong></span> <span class='ocrx_word' id='word_1_239' title='bbox 561 2032 767 2088; x_wconf 85' lang='lat' dir='ltr'><strong>unitate</strong></span> <span class='ocrx_word' id='word_1_240' title='bbox 804 2033 1016 2088; x_wconf 72' lang='lat' dir='ltr'><strong>virtatis</strong></span> <span class='ocrx_word' id='word_1_241' title='bbox 1046 2034 1223 2089; x_wconf 77' lang='lat' dir='ltr'><strong>innexi</strong></span> <span class='ocrx_word' id='word_1_242' title='bbox 1266 2053 1277 2087; x_wconf 89' lang='lat'><strong>:</strong></span> <span class='ocrx_word' id='word_1_243' title='bbox 1322 2046 1379 2089; x_wconf 91' lang='lat' dir='ltr'><strong>ut</strong></span> <span class='ocrx_word' id='word_1_244' title='bbox 1408 2034 1606 2089; x_wconf 75' lang='lat' dir='ltr'><strong>unione</strong></span> <span class='ocrx_word' id='word_1_245' title='bbox 1637 2050 1757 2104; x_wconf 88' lang='lat' dir='ltr'><strong>per-</strong></span> 
     </span>
    </p>
   </div>
   <div class='ocr_carea' id='block_1_36' title="bbox 179 2120 1757 2195">
    <p class='ocr_par' dir='ltr' id='par_1_36' title="bbox 179 2120 1757 2195">
     <span class='ocr_line' id='line_1_36' title="bbox 179 2120 1757 2195; baseline 0.002 -19"><span class='ocrx_word' id='word_1_246' title='bbox 179 2120 332 2176; x_wconf 69' lang='lat' dir='ltr'><strong>sénze</strong></span> <span class='ocrx_word' id='word_1_247' title='bbox 358 2122 595 2188; x_wconf 85' lang='lat' dir='ltr'><strong>careant,</strong></span> <span class='ocrx_word' id='word_1_248' title='bbox 627 2133 681 2177; x_wconf 89' lang='lat' dir='ltr'><strong>et</strong></span> <span class='ocrx_word' id='word_1_249' title='bbox 710 2124 760 2177; x_wconf 95' lang='lat' dir='ltr'><strong>in</strong></span> <span class='ocrx_word' id='word_1_250' title='bbox 792 2124 992 2179; x_wconf 65' lang='lat' dir='ltr'><strong>unitate</strong></span> <span class='ocrx_word' id='word_1_251' title='bbox 1018 2126 1218 2180; x_wconf 77' lang='lat' dir='ltr'><strong>natura:</strong></span> <span class='ocrx_word' id='word_1_252' title='bbox 1244 2125 1630 2195; x_wconf 82' lang='lat' dir='ltr'><strong>permaneant:</strong></span> <span class='ocrx_word' id='word_1_253' title='bbox 1659 2140 1757 2181; x_wconf 88' lang='lat' dir='ltr'><strong>nec</strong></span> 
     </span>
    </p>
   </div>
   <div class='ocr_carea' id='block_1_37' title="bbox 175 2215 1756 2288">
    <p class='ocr_par' dir='ltr' id='par_1_37' title="bbox 175 2215 1756 2288">
     <span class='ocr_line' id='line_1_37' title="bbox 175 2215 1756 2288; baseline 0.001 -19"><span class='ocrx_word' id='word_1_254' title='bbox 175 2216 247 2269; x_wconf 90' lang='lat' dir='ltr'><strong>sit</strong></span> <span class='ocrx_word' id='word_1_255' title='bbox 287 2215 397 2270; x_wconf 90' lang='lat' dir='ltr'><strong>illic</strong></span> <span class='ocrx_word' id='word_1_256' title='bbox 445 2215 641 2285; x_wconf 84' lang='lat' dir='ltr'><strong>aliquid</strong></span> <span class='ocrx_word' id='word_1_257' title='bbox 687 2215 989 2282; x_wconf 77' lang='lat' dir='ltr'><strong>diversum,</strong></span> <span class='ocrx_word' id='word_1_258' title='bbox 1036 2218 1122 2273; x_wconf 89' lang='lat' dir='ltr'><strong>ubi</strong></span> <span class='ocrx_word' id='word_1_259' title='bbox 1166 2218 1218 2272; x_wconf 90' lang='lat' dir='ltr'><strong>in</strong></span> <span class='ocrx_word' id='word_1_260' title='bbox 1268 2217 1491 2288; x_wconf 83' lang='lat' dir='ltr'><strong>singulis</strong></span> <span class='ocrx_word' id='word_1_261' title='bbox 1537 2217 1756 2273; x_wconf 77' lang='lat' dir='ltr'><strong>resonat</strong></span> 
     </span>
    </p>
   </div>
   <div class='ocr_carea' id='block_1_38' title="bbox 178 2306 1756 2380">
    <p class='ocr_par' dir='ltr' id='par_1_38' title="bbox 178 2306 1756 2380">
     <span class='ocr_line' id='line_1_38' title="bbox 178 2306 1756 2380; baseline 0.003 -21"><span class='ocrx_word' id='word_1_262' title='bbox 178 2322 364 2361; x_wconf 92' lang='lat' dir='ltr'><strong>unum.</strong></span> <span class='ocrx_word' id='word_1_263' title='bbox 398 2307 508 2361; x_wconf 84' lang='lat' dir='ltr'><strong>Hac</strong></span> <span class='ocrx_word' id='word_1_264' title='bbox 534 2307 691 2378; x_wconf 84' lang='lat' dir='ltr'><strong>igitur</strong></span> <span class='ocrx_word' id='word_1_265' title='bbox 721 2318 792 2377; x_wconf 92' lang='lat' dir='ltr'><strong>te,</strong></span> <span class='ocrx_word' id='word_1_266' title='bbox 816 2306 1009 2364; x_wconf 89' lang='lat' dir='ltr'><strong>Sancta</strong></span> <span class='ocrx_word' id='word_1_267' title='bbox 1030 2309 1284 2376; x_wconf 87' lang='lat' dir='ltr'><strong>Trinitas,</strong></span> <span class='ocrx_word' id='word_1_268' title='bbox 1310 2309 1433 2366; x_wconf 82' lang='lat' dir='ltr'><strong>ﬁdei</strong></span> <span class='ocrx_word' id='word_1_269' title='bbox 1454 2310 1756 2380; x_wconf 77' lang='lat' dir='ltr'><strong>cognitidne</strong></span> 
     </span>
    </p>
   </div>
   <div class='ocr_carea' id='block_1_39' title="bbox 177 2397 1755 2473">
    <p class='ocr_par' dir='ltr' id='par_1_39' title="bbox 177 2397 1755 2473">
     <span class='ocr_line' id='line_1_39' title="bbox 177 2397 1755 2473; baseline 0.003 -21"><span class='ocrx_word' id='word_1_270' title='bbox 177 2397 484 2461; x_wconf 77' lang='lat' dir='ltr'><strong>credentes,</strong></span> <span class='ocrx_word' id='word_1_271' title='bbox 517 2397 808 2467; x_wconf 82' lang='lat' dir='ltr'><strong>poscimus,</strong></span> <span class='ocrx_word' id='word_1_272' title='bbox 841 2410 893 2455; x_wconf 89' lang='lat' dir='ltr'><strong>et</strong></span> <span class='ocrx_word' id='word_1_273' title='bbox 922 2400 1200 2473; x_wconf 84' lang='lat' dir='ltr'><strong>rogamus,</strong></span> <span class='ocrx_word' id='word_1_274' title='bbox 1241 2409 1297 2453; x_wconf 86' lang='lat' dir='ltr'><strong>ut</strong></span> <span class='ocrx_word' id='word_1_275' title='bbox 1326 2402 1755 2457; x_wconf 76' lang='lat' dir='ltr'><strong>manilestatidne</strong></span> 
     </span>
    </p>
   </div>
   <div class='ocr_carea' id='block_1_40' title="bbox 1862 1934 3442 2011">
    <p class='ocr_par' dir='ltr' id='par_1_40' title="bbox 1862 1934 3442 2011">
     <span class='ocr_line' id='line_1_40' title="bbox 1862 1934 3442 2011; baseline 0.007 -25"><span class='ocrx_word' id='word_1_276' title='bbox 1862 1942 2006 1998; x_wconf 86' lang='lat' dir='ltr'><strong>sunt,</strong></span> <span class='ocrx_word' id='word_1_277' title='bbox 2045 1949 2273 2003; x_wconf 90' lang='lat' dir='ltr'><strong>quorum</strong></span> <span class='ocrx_word' id='word_1_278' title='bbox 2320 1946 2375 1991; x_wconf 87' lang='lat' dir='ltr'><strong>tu</strong></span> <span class='ocrx_word' id='word_1_279' title='bbox 2421 1934 2597 2004; x_wconf 69' lang='lat' dir='ltr'><strong>partio</strong></span> <span class='ocrx_word' id='word_1_280' title='bbox 2639 1953 2760 1994; x_wconf 87' lang='lat' dir='ltr'><strong>esse</strong></span> <span class='ocrx_word' id='word_1_281' title='bbox 2796 1940 3041 2008; x_wconf 85' lang='lat' dir='ltr'><strong>dignatus</strong></span> <span class='ocrx_word' id='word_1_282' title='bbox 3078 1954 3138 1996; x_wconf 91' lang='lat' dir='ltr'><strong>es</strong></span> <span class='ocrx_word' id='word_1_283' title='bbox 3169 1959 3181 1995; x_wconf 88' lang='lat'><strong>:</strong></span> <span class='ocrx_word' id='word_1_284' title='bbox 3215 1940 3442 2011; x_wconf 80' lang='lat' dir='ltr'><strong>ideoque</strong></span> 
     </span>
    </p>
   </div>
   <div class='ocr_carea' id='block_1_41' title="bbox 1861 2022 3440 2100">
    <p class='ocr_par' dir='ltr' id='par_1_41' title="bbox 1861 2022 3440 2100">
     <span class='ocr_line' id='line_1_41' title="bbox 1861 2022 3440 2100; baseline 0.006 -23"><span class='ocrx_word' id='word_1_285' title='bbox 1861 2022 2160 2077; x_wconf 77' lang='lat' dir='ltr'><strong>interventu</strong></span> <span class='ocrx_word' id='word_1_286' title='bbox 2188 2027 2499 2081; x_wconf 77' lang='lat' dir='ltr'><strong>sanctorum</strong></span> <span class='ocrx_word' id='word_1_287' title='bbox 2530 2028 2739 2082; x_wconf 76' lang='lat' dir='ltr'><strong>tudrum</strong></span> <span class='ocrx_word' id='word_1_288' title='bbox 2772 2030 3183 2100; x_wconf 77' lang='lat' dir='ltr'><strong>Episcoporum,</strong></span> <span class='ocrx_word' id='word_1_289' title='bbox 3218 2044 3271 2086; x_wconf 90' lang='lat' dir='ltr'><strong>et</strong></span> <span class='ocrx_word' id='word_1_290' title='bbox 3300 2032 3440 2086; x_wconf 83' lang='lat' dir='ltr'><strong>Con-</strong></span> 
     </span>
    </p>
   </div>
   <div class='ocr_carea' id='block_1_42' title="bbox 1867 2114 3439 2191">
    <p class='ocr_par' dir='ltr' id='par_1_42' title="bbox 1867 2114 3439 2191">
     <span class='ocr_line' id='line_1_42' title="bbox 1867 2114 3439 2191; baseline 0.007 -24"><span class='ocrx_word' id='word_1_291' title='bbox 1867 2114 2157 2181; x_wconf 70' lang='lat' dir='ltr'><strong>fessCrum,</strong></span> <span class='ocrx_word' id='word_1_292' title='bbox 2189 2117 2441 2187; x_wconf 87' lang='lat' dir='ltr'><strong>quicquid</strong></span> <span class='ocrx_word' id='word_1_293' title='bbox 2471 2116 2564 2172; x_wconf 87' lang='lat' dir='ltr'><strong>tibi</strong></span> <span class='ocrx_word' id='word_1_294' title='bbox 2606 2135 2670 2174; x_wconf 81' lang='lat' dir='ltr'><strong>ex</strong></span> <span class='ocrx_word' id='word_1_295' title='bbox 2715 2121 2866 2175; x_wconf 89' lang='lat' dir='ltr'><strong>nobis</strong></span> <span class='ocrx_word' id='word_1_296' title='bbox 2908 2136 3010 2176; x_wconf 89' lang='lat' dir='ltr'><strong>non</strong></span> <span class='ocrx_word' id='word_1_297' title='bbox 3040 2123 3254 2191; x_wconf 85' lang='lat' dir='ltr'><strong>militat,</strong></span> <span class='ocrx_word' id='word_1_298' title='bbox 3284 2138 3439 2178; x_wconf 74' lang='lat' dir='ltr'><strong>amur</strong></span> 
     </span>
    </p>
   </div>
   <div class='ocr_carea' id='block_1_43' title="bbox 1862 2204 3434 2283">
    <p class='ocr_par' dir='ltr' id='par_1_43' title="bbox 1862 2204 3434 2283">
     <span class='ocr_line' id='line_1_43' title="bbox 1862 2204 3434 2283; baseline 0.005 -25"><span class='ocrx_word' id='word_1_299' title='bbox 1862 2204 2094 2259; x_wconf 66' lang='lat' dir='ltr'><strong>caelestis</strong></span> <span class='ocrx_word' id='word_1_300' title='bbox 2142 2204 2324 2275; x_wconf 66' lang='lat' dir='ltr'><strong>patriae</strong></span> <span class='ocrx_word' id='word_1_301' title='bbox 2367 2209 2420 2261; x_wconf 91' lang='lat' dir='ltr'><strong>in</strong></span> <span class='ocrx_word' id='word_1_302' title='bbox 2461 2206 2614 2262; x_wconf 91' lang='lat' dir='ltr'><strong>nobis</strong></span> <span class='ocrx_word' id='word_1_303' title='bbox 2658 2211 2885 2279; x_wconf 86' lang='lat' dir='ltr'><strong>ﬂagrans</strong></span> <span class='ocrx_word' id='word_1_304' title='bbox 2926 2212 3303 2283; x_wconf 57' lang='lat' dir='ltr'><strong>usquequljue</strong></span> <span class='ocrx_word' id='word_1_305' title='bbox 3352 2214 3434 2266; x_wconf 81' lang='lat' dir='ltr'><strong>in-</strong></span> 
     </span>
    </p>
   </div>
   <div class='ocr_carea' id='block_1_44' title="bbox 1863 2291 3439 2368">
    <p class='ocr_par' dir='ltr' id='par_1_44' title="bbox 1863 2291 3439 2368">
     <span class='ocr_line' id='line_1_44' title="bbox 1863 2291 3439 2368; baseline 0.008 -23"><span class='ocrx_word' id='word_1_306' title='bbox 1863 2291 2101 2359; x_wconf 82' lang='lat' dir='ltr'><strong>térimat;</strong></span> <span class='ocrx_word' id='word_1_307' title='bbox 2144 2302 2195 2348; x_wconf 77' lang='lat' dir='ltr'><strong>et</strong></span> <span class='ocrx_word' id='word_1_308' title='bbox 2235 2302 2356 2364; x_wconf 87' lang='lat' dir='ltr'><strong>post</strong></span> <span class='ocrx_word' id='word_1_309' title='bbox 2377 2310 2495 2350; x_wconf 91' lang='lat' dir='ltr'><strong>cum</strong></span> <span class='ocrx_word' id='word_1_310' title='bbox 2543 2298 2624 2351; x_wconf 88' lang='lat' dir='ltr'><strong>his</strong></span> <span class='ocrx_word' id='word_1_311' title='bbox 2654 2298 2879 2363; x_wconf 81' lang='lat' dir='ltr'><strong>Sanctis,</strong></span> <span class='ocrx_word' id='word_1_312' title='bbox 2911 2316 3135 2368; x_wconf 85' lang='lat' dir='ltr'><strong>quorum</strong></span> <span class='ocrx_word' id='word_1_313' title='bbox 3167 2301 3359 2357; x_wconf 76' lang='lat' dir='ltr'><strong>anima:</strong></span> <span class='ocrx_word' id='word_1_314' title='bbox 3385 2303 3439 2357; x_wconf 88' lang='lat' dir='ltr'><strong>in</strong></span> 
     </span>
    </p>
   </div>
   <div class='ocr_carea' id='block_1_45' title="bbox 1860 2386 3439 2460">
    <p class='ocr_par' dir='ltr' id='par_1_45' title="bbox 1860 2386 3439 2460">
     <span class='ocr_line' id='line_1_45' title="bbox 1860 2386 3439 2460; baseline 0.006 -24"><span class='ocrx_word' id='word_1_315' title='bbox 1860 2399 2019 2438; x_wconf 89' lang='lat' dir='ltr'><strong>manu</strong></span> <span class='ocrx_word' id='word_1_316' title='bbox 2051 2396 2139 2439; x_wconf 86' lang='lat' dir='ltr'><strong>tua</strong></span> <span class='ocrx_word' id='word_1_317' title='bbox 2178 2395 2335 2452; x_wconf 90' lang='lat' dir='ltr'><strong>sunt,</strong></span> <span class='ocrx_word' id='word_1_318' title='bbox 2373 2401 2470 2440; x_wconf 91' lang='lat' dir='ltr'><strong>nos</strong></span> <span class='ocrx_word' id='word_1_319' title='bbox 2501 2386 2666 2455; x_wconf 80' lang='lat' dir='ltr'><strong>pietas</strong></span> <span class='ocrx_word' id='word_1_320' title='bbox 2705 2400 2785 2441; x_wconf 87' lang='lat' dir='ltr'><strong>tua</strong></span> <span class='ocrx_word' id='word_1_321' title='bbox 2821 2389 3023 2444; x_wconf 73' lang='lat' dir='ltr'><strong>etulein</strong></span> <span class='ocrx_word' id='word_1_322' title='bbox 3063 2389 3115 2445; x_wconf 93' lang='lat' dir='ltr'><strong>in</strong></span> <span class='ocrx_word' id='word_1_323' title='bbox 3153 2405 3318 2460; x_wconf 91' lang='lat' dir='ltr'><strong>regno</strong></span> <span class='ocrx_word' id='word_1_324' title='bbox 3345 2393 3439 2446; x_wconf 86' lang='lat' dir='ltr'><strong>ad-</strong></span> 
     </span>
    </p>
   </div>
   <div class='ocr_carea' id='block_1_46' title="bbox 177 2473 1754 2557">
    <p class='ocr_par' dir='ltr' id='par_1_46' title="bbox 177 2486 1754 2557">
     <span class='ocr_line' id='line_1_46' title="bbox 177 2486 1754 2557; baseline 0.001 -14"><span class='ocrx_word' id='word_1_325' title='bbox 177 2486 409 2556; x_wconf 79' lang='lat' dir='ltr'><strong>Spiritus</strong></span> <span class='ocrx_word' id='word_1_326' title='bbox 450 2488 547 2555; x_wconf 89' lang='lat' dir='ltr'><strong>tui,</strong></span> <span class='ocrx_word' id='word_1_327' title='bbox 590 2488 661 2544; x_wconf 88' lang='lat' dir='ltr'><strong>ita</strong></span> <span class='ocrx_word' id='word_1_328' title='bbox 702 2504 796 2546; x_wconf 91' lang='lat' dir='ltr'><strong>cor</strong></span> <span class='ocrx_word' id='word_1_329' title='bbox 833 2499 1074 2545; x_wconf 88' lang='lat' dir='ltr'><strong>nostrum</strong></span> <span class='ocrx_word' id='word_1_330' title='bbox 1114 2491 1367 2557; x_wconf 83' lang='lat' dir='ltr'><strong>inradies,</strong></span> <span class='ocrx_word' id='word_1_331' title='bbox 1403 2500 1460 2546; x_wconf 92' lang='lat' dir='ltr'><strong>ut</strong></span> <span class='ocrx_word' id='word_1_332' title='bbox 1495 2503 1547 2546; x_wconf 89' lang='lat' dir='ltr'><strong>et</strong></span> <span class='ocrx_word' id='word_1_333' title='bbox 1579 2492 1754 2546; x_wconf 89' lang='lat' dir='ltr'><strong>carnis</strong></span> 
     </span>
    </p>
   </div>
   <div class='ocr_carea' id='block_1_47' title="bbox 1874 2473 2408 2557">
    <p class='ocr_par' dir='ltr' id='par_1_47' title="bbox 1883 2474 2408 2543">
     <span class='ocr_line' id='line_1_47' title="bbox 1883 2474 2408 2543; baseline 0.008 -18"><span class='ocrx_word' id='word_1_334' title='bbox 1883 2474 2061 2543; x_wconf 80' lang='lat' dir='ltr'><strong>ungat.</strong></span> <span class='ocrx_word' id='word_1_335' title='bbox 2110 2474 2144 2542; x_wconf 63' lang='lat' dir='ltr'><strong>Ii;</strong></span> <span class='ocrx_word' id='word_1_336' title='bbox 2168 2513 2182 2528; x_wconf 95' lang='lat'><strong>.</strong></span> <span class='ocrx_word' id='word_1_337' title='bbox 2219 2479 2408 2529; x_wconf 72' lang='lat' dir='ltr'><strong>Amen.</strong></span> 
     </span>
    </p>
   </div>
   <div class='ocr_carea' id='block_1_48' title="bbox 176 2577 1752 2650">
    <p class='ocr_par' dir='ltr' id='par_1_48' title="bbox 176 2577 1752 2650">
     <span class='ocr_line' id='line_1_48' title="bbox 176 2577 1752 2650; baseline 0.004 -19"><span class='ocrx_word' id='word_1_338' title='bbox 176 2577 341 2647; x_wconf 66' lang='lat' dir='ltr'><strong>Opera</strong></span> <span class='ocrx_word' id='word_1_339' title='bbox 372 2578 717 2647; x_wconf 76' lang='lat' dir='ltr'><strong>declinemus,</strong></span> <span class='ocrx_word' id='word_1_340' title='bbox 744 2590 799 2636; x_wconf 91' lang='lat' dir='ltr'><strong>et</strong></span> <span class='ocrx_word' id='word_1_341' title='bbox 829 2582 1208 2650; x_wconf 73' lang='lat' dir='ltr'><strong>perfectiénem</strong></span> <span class='ocrx_word' id='word_1_342' title='bbox 1239 2583 1537 2637; x_wconf 81' lang='lat' dir='ltr'><strong>sanctitatis</strong></span> <span class='ocrx_word' id='word_1_343' title='bbox 1577 2584 1752 2638; x_wconf 86' lang='lat' dir='ltr'><strong>omni-</strong></span> 
     </span>
    </p>
   </div>
   <div class='ocr_carea' id='block_1_49' title="bbox 176 2667 1093 2741">
    <p class='ocr_par' dir='ltr' id='par_1_49' title="bbox 176 2667 1093 2741">
     <span class='ocr_line' id='line_1_49' title="bbox 176 2667 1093 2741; baseline 0.007 -20"><span class='ocrx_word' id='word_1_344' title='bbox 176 2667 339 2724; x_wconf 80' lang='lat' dir='ltr'><strong>modé</strong></span> <span class='ocrx_word' id='word_1_345' title='bbox 367 2670 752 2726; x_wconf 77' lang='lat' dir='ltr'><strong>conscelémur.</strong></span> <span class='ocrx_word' id='word_1_346' title='bbox 801 2671 838 2741; x_wconf 63' lang='lat' dir='ltr'><strong>Ii</strong></span> <span class='ocrx_word' id='word_1_347' title='bbox 860 2712 874 2727; x_wconf 94' lang='lat'><strong>.</strong></span> <span class='ocrx_word' id='word_1_348' title='bbox 905 2673 1093 2727; x_wconf 84' lang='lat' dir='ltr'><strong>Amen.</strong></span> 
     </span>
    </p>
   </div>
   <div class='ocr_carea' id='block_1_50' title="bbox 250 2762 821 2821">
    <p class='ocr_par' dir='ltr' id='par_1_50' title="bbox 250 2762 821 2821">
     <span class='ocr_line' id='line_1_50' title="bbox 250 2762 821 2821; baseline 0.011 -6"><span class='ocrx_word' id='word_1_349' title='bbox 250 2762 353 2816; x_wconf 76' lang='lat' dir='ltr'><strong>l’er</strong></span> <span class='ocrx_word' id='word_1_350' title='bbox 382 2762 821 2821; x_wconf 76' lang='lat' dir='ltr'><strong>misericérdiam.</strong></span> 
     </span>
    </p>
   </div>
   <div class='ocr_carea' id='block_1_51' title="bbox 250 2852 1754 2925">
    <p class='ocr_par' dir='ltr' id='par_1_51' title="bbox 250 2852 1754 2925">
     <span class='ocr_line' id='line_1_51' title="bbox 250 2852 1754 2925; baseline 0.001 -17"><span class='ocrx_word' id='word_1_351' title='bbox 250 2853 561 2923; x_wconf 79' lang='lat' dir='ltr'><strong>Antiphona.</strong></span> <span class='ocrx_word' id='word_1_352' title='bbox 608 2853 836 2923; x_wconf 91' lang='lat' dir='ltr'><strong>Spiritus</strong></span> <span class='ocrx_word' id='word_1_353' title='bbox 873 2852 1085 2909; x_wconf 73' lang='lat' dir='ltr'><strong>Domini</strong></span> <span class='ocrx_word' id='word_1_354' title='bbox 1124 2852 1341 2925; x_wconf 78' lang='lat' dir='ltr'><strong>replevit</strong></span> <span class='ocrx_word' id='word_1_355' title='bbox 1370 2855 1551 2909; x_wconf 89' lang='lat' dir='ltr'><strong>orbem</strong></span> <span class='ocrx_word' id='word_1_356' title='bbox 1587 2855 1754 2909; x_wconf 79' lang='lat' dir='ltr'><strong>terra-</strong></span> 
     </span>
    </p>
   </div>
   <div class='ocr_carea' id='block_1_52' title="bbox 175 2945 1749 3018">
    <p class='ocr_par' dir='ltr' id='par_1_52' title="bbox 175 2945 1749 3018">
     <span class='ocr_line' id='line_1_52' title="bbox 175 2945 1749 3018; baseline -0.001 -17"><span class='ocrx_word' id='word_1_357' title='bbox 175 2962 294 3001; x_wconf 91' lang='lat' dir='ltr'><strong>rum</strong></span> <span class='ocrx_word' id='word_1_358' title='bbox 327 2963 340 3000; x_wconf 91' lang='lat'><strong>:</strong></span> <span class='ocrx_word' id='word_1_359' title='bbox 374 2945 441 3000; x_wconf 89' lang='lat' dir='ltr'><strong>P.</strong></span> <span class='ocrx_word' id='word_1_360' title='bbox 473 2947 540 3002; x_wconf 88' lang='lat' dir='ltr'><strong>Et</strong></span> <span class='ocrx_word' id='word_1_361' title='bbox 567 2946 687 3012; x_wconf 85' lang='lat' dir='ltr'><strong>hoc,</strong></span> <span class='ocrx_word' id='word_1_362' title='bbox 716 2946 858 3018; x_wconf 91' lang='lat' dir='ltr'><strong>quod</strong></span> <span class='ocrx_word' id='word_1_363' title='bbox 886 2946 1124 3003; x_wconf 79' lang='lat' dir='ltr'><strong>continet</strong></span> <span class='ocrx_word' id='word_1_364' title='bbox 1149 2946 1346 3013; x_wconf 69' lang='lat' dir='ltr'><strong>Omnia,</strong></span> <span class='ocrx_word' id='word_1_365' title='bbox 1385 2945 1623 3002; x_wconf 78' lang='lat' dir='ltr'><strong>sciéntize</strong></span> <span class='ocrx_word' id='word_1_366' title='bbox 1654 2949 1749 3000; x_wconf 84' lang='lat' dir='ltr'><strong>ha-</strong></span> 
     </span>
    </p>
   </div>
   <div class='ocr_carea' id='block_1_53' title="bbox 170 3037 1751 3106">
    <p class='ocr_par' dir='ltr' id='par_1_53' title="bbox 170 3037 1751 3106">
     <span class='ocr_line' id='line_1_53' title="bbox 170 3037 1751 3106; baseline -0.001 -12"><span class='ocrx_word' id='word_1_367' title='bbox 170 3038 263 3094; x_wconf 87' lang='lat' dir='ltr'><strong>bet</strong></span> <span class='ocrx_word' id='word_1_368' title='bbox 290 3052 529 3093; x_wconf 87' lang='lat' dir='ltr'><strong>sensum.</strong></span> <span class='ocrx_word' id='word_1_369' title='bbox 558 3038 767 3094; x_wconf 79' lang='lat' dir='ltr'><strong>Creavit</strong></span> <span class='ocrx_word' id='word_1_370' title='bbox 797 3040 969 3103; x_wconf 89' lang='lat' dir='ltr'><strong>enim,</strong></span> <span class='ocrx_word' id='word_1_371' title='bbox 999 3046 1058 3093; x_wconf 90' lang='lat' dir='ltr'><strong>ut</strong></span> <span class='ocrx_word' id='word_1_372' title='bbox 1080 3045 1264 3094; x_wconf 86' lang='lat' dir='ltr'><strong>essent</strong></span> <span class='ocrx_word' id='word_1_373' title='bbox 1291 3037 1491 3091; x_wconf 70' lang='lat' dir='ltr'><strong>Omnia.</strong></span> <span class='ocrx_word' id='word_1_374' title='bbox 1539 3038 1569 3106; x_wconf 63' lang='grc' dir='ltr'><em>ᾖ</em></span> <span class='ocrx_word' id='word_1_375' title='bbox 1598 3076 1613 3092; x_wconf 93' lang='grc'><strong>.</strong></span> <span class='ocrx_word' id='word_1_376' title='bbox 1644 3038 1751 3092; x_wconf 80' lang='lat' dir='ltr'><strong>Ex-</strong></span> 
     </span>
    </p>
   </div>
   <div class='ocr_carea' id='block_1_54' title="bbox 169 3126 1752 3198">
    <p class='ocr_par' dir='ltr' id='par_1_54' title="bbox 169 3126 1752 3198">
     <span class='ocr_line' id='line_1_54' title="bbox 169 3126 1752 3198; baseline 0.001 -16"><span class='ocrx_word' id='word_1_377' title='bbox 169 3126 355 3182; x_wconf 86' lang='lat' dir='ltr'><strong>célsus</strong></span> <span class='ocrx_word' id='word_1_378' title='bbox 393 3142 553 3197; x_wconf 86' lang='lat' dir='ltr'><strong>super</strong></span> <span class='ocrx_word' id='word_1_379' title='bbox 576 3142 764 3184; x_wconf 88' lang='lat' dir='ltr'><strong>omnes</strong></span> <span class='ocrx_word' id='word_1_380' title='bbox 790 3136 975 3198; x_wconf 80' lang='lat' dir='ltr'><strong>gentes</strong></span> <span class='ocrx_word' id='word_1_381' title='bbox 1006 3127 1286 3195; x_wconf 75' lang='lat' dir='ltr'><strong>Damiuus,</strong></span> <span class='ocrx_word' id='word_1_382' title='bbox 1317 3137 1372 3183; x_wconf 92' lang='lat' dir='ltr'><strong>et</strong></span> <span class='ocrx_word' id='word_1_383' title='bbox 1398 3142 1558 3197; x_wconf 88' lang='lat' dir='ltr'><strong>super</strong></span> <span class='ocrx_word' id='word_1_384' title='bbox 1583 3128 1752 3184; x_wconf 72' lang='lat' dir='ltr'><strong>caelos</strong></span> 
     </span>
    </p>
   </div>
   <div class='ocr_carea' id='block_1_55' title="bbox 1933 2568 2681 2624">
    <p class='ocr_par' dir='ltr' id='par_1_55' title="bbox 1933 2568 2681 2624">
     <span class='ocr_line' id='line_1_55' title="bbox 1933 2568 2681 2624; baseline 0 -3"><span class='ocrx_word' id='word_1_385' title='bbox 1933 2568 2031 2622; x_wconf 84' lang='lat' dir='ltr'><strong>Per</strong></span> <span class='ocrx_word' id='word_1_386' title='bbox 2063 2568 2496 2624; x_wconf 78' lang='lat' dir='ltr'><strong>miscricordtatu&#39;</strong></span> <span class='ocrx_word' id='word_1_387' title='bbox 2518 2576 2681 2624; x_wconf 87' lang='lat' dir='ltr'><strong>tuam.</strong></span> 
     </span>
    </p>
   </div>
   <div class='ocr_carea' id='block_1_56' title="bbox 1931 2659 3434 2730">
    <p class='ocr_par' dir='ltr' id='par_1_56' title="bbox 1931 2659 3434 2730">
     <span class='ocr_line' id='line_1_56' title="bbox 1931 2659 3434 2730; baseline 0.005 -19"><span class='ocrx_word' id='word_1_388' title='bbox 1931 2659 2243 2729; x_wconf 80' lang='lat' dir='ltr'><strong>Antiphona.</strong></span> <span class='ocrx_word' id='word_1_389' title='bbox 2276 2660 2461 2714; x_wconf 87' lang='lat' dir='ltr'><strong>Omnis</strong></span> <span class='ocrx_word' id='word_1_390' title='bbox 2490 2659 2662 2730; x_wconf 84' lang='lat' dir='ltr'><strong>gloria</strong></span> <span class='ocrx_word' id='word_1_391' title='bbox 2690 2659 2809 2714; x_wconf 80' lang='lat' dir='ltr'><strong>lilia:</strong></span> <span class='ocrx_word' id='word_1_392' title='bbox 2842 2661 3002 2730; x_wconf 75' lang='lat' dir='ltr'><strong>regis.</strong></span> <span class='ocrx_word' id='word_1_393' title='bbox 3038 2660 3239 2716; x_wconf 81' lang='lat' dir='ltr'><strong>Oratio.</strong></span> <span class='ocrx_word' id='word_1_394' title='bbox 3274 2662 3434 2729; x_wconf 89' lang='lat' dir='ltr'><strong>Deus,</strong></span> 
     </span>
    </p>
   </div>
   <div class='ocr_carea' id='block_1_57' title="bbox 1856 2746 3435 2821">
    <p class='ocr_par' dir='ltr' id='par_1_57' title="bbox 1856 2746 3435 2821">
     <span class='ocr_line' id='line_1_57' title="bbox 1856 2746 3435 2821; baseline 0.004 -19"><span class='ocrx_word' id='word_1_395' title='bbox 1856 2746 2009 2817; x_wconf 88' lang='lat' dir='ltr'><strong>cujus</strong></span> <span class='ocrx_word' id='word_1_396' title='bbox 2036 2748 2214 2803; x_wconf 81' lang='lat' dir='ltr'><strong>sedes.</strong></span> <span class='ocrx_word' id='word_1_397' title='bbox 2246 2747 2666 2817; x_wconf 76' lang='lat' dir='ltr'><strong>Responrorium.</strong></span> <span class='ocrx_word' id='word_1_398' title='bbox 2699 2749 2884 2805; x_wconf 87' lang='lat' dir='ltr'><strong>Siunle</strong></span> <span class='ocrx_word' id='word_1_399' title='bbox 2912 2760 2993 2805; x_wconf 93' lang='lat' dir='ltr'><strong>est</strong></span> <span class='ocrx_word' id='word_1_400' title='bbox 3023 2766 3243 2821; x_wconf 85' lang='lat' dir='ltr'><strong>regnum</strong></span> <span class='ocrx_word' id='word_1_401' title='bbox 3270 2753 3435 2808; x_wconf 63' lang='lat' dir='ltr'><strong>caelo-</strong></span> 
     </span>
    </p>
   </div>
   <div class='ocr_carea' id='block_1_58' title="bbox 1860 2838 3433 2913">
    <p class='ocr_par' dir='ltr' id='par_1_58' title="bbox 1860 2838 3433 2913">
     <span class='ocr_line' id='line_1_58' title="bbox 1860 2838 3433 2913; baseline 0.004 -21"><span class='ocrx_word' id='word_1_402' title='bbox 1860 2854 1977 2892; x_wconf 92' lang='lat' dir='ltr'><strong>rum</strong></span> <span class='ocrx_word' id='word_1_403' title='bbox 2005 2838 2211 2894; x_wconf 86' lang='lat' dir='ltr'><strong>decem.</strong></span> <span class='ocrx_word' id='word_1_404' title='bbox 2248 2838 2449 2892; x_wconf 85' lang='lat' dir='ltr'><strong>Oratio.</strong></span> <span class='ocrx_word' id='word_1_405' title='bbox 2480 2839 2698 2907; x_wconf 83' lang='lat' dir='ltr'><strong>Adésto,</strong></span> <span class='ocrx_word' id='word_1_406' title='bbox 2734 2840 2981 2907; x_wconf 76' lang='lat' dir='ltr'><strong>Démine,</strong></span> <span class='ocrx_word' id='word_1_407' title='bbox 3009 2841 3104 2896; x_wconf 84' lang='lat' dir='ltr'><strong>tibi</strong></span> <span class='ocrx_word' id='word_1_408' title='bbox 3133 2842 3433 2913; x_wconf 85' lang='lat' dir='ltr'><strong>supplican-</strong></span> 
     </span>
    </p>
   </div>
   <div class='ocr_carea' id='block_1_59' title="bbox 1858 2926 3436 3000">
    <p class='ocr_par' dir='ltr' id='par_1_59' title="bbox 1858 2926 3436 3000">
     <span class='ocr_line' id='line_1_59' title="bbox 1858 2926 3436 3000; baseline 0.001 -17"><span class='ocrx_word' id='word_1_409' title='bbox 1858 2929 2026 2983; x_wconf 91' lang='lat' dir='ltr'><strong>tibus.</strong></span> <span class='ocrx_word' id='word_1_410' title='bbox 2058 2930 2375 2997; x_wconf 81' lang='lat' dir='ltr'><strong>Antiphona.</strong></span> <span class='ocrx_word' id='word_1_411' title='bbox 2424 2930 2489 2984; x_wconf 88' lang='lat' dir='ltr'><strong>Hi</strong></span> <span class='ocrx_word' id='word_1_412' title='bbox 2520 2939 2678 2995; x_wconf 88' lang='lat' dir='ltr'><strong>sunt,</strong></span> <span class='ocrx_word' id='word_1_413' title='bbox 2719 2931 2830 3000; x_wconf 92' lang='lat' dir='ltr'><strong>qui.</strong></span> <span class='ocrx_word' id='word_1_414' title='bbox 2860 2926 2954 2999; x_wconf 87' lang='lat' dir='ltr'><strong>fol.</strong></span> <span class='ocrx_word' id='word_1_415' title='bbox 2984 2946 3203 2987; x_wconf 76' lang='lat' dir='ltr'><strong>curnt.</strong></span> <span class='ocrx_word' id='word_1_416' title='bbox 3235 2931 3436 2985; x_wconf 81' lang='lat' dir='ltr'><strong>Oratio.</strong></span> 
     </span>
    </p>
   </div>
   <div class='ocr_carea' id='block_1_60' title="bbox 1860 3019 3433 3089">
    <p class='ocr_par' dir='ltr' id='par_1_60' title="bbox 1860 3019 3433 3089">
     <span class='ocr_line' id='line_1_60' title="bbox 1860 3019 3433 3089; baseline 0.001 -16"><span class='ocrx_word' id='word_1_417' title='bbox 1860 3019 2000 3075; x_wconf 90' lang='lat' dir='ltr'><strong>Deus</strong></span> <span class='ocrx_word' id='word_1_418' title='bbox 2044 3019 2324 3075; x_wconf 81' lang='lat' dir='ltr'><strong>exultatio.</strong></span> <span class='ocrx_word' id='word_1_419' title='bbox 2379 3020 2690 3089; x_wconf 77' lang='lat' dir='ltr'><strong>Antiphone.</strong></span> <span class='ocrx_word' id='word_1_420' title='bbox 2742 3021 2927 3076; x_wconf 74' lang='lat' dir='ltr'><strong>Venite</strong></span> <span class='ocrx_word' id='word_1_421' title='bbox 2969 3020 3035 3075; x_wconf 87' lang='lat' dir='ltr'><strong>ad</strong></span> <span class='ocrx_word' id='word_1_422' title='bbox 3079 3035 3185 3076; x_wconf 92' lang='lat' dir='ltr'><strong>me.</strong></span> <span class='ocrx_word' id='word_1_423' title='bbox 3232 3020 3433 3074; x_wconf 85' lang='lat' dir='ltr'><strong>Oratio.</strong></span> 
     </span>
    </p>
   </div>
   <div class='ocr_carea' id='block_1_61' title="bbox 1860 3108 3435 3185">
    <p class='ocr_par' dir='ltr' id='par_1_61' title="bbox 1860 3108 3435 3185">
     <span class='ocr_line' id='line_1_61' title="bbox 1860 3108 3435 3185; baseline 0 -20"><span class='ocrx_word' id='word_1_424' title='bbox 1860 3108 2191 3180; x_wconf 79' lang='lat' dir='ltr'><strong>Propitiare,</strong></span> <span class='ocrx_word' id='word_1_425' title='bbox 2243 3109 2491 3185; x_wconf 78' lang='lat' dir='ltr'><strong>Domine.</strong></span> <span class='ocrx_word' id='word_1_426' title='bbox 2541 3111 2857 3181; x_wconf 77' lang='grc' dir='ltr'><strong>ΑηιὶρΙιοηα.</strong></span> <span class='ocrx_word' id='word_1_427' title='bbox 2912 3110 3098 3167; x_wconf 85' lang='lat' dir='ltr'><strong>Venite</strong></span> <span class='ocrx_word' id='word_1_428' title='bbox 3146 3111 3435 3167; x_wconf 88' lang='lat' dir='ltr'><strong>benedicti.</strong></span> 
     </span>
    </p>
   </div>
   <div class='ocr_carea' id='block_1_62' title="bbox 167 3172 3432 3290">
    <p class='ocr_par' dir='ltr' id='par_1_62' title="bbox 167 3172 3432 3290">
     <span class='ocr_line' id='line_1_62' title="bbox 167 3172 3432 3290; baseline -0 -33"><span class='ocrx_word' id='word_1_429' title='bbox 167 3172 1752 3290; x_wconf 46' lang='lat' dir='ltr'><strong>g.‘.;;;;,;.;;3.j§,&quot;,;;gj&#39;;12.5,;;;]:,;,;,;j;{&#39;E;;;,;j</strong></span> <span class='ocrx_word' id='word_1_430' title='bbox 1780 3172 1827 3235; x_wconf 71' lang='grc' dir='ltr'>ο</span> <span class='ocrx_word' id='word_1_431' title='bbox 1861 3172 2061 3258; x_wconf 72' lang='grc' dir='ltr'><strong>οναὲεο.</strong></span> <span class='ocrx_word' id='word_1_432' title='bbox 2118 3180 2587 3280; x_wconf 73' lang='lat' dir='ltr'><strong>Beatissimdrum.</strong></span> <span class='ocrx_word' id='word_1_433' title='bbox 2642 3172 2738 3272; x_wconf 71' lang='lat' dir='ltr'><strong>fol.</strong></span> <span class='ocrx_word' id='word_1_434' title='bbox 2781 3218 2960 3259; x_wconf 78' lang='lat' dir='ltr'><strong>cum.</strong></span> <span class='ocrx_word' id='word_1_435' title='bbox 3014 3202 3432 3273; x_wconf 77' lang='lat' dir='ltr'><strong>Responsorium.</strong></span> 
     </span>
    </p>
   </div>
   <div class='ocr_carea' id='block_1_63' title="bbox 246 3308 1754 3379">
    <p class='ocr_par' dir='ltr' id='par_1_63' title="bbox 246 3308 1754 3379">
     <span class='ocr_line' id='line_1_63' title="bbox 246 3308 1754 3379; baseline -0.001 -16"><span class='ocrx_word' id='word_1_436' title='bbox 246 3309 452 3365; x_wconf 86' lang='lat' dir='ltr'><strong>Oratio.</strong></span> <span class='ocrx_word' id='word_1_437' title='bbox 498 3310 674 3377; x_wconf 88' lang='lat' dir='ltr'><strong>Pone,</strong></span> <span class='ocrx_word' id='word_1_438' title='bbox 718 3308 965 3379; x_wconf 79' lang='lat' dir='ltr'><strong>Domine,</strong></span> <span class='ocrx_word' id='word_1_439' title='bbox 1003 3309 1254 3379; x_wconf 91' lang='lat' dir='ltr'><strong>Spiritum</strong></span> <span class='ocrx_word' id='word_1_440' title='bbox 1296 3320 1441 3364; x_wconf 92' lang='lat' dir='ltr'><strong>tuum</strong></span> <span class='ocrx_word' id='word_1_441' title='bbox 1482 3309 1534 3364; x_wconf 89' lang='lat' dir='ltr'><strong>in</strong></span> <span class='ocrx_word' id='word_1_442' title='bbox 1578 3308 1754 3365; x_wconf 82' lang='lat' dir='ltr'><strong>médio</strong></span> 
     </span>
    </p>
   </div>
   <div class='ocr_carea' id='block_1_64' title="bbox 166 3400 1747 3473">
    <p class='ocr_par' dir='ltr' id='par_1_64' title="bbox 166 3400 1747 3473">
     <span class='ocr_line' id='line_1_64' title="bbox 166 3400 1747 3473; baseline 0 -18"><span class='ocrx_word' id='word_1_443' title='bbox 166 3402 380 3468; x_wconf 87' lang='lat' dir='ltr'><strong>nostri,</strong></span> <span class='ocrx_word' id='word_1_444' title='bbox 427 3403 516 3473; x_wconf 88' lang='lat' dir='ltr'><strong>qui</strong></span> <span class='ocrx_word' id='word_1_445' title='bbox 566 3402 778 3457; x_wconf 90' lang='lat' dir='ltr'><strong>mundis</strong></span> <span class='ocrx_word' id='word_1_446' title='bbox 826 3415 925 3459; x_wconf 88' lang='lat' dir='ltr'><strong>nos</strong></span> <span class='ocrx_word' id='word_1_447' title='bbox 968 3400 1118 3471; x_wconf 88' lang='lat' dir='ltr'><strong>aquis</strong></span> <span class='ocrx_word' id='word_1_448' title='bbox 1168 3401 1496 3470; x_wconf 72' lang='lat' dir='ltr'><strong>pmnite’ntiac</strong></span> <span class='ocrx_word' id='word_1_449' title='bbox 1542 3401 1747 3465; x_wconf 86' lang='lat' dir='ltr'><strong>Iavans,</strong></span> 
     </span>
    </p>
   </div>
   <div class='ocr_carea' id='block_1_65' title="bbox 164 3491 1753 3563">
    <p class='ocr_par' dir='ltr' id='par_1_65' title="bbox 164 3491 1753 3563">
     <span class='ocr_line' id='line_1_65' title="bbox 164 3491 1753 3563; baseline -0.001 -15"><span class='ocrx_word' id='word_1_450' title='bbox 164 3503 440 3563; x_wconf 75' lang='lat' dir='ltr'><strong>praeparet</strong></span> <span class='ocrx_word' id='word_1_451' title='bbox 466 3509 563 3549; x_wconf 93' lang='lat' dir='ltr'><strong>nos</strong></span> <span class='ocrx_word' id='word_1_452' title='bbox 588 3494 680 3549; x_wconf 91' lang='lat' dir='ltr'><strong>tibi</strong></span> <span class='ocrx_word' id='word_1_453' title='bbox 709 3508 922 3563; x_wconf 88' lang='lat' dir='ltr'><strong>semper</strong></span> <span class='ocrx_word' id='word_1_454' title='bbox 951 3494 1002 3548; x_wconf 91' lang='lat' dir='ltr'><strong>in</strong></span> <span class='ocrx_word' id='word_1_455' title='bbox 1032 3491 1259 3547; x_wconf 74' lang='lat' dir='ltr'><strong>bestiam</strong></span> <span class='ocrx_word' id='word_1_456' title='bbox 1288 3493 1459 3546; x_wconf 73' lang='lat' dir='ltr'><strong>vivam</strong></span> <span class='ocrx_word' id='word_1_457' title='bbox 1484 3508 1499 3547; x_wconf 89' lang='lat'><strong>:</strong></span> <span class='ocrx_word' id='word_1_458' title='bbox 1525 3492 1628 3563; x_wconf 82' lang='lat' dir='ltr'><strong>quo</strong></span> <span class='ocrx_word' id='word_1_459' title='bbox 1653 3507 1753 3547; x_wconf 91' lang='lat' dir='ltr'><strong>nec</strong></span> 
     </span>
    </p>
   </div>
   <div class='ocr_carea' id='block_1_66' title="bbox 164 3582 1755 3654">
    <p class='ocr_par' dir='ltr' id='par_1_66' title="bbox 164 3582 1755 3654">
     <span class='ocr_line' id='line_1_66' title="bbox 164 3582 1755 3654; baseline -0.002 -15"><span class='ocrx_word' id='word_1_460' title='bbox 164 3584 342 3640; x_wconf 87' lang='lat' dir='ltr'><strong>libido</strong></span> <span class='ocrx_word' id='word_1_461' title='bbox 370 3585 622 3654; x_wconf 89' lang='lat' dir='ltr'><strong>templum</strong></span> <span class='ocrx_word' id='word_1_462' title='bbox 649 3583 826 3639; x_wconf 88' lang='lat' dir='ltr'><strong>cordis</strong></span> <span class='ocrx_word' id='word_1_463' title='bbox 852 3583 1015 3639; x_wconf 78' lang='lat' dir='ltr'><strong>nos:ri</strong></span> <span class='ocrx_word' id='word_1_464' title='bbox 1045 3582 1397 3651; x_wconf 76' lang='lat' dir='ltr'><strong>contaminet,</strong></span> <span class='ocrx_word' id='word_1_465' title='bbox 1422 3597 1519 3637; x_wconf 90' lang='lat' dir='ltr'><strong>nec</strong></span> <span class='ocrx_word' id='word_1_466' title='bbox 1538 3582 1755 3637; x_wconf 84' lang='lat' dir='ltr'><strong>ﬂamma</strong></span> 
     </span>
    </p>
   </div>
   <div class='ocr_carea' id='block_1_67' title="bbox 163 3674 1751 3747">
    <p class='ocr_par' dir='ltr' id='par_1_67' title="bbox 163 3674 1751 3747">
     <span class='ocr_line' id='line_1_67' title="bbox 163 3674 1751 3747; baseline -0.001 -16"><span class='ocrx_word' id='word_1_467' title='bbox 163 3677 317 3747; x_wconf 82' lang='lat' dir='ltr'><strong>ignis</strong></span> <span class='ocrx_word' id='word_1_468' title='bbox 340 3676 527 3732; x_wconf 68' lang='lat' dir='ltr'><strong>teterni</strong></span> <span class='ocrx_word' id='word_1_469' title='bbox 556 3686 749 3732; x_wconf 89' lang='lat' dir='ltr'><strong>terram</strong></span> <span class='ocrx_word' id='word_1_470' title='bbox 773 3677 940 3732; x_wconf 91' lang='lat' dir='ltr'><strong>nostri</strong></span> <span class='ocrx_word' id='word_1_471' title='bbox 964 3674 1207 3745; x_wconf 68' lang='lat' dir='ltr'><strong>carperis</strong></span> <span class='ocrx_word' id='word_1_472' title='bbox 1229 3674 1511 3746; x_wconf 70' lang='lat' dir='ltr'><strong>poenaliter</strong></span> <span class='ocrx_word' id='word_1_473' title='bbox 1540 3676 1591 3730; x_wconf 92' lang='lat' dir='ltr'><strong>in</strong></span> <span class='ocrx_word' id='word_1_474' title='bbox 1621 3689 1751 3745; x_wconf 87' lang='lat' dir='ltr'><strong>quo-</strong></span> 
     </span>
    </p>
   </div>
   <div class='ocr_carea' id='block_1_68' title="bbox 161 3768 1078 3841">
    <p class='ocr_par' dir='ltr' id='par_1_68' title="bbox 161 3768 1078 3841">
     <span class='ocr_line' id='line_1_68' title="bbox 161 3768 1078 3841; baseline -0.003 -15"><span class='ocrx_word' id='word_1_475' title='bbox 161 3772 406 3841; x_wconf 76' lang='lat' dir='ltr'><strong>eamque</strong></span> <span class='ocrx_word' id='word_1_476' title='bbox 432 3768 730 3825; x_wconf 87' lang='lat' dir='ltr'><strong>contristet.</strong></span> <span class='ocrx_word' id='word_1_477' title='bbox 778 3770 813 3836; x_wconf 57' lang='grc' dir='ltr'><em>ἢ</em></span> <span class='ocrx_word' id='word_1_478' title='bbox 837 3808 851 3824; x_wconf 92' lang='grc'><strong>.</strong></span> <span class='ocrx_word' id='word_1_479' title='bbox 886 3770 1078 3825; x_wconf 83' lang='lat' dir='ltr'><strong>Amen.</strong></span> 
     </span>
    </p>
   </div>
   <div class='ocr_carea' id='block_1_69' title="bbox 235 3860 818 3918">
    <p class='ocr_par' dir='ltr' id='par_1_69' title="bbox 235 3860 818 3918">
     <span class='ocr_line' id='line_1_69' title="bbox 235 3860 818 3918; baseline 0.002 -1"><span class='ocrx_word' id='word_1_480' title='bbox 235 3861 349 3917; x_wconf 85' lang='lat' dir='ltr'><strong>Per</strong></span> <span class='ocrx_word' id='word_1_481' title='bbox 376 3860 818 3918; x_wconf 78' lang='lat' dir='ltr'><strong>misericordiam.</strong></span> 
     </span>
    </p>
   </div>
   <div class='ocr_carea' id='block_1_70' title="bbox 253 3951 1753 4024">
    <p class='ocr_par' dir='ltr' id='par_1_70' title="bbox 253 3951 1753 4024">
     <span class='ocr_line' id='line_1_70' title="bbox 253 3951 1753 4024; baseline 0 -18"><span class='ocrx_word' id='word_1_482' title='bbox 253 3952 299 4015; x_wconf 67' lang='lat' dir='ltr'><strong>Ii)</strong></span> <span class='ocrx_word' id='word_1_483' title='bbox 322 3990 336 4006; x_wconf 93' lang='lat'><strong>.</strong></span> <span class='ocrx_word' id='word_1_484' title='bbox 366 3952 527 4008; x_wconf 85' lang='lat' dir='ltr'><strong>Facta</strong></span> <span class='ocrx_word' id='word_1_485' title='bbox 556 3962 638 4008; x_wconf 90' lang='lat' dir='ltr'><strong>est</strong></span> <span class='ocrx_word' id='word_1_486' title='bbox 661 3967 823 4024; x_wconf 89' lang='lat' dir='ltr'><strong>super</strong></span> <span class='ocrx_word' id='word_1_487' title='bbox 849 3968 936 4009; x_wconf 91' lang='lat' dir='ltr'><strong>me</strong></span> <span class='ocrx_word' id='word_1_488' title='bbox 964 3968 1150 4010; x_wconf 91' lang='lat' dir='ltr'><strong>manus</strong></span> <span class='ocrx_word' id='word_1_489' title='bbox 1181 3952 1411 4009; x_wconf 78' lang='lat' dir='ltr'><strong>Domini.</strong></span> <span class='ocrx_word' id='word_1_490' title='bbox 1444 3952 1508 4007; x_wconf 86' lang='lat' dir='ltr'><strong>Et</strong></span> <span class='ocrx_word' id='word_1_491' title='bbox 1535 3951 1669 4017; x_wconf 80' lang='lat' dir='ltr'><strong>vidi,</strong></span> <span class='ocrx_word' id='word_1_492' title='bbox 1698 3960 1753 4007; x_wconf 84' lang='lat' dir='ltr'><strong>et</strong></span> 
     </span>
    </p>
   </div>
   <div class='ocr_carea' id='block_1_71' title="bbox 158 4043 1753 4116">
    <p class='ocr_par' dir='ltr' id='par_1_71' title="bbox 158 4043 1753 4116">
     <span class='ocr_line' id='line_1_71' title="bbox 158 4043 1753 4116; baseline -0.001 -15"><span class='ocrx_word' id='word_1_493' title='bbox 158 4058 301 4101; x_wconf 87' lang='lat' dir='ltr'><strong>ecce</strong></span> <span class='ocrx_word' id='word_1_494' title='bbox 339 4043 561 4116; x_wconf 87' lang='lat' dir='ltr'><strong>spiritus</strong></span> <span class='ocrx_word' id='word_1_495' title='bbox 601 4045 807 4116; x_wconf 78' lang='lat' dir='ltr'><strong>fulgens</strong></span> <span class='ocrx_word' id='word_1_496' title='bbox 834 4046 1081 4102; x_wconf 82' lang='lat' dir='ltr'><strong>veniebat</strong></span> <span class='ocrx_word' id='word_1_497' title='bbox 1117 4047 1186 4102; x_wconf 89' lang='lat' dir='ltr'><strong>ab</strong></span> <span class='ocrx_word' id='word_1_498' title='bbox 1226 4046 1454 4111; x_wconf 79' lang='lat' dir='ltr'><strong>oriente,</strong></span> <span class='ocrx_word' id='word_1_499' title='bbox 1494 4054 1548 4101; x_wconf 88' lang='lat' dir='ltr'><strong>et</strong></span> <span class='ocrx_word' id='word_1_500' title='bbox 1585 4045 1753 4101; x_wconf 89' lang='lat' dir='ltr'><strong>nubes</strong></span> 
     </span>
    </p>
   </div>
   <div class='ocr_carea' id='block_1_72' title="bbox 159 4136 1751 4208">
    <p class='ocr_par' dir='ltr' id='par_1_72' title="bbox 159 4136 1751 4208">
     <span class='ocr_line' id='line_1_72' title="bbox 159 4136 1751 4208; baseline 0.001 -18"><span class='ocrx_word' id='word_1_501' title='bbox 159 4152 383 4208; x_wconf 66' lang='lat' dir='ltr'><strong>magna:</strong></span> <span class='ocrx_word' id='word_1_502' title='bbox 430 4145 586 4194; x_wconf 89' lang='lat' dir='ltr'><strong>erant</strong></span> <span class='ocrx_word' id='word_1_503' title='bbox 634 4137 688 4192; x_wconf 92' lang='lat' dir='ltr'><strong>in</strong></span> <span class='ocrx_word' id='word_1_504' title='bbox 737 4151 825 4193; x_wconf 93' lang='lat' dir='ltr'><strong>eo.</strong></span> <span class='ocrx_word' id='word_1_505' title='bbox 872 4136 938 4191; x_wconf 92' lang='lat' dir='ltr'><strong>P.</strong></span> <span class='ocrx_word' id='word_1_506' title='bbox 990 4137 1056 4193; x_wconf 86' lang='lat' dir='ltr'><strong>Et</strong></span> <span class='ocrx_word' id='word_1_507' title='bbox 1106 4138 1244 4208; x_wconf 89' lang='lat' dir='ltr'><strong>ignis</strong></span> <span class='ocrx_word' id='word_1_508' title='bbox 1292 4138 1345 4192; x_wconf 92' lang='lat' dir='ltr'><strong>in</strong></span> <span class='ocrx_word' id='word_1_509' title='bbox 1392 4136 1569 4192; x_wconf 80' lang='lat' dir='ltr'><strong>medio</strong></span> <span class='ocrx_word' id='word_1_510' title='bbox 1614 4136 1751 4206; x_wconf 90' lang='lat' dir='ltr'><strong>ejus.</strong></span> 
     </span>
    </p>
   </div>
   <div class='ocr_carea' id='block_1_73' title="bbox 172 4226 1753 4301">
    <p class='ocr_par' dir='ltr' id='par_1_73' title="bbox 172 4226 1753 4301">
     <span class='ocr_line' id='line_1_73' title="bbox 172 4226 1753 4301; baseline -0.001 -17"><span class='ocrx_word' id='word_1_511' title='bbox 172 4230 211 4299; x_wconf 57' lang='grc' dir='ltr'><em>ᾖ</em></span> <span class='ocrx_word' id='word_1_512' title='bbox 240 4269 257 4284; x_wconf 93' lang='grc'><strong>.</strong></span> <span class='ocrx_word' id='word_1_513' title='bbox 297 4228 645 4299; x_wconf 66' lang='lat' dir='ltr'><strong>Quocumque</strong></span> <span class='ocrx_word' id='word_1_514' title='bbox 683 4228 793 4285; x_wconf 89' lang='lat' dir='ltr'><strong>ibat</strong></span> <span class='ocrx_word' id='word_1_515' title='bbox 831 4230 1068 4300; x_wconf 86' lang='lat' dir='ltr'><strong>spiritus,</strong></span> <span class='ocrx_word' id='word_1_516' title='bbox 1096 4226 1295 4301; x_wconf 76' lang='lat' dir='ltr'><strong>pariter</strong></span> <span class='ocrx_word' id='word_1_517' title='bbox 1324 4230 1670 4285; x_wconf 86' lang='lat' dir='ltr'><strong>elevabantur</strong></span> <span class='ocrx_word' id='word_1_518' title='bbox 1698 4238 1753 4285; x_wconf 89' lang='lat' dir='ltr'><strong>et</strong></span> 
     </span>
    </p>
   </div>
   <div class='ocr_carea' id='block_1_74' title="bbox 156 4319 1748 4399">
    <p class='ocr_par' dir='ltr' id='par_1_74' title="bbox 156 4319 1748 4399">
     <span class='ocr_line' id='line_1_74' title="bbox 156 4319 1748 4399; baseline -0.001 -24"><span class='ocrx_word' id='word_1_519' title='bbox 156 4327 328 4386; x_wconf 64' lang='lat' dir='ltr'><strong>rota,</strong></span> <span class='ocrx_word' id='word_1_520' title='bbox 375 4319 661 4389; x_wconf 74' lang='lat' dir='ltr'><strong>sequentes</strong></span> <span class='ocrx_word' id='word_1_521' title='bbox 701 4334 843 4375; x_wconf 91' lang='lat' dir='ltr'><strong>eum.</strong></span> <span class='ocrx_word' id='word_1_522' title='bbox 894 4319 1121 4390; x_wconf 87' lang='lat' dir='ltr'><strong>Spiritus</strong></span> <span class='ocrx_word' id='word_1_523' title='bbox 1165 4319 1304 4375; x_wconf 90' lang='lat' dir='ltr'><strong>enim</strong></span> <span class='ocrx_word' id='word_1_524' title='bbox 1349 4328 1465 4376; x_wconf 89' lang='lat' dir='ltr'><strong>erat</strong></span> <span class='ocrx_word' id='word_1_525' title='bbox 1499 4320 1555 4399; x_wconf 89' lang='lat' dir='ltr'><strong>in</strong></span> <span class='ocrx_word' id='word_1_526' title='bbox 1593 4320 1748 4374; x_wconf 90' lang='lat' dir='ltr'><strong>rotis.</strong></span> 
     </span>
    </p>
   </div>
   <div class='ocr_carea' id='block_1_75' title="bbox 160 4414 1678 4488">
    <p class='ocr_par' dir='ltr' id='par_1_75' title="bbox 160 4414 1678 4488">
     <span class='ocr_line' id='line_1_75' title="bbox 160 4414 1678 4488; baseline -0.003 -18"><span class='ocrx_word' id='word_1_527' title='bbox 160 4417 235 4471; x_wconf 89' lang='lat' dir='ltr'><strong>P.</strong></span> <span class='ocrx_word' id='word_1_528' title='bbox 268 4416 337 4473; x_wconf 82' lang='lat' dir='ltr'><strong>Et</strong></span> <span class='ocrx_word' id='word_1_529' title='bbox 370 4416 523 4487; x_wconf 89' lang='lat' dir='ltr'><strong>ignis.</strong></span> <span class='ocrx_word' id='word_1_530' title='bbox 555 4416 662 4488; x_wconf 72' lang='lat'><strong>20</strong></span> <span class='ocrx_word' id='word_1_531' title='bbox 702 4416 737 4485; x_wconf 59' lang='grc' dir='ltr'><em>ᾖ</em></span> <span class='ocrx_word' id='word_1_532' title='bbox 760 4453 778 4471; x_wconf 93' lang='grc'><strong>.</strong></span> <span class='ocrx_word' id='word_1_533' title='bbox 809 4414 1013 4481; x_wconf 77' lang='lat' dir='ltr'><strong>Gloria,</strong></span> <span class='ocrx_word' id='word_1_534' title='bbox 1035 4426 1089 4471; x_wconf 90' lang='lat' dir='ltr'><strong>et</strong></span> <span class='ocrx_word' id='word_1_535' title='bbox 1113 4415 1303 4471; x_wconf 88' lang='lat' dir='ltr'><strong>honor.</strong></span> <span class='ocrx_word' id='word_1_536' title='bbox 1334 4415 1396 4473; x_wconf 80' lang='grc' dir='ltr'><strong>Ρ.</strong></span> <span class='ocrx_word' id='word_1_537' title='bbox 1426 4415 1489 4469; x_wconf 85' lang='grc' dir='ltr'><strong>Ει</strong></span> <span class='ocrx_word' id='word_1_538' title='bbox 1521 4414 1678 4484; x_wconf 88' lang='lat' dir='ltr'><strong>ignis.</strong></span> 
     </span>
    </p>
   </div>
   <div class='ocr_carea' id='block_1_76' title="bbox 243 4505 1828 4577">
    <p class='ocr_par' dir='ltr' id='par_1_76' title="bbox 243 4505 1828 4577">
     <span class='ocr_line' id='line_1_76' title="bbox 243 4505 1828 4577; baseline 0 -16"><span class='ocrx_word' id='word_1_539' title='bbox 243 4506 451 4561; x_wconf 86' lang='lat' dir='ltr'><strong>Oratio.</strong></span> <span class='ocrx_word' id='word_1_540' title='bbox 486 4506 625 4563; x_wconf 89' lang='lat' dir='ltr'><strong>Deus</strong></span> <span class='ocrx_word' id='word_1_541' title='bbox 655 4506 811 4562; x_wconf 85' lang='lat' dir='ltr'><strong>Pater</strong></span> <span class='ocrx_word' id='word_1_542' title='bbox 848 4505 1215 4577; x_wconf 85' lang='lat' dir='ltr'><strong>Omnipotens,</strong></span> <span class='ocrx_word' id='word_1_543' title='bbox 1245 4508 1333 4577; x_wconf 91' lang='lat' dir='ltr'><strong>qui</strong></span> <span class='ocrx_word' id='word_1_544' title='bbox 1375 4506 1427 4561; x_wconf 90' lang='lat' dir='ltr'><strong>in</strong></span> <span class='ocrx_word' id='word_1_545' title='bbox 1470 4507 1746 4577; x_wconf 87' lang='lat' dir='ltr'><strong>principio,</strong></span> <span class='ocrx_word' id='word_1_546' title='bbox 1779 4520 1828 4577; x_wconf 77' lang='grc' dir='ltr'><strong>ι)</strong></span> 
     </span>
    </p>
   </div>
   <div class='ocr_carea' id='block_1_77' title="bbox 159 4596 1757 4665">
    <p class='ocr_par' dir='ltr' id='par_1_77' title="bbox 159 4596 1757 4665">
     <span class='ocr_line' id='line_1_77' title="bbox 159 4596 1757 4665; baseline -0.002 -9"><span class='ocrx_word' id='word_1_547' title='bbox 159 4600 218 4656; x_wconf 88' lang='lat' dir='ltr'><strong>id</strong></span> <span class='ocrx_word' id='word_1_548' title='bbox 252 4608 344 4656; x_wconf 87' lang='lat' dir='ltr'><strong>est</strong></span> <span class='ocrx_word' id='word_1_549' title='bbox 371 4598 424 4653; x_wconf 86' lang='lat' dir='ltr'><strong>in</strong></span> <span class='ocrx_word' id='word_1_550' title='bbox 456 4597 588 4653; x_wconf 83' lang='lat' dir='ltr'><strong>Filio</strong></span> <span class='ocrx_word' id='word_1_551' title='bbox 629 4606 718 4654; x_wconf 91' lang='lat' dir='ltr'><strong>tuo</strong></span> <span class='ocrx_word' id='word_1_552' title='bbox 747 4598 875 4656; x_wconf 79' lang='lat' dir='ltr'><strong>Jesu</strong></span> <span class='ocrx_word' id='word_1_553' title='bbox 900 4596 1115 4654; x_wconf 88' lang='lat' dir='ltr'><strong>Christo</strong></span> <span class='ocrx_word' id='word_1_554' title='bbox 1154 4597 1380 4654; x_wconf 82' lang='lat' dir='ltr'><strong>Domino</strong></span> <span class='ocrx_word' id='word_1_555' title='bbox 1411 4607 1614 4665; x_wconf 88' lang='lat' dir='ltr'><strong>nostro,</strong></span> <span class='ocrx_word' id='word_1_556' title='bbox 1646 4612 1757 4653; x_wconf 74' lang='lat' dir='ltr'><strong>cte-</strong></span> 
     </span>
    </p>
   </div>
   <div class='ocr_carea' id='block_1_78' title="bbox 156 4688 1756 4758">
    <p class='ocr_par' dir='ltr' id='par_1_78' title="bbox 156 4688 1756 4758">
     <span class='ocr_line' id='line_1_78' title="bbox 156 4688 1756 4758; baseline -0.002 -14"><span class='ocrx_word' id='word_1_557' title='bbox 156 4691 281 4745; x_wconf 82' lang='lat' dir='ltr'><strong>lum</strong></span> <span class='ocrx_word' id='word_1_558' title='bbox 315 4688 621 4758; x_wconf 85' lang='lat' dir='ltr'><strong>terramque</strong></span> <span class='ocrx_word' id='word_1_559' title='bbox 644 4688 843 4755; x_wconf 81' lang='lat' dir='ltr'><strong>fecisti;</strong></span> <span class='ocrx_word' id='word_1_560' title='bbox 872 4689 935 4743; x_wconf 91' lang='lat' dir='ltr'><strong>da</strong></span> <span class='ocrx_word' id='word_1_561' title='bbox 960 4688 1135 4753; x_wconf 89' lang='lat' dir='ltr'><strong>nobis,</strong></span> <span class='ocrx_word' id='word_1_562' title='bbox 1161 4694 1221 4742; x_wconf 93' lang='lat' dir='ltr'><strong>ut</strong></span> <span class='ocrx_word' id='word_1_563' title='bbox 1241 4688 1477 4758; x_wconf 89' lang='lat' dir='ltr'><strong>Spiritus</strong></span> <span class='ocrx_word' id='word_1_564' title='bbox 1504 4688 1588 4743; x_wconf 93' lang='lat' dir='ltr'><strong>ille</strong></span> <span class='ocrx_word' id='word_1_565' title='bbox 1613 4696 1756 4747; x_wconf 81' lang='lat' dir='ltr'><strong>tuus,</strong></span> 
     </span>
    </p>
   </div>
   <div class='ocr_carea' id='block_1_79' title="bbox 154 4779 1757 4850">
    <p class='ocr_par' dir='ltr' id='par_1_79' title="bbox 154 4779 1757 4850">
     <span class='ocr_line' id='line_1_79' title="bbox 154 4779 1757 4850; baseline -0.002 -15"><span class='ocrx_word' id='word_1_566' title='bbox 154 4784 256 4850; x_wconf 90' lang='lat' dir='ltr'><strong>qui</strong></span> <span class='ocrx_word' id='word_1_567' title='bbox 287 4795 451 4850; x_wconf 85' lang='lat' dir='ltr'><strong>super</strong></span> <span class='ocrx_word' id='word_1_568' title='bbox 480 4795 663 4850; x_wconf 86' lang='lat' dir='ltr'><strong>aquas,</strong></span> <span class='ocrx_word' id='word_1_569' title='bbox 697 4781 746 4834; x_wconf 90' lang='lat' dir='ltr'><strong>id</strong></span> <span class='ocrx_word' id='word_1_570' title='bbox 776 4789 859 4836; x_wconf 89' lang='lat' dir='ltr'><strong>est</strong></span> <span class='ocrx_word' id='word_1_571' title='bbox 897 4793 1057 4849; x_wconf 79' lang='lat' dir='ltr'><strong>super</strong></span> <span class='ocrx_word' id='word_1_572' title='bbox 1084 4794 1179 4834; x_wconf 88' lang='lat' dir='ltr'><strong>cor</strong></span> <span class='ocrx_word' id='word_1_573' title='bbox 1220 4787 1458 4834; x_wconf 91' lang='lat' dir='ltr'><strong>nostrum</strong></span> <span class='ocrx_word' id='word_1_574' title='bbox 1499 4779 1757 4835; x_wconf 78' lang='lat' dir='ltr'><strong>tenebro-</strong></span> 
     </span>
    </p>
   </div>
   <div class='ocr_carea' id='block_1_80' title="bbox 151 4869 1754 4938">
    <p class='ocr_par' dir='ltr' id='par_1_80' title="bbox 151 4869 1754 4938">
     <span class='ocr_line' id='line_1_80' title="bbox 151 4869 1754 4938; baseline -0.004 -10"><span class='ocrx_word' id='word_1_575' title='bbox 151 4887 291 4928; x_wconf 90' lang='lat' dir='ltr'><strong>sum</strong></span> <span class='ocrx_word' id='word_1_576' title='bbox 321 4886 384 4927; x_wconf 89' lang='lat' dir='ltr'><strong>ac</strong></span> <span class='ocrx_word' id='word_1_577' title='bbox 411 4870 631 4929; x_wconf 68' lang='lat' dir='ltr'><strong>nitidum</strong></span> <span class='ocrx_word' id='word_1_578' title='bbox 656 4872 844 4937; x_wconf 76' lang='lat' dir='ltr'><strong>fertur,</strong></span> <span class='ocrx_word' id='word_1_579' title='bbox 872 4869 1077 4926; x_wconf 81' lang='lat' dir='ltr'><strong>fructus</strong></span> <span class='ocrx_word' id='word_1_580' title='bbox 1108 4870 1200 4926; x_wconf 94' lang='lat' dir='ltr'><strong>tibi</strong></span> <span class='ocrx_word' id='word_1_581' title='bbox 1232 4872 1285 4925; x_wconf 93' lang='lat' dir='ltr'><strong>in</strong></span> <span class='ocrx_word' id='word_1_582' title='bbox 1312 4869 1469 4925; x_wconf 90' lang='lat' dir='ltr'><strong>nobis</strong></span> <span class='ocrx_word' id='word_1_583' title='bbox 1495 4870 1754 4938; x_wconf 88' lang='lat' dir='ltr'><strong>benepla-</strong></span> 
     </span>
    </p>
   </div>
   <div class='ocr_carea' id='block_1_81' title="bbox 152 4960 1753 5034">
    <p class='ocr_par' dir='ltr' id='par_1_81' title="bbox 152 4960 1753 5034">
     <span class='ocr_line' id='line_1_81' title="bbox 152 4960 1753 5034; baseline -0.004 -12"><span class='ocrx_word' id='word_1_584' title='bbox 152 4966 308 5022; x_wconf 88' lang='lat' dir='ltr'><strong>citos</strong></span> <span class='ocrx_word' id='word_1_585' title='bbox 330 4965 579 5034; x_wconf 81' lang='lat' dir='ltr'><strong>operetur</strong></span> <span class='ocrx_word' id='word_1_586' title='bbox 608 4982 625 5021; x_wconf 86' lang='lat'><strong>:</strong></span> <span class='ocrx_word' id='word_1_587' title='bbox 658 4975 717 5019; x_wconf 91' lang='lat' dir='ltr'><strong>ut</strong></span> <span class='ocrx_word' id='word_1_588' title='bbox 757 4964 810 5020; x_wconf 91' lang='lat' dir='ltr'><strong>in</strong></span> <span class='ocrx_word' id='word_1_589' title='bbox 850 4964 1011 5020; x_wconf 89' lang='lat' dir='ltr'><strong>corde</strong></span> <span class='ocrx_word' id='word_1_590' title='bbox 1036 4972 1219 5019; x_wconf 88' lang='lat' dir='ltr'><strong>nostro</strong></span> <span class='ocrx_word' id='word_1_591' title='bbox 1251 4961 1468 5032; x_wconf 76' lang='lat' dir='ltr'><strong>copiésa</strong></span> <span class='ocrx_word' id='word_1_592' title='bbox 1494 4960 1753 5017; x_wconf 78' lang='lat' dir='ltr'><strong>virtutum</strong></span> 
     </span>
    </p>
   </div>
   <div class='ocr_carea' id='block_1_82' title="bbox 150 5052 1755 5121">
    <p class='ocr_par' dir='ltr' id='par_1_82' title="bbox 150 5052 1755 5121">
     <span class='ocr_line' id='line_1_82' title="bbox 150 5052 1755 5121; baseline -0.003 -9"><span class='ocrx_word' id='word_1_593' title='bbox 150 5054 534 5112; x_wconf 80' lang='lat' dir='ltr'><strong>exundatit‘me</strong></span> <span class='ocrx_word' id='word_1_594' title='bbox 564 5054 910 5120; x_wconf 88' lang='lat' dir='ltr'><strong>l&#39;ructiiicans,</strong></span> <span class='ocrx_word' id='word_1_595' title='bbox 936 5052 1253 5109; x_wconf 87' lang='lat' dir='ltr'><strong>indesinénti</strong></span> <span class='ocrx_word' id='word_1_596' title='bbox 1276 5068 1375 5107; x_wconf 90' lang='lat' dir='ltr'><strong>nos</strong></span> <span class='ocrx_word' id='word_1_597' title='bbox 1401 5054 1522 5121; x_wconf 90' lang='lat' dir='ltr'><strong>igne</strong></span> <span class='ocrx_word' id='word_1_598' title='bbox 1551 5052 1755 5108; x_wconf 70' lang='lat' dir='ltr'><strong>amaris</strong></span> 
     </span>
    </p>
   </div>
   <div class='ocr_carea' id='block_1_83' title="bbox 152 5147 893 5216">
    <p class='ocr_par' dir='ltr' id='par_1_83' title="bbox 152 5147 893 5216">
     <span class='ocr_line' id='line_1_83' title="bbox 152 5147 893 5216; baseline -0.007 -10"><span class='ocrx_word' id='word_1_599' title='bbox 152 5150 237 5206; x_wconf 88' lang='lat' dir='ltr'><strong>tui</strong></span> <span class='ocrx_word' id='word_1_600' title='bbox 272 5147 554 5204; x_wconf 76' lang='lat' dir='ltr'><strong>accendat.</strong></span> <span class='ocrx_word' id='word_1_601' title='bbox 598 5148 634 5216; x_wconf 62' lang='grc' dir='ltr'><strong>ἢ</strong></span> <span class='ocrx_word' id='word_1_602' title='bbox 658 5186 674 5203; x_wconf 93' lang='grc'><strong>.</strong></span> <span class='ocrx_word' id='word_1_603' title='bbox 704 5149 893 5203; x_wconf 82' lang='lat' dir='ltr'><strong>Amen.</strong></span> 
     </span>
    </p>
   </div>
   <div class='ocr_carea' id='block_1_84' title="bbox 233 5228 814 5297">
    <p class='ocr_par' dir='ltr' id='par_1_84' title="bbox 233 5228 814 5297">
     <span class='ocr_line' id='line_1_84' title="bbox 233 5228 814 5297; baseline -0.005 -1"><span class='ocrx_word' id='word_1_604' title='bbox 233 5241 348 5297; x_wconf 85' lang='lat' dir='ltr'><strong>Per</strong></span> <span class='ocrx_word' id='word_1_605' title='bbox 370 5228 814 5296; x_wconf 76' lang='lat' dir='ltr'><strong>misericardiam.</strong></span> 
     </span>
    </p>
   </div>
   <div class='ocr_carea' id='block_1_85' title="bbox 231 5329 1497 5404">
    <p class='ocr_par' dir='ltr' id='par_1_85' title="bbox 231 5329 1497 5404">
     <span class='ocr_line' id='line_1_85' title="bbox 231 5329 1497 5404; baseline -0.006 -13"><span class='ocrx_word' id='word_1_606' title='bbox 231 5334 557 5404; x_wconf 82' lang='lat' dir='ltr'><strong>Antiphona.</strong></span> <span class='ocrx_word' id='word_1_607' title='bbox 586 5332 882 5389; x_wconf 73' lang='lat' dir='ltr'><strong>Dilectidne</strong></span> <span class='ocrx_word' id='word_1_608' title='bbox 911 5330 1131 5387; x_wconf 70' lang='lat' dir='ltr'><strong>tetérna.</strong></span> <span class='ocrx_word' id='word_1_609' title='bbox 1163 5329 1259 5399; x_wconf 85' lang='lat' dir='ltr'><strong>fol.</strong></span> <span class='ocrx_word' id='word_1_610' title='bbox 1287 5342 1497 5384; x_wconf 67' lang='lat' dir='ltr'><strong>ccxxx.</strong></span> 
     </span>
    </p>
   </div>
   <div class='ocr_carea' id='block_1_86' title="bbox 234 5418 1751 5490">
    <p class='ocr_par' dir='ltr' id='par_1_86' title="bbox 234 5418 1751 5490">
     <span class='ocr_line' id='line_1_86' title="bbox 234 5418 1751 5490; baseline -0.005 -10"><span class='ocrx_word' id='word_1_611' title='bbox 234 5424 448 5480; x_wconf 85' lang='lat' dir='ltr'><strong>Oratio.</strong></span> <span class='ocrx_word' id='word_1_612' title='bbox 480 5423 607 5479; x_wconf 80' lang='lat' dir='ltr'><strong>Haec</strong></span> <span class='ocrx_word' id='word_1_613' title='bbox 629 5431 733 5489; x_wconf 84' lang='lat' dir='ltr'><strong>est,</strong></span> <span class='ocrx_word' id='word_1_614' title='bbox 761 5421 985 5479; x_wconf 83' lang='lat' dir='ltr'><strong>Domine</strong></span> <span class='ocrx_word' id='word_1_615' title='bbox 1011 5422 1177 5487; x_wconf 90' lang='lat' dir='ltr'><strong>Deus,</strong></span> <span class='ocrx_word' id='word_1_616' title='bbox 1207 5418 1441 5490; x_wconf 72' lang='lat' dir='ltr'><strong>gloriésa</strong></span> <span class='ocrx_word' id='word_1_617' title='bbox 1471 5420 1559 5475; x_wconf 84' lang='lat' dir='ltr'><strong>illa</strong></span> <span class='ocrx_word' id='word_1_618' title='bbox 1589 5420 1751 5488; x_wconf 82' lang='lat' dir='ltr'><strong>Virgo</strong></span> 
     </span>
    </p>
   </div>
   <div class='ocr_carea' id='block_1_87' title="bbox 147 5514 1752 5587">
    <p class='ocr_par' dir='ltr' id='par_1_87' title="bbox 147 5514 1752 5587">
     <span class='ocr_line' id='line_1_87' title="bbox 147 5514 1752 5587; baseline -0.006 -11"><span class='ocrx_word' id='word_1_619' title='bbox 147 5519 359 5584; x_wconf 80' lang='lat' dir='ltr'><strong>Maria,</strong></span> <span class='ocrx_word' id='word_1_620' title='bbox 383 5533 502 5587; x_wconf 73' lang='lat' dir='ltr'><strong>quze</strong></span> <span class='ocrx_word' id='word_1_621' title='bbox 529 5516 689 5572; x_wconf 73' lang='lat' dir='ltr'><strong>hadié</strong></span> <span class='ocrx_word' id='word_1_622' title='bbox 716 5515 749 5571; x_wconf 64' lang='grc' dir='ltr'>ὲ</span> <span class='ocrx_word' id='word_1_623' title='bbox 774 5515 1023 5571; x_wconf 78' lang='lat' dir='ltr'><strong>convalle</strong></span> <span class='ocrx_word' id='word_1_624' title='bbox 1051 5514 1468 5585; x_wconf 77' lang='lat' dir='ltr'><strong>lachrymarum,</strong></span> <span class='ocrx_word' id='word_1_625' title='bbox 1492 5522 1545 5569; x_wconf 90' lang='lat' dir='ltr'><strong>et</strong></span> <span class='ocrx_word' id='word_1_626' title='bbox 1571 5514 1752 5568; x_wconf 89' lang='lat' dir='ltr'><strong>mundi</strong></span> 
     </span>
    </p>
   </div>
   <div class='ocr_carea' id='block_1_88' title="bbox 144 5605 1752 5678">
    <p class='ocr_par' dir='ltr' id='par_1_88' title="bbox 144 5605 1752 5678">
     <span class='ocr_line' id='line_1_88' title="bbox 144 5605 1752 5678; baseline -0.006 -10"><span class='ocrx_word' id='word_1_627' title='bbox 144 5612 388 5668; x_wconf 74' lang='lat' dir='ltr'><strong>deserto</strong></span> <span class='ocrx_word' id='word_1_628' title='bbox 426 5608 767 5678; x_wconf 80' lang='lat' dir='ltr'><strong>cognoscitur</strong></span> <span class='ocrx_word' id='word_1_629' title='bbox 805 5606 1193 5677; x_wconf 80' lang='lat' dir='ltr'><strong>superassami,</strong></span> <span class='ocrx_word' id='word_1_630' title='bbox 1241 5605 1554 5662; x_wconf 80' lang='lat' dir='ltr'><strong>incitmbens</strong></span> <span class='ocrx_word' id='word_1_631' title='bbox 1593 5619 1752 5673; x_wconf 78' lang='lat' dir='ltr'><strong>super</strong></span> 
     </span>
    </p>
   </div>
   <div class='ocr_carea' id='block_1_89' title="bbox 145 5693 1751 5771">
    <p class='ocr_par' dir='ltr' id='par_1_89' title="bbox 145 5693 1751 5771">
     <span class='ocr_line' id='line_1_89' title="bbox 145 5693 1751 5771; baseline -0.007 -14"><span class='ocrx_word' id='word_1_632' title='bbox 145 5701 423 5758; x_wconf 75' lang='lat' dir='ltr'><strong>diléclum</strong></span> <span class='ocrx_word' id='word_1_633' title='bbox 473 5697 799 5771; x_wconf 75' lang='lat' dir='ltr'><strong>unigenitum</strong></span> <span class='ocrx_word' id='word_1_634' title='bbox 841 5706 1008 5762; x_wconf 91' lang='lat' dir='ltr'><strong>tuum,</strong></span> <span class='ocrx_word' id='word_1_635' title='bbox 1053 5694 1350 5766; x_wconf 84' lang='lat' dir='ltr'><strong>Filiumque</strong></span> <span class='ocrx_word' id='word_1_636' title='bbox 1393 5710 1583 5757; x_wconf 89' lang='lat' dir='ltr'><strong>suum,</strong></span> <span class='ocrx_word' id='word_1_637' title='bbox 1632 5693 1751 5747; x_wconf 89' lang='lat' dir='ltr'><strong>loco</strong></span> 
     </span>
    </p>
   </div>
   <div class='ocr_carea' id='block_1_90' title="bbox 145 5783 1745 5856">
    <p class='ocr_par' dir='ltr' id='par_1_90' title="bbox 145 5783 1745 5856">
     <span class='ocr_line' id='line_1_90' title="bbox 145 5783 1745 5856; baseline -0.007 -8"><span class='ocrx_word' id='word_1_638' title='bbox 145 5789 420 5849; x_wconf 78' lang='lat' dir='ltr'><strong>vidélitét</strong></span> <span class='ocrx_word' id='word_1_639' title='bbox 453 5787 797 5847; x_wconf 83' lang='lat' dir='ltr'><strong>inenarrabili</strong></span> <span class='ocrx_word' id='word_1_640' title='bbox 826 5804 838 5841; x_wconf 88' lang='lat'><strong>:</strong></span> <span class='ocrx_word' id='word_1_641' title='bbox 881 5785 1033 5856; x_wconf 89' lang='lat' dir='ltr'><strong>cujus</strong></span> <span class='ocrx_word' id='word_1_642' title='bbox 1060 5786 1186 5841; x_wconf 74' lang='lat' dir='ltr'><strong>vero</strong></span> <span class='ocrx_word' id='word_1_643' title='bbox 1215 5784 1362 5855; x_wconf 81' lang='lat' dir='ltr'><strong>quasi</strong></span> <span class='ocrx_word' id='word_1_644' title='bbox 1392 5783 1745 5855; x_wconf 83' lang='lat' dir='ltr'><strong>signaculum,</strong></span> 
     </span>
    </p>
   </div>
   <div class='ocr_carea' id='block_1_91' title="bbox 1854 3295 2838 3366">
    <p class='ocr_par' dir='ltr' id='par_1_91' title="bbox 1854 3295 2838 3366">
     <span class='ocr_line' id='line_1_91' title="bbox 1854 3295 2838 3366; baseline -0.002 -15"><span class='ocrx_word' id='word_1_645' title='bbox 1854 3295 2052 3363; x_wconf 90' lang='lat' dir='ltr'><strong>Sancti,</strong></span> <span class='ocrx_word' id='word_1_646' title='bbox 2085 3296 2176 3366; x_wconf 90' lang='lat' dir='ltr'><strong>qui</strong></span> <span class='ocrx_word' id='word_1_647' title='bbox 2203 3295 2497 3352; x_wconf 76' lang='lat' dir='ltr'><strong>certamen.</strong></span> <span class='ocrx_word' id='word_1_648' title='bbox 2531 3296 2622 3366; x_wconf 84' lang='lat' dir='ltr'><strong>fol.</strong></span> <span class='ocrx_word' id='word_1_649' title='bbox 2656 3311 2838 3350; x_wconf 70' lang='lat' dir='ltr'><strong>cum.</strong></span> 
     </span>
    </p>
   </div>
   <div class='ocr_carea' id='block_1_92' title="bbox 2470 3388 2847 3443">
    <p class='ocr_par' dir='ltr' id='par_1_92' title="bbox 2470 3388 2847 3443">
     <span class='ocr_line' id='line_1_92' title="bbox 2470 3388 2847 3443; baseline 0.005 -2"><span class='ocrx_word' id='word_1_650' title='bbox 2470 3388 2536 3442; x_wconf 84' lang='lat' dir='ltr'><strong>lu</strong></span> <span class='ocrx_word' id='word_1_651' title='bbox 2566 3388 2847 3443; x_wconf 74' lang='lat' dir='ltr'><strong>Laudibus.</strong></span> 
     </span>
    </p>
   </div>
   <div class='ocr_carea' id='block_1_93' title="bbox 1924 3476 3427 3550">
    <p class='ocr_par' dir='ltr' id='par_1_93' title="bbox 1924 3476 3427 3550">
     <span class='ocr_line' id='line_1_93' title="bbox 1924 3476 3427 3550; baseline -0.001 -15"><span class='ocrx_word' id='word_1_652' title='bbox 1924 3483 2003 3535; x_wconf 82' lang='grc' dir='ltr'><strong>Αιι</strong></span> <span class='ocrx_word' id='word_1_653' title='bbox 2031 3479 2316 3537; x_wconf 83' lang='lat' dir='ltr'><strong>Canticum.</strong></span> <span class='ocrx_word' id='word_1_654' title='bbox 2346 3481 2657 3550; x_wconf 85' lang='lat' dir='ltr'><strong>Antipltona.</strong></span> <span class='ocrx_word' id='word_1_655' title='bbox 2688 3479 2945 3547; x_wconf 66' lang='lat' dir='ltr'><strong>Damiue,</strong></span> <span class='ocrx_word' id='word_1_656' title='bbox 2973 3480 3064 3549; x_wconf 85' lang='lat' dir='ltr'><strong>qui</strong></span> <span class='ocrx_word' id='word_1_657' title='bbox 3094 3488 3145 3535; x_wconf 93' lang='lat' dir='ltr'><strong>te</strong></span> <span class='ocrx_word' id='word_1_658' title='bbox 3164 3476 3393 3549; x_wconf 81' lang='lat' dir='ltr'><strong>diligunt</strong></span> <span class='ocrx_word' id='word_1_659' title='bbox 3412 3519 3427 3544; x_wconf 92' lang='lat'><strong>,</strong></span> 
     </span>
    </p>
   </div>
   <div class='ocr_carea' id='block_1_94' title="bbox 1854 3572 3154 3643">
    <p class='ocr_par' dir='ltr' id='par_1_94' title="bbox 1854 3572 3154 3643">
     <span class='ocr_line' id='line_1_94' title="bbox 1854 3572 3154 3643; baseline -0.002 -15"><span class='ocrx_word' id='word_1_660' title='bbox 1854 3575 1993 3629; x_wconf 90' lang='lat' dir='ltr'><strong>sicut</strong></span> <span class='ocrx_word' id='word_1_661' title='bbox 2016 3574 2096 3628; x_wconf 91' lang='lat' dir='ltr'><strong>sol</strong></span> <span class='ocrx_word' id='word_1_662' title='bbox 2123 3574 2414 3643; x_wconf 86' lang='lat' dir='ltr'><strong>splendens</strong></span> <span class='ocrx_word' id='word_1_663' title='bbox 2441 3573 2491 3625; x_wconf 90' lang='lat' dir='ltr'><strong>iu</strong></span> <span class='ocrx_word' id='word_1_664' title='bbox 2523 3587 2573 3626; x_wconf 78' lang='lat' dir='ltr'><strong>0i</strong></span> <span class='ocrx_word' id='word_1_665' title='bbox 2589 3584 2643 3628; x_wconf 83' lang='lat' dir='ltr'><strong>tu</strong></span> <span class='ocrx_word' id='word_1_666' title='bbox 2668 3587 2787 3640; x_wconf 89' lang='lat' dir='ltr'><strong>suo,</strong></span> <span class='ocrx_word' id='word_1_667' title='bbox 2818 3572 2888 3627; x_wconf 90' lang='lat' dir='ltr'><strong>ita</strong></span> <span class='ocrx_word' id='word_1_668' title='bbox 2914 3573 3154 3627; x_wconf 87' lang='lat' dir='ltr'><strong>rI&#39;Itilant.</strong></span> 
     </span>
    </p>
   </div>
   <div class='ocr_carea' id='block_1_95' title="bbox 1924 3662 3203 3733">
    <p class='ocr_par' dir='ltr' id='par_1_95' title="bbox 1924 3662 3203 3733">
     <span class='ocr_line' id='line_1_95' title="bbox 1924 3662 3203 3733; baseline -0.002 -14"><span class='ocrx_word' id='word_1_669' title='bbox 1924 3665 2213 3719; x_wconf 72' lang='lat' dir='ltr'><strong>Canticum.</strong></span> <span class='ocrx_word' id='word_1_670' title='bbox 2243 3664 2342 3730; x_wconf 87' lang='lat' dir='ltr'><strong>Qui</strong></span> <span class='ocrx_word' id='word_1_671' title='bbox 2368 3662 2557 3732; x_wconf 79' lang='lat' dir='ltr'><strong>sponte</strong></span> <span class='ocrx_word' id='word_1_672' title='bbox 2583 3662 2871 3717; x_wconf 84' lang='lat' dir='ltr'><strong>obtulistis.</strong></span> <span class='ocrx_word' id='word_1_673' title='bbox 2903 3663 2995 3733; x_wconf 87' lang='lat' dir='ltr'><strong>fol.</strong></span> <span class='ocrx_word' id='word_1_674' title='bbox 3024 3678 3203 3717; x_wconf 75' lang='lat' dir='ltr'><strong>cum.</strong></span> 
     </span>
    </p>
   </div>
   <div class='ocr_carea' id='block_1_96' title="bbox 1924 3750 3431 3821">
    <p class='ocr_par' dir='ltr' id='par_1_96' title="bbox 1924 3750 3431 3821">
     <span class='ocr_line' id='line_1_96' title="bbox 1924 3750 3431 3821; baseline -0.003 -12"><span class='ocrx_word' id='word_1_675' title='bbox 1924 3758 2004 3810; x_wconf 82' lang='lat' dir='ltr'><strong>Ad</strong></span> <span class='ocrx_word' id='word_1_676' title='bbox 2058 3753 2388 3809; x_wconf 74' lang='lat' dir='ltr'><strong>Benedictus.</strong></span> <span class='ocrx_word' id='word_1_677' title='bbox 2448 3753 2763 3821; x_wconf 70' lang='lat' dir='ltr'><strong>Antiphane.</strong></span> <span class='ocrx_word' id='word_1_678' title='bbox 2812 3753 3029 3819; x_wconf 89' lang='lat' dir='ltr'><strong>Sancti,</strong></span> <span class='ocrx_word' id='word_1_679' title='bbox 3078 3762 3133 3808; x_wconf 92' lang='lat' dir='ltr'><strong>et</strong></span> <span class='ocrx_word' id='word_1_680' title='bbox 3185 3750 3431 3807; x_wconf 78' lang='lat' dir='ltr'><strong>ln&#39;tnnlcs.</strong></span> 
     </span>
    </p>
   </div>
   <div class='ocr_carea' id='block_1_97' title="bbox 1854 3841 3058 3914">
    <p class='ocr_par' dir='ltr' id='par_1_97' title="bbox 1854 3841 3058 3914">
     <span class='ocr_line' id='line_1_97' title="bbox 1854 3841 3058 3914; baseline -0.006 -11"><span class='ocrx_word' id='word_1_681' title='bbox 1854 3848 2142 3903; x_wconf 86' lang='lat' dir='ltr'><strong>Canticum.</strong></span> <span class='ocrx_word' id='word_1_682' title='bbox 2175 3847 2494 3902; x_wconf 80' lang='lat' dir='ltr'><strong>Bettedicms</strong></span> <span class='ocrx_word' id='word_1_683' title='bbox 2517 3860 2577 3900; x_wconf 83' lang='lat' dir='ltr'><strong>es</strong></span> <span class='ocrx_word' id='word_1_684' title='bbox 2606 3842 2852 3900; x_wconf 71' lang='lat' dir='ltr'><strong>Démine.</strong></span> <span class='ocrx_word' id='word_1_685' title='bbox 2883 3845 2977 3914; x_wconf 84' lang='lat' dir='ltr'><strong>fol.</strong></span> <span class='ocrx_word' id='word_1_686' title='bbox 3005 3841 3058 3897; x_wconf 77' lang='grc'><strong>6.</strong></span> 
     </span>
    </p>
   </div>
   <div class='ocr_carea' id='block_1_98' title="bbox 1925 3933 3435 4006">
    <p class='ocr_par' dir='ltr' id='par_1_98' title="bbox 1925 3933 3435 4006">
     <span class='ocr_line' id='line_1_98' title="bbox 1925 3933 3435 4006; baseline -0.002 -14"><span class='ocrx_word' id='word_1_687' title='bbox 1925 3939 2090 3994; x_wconf 90' lang='lat' dir='ltr'><strong>Sono.</strong></span> <span class='ocrx_word' id='word_1_688' title='bbox 2126 3937 2218 3991; x_wconf 81' lang='lat' dir='ltr'><strong>Via</strong></span> <span class='ocrx_word' id='word_1_689' title='bbox 2259 3937 2548 4006; x_wconf 69' lang='lat' dir='ltr'><strong>jus-terum.</strong></span> <span class='ocrx_word' id='word_1_690' title='bbox 2581 3935 2681 4003; x_wconf 80' lang='lat' dir='ltr'><strong>fol.</strong></span> <span class='ocrx_word' id='word_1_691' title='bbox 2710 3949 2918 3989; x_wconf 74' lang='lat' dir='ltr'><strong>CLXVII.</strong></span> <span class='ocrx_word' id='word_1_692' title='bbox 2947 3933 3149 3988; x_wconf 84' lang='lat' dir='ltr'><strong>Lauda.</strong></span> <span class='ocrx_word' id='word_1_693' title='bbox 3203 3934 3435 3989; x_wconf 58' lang='lat' dir='ltr'><strong>Laudéte</strong></span> 
     </span>
    </p>
   </div>
   <div class='ocr_carea' id='block_1_99' title="bbox 1857 4026 3431 4099">
    <p class='ocr_par' dir='ltr' id='par_1_99' title="bbox 1857 4026 3431 4099">
     <span class='ocr_line' id='line_1_99' title="bbox 1857 4026 3431 4099; baseline -0.003 -14"><span class='ocrx_word' id='word_1_694' title='bbox 1857 4030 2162 4086; x_wconf 73' lang='lat' dir='ltr'><strong>Datuinuzu.</strong></span> <span class='ocrx_word' id='word_1_695' title='bbox 2199 4030 2440 4083; x_wconf 80' lang='lat' dir='ltr'><strong>l’salmus</strong></span> <span class='ocrx_word' id='word_1_696' title='bbox 2468 4042 2691 4082; x_wconf 69' lang='lat' dir='ltr'><strong>CXLVIII.</strong></span> <span class='ocrx_word' id='word_1_697' title='bbox 2725 4026 3025 4099; x_wconf 80' lang='lat' dir='ltr'><strong>Propltetia.</strong></span> <span class='ocrx_word' id='word_1_698' title='bbox 3058 4027 3193 4083; x_wconf 81' lang='lat' dir='ltr'><strong>Justi</strong></span> <span class='ocrx_word' id='word_1_699' title='bbox 3222 4027 3274 4081; x_wconf 91' lang='lat' dir='ltr'><strong>in</strong></span> <span class='ocrx_word' id='word_1_700' title='bbox 3312 4043 3431 4097; x_wconf 78' lang='lat' dir='ltr'><strong>per-</strong></span> 
     </span>
    </p>
   </div>
   <div class='ocr_carea' id='block_1_100' title="bbox 1856 4122 2610 4193">
    <p class='ocr_par' dir='ltr' id='par_1_100' title="bbox 1856 4122 2610 4193">
     <span class='ocr_line' id='line_1_100' title="bbox 1856 4122 2610 4193; baseline -0.008 -14"><span class='ocrx_word' id='word_1_701' title='bbox 1856 4123 2070 4193; x_wconf 78' lang='lat' dir='ltr'><strong>pétuum</strong></span> <span class='ocrx_word' id='word_1_702' title='bbox 2103 4123 2303 4176; x_wconf 78' lang='lat' dir='ltr'><strong>vivent.</strong></span> <span class='ocrx_word' id='word_1_703' title='bbox 2338 4122 2435 4191; x_wconf 84' lang='lat' dir='ltr'><strong>fol.</strong></span> <span class='ocrx_word' id='word_1_704' title='bbox 2466 4135 2610 4175; x_wconf 69' lang='lat' dir='ltr'><strong>cur.</strong></span> 
     </span>
    </p>
   </div>
   <div class='ocr_carea' id='block_1_101' title="bbox 2519 4209 2776 4278">
    <p class='ocr_par' dir='ltr' id='par_1_101' title="bbox 2519 4209 2776 4278">
     <span class='ocr_line' id='line_1_101' title="bbox 2519 4209 2776 4278; baseline 0.004 -16"><span class='ocrx_word' id='word_1_705' title='bbox 2519 4209 2776 4278; x_wconf 78' lang='lat' dir='ltr'><strong>Hymnus.</strong></span> 
     </span>
    </p>
   </div>
   <div class='ocr_carea' id='block_1_102' title="bbox 2240 4299 2885 4358">
    <p class='ocr_par' dir='ltr' id='par_1_102' title="bbox 2240 4299 2885 4358">
     <span class='ocr_line' id='line_1_102' title="bbox 2240 4299 2885 4358; baseline -0.011 0"><span class='ocrx_word' id='word_1_706' title='bbox 2240 4301 2365 4358; x_wconf 77' lang='lat' dir='ltr'><strong>Jesu</strong></span> <span class='ocrx_word' id='word_1_707' title='bbox 2392 4300 2638 4356; x_wconf 80' lang='lat' dir='ltr'><strong>Salvator</strong></span> <span class='ocrx_word' id='word_1_708' title='bbox 2663 4299 2842 4357; x_wconf 65' lang='lat' dir='ltr'><strong>saeculi</strong></span> <span class='ocrx_word' id='word_1_709' title='bbox 2875 4319 2885 4351; x_wconf 88' lang='lat'>:</span> 
     </span>
    </p>
   </div>
   <div class='ocr_carea' id='block_1_103' title="bbox 2176 4392 2899 4463">
    <p class='ocr_par' dir='ltr' id='par_1_103' title="bbox 2176 4392 2899 4463">
     <span class='ocr_line' id='line_1_103' title="bbox 2176 4392 2899 4463; baseline -0.011 -12"><span class='ocrx_word' id='word_1_710' title='bbox 2176 4393 2482 4463; x_wconf 79' lang='lat' dir='ltr'><strong>Redémptis</strong></span> <span class='ocrx_word' id='word_1_711' title='bbox 2506 4407 2608 4461; x_wconf 86' lang='lat' dir='ltr'><strong>Ope</strong></span> <span class='ocrx_word' id='word_1_712' title='bbox 2635 4392 2856 4447; x_wconf 69' lang='lat' dir='ltr'><strong>subveni</strong></span> <span class='ocrx_word' id='word_1_713' title='bbox 2887 4408 2899 4443; x_wconf 87' lang='lat'><strong>:</strong></span> 
     </span>
    </p>
   </div>
   <div class='ocr_carea' id='block_1_104' title="bbox 2178 4480 2747 4553">
    <p class='ocr_par' dir='ltr' id='par_1_104' title="bbox 2178 4480 2747 4553">
     <span class='ocr_line' id='line_1_104' title="bbox 2178 4480 2747 4553; baseline -0.011 -14"><span class='ocrx_word' id='word_1_714' title='bbox 2178 4484 2244 4539; x_wconf 85' lang='lat' dir='ltr'><strong>Et</strong></span> <span class='ocrx_word' id='word_1_715' title='bbox 2271 4484 2354 4553; x_wconf 89' lang='lat' dir='ltr'><strong>pia</strong></span> <span class='ocrx_word' id='word_1_716' title='bbox 2386 4482 2479 4536; x_wconf 89' lang='lat' dir='ltr'><strong>Dei</strong></span> <span class='ocrx_word' id='word_1_717' title='bbox 2506 4480 2747 4535; x_wconf 79' lang='lat' dir='ltr'><strong>Génitrix</strong></span> 
     </span>
    </p>
   </div>
   <div class='ocr_carea' id='block_1_105' title="bbox 2178 4573 2861 4644">
    <p class='ocr_par' dir='ltr' id='par_1_105' title="bbox 2178 4573 2861 4644">
     <span class='ocr_line' id='line_1_105' title="bbox 2178 4573 2861 4644; baseline -0.012 -11"><span class='ocrx_word' id='word_1_718' title='bbox 2178 4578 2413 4633; x_wconf 76' lang='lat' dir='ltr'><strong>Salutem</strong></span> <span class='ocrx_word' id='word_1_719' title='bbox 2445 4588 2603 4644; x_wconf 81' lang='lat' dir='ltr'><strong>posce</strong></span> <span class='ocrx_word' id='word_1_720' title='bbox 2631 4573 2861 4627; x_wconf 82' lang='lat' dir='ltr'><strong>miseris.</strong></span> 
     </span>
    </p>
   </div>
   <div class='ocr_carea' id='block_1_106' title="bbox 2242 4671 2925 4739">
    <p class='ocr_par' dir='ltr' id='par_1_106' title="bbox 2242 4671 2925 4739">
     <span class='ocr_line' id='line_1_106' title="bbox 2242 4671 2925 4739; baseline -0.012 -10"><span class='ocrx_word' id='word_1_721' title='bbox 2242 4674 2426 4730; x_wconf 73' lang='lat' dir='ltr'><strong>Cmtus</strong></span> <span class='ocrx_word' id='word_1_722' title='bbox 2455 4687 2640 4727; x_wconf 87' lang='lat' dir='ltr'><strong>omnes</strong></span> <span class='ocrx_word' id='word_1_723' title='bbox 2670 4671 2925 4739; x_wconf 76' lang='lat' dir='ltr'><strong>AngéIit-i,</strong></span> 
     </span>
    </p>
   </div>
   <div class='ocr_carea' id='block_1_107' title="bbox 2175 4763 2809 4828">
    <p class='ocr_par' dir='ltr' id='par_1_107' title="bbox 2175 4763 2809 4828">
     <span class='ocr_line' id='line_1_107' title="bbox 2175 4763 2809 4828; baseline -0.014 -6"><span class='ocrx_word' id='word_1_724' title='bbox 2175 4766 2602 4822; x_wconf 78' lang='lat' dir='ltr'><strong>Patriarcharum</strong></span> <span class='ocrx_word' id='word_1_725' title='bbox 2631 4763 2809 4828; x_wconf 82' lang='lat' dir='ltr'><strong>cunei,</strong></span> 
     </span>
    </p>
   </div>
   <div class='ocr_carea' id='block_1_108' title="bbox 2179 4854 2889 4926">
    <p class='ocr_par' dir='ltr' id='par_1_108' title="bbox 2179 4854 2889 4926">
     <span class='ocr_line' id='line_1_108' title="bbox 2179 4854 2889 4926; baseline -0.008 -14"><span class='ocrx_word' id='word_1_726' title='bbox 2179 4860 2242 4913; x_wconf 76' lang='lat' dir='ltr'><strong>Et</strong></span> <span class='ocrx_word' id='word_1_727' title='bbox 2271 4856 2648 4926; x_wconf 76' lang='lat' dir='ltr'><strong>Prophetarum</strong></span> <span class='ocrx_word' id='word_1_728' title='bbox 2680 4854 2889 4918; x_wconf 89' lang='lat' dir='ltr'><strong>mérita,</strong></span> 
     </span>
    </p>
   </div>
   <div class='ocr_carea' id='block_1_109' title="bbox 2170 4947 2900 5018">
    <p class='ocr_par' dir='ltr' id='par_1_109' title="bbox 2170 4947 2900 5018">
     <span class='ocr_line' id='line_1_109' title="bbox 2170 4947 2900 5018; baseline -0.008 -13"><span class='ocrx_word' id='word_1_729' title='bbox 2170 4952 2333 5005; x_wconf 81' lang='lat' dir='ltr'><strong>Nobis</strong></span> <span class='ocrx_word' id='word_1_730' title='bbox 2359 4948 2641 5018; x_wconf 76' lang='lat' dir='ltr'><strong>precentur</strong></span> <span class='ocrx_word' id='word_1_731' title='bbox 2672 4947 2900 5001; x_wconf 79' lang='lat' dir='ltr'><strong>véniam.</strong></span> 
     </span>
    </p>
   </div>
   <div class='ocr_carea' id='block_1_110' title="bbox 2245 5040 2994 5112">
    <p class='ocr_par' dir='ltr' id='par_1_110' title="bbox 2245 5040 2994 5112">
     <span class='ocr_line' id='line_1_110' title="bbox 2245 5040 2994 5112; baseline -0.011 -14"><span class='ocrx_word' id='word_1_732' title='bbox 2245 5042 2476 5112; x_wconf 82' lang='lat' dir='ltr'><strong>Baptista</strong></span> <span class='ocrx_word' id='word_1_733' title='bbox 2503 5040 2703 5096; x_wconf 86' lang='lat' dir='ltr'><strong>Christi</strong></span> <span class='ocrx_word' id='word_1_734' title='bbox 2737 5041 2994 5104; x_wconf 70' lang='lat' dir='ltr'><strong>Praevius,</strong></span> 
     </span>
    </p>
   </div>
   <div class='ocr_carea' id='block_1_111' title="bbox 2168 5131 2797 5204">
    <p class='ocr_par' dir='ltr' id='par_1_111' title="bbox 2168 5131 2797 5204">
     <span class='ocr_line' id='line_1_111' title="bbox 2168 5131 2797 5204; baseline -0.006 -15"><span class='ocrx_word' id='word_1_735' title='bbox 2168 5135 2232 5189; x_wconf 88' lang='lat' dir='ltr'><strong>Et</strong></span> <span class='ocrx_word' id='word_1_736' title='bbox 2256 5133 2487 5204; x_wconf 86' lang='lat' dir='ltr'><strong>claviger</strong></span> <span class='ocrx_word' id='word_1_737' title='bbox 2510 5131 2797 5195; x_wconf 68' lang='lat' dir='ltr'><strong>aethereus,</strong></span> 
     </span>
    </p>
   </div>
   <div class='ocr_carea' id='block_1_112' title="bbox 2167 5222 2852 5297">
    <p class='ocr_par' dir='ltr' id='par_1_112' title="bbox 2167 5222 2852 5297">
     <span class='ocr_line' id='line_1_112' title="bbox 2167 5222 2852 5297; baseline -0.01 -17"><span class='ocrx_word' id='word_1_738' title='bbox 2167 5222 2300 5280; x_wconf 86' lang='lat' dir='ltr'><strong>Cum</strong></span> <span class='ocrx_word' id='word_1_739' title='bbox 2331 5223 2539 5280; x_wconf 63' lang='lat' dir='ltr'><strong>caeteris</strong></span> <span class='ocrx_word' id='word_1_740' title='bbox 2563 5222 2852 5297; x_wconf 74' lang='lat' dir='ltr'><strong>Apéstolis,</strong></span> 
     </span>
    </p>
   </div>
   <div class='ocr_carea' id='block_1_113' title="bbox 2170 5310 2976 5372">
    <p class='ocr_par' dir='ltr' id='par_1_113' title="bbox 2170 5310 2976 5372">
     <span class='ocr_line' id='line_1_113' title="bbox 2170 5310 2976 5372; baseline -0.012 -1"><span class='ocrx_word' id='word_1_741' title='bbox 2170 5316 2279 5372; x_wconf 80' lang='lat' dir='ltr'><strong>Nos</strong></span> <span class='ocrx_word' id='word_1_742' title='bbox 2304 5315 2512 5371; x_wconf 83' lang='lat' dir='ltr'><strong>solvant</strong></span> <span class='ocrx_word' id='word_1_743' title='bbox 2543 5329 2685 5370; x_wconf 77' lang='lat' dir='ltr'><strong>nexu</strong></span> <span class='ocrx_word' id='word_1_744' title='bbox 2713 5310 2976 5367; x_wconf 89' lang='lat' dir='ltr'><strong>criminis.</strong></span> 
     </span>
    </p>
   </div>
   <div class='ocr_carea' id='block_1_114' title="bbox 2234 5402 3042 5473">
    <p class='ocr_par' dir='ltr' id='par_1_114' title="bbox 2234 5402 3042 5473">
     <span class='ocr_line' id='line_1_114' title="bbox 2234 5402 3042 5473; baseline -0.015 -10"><span class='ocrx_word' id='word_1_745' title='bbox 2234 5409 2446 5463; x_wconf 84' lang='lat' dir='ltr'><strong>Chorus</strong></span> <span class='ocrx_word' id='word_1_746' title='bbox 2471 5407 2707 5463; x_wconf 75' lang='lat' dir='ltr'><strong>sacratus</strong></span> <span class='ocrx_word' id='word_1_747' title='bbox 2732 5402 3042 5473; x_wconf 64' lang='lat' dir='ltr'><strong>martyrum.</strong></span> 
     </span>
    </p>
   </div>
   <div class='ocr_carea' id='block_1_115' title="bbox 2168 5499 2846 5566">
    <p class='ocr_par' dir='ltr' id='par_1_115' title="bbox 2168 5499 2846 5566">
     <span class='ocr_line' id='line_1_115' title="bbox 2168 5499 2846 5566; baseline -0.01 -10"><span class='ocrx_word' id='word_1_748' title='bbox 2168 5501 2448 5557; x_wconf 77' lang='lat' dir='ltr'><strong>Confessio</strong></span> <span class='ocrx_word' id='word_1_749' title='bbox 2475 5499 2846 5566; x_wconf 75' lang='lat' dir='ltr'><strong>Sacerdtitum,</strong></span> 
     </span>
    </p>
   </div>
   <div class='ocr_carea' id='block_1_116' title="bbox 2171 5588 2802 5661">
    <p class='ocr_par' dir='ltr' id='par_1_116' title="bbox 2171 5588 2802 5661">
     <span class='ocr_line' id='line_1_116' title="bbox 2171 5588 2802 5661; baseline -0.008 -14"><span class='ocrx_word' id='word_1_750' title='bbox 2171 5594 2233 5647; x_wconf 84' lang='lat' dir='ltr'><strong>Et</strong></span> <span class='ocrx_word' id='word_1_751' title='bbox 2262 5590 2537 5661; x_wconf 75' lang='lat' dir='ltr'><strong>virginalis</strong></span> <span class='ocrx_word' id='word_1_752' title='bbox 2562 5588 2802 5651; x_wconf 85' lang='lat' dir='ltr'><strong>castitas.</strong></span> 
     </span>
    </p>
   </div>
   <div class='ocr_carea' id='block_1_117' title="bbox 2169 5680 2865 5750">
    <p class='ocr_par' dir='ltr' id='par_1_117' title="bbox 2169 5680 2865 5750">
     <span class='ocr_line' id='line_1_117' title="bbox 2169 5680 2865 5750; baseline -0.009 -11"><span class='ocrx_word' id='word_1_753' title='bbox 2169 5686 2274 5739; x_wconf 82' lang='lat' dir='ltr'><strong>Nos</strong></span> <span class='ocrx_word' id='word_1_754' title='bbox 2302 5684 2332 5737; x_wconf 79' lang='lat' dir='ltr'><strong>it</strong></span> <span class='ocrx_word' id='word_1_755' title='bbox 2365 5681 2597 5750; x_wconf 79' lang='lat' dir='ltr'><strong>peccatis</strong></span> <span class='ocrx_word' id='word_1_756' title='bbox 2626 5680 2865 5735; x_wconf 85' lang='lat' dir='ltr'><strong>abluant.</strong></span> 
     </span>
    </p>
   </div>
   <div class='ocr_carea' id='block_1_118' title="bbox 2234 5770 2909 5840">
    <p class='ocr_par' dir='ltr' id='par_1_118' title="bbox 2234 5770 2909 5840">
     <span class='ocr_line' id='line_1_118' title="bbox 2234 5770 2909 5840; baseline -0.01 -11"><span class='ocrx_word' id='word_1_757' title='bbox 2234 5772 2613 5829; x_wconf 71' lang='lat' dir='ltr'><strong>Monachdrum</strong></span> <span class='ocrx_word' id='word_1_758' title='bbox 2642 5770 2909 5840; x_wconf 76' lang='lat' dir='ltr'><strong>sttliragia,</strong></span> 
     </span>
    </p>
   </div>
  </div>
