2144 3266
342 208 408 241 ῙἸἿΙ

955 214 1110 244 LEONTII
1130 213 1336 247 BYZANTINI

1895 213 1964 250 1772

341 265 374 292 de
389 269 489 292 cratere
502 272 555 292 non
568 264 705 298 admittit;
719 265 792 300 quod
805 265 877 292 enim
890 265 918 292 iit
930 273 1027 298 unum,
1043 271 1126 293 restat
1140 269 1160 298 Α

1141 269 1162 298 Α
1176 267 1271 293 δεῖται·
1292 268 1308 302 ἢ
1332 266 1378 295 οὖν
1394 268 1498 303 ψευδῶς
1517 269 1546 296 ἓν
1567 267 1635 297 εἶναι
1652 271 1741 305 πάντη
1757 272 1818 298 καθ’
1833 273 1846 300 ὃ
1861 274 1963 308 ἥνωται

340 310 413 346 quod
448 310 615 338 adunatione
648 318 702 338 non
733 311 851 347 ligatur,
881 315 928 338 aut
957 319 1023 344 ergo
1055 311 1124 338 falso

341 364 427 384 unum
453 364 515 383 esse
538 357 651 384 omnino
671 357 748 392 juxta
764 356 837 391 quod
857 357 977 383 adunata
996 361 1060 383 sunt
1080 356 1125 383 illa

341 401 406 434 duo,
428 401 535 428 dicatur
558 402 593 429 ab
609 401 693 437 ipsrs;
710 406 757 428 aut
772 409 827 429 non
847 409 912 429 vere
937 402 1052 429 adunari
1069 401 1125 428 duo

341 447 493 474 secundum
511 447 584 482 quod
595 447 651 482 jam
666 447 778 474 fuerunt
790 454 879 474 unum
895 447 1015 474 dicetur.
1029 446 1124 481 Itaque

340 493 410 520 bene
427 493 561 525 dicimus,
576 492 598 519 si
614 493 729 520 duarum
747 498 907 520 naturarum
922 497 964 523 est
980 492 1122 524 adunatio,

340 546 424 565 unam
437 546 496 566 esse
510 539 602 573 potius
617 539 785 574 hypostasim
795 559 802 572 ,
819 547 873 566 non
889 538 962 566 enim
977 541 1122 570 naturam;

339 593 404 612 nam
429 585 484 613 duo
504 585 654 613 secundum
672 590 798 612 naturam
821 585 952 617 adunata,
970 585 1042 612 sicut
1061 591 1122 619 quat

341 636 388 658 cut
401 639 462 666 quae
473 631 591 658 adunata
606 631 726 658 fuerunt.

375 677 401 704 ὁ.
421 676 507 704 Omne
522 679 556 704 ex
575 677 701 712 partibus
718 685 772 704 non
788 676 911 712 ejusdem
928 682 1124 717 naturae'corn-

340 723 461 758 positum
478 727 565 750 totum
584 723 653 751 alius
666 723 786 751 nominis
799 724 854 751 erit
866 724 979 751 relative
992 724 1025 751 ad
1038 723 1124 759 ipsius

340 769 474 802 formam;
489 777 660 804 unaquaeque
674 769 808 797 naturalis
818 769 902 796 forma
915 769 1036 804 partium
1046 769 1121 804 ejus;

341 821 404 840 nam
424 821 475 841 nec
499 814 665 848 simpliciter
688 822 808 849 corpus,
831 821 882 841 nec
905 818 1010 840 tantum
1032 813 1123 840 anima

340 859 423 886 homo
439 860 588 894 diceretur,
602 860 734 887 naturalis
748 860 843 887 format
858 859 980 892 ratione;
996 866 1047 886 nec
1061 866 1123 886 cor-

341 912 393 939 pus
409 908 437 931 et
456 905 558 932 anima.
580 904 703 940 Namque
720 905 838 932 mortale
859 905 887 931 in
907 909 1008 932 neutra
1025 904 1123 931 horum

340 949 440 981 forma.
463 950 491 980 in
516 949 629 977 homine
652 957 719 976 vero
742 949 904 981 evidenter;
923 953 971 976 aut
991 956 1058 984 ergo
1074 956 1125 976 nec
1139 937 1162 966 Β

340 993 413 1021 Deus
439 1002 491 1022 nec
511 994 606 1024 homo.
623 1002 674 1021 nec
687 995 760 1022 Deus
777 1000 804 1021 ct
821 995 904 1022 homo
922 1002 975 1021 una
986 1015 993 1026 ,
1007 994 1055 1021 sed
1071 995 1124 1022 alia

341 1039 463 1074 quaedam
485 1039 572 1067 forma
599 1040 736 1067 naturalis
761 1040 908 1072 Christus;
931 1044 959 1067 et
981 1048 1031 1067 cur
1045 1040 1122 1072 illud,

341 1084 453 1117 dicant;
478 1085 501 1112 si
522 1085 618 1113 eadem
634 1085 777 1112 amborum
795 1094 828 1113 ex
848 1086 948 1120 quibus
962 1086 1124 1120 compositio

341 1134 383 1157 est
400 1130 426 1157 in
444 1131 573 1158 omnibus
584 1151 590 1163 ,
607 1136 634 1158 et
647 1131 794 1166 compositi
812 1136 856 1158 est
867 1131 971 1164 forma,
985 1132 1125 1166 quomodo

342 1183 397 1202 non
416 1176 581 1211 ctejusdem
603 1177 711 1203 numeri
738 1177 792 1204 erit
815 1184 847 1204 ac
868 1177 949 1204 ambo
971 1177 1123 1204 secundum

341 1222 495 1249 naturalem
511 1230 666 1249 sermonem
680 1222 692 1248 τ

376 1268 434 1296 5δί
447 1276 501 1295 una
512 1273 621 1300 natura,
631 1268 723 1304 sicrgo
731 1269 943 1297 etsubsistentia
953 1273 1014 1304 post
1024 1269 1126 1297 aduna-

345 1314 447 1341 tionem
470 1313 606 1345 Christus,
615 1322 699 1341 unum
706 1320 734 1341 et
741 1314 850 1341 initium
861 1314 948 1349 ipsius
957 1316 1122 1343 exsistendi:

341 1367 404 1387 nam
424 1360 479 1386 duo
502 1359 579 1386 initia
599 1359 723 1394 ejusdem
739 1359 924 1388 subsistentia:
939 1365 967 1388 et
981 1365 1088 1389 naturae
1110 1370 1125 1389 a

341 1413 397 1440 quo
412 1410 502 1432 ortum
515 1404 567 1431 fuit
586 1408 614 1432 et
633 1410 685 1435 est.
701 1405 894 1439 impossibilia.
911 1406 1035 1440 Namque
1057 1407 1123 1434 illud

342 1451 535 1478 exsislentiam
545 1451 664 1477 essentia
677 1451 865 1483 manifestans,
875 1452 986 1486 quando
992 1451 1061 1479 facta
1072 1456 1124 1485 est,

343 1502 409 1524 tunc
419 1497 523 1523 exsistit
541 1504 548 1529 ;
563 1495 671 1523 initium
679 1503 744 1531 ergo
753 1496 902 1524 exsistendi
916 1496 1126 1532 hanccomposi-

341 1548 397 1571 tam
411 1548 547 1575 naturam,
562 1542 676 1577 quando
687 1547 715 1569 et
727 1542 889 1577 quomodo?
904 1542 1047 1577 Siquidem
1061 1548 1124 1570 ante

342 1589 549 1621 adunationem,
565 1596 620 1614 non
638 1593 752 1622 propter
764 1587 961 1614 adunationem
977 1596 1029 1615 una
1048 1587 1123 1615 dice-
1138 1602 1159 1629 α

341 1639 429 1668 retur,
443 1633 585 1662 evidenter
599 1637 659 1660 erat
674 1633 748 1660 enim
766 1637 830 1660 ante
851 1633 1046 1661 adunationem
1061 1642 1124 1666 una,

341 1688 394 1709 nec
408 1671 573 1708 adunatione
584 1686 654 1714 opus
665 1683 725 1706 erat
740 1683 770 1705 ut
783 1679 840 1713 ipsa
851 1683 924 1706 esset
937 1687 1002 1706 una.
1017 1679 1044 1707 Si
1058 1687 1124 1707 vero

341 1734 358 1756 ε
391 1726 503 1762 praefata
527 1725 696 1753 adunatione
725 1725 814 1760 ipsius
837 1725 960 1758 initium,
987 1725 1124 1760 quomodo

342 1775 476 1799 aternum
496 1770 586 1797 adhuc
594 1774 622 1796 et
639 1773 704 1796 ante
719 1770 820 1797 saecula
836 1774 864 1796 et
875 1770 996 1797 divinam
1011 1770 1125 1798 conﬁte-

341 1816 434 1844 bimur
449 1816 534 1849 illam,
545 1822 606 1850 qua
620 1813 736 1851 Augusti
747 1815 921 1850 temporibus
931 1815 1007 1843 venit
1017 1815 1050 1843 ad
1064 1824 1124 1843 esse

341 1861 489 1890 naturam?

379 1908 406 1935 6.
429 1907 526 1935 Omnis
547 1907 679 1934 adunatio
696 1907 724 1935 in
745 1911 873 1934 naturam
893 1907 1038 1942 quamdam
1061 1916 1126 1935 con—

343 1959 478 1981 summata
499 1957 528 1980 et
540 1957 663 1987 spectata
675 1973 682 1984 ,
699 1960 728 1980 se
740 1953 861 1980 ostendit
879 1953 1004 1987 qumdam
1024 1953 1127 1980 haben-

343 2004 416 2031 tem,
435 2006 496 2033 quae
515 1998 697 2025 adunatarum
718 2002 880 2025 naturarum
902 1999 977 2025 nulla
996 1998 1024 2025 in
1036 1998 1125 2033 seipsa

343 2043 466 2079 possidet
481 2053 487 2070 :
503 2043 605 2070 etenim
624 2051 675 2070 nec
692 2043 788 2070 animae
818 2051 870 2070 nec
885 2044 1011 2078 corporis
1027 2049 1125 2070 natura

343 2097 393 2125 per
409 2097 437 2116 se
451 2089 538 2123 ipsam
551 2096 671 2122 unquam
691 2088 794 2119 esurit,
811 2092 857 2115 aut
874 2088 948 2120 sitit,
966 2093 1014 2115 aut
1030 2088 1127 2115 herro-

343 2142 413 2166 rem,
431 2138 478 2161 aut
492 2133 772 2172 calorem‘experitur,
783 2138 830 2159 aut
845 2133 957 2164 dormit,
974 2138 1021 2160 aut
1033 2141 1126 2160 move-

345 2185 400 2213 tur,
417 2183 464 2206 ant
480 2179 549 2206 ridet
561 2182 607 2205 aut
624 2178 724 2213 plorat.
737 2183 784 2205 aut
801 2177 968 2212 simpliciter
982 2179 1125 2205 sensibilia

344 2225 439 2257 sentit,
457 2225 493 2251 ita
514 2228 544 2250 ut
561 2231 611 2251 nec
629 2223 694 2250 tibia
713 2224 873 2259 separatim,
892 2231 943 2251 nec
960 2224 1062 2251 tibicen
1076 2232 1126 2259 per

1177 313 1210 338 τὰ
1229 313 1274 339 δύο
1290 314 1397 348 εἴρηται
1425 314 1524 346 αὐτοῖς·
1547 316 1562 350 ἢ
1587 315 1637 342 οὐκ
1659 316 1767 351 ἀληθῶς
1791 317 1915 345 ὲνοῦσθαι
1930 320 1964 345 τὰ

1175 358 1226 404 θύα
1241 358 1302 384 καθ’
1314 359 1328 384 ὃ
1345 359 1394 394 ἤδη
1418 361 1562 393 γεγόνασιν
1582 360 1620 393 ἓν,
1639 360 1810 397 λεχθήσεται·
1831 364 1901 404 ῷστε
1915 374 1963 391 κα-

1174 402 1228 438 λῶς
1242 412 1333 438 φαμεν
1350 405 1373 430 εἰ
1391 404 1437 431 δύο
1448 405 1554 439 φύσιών
1568 407 1642 433 ἐστιν
1654 407 1671 442 ἡ
1684 407 1791 440 ἓνωσις.
1806 402 1871 443 μίαν
1891 407 1962 436 εἶναι

1176 448 1279 482 μᾶλλον
1289 449 1338 484 τὴν
1353 450 1512 476 ὑπόστασιν·
1529 451 1588 478 οὐδὲ
1603 452 1657 487 γὰρ
1673 452 1723 488 τὴν
1743 453 1834 487 φύσιν·
1847 455 1893 481 δύο
1911 455 1963 490 γὰρ

1174 493 1246 519 κατὰ
1268 494 1350 528 φύσιν
1373 495 1407 521 τὰ
1430 495 1580 530 ἑνούμενα,
1605 496 1643 528 ὡς
1661 497 1804 532 ἑνούμενα·
1820 498 1849 525 ἒν
1866 499 1895 526 δὲ
1914 500 1964 535 τὴν

1175 537 1333 571 ὑπόστασιν,
1353 539 1391 571 ὡς
1409 540 1547 575 ἡνωμένα.

1141 583 1318 618 adunantur;
1352 593 1435 613 unum
1455 593 1520 613 vero
1553 586 1705 614 secundum
1725 587 1906 623 hypostasim,
1924 587 1962 614 si-

1212 675 1246 702 ἃ.
1262 677 1318 702 Πᾶν
1338 676 1367 709 ἐξ
1382 677 1589 714 ἀνομοιομερῶν
1604 678 1732 706 συντεθὲν
1744 679 1817 712 ὅλον,
1831 679 1963 715 ἑτερώνυ-

1178 729 1227 756 μον
1242 721 1298 754 ’ἐξει
1315 723 1383 757 πρὸς
1401 723 1431 749 τὸ
1445 723 1543 751 ἑαυτοῦ
1558 723 1638 756 είδοςο
1652 725 1783 760 ἑκάτερον
1798 724 1868 757 εἶδος
1883 734 1963 760 φυσι-

1176 767 1224 794 κὸν
1238 768 1292 795 τῶν
1304 769 1402 796 ἑαυτοῦ
1423 770 1527 805 μερῶν·
1545 770 1606 797 οὗτε
1626 771 1677 806 γὰρ
1691 771 1784 803 ἁπλῶς
1797 771 1886 806 σῶμα.
1901 769 1963 798 οὐτε

1178 813 1265 848 μόνως
1291 814 1363 850 ψυχὴ
1389 816 1402 842 ὀ
1429 816 1572 851 ἄνθρωπος
1597 817 1716 850 λέγοιτο.
1744 817 1860 851 φυσικοῦ
1876 817 1963 848 εἴδους

1177 859 1260 895 λόγῳ·
1273 860 1335 887 οὔτε
1349 861 1428 896 σῶμα
1443 862 1490 889 καὶ
1508 862 1589 897 ψυχή·
1608 862 1638 888 τὸ
1651 862 1704 897 γὰρ
1721 862 1828 897 Θνητὸν,
1842 863 1870 888 ὲν
1887 863 1962 889 0&6:-

1176 905 1248 940 τέρῳ
1263 906 1346 932 τῶνδε
1366 907 1443 938 εῖδει,
1472 909 1504 933 ὲν
1519 907 1547 934 δὲ
1562 907 1601 943 τῷ
1615 907 1754 943 ἀνθρώπῳ
1768 908 1870 943 σαφῶς·
1884 909 1901 944 ἢ
1916 907 1963 935 οὖν

1176 951 1237 978 οὕτε
1253 952 1319 984 Θεὸς
1345 951 1408 979 οὒτε
1422 953 1577 988 ἄνθρωπος,
1594 953 1656 980 οὔτε
1676 953 1742 985 Θεὸς
1757 954 1804 980 καὶ
1818 953 1961 990 ἄνθρωπος

1176 997 1244 1031 ἃμα,
1265 997 1322 1024 ἀλλ’
1334 998 1429 1034 ἕτερον
1445 1008 1471 1025 τι
1485 997 1556 1031 εἶδος
1571 999 1685 1034 φυσικὸν
1700 1000 1714 1026 ὁ
1729 1001 1856 1036 Χριστός·
1876 1001 1922 1027 καὶ
1937 1002 1962 1027 τί

1175 1043 1264 1075 τοῦτο,
1283 1044 1447 1078 λεγέτωσαν·
1467 1046 1490 1071 εί
1514 1045 1637 1080 ὁμοειδὲς
1661 1046 1765 1081 ἀμφοῖν
1786 1048 1843 1078 τοῖς
1869 1055 1961 1074 συντεο

1176 1089 1246 1116 Θεῖσι
1266 1091 1336 1117 κατὰ
1355 1091 1445 1118 πάντα
1467 1092 1498 1118 τὸ
1514 1091 1561 1118 τοῦ
1582 1091 1711 1119 συνθέτου
1733 1089 1813 1124 εἶδος,
1830 1092 1888 1124 πῶς
1901 1093 1963 1127 οὐ,ςὶ

1176 1136 1222 1162 καὶ
1236 1135 1379 1171 ἰσάριθμον
1393 1136 1471 1163 ἔσται
1487 1137 1578 1168 αὐτοῖς
1593 1136 1664 1163 κατὰ
1680 1137 1726 1163 τὸν
1735 1138 1849 1171 φυσικὸν
1865 1137 1960 1171 λόγον;

1210 1264 1242 1292 ε’.
1260 1265 1291 1291 Et
1309 1265 1358 1300 μία
1370 1266 1461 1300 φύσις,
1480 1267 1506 1292 εἴ
1517 1266 1540 1292 τ’
1552 1264 1599 1293 οὖν
1613 1266 1703 1298 οὐσία,
1721 1267 1790 1301 μετὰ
1803 1266 1852 1301 τὴν
1866 1267 1963 1293 ἓνωσιν

1175 1309 1189 1335 ὁ
1207 1310 1334 1345 Χριστὸς,
1366 1311 1416 1344 μία
1441 1312 1488 1338 καὶ
1509 1312 1525 1347 ή
1542 1311 1644 1348 ταύτης
1664 1312 1735 1348 ἀρχὴ
1755 1312 1801 1339 τοῦ
1820 1310 1900 1339 εἶναι·
1916 1313 1963 1339 δύη

1175 1355 1229 1390 γὰρ
1247 1356 1333 1390 ἀρχὰς
1348 1356 1397 1390 τῆς
1425 1357 1509 1391 αὐτῆς
1535 1357 1629 1388 οὐσίας
1658 1358 1706 1384 καὶ
1733 1356 1851 1392 φύσεως,
1875 1358 1960 1393 ἤγουν

1175 1401 1221 1435 ἀφ’
1236 1398 1266 1426 οὗ
1291 1401 1399 1435 πέφυκε
1422 1403 1470 1428 καὶ
1491 1403 1619 1438 ὑτξάρχει,
1646 1401 1716 1430 εἶναι
1738 1403 1878 1430 ἀδύνατον·
1897 1404 1962 1430 αὐτὸ

1176 1445 1230 1480 γὰρ
1245 1447 1322 1472 τοῦτο
1334 1447 1384 1481 τὴν
1397 1445 1512 1482 ὓπαρξιν
1526 1448 1541 1482 ἡ
1558 1448 1638 1474 οὐσία
1656 1447 1784 1483 δηλοῦσα,
1798 1448 1841 1474 ὅτε
1855 1448 1962 1482 γέγονε,

1177 1492 1236 1518 τότε
1255 1492 1301 1518 καὶ
1314 1493 1442 1528 ὑπάρχει·
1494 1491 1540 1520 οὖν
1560 1494 1633 1529 ἀρχὴ
1651 1495 1697 1521 τοῦ
1714 1492 1783 1520 εἶναι
1796 1494 1898 1530 ταύτης
1914 1496 1964 1528 τῆς

1177 1537 1306 1564 συνθέτου
1319 1537 1438 1572 φύσεως,
1458 1539 1523 1565 πότε
1537 1548 1566 1566 τε
1579 1540 1626 1566 καὶ
1639 1540 1727 1572 ὃπως;
1740 1541 1764 1566 εἰ
1779 1540 1827 1574 μὲν
1842 1541 1896 1574 γὰρ
1910 1540 1962 1574 πρὸ

1175 1583 1228 1618 τῆς,
1239 1582 1372 1616 ἐνώσεως,
1393 1584 1423 1610 οὐ
1439 1584 1483 1610 διὰ
1495 1584 1543 1619 τὴν
1558 1576 1657 1611 ἕνωσιν
1682 1584 1732 1619 μία
1750 1584 1866 1617 λέγοιτο,
1881 1585 1962 1620 δηλα-

1175 1628 1218 1663 δή·
1234 1627 1267 1664 ἦν
1280 1630 1335 1664 γὰρ
1353 1630 1398 1656 καὶ
1416 1630 1469 1664 πρὸ
1493 1630 1544 1664 τῆς
1556 1630 1679 1662 ἐνώσεως
1700 1630 1759 1665 μία,
1777 1629 1839 1657 οὔτε
1850 1629 1878 1657 δὲ
1893 1630 1960 1657 ἑνώ-

1177 1683 1245 1706 σεως
1265 1675 1344 1710 χρεία
1365 1673 1400 1710 ἦν
1414 1677 1455 1705 εἰς
1476 1676 1506 1702 τὸ
1522 1675 1585 1711 μίαν
1609 1675 1679 1703 εἶναι
1701 1675 1796 1710 αὑτήν·
1812 1677 1836 1702 εἱ
1853 1676 1882 1703 δὲ
1905 1677 1960 1703 ἀπδ

1176 1720 1224 1754 τῆς
1238 1721 1392 1754 προσφᾲτου
1403 1721 1526 1753 ὲνώσεως
1541 1722 1558 1756 ὴ
1573 1721 1677 1757 ταύτης
1692 1722 1774 1758 ἀρχὴ,
1795 1721 1854 1753 πῶς
1873 1722 1962 1749 statu

1177 1766 1215 1792 ἔτι
1239 1767 1286 1792 καὶ
1308 1767 1476 1801 προαιωνίαν
1506 1768 1552 1794 καὶ
1576 1767 1651 1794 θείαν
1674 1768 1891 1803 ὁμολογήσωμεν
1912 1769 1962 1804 τὴν

1176 1811 1222 1837 ἐπὶ
1237 1811 1291 1838 τῶν
1305 1812 1461 1848 Αὐγούστου
1477 1813 1580 1847 χρόνων
1601 1813 1785 1848 προελθοῦσαν
1798 1815 1839 1845 είς
1852 1814 1883 1840 τὸ
1893 1811 1961 1840 εἶναι

1177 1857 1273 1892 φύσιν;

1212 1908 1249 1936 ς’.
1267 1905 1345 1931 Πᾶσα
1359 1905 1456 1936 ἓνωσις
1471 1905 1508 1937 εἰς
1522 1906 1604 1940 φύσιν
1618 1905 1681 1933 τινὰ
1693 1906 1854 1942 καινοτέραν
1870 1907 1961 1942 ἀπαρ-

1176 1950 1305 1984 τιζομένη
1327 1958 1355 1975 τε
1377 1950 1424 1976 καὶ
1439 1950 1578 1985 ὁρωμένη,
1593 1950 1728 1977 δείκνυσιν
1746 1951 1829 1985 αὐτὴν
1847 1951 1962 1985 ἔχουσάν

1177 2004 1236 2021 τινα
1257 1995 1274 2021 ἃ
1288 1995 1401 2030 οὐδεμία
1416 1995 1470 2021 τῶν
1490 1996 1642 2023 ὲνωθεισῶν
1664 1996 1773 2031 φύσεων
1788 1996 1849 2023 καθ’
1863 1997 1962 2031 ἑαυτὴν

1177 2041 1317 2076 κέκτηται·
1333 2041 1380 2067 καὶ
1395 2042 1449 2076 γὰρ
1468 2041 1529 2068 οὗτε
1544 2041 1632 2076 ψυχῆς
1652 2042 1743 2077 φύσις,
1756 2042 1818 2069 οὔτε
1837 2042 1962 2077 σώματος

1177 2087 1236 2114 καθ’
1253 2086 1352 2120 ἑαυτὴν
1366 2086 1478 2112 πώποτε
1501 2087 1592 2122 πεινᾷ,
1607 2086 1623 2122 ἢ
1647 2086 1721 2121 διψᾷ,
1735 2087 1752 2122 ἢ
1771 2087 1869 2122 ριγᾷ,ἢ
1893 2095 1962 2112 καυ-

1178 2132 1306 2166 σοῦται,ἢ
1326 2132 1417 2164 ὑπνοῖ,
1443 2131 1648 2167 ῆὰποθνήσκει,
1664 2132 1680 2167 ἢ
1697 2133 1773 2167 γελᾷ,
1789 2132 1805 2166 ἦ
1830 2132 1929 2164 κλαίει,
1944 2132 1962 2165 ἦ

1176 2177 1267 2208 ἁπλῶς
1283 2177 1439 2203 αἰσθάνεται
1454 2177 1590 2212 αἰσθητῶς
1603 2176 1746 2212 αἰσθητοῦ,
1766 2176 1859 2212 ὥσπερ
1871 2177 1932 2204 οὐδὲ
1947 2178 1961 2202 ό

1177 2221 1257 2253 αὑλὺς
1276 2222 1338 2257 ἰδίᾳ,
1362 2222 1424 2248 οὐδὲ
1447 2222 1461 2248 ὁ
1485 2222 1605 2256 αὑλητὴς
1628 2221 1688 2248 καθ’
1704 2222 1800 2248 ἑαυτὸν
1825 2222 1912 2249 λαλεῖ·
1937 2222 1962 2247 τί

345 2280 375 2299 se
388 2271 477 2306 ipsum
492 2269 565 2297 canit
577 2278 584 2302 ;
595 2269 661 2303 quid
673 2277 739 2304 ergo
756 2270 903 2302 Dominus,
919 2270 978 2304 ipse
991 2277 1042 2297 nec
1054 2271 1125 2297 Deus
1139 2267 1160 2296 Β

1141 2267 1164 2296 D
1177 2266 1222 2296 οὖν
1236 2269 1250 2295 ὁ
1264 2268 1376 2303 Κύριος,
1389 2268 1402 2294 ὁ
1419 2269 1485 2303 μήτε
1497 2268 1563 2299 Θεὸς
1576 2269 1646 2303 μήτε
1659 2267 1814 2303 ἄνθρωπος,
1827 2268 1880 2303 ίδίᾳ
1892 2268 1963 2302 ἔχειν

345 2323 397 2342 nec
412 2315 509 2345 homo,
532 2313 643 2347 proprie
668 2312 772 2340 habere
788 2321 844 2347 pra:
861 2321 889 2341 se
907 2313 1036 2340 ferebat?
1053 2313 1126 2341 Sane

345 2368 411 2396 ergo
431 2360 528 2386 dicunt
543 2352 616 2393 quod
634 2366 716 2393 super
736 2366 823 2393 aquas
843 2366 1007 2394 corporeum
1028 2359 1125 2386 ambu-

344 2408 406 2434 lans
424 2411 452 2433 et
467 2405 582 2437 similia;
599 2404 645 2431 sed
667 2404 734 2431 illud
752 2404 960 2440 intelligendum
981 2412 1036 2432 non
1053 2405 1126 2432 exsi-

345 2458 422 2481 stens
440 2457 546 2479 natura:
562 2450 720 2485 composita:
734 2451 876 2485 proprium
892 2459 941 2478 cns
954 2460 961 2484 ;
976 2455 1004 2478 et
1024 2453 1126 2486 quibus

346 2506 401 2526 non
417 2497 569 2525 secundum
581 2496 728 2523 essentiam
742 2495 769 2522 in
784 2500 881 2523 natura
895 2500 942 2523 aut
954 2496 981 2523 in
989 2498 1125 2524 exsisten-

346 2544 383 2570 tia
397 2541 526 2571 convenit
554 2545 712 2568 sanctorum
726 2561 732 2572 ,
762 2541 836 2568 Deus
858 2547 929 2576 saepe
949 2541 1015 2568 ferri
1040 2550 1124 2576 super

346 2591 431 2625 aquas
441 2588 517 2616 dedit
531 2595 658 2622 corpore,
676 2587 710 2614 de
722 2587 782 2614 loco
800 2587 827 2614 in
844 2588 935 2615 locum
948 2595 1031 2622 super
1041 2596 1126 2623 aquas

347 2634 563 2662 transeuntibus.
583 2633 610 2660 Si
629 2640 694 2668 ergo
711 2633 779 2660 nihil
797 2634 832 2660 sit
848 2633 959 2668 physica
974 2635 1126 2668 proprietas

347 2681 447 2708 Christi
465 2680 586 2715 proprie,
608 2687 660 2706 nec
677 2683 775 2706 natura
791 2679 842 2714 ipsi
859 2687 912 2706 una
923 2679 1047 2714 qmedam
1065 2684 1127 2706 tan-

349 2733 405 2754 tum
433 2726 559 2761 propria;
585 2733 636 2752 nec
661 2725 735 2752 enim
760 2725 913 2752 secundum
931 2725 1074 2752 misturam
1099 2729 1129 2752 ut

347 2772 452 2802 sircra;
471 2779 521 2798 nec
542 2770 693 2797 secundum
711 2769 950 2804 participationem
971 2770 1043 2796 sicut
1058 2778 1127 2805 aqua

347 2819 540 2853 mgyptiorum
553 2824 613 2850 qurc
626 2815 738 2851 sanguis
753 2815 823 2842 facta
836 2820 894 2848 est;
909 2824 959 2843 nec
978 2817 1129 2843 secundum

347 2862 530 2889 mutationem
545 2860 617 2887 sicut
629 2868 666 2887 ωε
678 2860 705 2887 in
717 2860 869 2895 :eruginem
887 2861 1048 2888 immutatur
1059 2870 1065 2894 ;
1078 2869 1129 2888 nec

347 2913 499 2936 secundum
533 2905 667 2933 naturalis
701 2905 880 2932 aduttationis
907 2906 1098 2934 necessitatem
1121 2928 1129 2936 .

1177 2315 1342 2347 ὲνεδείξατος
1361 2315 1441 2345 Εἰκὸς
1463 2312 1520 2346 οὖν,
1539 2314 1616 2347 φασὶ,
1632 2314 1670 2345 ὡς
1685 2314 1730 2340 τὸν
1744 2315 1785 2348 ἐφ’
1800 2313 1896 2345 ὕδατος
1913 2322 1963 2339 σω-

1179 2361 1292 2396 ματικὸν
1307 2360 1458 2396 περίπατον
1480 2360 1526 2386 καὶ
1551 2360 1585 2386 τὰ
1604 2360 1703 2387 τοιάδε·
1716 2361 1784 2387 ἀλλὰ
1798 2360 1856 2386 τόδε
1880 2369 1963 2386 κατα-

1178 2405 1287 2440 νοητέον
1304 2405 1335 2431 οὑ
1349 2405 1456 2439 φύσεως
1473 2404 1504 2431 ὃν
1523 2406 1620 2440 ἰδίωμα
1638 2405 1776 2432 συνθέτου·
1793 2406 1839 2432 καὶ
1853 2404 1893 2437 οἷς
1910 2406 1964 2441 γὰρ

1180 2451 1217 2486 μὴ
1232 2452 1291 2477 κατ’
1305 2451 1399 2477 οὐσίαν
1413 2452 1453 2482 εἰς
1469 2451 1549 2486 φύσιν
1568 2451 1585 2486 ἦ
1602 2451 1642 2483 εἰς
1656 2451 1806 2478 ὑπόστασιν
1821 2451 1963 2485 σύγκειται

1178 2497 1231 2522 τῶν
1249 2497 1333 2530 ἁγίων
1355 2497 1370 2522 ό
1385 2497 1451 2528 Θεὸς
1473 2497 1603 2528 πολλάκις
1618 2497 1777 2532 ὲποχείσοαι
1792 2497 1845 2522 τῶν
1860 2497 1965 2523 ὑδάτων

1180 2543 1317 2578 πεποίηκε
1341 2543 1447 2577 σώματι
1476 2543 1666 2578 μεταϐατικῶς
1691 2545 1720 2570 ἐν
1738 2544 1830 2575 αὐτοῖς
1849 2552 1965 2579 πορευο-

1180 2585 1286 2620 μένους·
1302 2589 1325 2613 εἰ
1347 2585 1393 2614 οὖν
1412 2588 1489 2614 οὐδέν
1508 2589 1565 2614 ἐστι
1590 2589 1702 2622 φυσικὸν
1727 2589 1827 2624 ἰδίωμα
1847 2589 1965 2624 Χριστοῦ

1181 2632 1283 2665 ίόικὼς,
1300 2633 1359 2659 οὐδὲ
1377 2633 1456 2667 φύσις
1481 2634 1556 2669 αὑτῷ
1575 2635 1624 2669 μία
1651 2644 1691 2666 τις
1711 2634 1790 2668 μόνον
1808 2635 1889 2669 ιδική·
1905 2634 1966 2661 οὔτε

1182 2679 1235 2713 γὰρ
1253 2679 1323 2706 κατὰ
1335 2679 1474 2714 σύγχυσιν,
1491 2680 1528 2711 ὡς
1554 2680 1587 2706 τὰ
1611 2680 1719 2716 σίκερα·
1734 2680 1794 2707 οὔτε
1813 2681 1884 2707 κατὰ
1899 2689 1967 2715 μετ-

1182 2725 1309 2752 ουσὶωτιν
1337 2725 1374 2756 ὡς
1389 2725 1419 2751 τὸ
1431 2725 1503 2761 ὕδωρ
1519 2727 1574 2752 τῶν
1588 2726 1747 2760 Αἰγυπτίων
1763 2724 1832 2760 αἷμα
1844 2726 1966 2759 γεγονός·

1182 2770 1243 2797 οὗτε
1259 2771 1330 2798 κατὰ
1342 2771 1494 2804 ἀλλοίωσιν,
1509 2772 1548 2804 ὡς
1565 2773 1579 2798 ὁ
1595 2773 1694 2806 χαλκὸς
1706 2773 1746 2803 εἰς
1762 2772 1799 2798 ἰὸν
1813 2773 1968 2806 ἀμείϐετσρ

1181 2814 1243 2841 οὔτε
1260 2815 1330 2842 κατὰ
1350 2816 1469 2850 φυσικῆς
1489 2816 1614 2848 ὲνὼσεως
1633 2817 1765 2851 ἀνάγκην,
1788 2816 1824 2848 ὡς
1841 2815 1916 2851 ψυχὴ
1930 2820 1969 2848 εις

1183 2861 1262 2896 σῶμα
1282 2860 1427 2896 ἀνθρώπου
1443 2861 1564 2896 γέγονεν·
1583 2863 1623 2888 ἔτι
1649 2862 1698 2897 μὲν
1719 2862 1821 2898 τράγου
1835 2863 1867 2888 τὸ
1883 2871 1969 2896 μυκα-

1183 2908 1274 2934 στικὸν
1286 2907 1404 2942 ἔχοντος,
1416 2907 1558 2944 ἀνθρώπου
1571 2909 1599 2936 δὲ
1614 2909 1685 2942 ίδὶως
1695 2909 1726 2935 τὸ
1740 2909 1969 2944 κηροπλαστικνμν,
