2144 3235
325 195 402 226 1779.

942 201 1093 230 LEONTII
1118 203 1317 234 BYZANTlNl

1874 203 1943 234 1780

361 251 402 278 lti.
416 251 447 278 Si
473 253 604 279 remansit
627 257 652 280 et
676 258 780 280 natura.
795 262 854 289 qum
876 260 918 282 est
942 256 1108 290 divinitatis,
1124 262 1145 288 Α
1196 268 1204 284 ι

1094 267 1108 290 ι,
1124 262 1145 288 Λ
1196 263 1243 291 ις’.
1261 260 1291 285 Et
1316 260 1405 293 ἔμεινε
1418 260 1498 294 φύσις
1516 268 1544 286 τι
1563 260 1630 286 οὖσα
1654 259 1700 285 καὶ
1724 258 1876 293 Θεότητοςὴ
1892 258 1940 284 τοῦ

324 302 422 324 natura
437 297 530 331 Verbi,
549 303 576 325 et
599 306 659 333 qua
675 299 864 331 humanitatis.
887 305 984 328 natura
1006 302 1108 335 carnis,

324 342 462 377 quomodo
481 349 537 369 non
553 343 614 370 dua:
623 347 726 371 naturae
738 344 922 373 immutabiles
937 346 964 373 in
978 346 1110 374 Christo?

361 389 403 414 l7.
419 387 516 415 Adhuc
538 388 706 424 diderentia,‘
726 391 908 426 quorumdam
925 391 1081 419 diﬂ'erentia
1102 401 1108 418 :

326 433 403 468 cujus
415 433 488 460 enim
508 441 599 461 sermo
613 434 647 462 de
669 435 753 462 rebus
767 436 800 463 jn
824 444 878 471 qur!
893 441 921 464 et
940 444 994 465 non
1011 438 1045 464 de
1067 445 1111 464 re-

326 478 376 505 bus
393 479 543 506 secundum
556 487 627 514 qum,
651 483 748 510 tractat
764 489 771 513 ;
788 476 971 517 di‘ll‘erentlam
991 491 1056 517 ergo
1070 483 1111 509 di-

325 529 440 556 centes,
467 529 495 551 et
519 519 694 552 dill‘ereiitem
716 533 778 554 esse
796 518 828 553 in
857 526 969 554 Christo
994 527 1111 559 daretis;

326 575 428 604 quanta
436 577 500 596 vero
507 570 563 597 haec
574 570 643 597 duas
651 571 747 598 saltem
758 572 898 605 diceretis,
911 580 972 607 qua:
980 575 1045 604 vero
1057 573 1114 600 hate

326 615 382 642 sint
396 615 419 642 si
432 616 639 650 interrogantini
652 637 660 649 ,
681 616 853 644 divinitatem
868 621 896 644 et
912 618 1114 646 humanitatem

339 661 532 693 euuntiaretis,
554 665 584 688 ut
603 667 685 696 puto;
707 663 772 697 quid
793 670 860 690 vero
881 663 938 690 haec
948 661 1115 699 cognoscitis

327 706 555 739 consequentium
569 705 595 732 in
605 706 837 742 illisinterrogati,
847 708 974 735 licetnon
984 709 1115 743 sintqua-

328 750 362 776 lia
371 755 419 777 aut
429 756 543 785 quanta,
552 757 600 779 aut
613 753 724 779 habitus
736 759 784 780 aut
801 753 892 788 simile
911 754 1061 788 quoddam,
1071 761 1116 782 es-

327 796 430 823 sentias
438 797 549 830 penitus
557 797 738 831 confitemini,
748 798 802 825 duo
810 806 876 833 ergo
882 799 1117 830 essentiasdicere

327 849 376 869 vos
399 850 433 870 ex
447 842 604 870 diﬂerentia
616 843 650 870 de
661 844 783 877 Christo,
797 844 940 872 evidenter
957 844 1115 873 inducrtur.

363 888 406 915 18.
420 883 629 924 interrogemus
645 898 694 917 vos
715 890 815 922 adhuc,
839 890 948 924 fratres,
965 891 1047 918 dicite
1067 899 1112 918 se-

327 935 450 962 cundum
464 935 530 969 quid
546 935 758 963 discernendum
773 944 788 963 a
801 937 882 964 Patre
891 936 991 964 Filium
1004 942 1031 964 et
1046 937 1112 964 Ver-
1125 927 1149 956 Β

329 980 405 1014 bum,
424 981 537 1008 annon?
553 981 662 1009 Scimus
683 990 748 1017 ergo
769 981 842 1016 quod
868 982 960 1010 dicitis
987 987 1015 1009 et
1038 983 1111 1019 quod

328 1026 537 1053 subsistentiam
561 1027 627 1053 illud
650 1034 710 1054 esse
735 1026 914 1055 conﬁtemini.
939 1027 1017 1055 Absit
1038 1028 1111 1055 enim

328 1071 407 1098 vobis
424 1071 482 1098 haec
495 1072 696 1107 blasphemare,
707 1072 780 1100 absit
790 1073 903 1107 reliquis
915 1073 947 1100 ad
963 1075 1112 1108 perlectam

329 1116 457 1151 pietatem
468 1124 578 1150 carere;
598 1125 708 1145 rursum
730 1125 795 1152 ergo
817 1118 1049 1154 inter-rogabimus
1065 1126 1114 1146 vos

329 1168 357 1190 ct
371 1163 442 1191 hoc:
457 1172 472 1191 a
486 1164 596 1205 propria
616 1171 699 1191 carne
717 1163 801 1190 dicite
814 1163 907 1198 aliquo
919 1163 1001 1191 modo
1015 1163 1113 1191 distin-

329 1209 468 1244 guendum
481 1210 612 1242 Verbum,
625 1217 660 1236 an
677 1209 750 1236 non?
766 1209 795 1236 Si
810 1209 886 1236 nullo
899 1209 980 1236 modo
990 1209 1112 1244 quidem,

332 1255 487 1290 propiorem
500 1255 572 1282 hanc
589 1263 698 1282 carnem
721 1254 802 1283 Verbi
817 1262 845 1282 et
856 1254 943 1290 magis
965 1254 1113 1282 adunatam

331 1308 412 1334 quam
430 1308 492 1327 cum
512 1300 592 1328 Patre
617 1300 764 1335 exponitis,
785 1301 913 1335 quamvis
929 1300 1059 1328 adunatio
1078 1300 1114 1327 sit

331 1354 393 1372 cum
417 1346 496 1373 Patre
514 1346 665 1373 secundum
689 1346 873 1381 hypostasim;
898 1354 913 1373 a
938 1353 1022 1376 carne
1047 1353 1114 1372 vero

331 1397 392 1425 quae
411 1390 499 1426 ipsius
510 1397 552 1419 est
565 1399 616 1419 nec
628 1391 781 1422 secundum
799 1396 926 1418 naturam
945 1399 997 1419 nec
1013 1399 1114 1419 secun-

332 1437 397 1464 dum
410 1437 616 1465 subsistentiam
632 1437 785 1464 secernitur
796 1437 928 1465 Verbum.
943 1437 970 1464 Si
982 1445 1048 1465 vero
1061 1437 1114 1464 ali-

333 1490 387 1516 quo
403 1483 485 1510 modo
498 1486 527 1510 et
545 1482 631 1517 ipsam
651 1483 723 1510 hanc
735 1483 817 1510 Verbi
831 1490 940 1511 carnem
961 1483 1116 1511 discernitis

334 1527 418 1556 verbo
436 1532 465 1555 et
483 1535 537 1555 non
551 1527 747 1561 distinctionis,
768 1536 818 1555 cur
833 1528 860 1556 id
878 1529 1060 1564 respondete;
1076 1529 1115 1556 si-

331 1573 443 1608 quidem
453 1581 518 1609 ergo
527 1574 623 1601 eodem
634 1577 826 1601 secerneretur
841 1574 922 1601 modo
930 1581 944 1601 a
955 1582 1010 1609 quo
1024 1574 1114 1607 Patre,

333 1623 362 1645 et
380 1619 534 1654 hypostasis
555 1619 624 1653 ipsa,
639 1619 729 1654 primo
743 1619 854 1654 quidem
871 1619 940 1647 duas
964 1619 1116 1647 subsistet)-

336 1664 386 1691 Iias
403 1664 505 1691 Christi
517 1664 647 1697 dedistis;
663 1664 763 1692 deinde
779 1668 807 1692 et
822 1672 915 1699 parem
931 1665 1004 1692 Patri
1015 1672 1116 1692 secun-

335 1710 400 1736 dum
425 1713 523 1737 cuncta
539 1716 653 1736 carnem
669 1709 831 1742 attribuitis,
855 1709 877 1737 si
894 1717 942 1744 per
966 1709 1064 1736 eadem
1088 1714 1117 1737 et

336 1755 393 1782 sola
409 1763 425 1781 ιι
442 1754 522 1782 Patre
531 1760 560 1783 et
571 1762 586 1782 a
595 1754 705 1789 propria
723 1762 805 1782 carne
822 1755 976 1783 secernitur
985 1755 1115 1783 Verbum.

337 1799 365 1827 Si
379 1808 445 1828 vero
457 1800 608 1828 secundum
627 1800 693 1835 quid
709 1800 793 1832 aliud,
807 1805 854 1828 aut
874 1805 1000 1828 naturam
1025 1809 1118 1829 neces-

335 1845 412 1872 sario
424 1845 451 1872 id
463 1853 535 1878 esse,
552 1849 600 1873 aut
614 1845 718 1880 aliquid
733 1849 831 1880 praeter
844 1850 969 1873 naturam
987 1851 1015 1873 et
1026 1846 1117 1873 subsi-

338 1892 465 1918 stentiam
482 1891 510 1918 in
533 1891 643 1919 Christo
660 1890 770 1921 habetis
793 1890 866 1926 quod
885 1890 972 1923 scitis,
1000 1891 1117 1918 indicate

339 1937 434 1968 nobis;
448 1937 470 1964 si
481 1944 546 1964 vero
561 1936 641 1969 nihill
650 1936 760 1971 penitus
773 1935 923 1963 secundum
937 1940 1040 1963 natura!
1053 1936 1120 1963 Ver-

341 1982 404 2011 bum
420 1982 608 2010 definitionem
624 1982 696 2011 datis
709 1982 790 2010 Verbi
803 1986 831 2008 et
844 1982 935 2009 carnis
944 1981 978 2009 de
991 1981 1119 2014 Christo;

339 2027 517 2054 deiinitorum
533 2031 625 2054 autem
638 2031 667 2054 et
685 2034 817 2055 numerus
833 2032 876 2056 est
895 2027 1119 2062 quandoquidem

339 2073 436 2100 horum
469 2072 524 2100 duo
549 2072 663 2100 termini
696 2076 777 2105 sunt’;
804 2080 888 2106 porro
918 2080 1035 2107 quorum
1064 2072 1120 2100 duo

339 2118 460 2150 termini,
483 2118 570 2159 liquet
586 2117 660 2153 quod
689 2121 718 2145 et
742 2117 798 2145 duo
826 2118 986 2146 deﬂuientia
1002 2138 1010 2151 ,
1043 2118 1119 2153 atqui

338 2164 361 2192 si
379 2168 540 2191 naturarum
553 2163 664 2199 termini
673 2168 748 2196 sunt,
757 2164 839 2191 verba
855 2163 1024 2196 deﬁnientis,
1034 2163 1121 2198 liquet

338 2209 413 2244 quod
433 2213 540 2236 natura:
564 2208 717 2236 manifestae
733 2207 816 2241 ﬂent;
829 2209 889 2236 sine
906 2209 992 2236 dubio
1008 2208 1122 2237 eviden-

1160 305 1256 338 Λόγου,
1272 305 1318 330 καὶ
1329 304 1407 338 φύσις
1422 304 1489 331 οὖσα
1504 305 1551 331 καὶ
1565 304 1770 339 ἀνθρωπότητος
1785 304 1802 338 ἡ
1815 302 1862 336 τῆς
1878 310 1944 337 σαρ-

1161 350 1217 382 κὸς,
1234 350 1292 380 πῶς
1306 351 1336 375 οὐ
1351 349 1397 376 δύο
1413 350 1508 383 φύσεις
1527 349 1655 385 ἄτρεπτοι
1668 340 1696 375 ἐν
1708 348 1746 383 τῴ
1761 347 1890 383 Χριστῷ;

1197 395 1239 426 ιζ’.
1262 395 1321 421 Ἔτι
1342 396 1358 432 ἡ
1377 395 1505 430 διαφορὰ,
1523 394 1603 421 τινῶν
1621 394 1757 428 διαφορά·
1775 393 1829 418 τῶν
1843 391 1896 426 γὰρ
1915 391 1944 418 ἐν

1161 447 1213 465 τινι
1224 439 1267 465 καὶ
1276 440 1306 465 οὐ
1317 437 1371 466 τ’ὡν
1386 439 1446 466 κα.θῖ
1459 439 1528 465 αὐτὰ
1539 438 1694 472 νοουμένων
1705 439 1718 464 ὁ
1730 437 1834 467 ταύτης
1847 435 1923 468 λόγος
1934 443 1940 449 ·

1160 484 1291 519 διαφορὰν
1308 482 1354 510 οὗν
1377 485 1400 514 οἱ
1419 484 1553 518 λέγοντες²
1580 483 1627 509 καὶ
1646 482 1810 517 διαφέροντα
1827 480 1894 507 εἶναι
1915 481 1943 506 ἐν

1162 530 1272 565 Χριστῷ
1287 529 1398 556 δώοοιτε
1410 537 1418 544 ⁸
1445 529 1516 556 πόσα
1534 529 1561 555 δὲ
1581 528 1678 560 ταῦτα,
1700 527 1746 553 δύο
1770 526 1945 560 τούλάχιστον

1163 576 1290 613 φήσαιτε·
1310 575 1370 601 τίνα
1385 574 1412 600 δὲ
1428 574 1514 601 ταῦτὰ
1528 575 1603 601 ἐστιν
1629 572 1866 608 εἰσπραττόμενοι,
1884 570 1945 596 θεό-

1163 629 1232 656 τητα
1247 620 1293 647 καὶ
1308 620 1504 658 ἀνθρωπότητα
1520 617 1744 653 ὀνομάσοιτε,”ῶς
1764 614 1840 650 οἶμαι
1852 623 1858 629 ⁸
1872 615 1899 642 τί
1916 615 1945 640 δὲ

1163 665 1225 692 τάδε
1241 664 1294 691 τῶν
1305 664 1332 689 ὲν
1345 665 1401 700 τοῖς
1419 663 1506 697 γενῶν
1523 662 1579 688 ἴστε
1594 661 1797 696 ἀνακριθέντες,
1816 659 1895 693 ειπερ
1908 658 1945 693 μὴ

1163 711 1205 746 εῐη
1229 710 1304 741 ποιὰ,
1328 709 1343 744 ἢ
1363 709 1445 740 ποσὰ,
1470 708 1486 743 ἢ
1505 708 1620 742 σχέσεις,
1645 711 1664 745 ἦ
1681 715 1708 738 τι
1723 705 1833 737 τοιόνδε,
1851 704 1944 734 οὐσίας

1164 757 1354 792 ὁμολογήσοιτε
1377 754 1486 784 πάντως
1500 762 1506 768 ·
1524 753 1570 779 δύο
1589 752 1643 787 ἄρα
1658 751 1752 781 οὐσίας
1768 750 1856 783 λέγειν
1873 749 1945 781 ὑμᾶς

1164 803 1197 829 ὲκ
1212 802 1261 836 τῆς
1275 801 1406 835 διαφορᾶς
1422 799 1468 826 ἐπὶ
1485 798 1604 834 Χριστοῦ
1624 797 1716 832 σαφῶς
1735 795 1891 829 συνάιγεται.

1203 895 1247 932 ιη’,
1268 894 1428 932 Ἑρωτῶμεν
1436 893 1464 922 δὲ
1478 892 1550 927 ὑμᾶς
1561 891 1612 924 ἐτι,
1626 889 1749 924 ἀδελφοί”
1760 888 1862 922 Λέγετε
1876 886 1946 914 κατά

1162 952 1188 969 τι
1204 930 1391 975 διακρίνεσθαι
1403 937 1450 965 τοῦ
1471 938 1535 964 ἰδίου
1544 936 1651 972 Πατρός
1660 935 1705 962 τὸν
1715 934 1779 961 Υίὸν
1790 933 1838 962 καὶ
1847 933 1943 966 Λόγον,

1161 989 1177 1024 ἢ
1194 987 1272 1023 οὒχίς
1292 986 1386 1020 Ἰσμεν
1412 983 1459 1011 οὖν
1472 984 1513 1010 ὃτι
1528 983 1632 1016 λέγετε,
1653 981 1700 1008 κα¹ι
1721 981 1763 1007 ὅτι
1783 980 1862 1006 τοῦτο
1877 976 1945 1005 εἶναι

1161 1025 1210 1069 τῆν
1226 1033 1375 1060 ὑπόστασιν
1390 1030 1545 1065 ὁμολογεῖτε
1560 1037 1567 1045 ν
1587 1028 1624 1063 μὴ
1641 1027 1695 1062 γὰρ
1720 1026 1763 1060 εἴη
1794 1025 1858 1060 ὑμῖν
1879 1024 1945 1059 μηδὲ

1161 1079 1246 1109 ταῦτα
1262 1078 1442 1112 βλασφημεῖν,
1461 1075 1528 1111 μηδὲ
1562 1074 1616 1100 τῶν
1634 1071 1804 1106 λειπομένων
1819 1070 1886 1105 πρὸς
1899 1078 1943 1096 τε-

1162 1113 1236 1151 λείαν
1269 1121 1411 1149 εὐσέὸειαν
1444 1121 1585 1156 ἀμοιρεῖν·
1615 1116 1765 1159 πάλινλοῦν
1791 1115 1944 1150 πυθοίμεθα

1162 1170 1238 1206 ὑμῶν
1257 1171 1304 1196 καὶ
1325 1169 1402 1195 τόδε·
1417 1167 1467 1201 τῆς
1494 1167 1564 1197 ἰδίας
1588 1163 1689 1199 σαρκὸς
1710 1163 1803 1196 λέγετε
1830 1161 1901 1188 κατά
1917 1169 1943 1187 τι

1161 1216 1346 1251 διακρίνεσθαι
1362 1211 1409 1240 τὸν
1424 1210 1552 1246 Λόγον,ἢ
1575 1210 1651 1245 οὔχίς
1674 1210 1705 1251 {Si
1731 1209 1779 1242 μὲν
1801 1207 1847 1234 οὖν
1874 1207 1945 1233 κατὰ

1165 1261 1257 1296 μηδὲν,
1269 1259 1421 1294 ὲγγυτέραν
1441 1257 1543 1291 ταύτην
1571 1255 1614 1290 τῷ
1627 1254 1706 1289 Λόγῳ
1730 1253 1777 1280 καὶ
1803 1251 1946 1296 ἡνωμένην

1165 1294 1265 1342 μάλλον
1279 1305 1325 1332 τοῦ
1345 1303 1450 1338 Πατρδς
1465 1301 1664 1337 παρεστήσατε,
1687 1298 1764 1333 εἴπερ
1777 1297 1824 1324 τοῦ
1839 1294 1947 1342 Πατρός

1164 1339 1225 1379 ιιαίν
1242 1351 1390 1377 ὑπόστασιν
1403 1357 1409 1364 ·
1428 1349 1477 1382 τῆς
1498 1347 1527 1374 δὲ
1548 1345 1648 1382 σαρκὸς
1668 1345 1716 1379 τῆς
1739 1344 1768 1369 ἐν
1791 1340 1865 1375 αὺτῷ
1886 1339 1946 1366 οὐδὲ

1164 1397 1233 1425 κατὰ
1244 1396 1324 1431 φύσιν
1335 1395 1395 1422 οὐδὲ
1407 1394 1468 1421 καθ’
1478 1393 1625 1422 ὑπόστασιν
1638 1389 1808 1423 διακέκριται
1821 1385 1925 1419 όΛόγος
1938 1393 1945 1399 ·

1164 1444 1188 1470 si
1202 1443 1230 1469 δὲ
1245 1442 1316 1469 κατά
1331 1450 1367 1473 τι,
1384 1441 1432 1468 καὶ
1450 1438 1550 1474 ταύτην
1566 1437 1613 1464 τοῦ
1624 1436 1710 1470 Λόγου
1724 1433 1877 1469 διακρινετε
1891 1431 1948 1457 δια-

1165 1488 1250 1523 φορᾶς
1259 1487 1390 1521 λόγῳ,καὶ
1401 1485 1430 1511 οὐ
1439 1484 1607 1518 διαιρέσεως,
1616 1481 1643 1508 τί
1655 1480 1742 1510 τοῦτο,
1751 1475 1944 1523 ἀποκρίνασθε.

1165 1521 1257 1568 Ϊίἰγμὲν
1271 1531 1318 1559 οὖν
1329 1531 1367 1567 τῷ
1380 1530 1453 1565 αὑτῷ
1467 1528 1527 1556 καθ’
1542 1528 1556 1554 ὃ
1566 1526 1670 1554 καὶτοῦ
1685 1525 1789 1559 Πατρός
1797 1521 1945 1568 διωρίζετο,

1166 1566 1314 1608 ὑπόστασις
1328 1576 1357 1602 δὲ
1371 1575 1451 1609 αὑτὴ,
1468 1573 1576 1609 πρῶτον
1594 1571 1642 1607 μὲν
1656 1570 1703 1597 δύο
1718 1569 1766 1600 τὰς
1783 1566 1946 1595 ὑποστάσεις

1167 1624 1286 1659 Χριστοῦ
1300 1621 1434 1649 δεδώκατε.
1445 1628 1452 1635 ·
1469 1618 1528 1646 εἶτα
1541 1618 1569 1644 δὲ
1586 1618 1633 1644 καὶ
1648 1616 1708 1650 ἴσην
1723 1614 1761 1649 τῷ
1776 1613 1863 1647 Πατρὶ
1877 1610 1947 1659 κατα

1167 1656 1256 1696 πάντα
1265 1667 1314 1702 τὴν
1326 1666 1415 1702 σάρκα
1432 1664 1623 1700 παριστάνετε,
1639 1662 1665 1687 εἴ
1678 1669 1709 1694 γε
1727 1661 1782 1690 τοῖς
1797 1658 1888 1687 αὐτοῖς
1900 1656 1947 1683 καὶ

1169 1714 1259 1749 μόνοις
1284 1701 1315 1739 ἐκ
1333 1701 1367 1738 τέ
1387 1711 1433 1738 τοῦ
1454 1711 1559 1744 Πατρός
1580 1708 1627 1734 καὶ
1651 1707 1702 1741 τῆς
1724 1704 1827 1744 οἰκείας
1847 1701 1947 1749 σαρκὸς

1167 1748 1333 1794 διακρίνεται
1351 1759 1365 1784 ό
1379 1757 1464 1789 Λόγος
1476 1764 1485 1788 ἶ
1498 1756 1522 1781 εἱ
1540 1755 1569 1781 δὲ
1584 1753 1644 1780 καθ’
1661 1752 1755 1787 ἔτερόν
1771 1759 1808 1781 τι,
1828 1749 1845 1784 ἢ
1868 1748 1948 1794 φύσιν

1167 1793 1273 1839 ἀνάγκη
1289 1804 1368 1831 τοῦτο
1388 1800 1468 1834 εἶναι,
1483 1802 1500 1836 ἡ
1514 1810 1540 1827 τι
1558 1799 1634 1834 παρά
1651 1798 1700 1834 τὴν
1716 1797 1796 1831 φύσιν
1817 1795 1864 1821 καὶ
1881 1793 1948 1820 ὑπό-

1168 1858 1262 1877 στασιν
1277 1851 1305 1875 ὲν
1319 1848 1358 1884 τῷ
1372 1846 1482 1883 Χριστῷ
1497 1846 1582 1881 ἔχοιτε
1596 1844 1706 1875 ειδέναι,
1719 1841 1858 1877 σημάνατε
1872 1839 1946 1873 ἡμῖν·

1168 1897 1192 1922 ει
1209 1896 1236 1923 δὲ
1259 1883 1349 1926 οὐδὲν,
1362 1893 1469 1924 πάντως
1488 1891 1557 1918 κατὰ
1572 1890 1678 1925 φύσεως
1700 1888 1778 1921 λόγον
1799 1885 1883 1912 δίδοτε
1903 1883 1949 1909 τὸν

1169 1941 1307 1977 διορισμὸν
1321 1939 1368 1966 τοῦ
1382 1939 1468 1973 Λόγου
1481 1931 1528 1964 διαὶ
1544 1937 1593 1972 τῆς
1617 1934 1718 1971 σαργὸς
1741 1934 1788 1961 ἐπὶ
1810 1929 1930 1977 Χριστοῦ
1941 1937 1948 1944 ·

1169 1975 1223 2014 τῶν
1246 1987 1274 2013 δὲ
1295 1984 1488 2021 διοριζομένων
1514 1983 1561 2014 καὶ
1587 1980 1702 2016 ἀριθμός
1723 1980 1807 2008 ἐστιν,
1835 1975 1951 2021 ἐπείπερ

1169 2030 1252 2060 τῶνδε
1266 2031 1312 2058 δύο
1327 2019 1384 2066 δ’ροι
1410 2029 1494 2056 εισιν·
1511 2025 1548 2055 ὧν
1564 2027 1594 2054 δὲ
1619 2026 1665 2053 δύο
1681 2025 1706 2051 οι
1726 2024 1794 2059 ὅροι,
1813 2021 1894 2057 δῆλον
1910 2019 1950 2046 ὅτι

1170 2079 1216 2105 καὶ
1230 2077 1277 2104 δύο
1291 2076 1326 2103 τὰ
1342 2074 1455 2110 ὁριστά·
1469 2075 1494 2100 εἰ
1505 2074 1533 2106 δὲ
1547 2073 1600 2099 τῶν
1616 2072 1723 2106 φύσεων
1739 2070 1764 2096 οι
1779 2069 1838 2103 ὅροι
1853 2067 1907 2093 εἰσὶ
1917 2065 1951 2092 τὰ

1169 2122 1275 2159 όριστὰ,
1291 2121 1370 2156 δῆλον
1382 2121 1422 2155 ὅτι
1436 2121 1464 2147 at
1476 2119 1570 2153 φύσεις
1582 2116 1821 2150 ἀποδειχθήσονται
1855 2111 1951 2164 ρὺκοῗν

1170 2158 1321 2205 ἀνριθμηταὶ
1331 2166 1438 2201 *σαφῶς
1463 2165 1492 2191 αἱ
1515 2164 1610 2198 φύσεις
1634 2160 1767 2197 Χριστοῦ⁹
1797 2158 1888 2189 καλῶς
1902 2158 1952 2205 ὀὖν

1172 2203 1242 2250 ἡμῖν
1253 2203 1372 2249 εἴρηται,
1388 2212 1485 2242 ἓνωσις
1501 2209 1549 2245 μὲν
1571 2207 1745 2235 ὑποστάσεων
1763 2206 1791 2232 ιν
1809 2205 1858 2239 μιᾷ
1874 2203 1952 2250 φύσει

339 2258 382 2282 ter
399 2254 586 2282 numerabiles
601 2253 704 2281 Christi
714 2258 835 2286 natum;
848 2253 919 2281 bene
929 2261 994 2287 ergo
1008 2261 1023 2280 a
1039 2253 1119 2280 nobis
1131 2257 1158 2286 1)

1106 2261 1119 2280 3
1131 2257 1158 2286 D
1171 2248 1217 2289 {ait
1231 2248 1287 2295 τῆς
1300 2259 1379 2293 ἁγίας
1400 2259 1447 2285 καὶ
1463 2254 1625 2290 ὑπερουσιου
1651 2252 1774 2287 Τριάδος,
1802 2251 1898 2280 ἐνωσις
1925 2248 1952 2295 δε

339 2300 460 2327 dicitur:
476 2298 610 2326 adunatio
631 2298 742 2334 quidem
759 2299 976 2326 substantiarum
994 2299 1022 2326 in
1038 2306 1121 2326 unam

341 2350 466 2374 naturam
485 2345 513 2371 in
528 2349 622 2378 sancta
637 2348 666 2372 et
680 2352 808 2380 suprema
824 2344 969 2377 Trinitate,
992 2344 1123 2372 adunatio

340 2398 406 2418 vero
425 2384 585 2416 naturarum
608 2389 636 2415 in
659 2396 741 2416 unam
757 2388 963 2416 subsistentiam
984 2389 1012 2416 in
1030 2393 1122 2416 sancta

339 2440 369 2464 et
383 2435 517 2469 ineffabili
536 2435 724 2465 incarnatione
738 2434 831 2462 Verbi.
848 2434 905 2461 Hoc
926 2434 999 2461 enim
1012 2434 1080 2461 dixit
1097 2438 1125 2461 et

342 2480 470 2516 inquiens
480 2480 579 2514 Pater;
594 2480 764 2509 contrarium
784 2486 846 2507 esse
866 2479 988 2514 mysterii
1013 2483 1125 2514 propter

341 2525 483 2554 Christum
496 2521 651 2553 sermonem
675 2525 795 2553 sermoni
808 2525 842 2552 de
868 2529 960 2551 sancta
979 2524 1123 2551 Trinitate.

380 2572 423 2599 19.
450 2572 649 2598 Percontemur
669 2571 760 2599 adhuc
789 2575 818 2598 et
842 2570 928 2608 illud:
942 2570 1028 2606 Hujus
1048 2571 1125 2605 juxta

344 2626 392 2645 vos
409 2621 513 2644 natura:
534 2616 637 2644 Christi
661 2617 721 2644 Filii
746 2617 793 2643 Dei
815 2615 948 2647 viventis,
974 2615 1125 2642 secundum

344 2662 418 2690 Petri
432 2665 518 2689 tutam
529 2661 740 2693 confessionem,
757 2661 842 2688 Deum
864 2660 983 2688 Verbum
997 2660 1062 2695 quid
1082 2660 1126 2687 di-

343 2709 408 2736 citis
424 2715 494 2740 esse,
514 2713 618 2742 partem
639 2715 674 2734 an
701 2707 810 2737 totum?
829 2705 857 2734 Si
880 2710 986 2741 partem
1003 2705 1125 2740 quidem,

342 2759 371 2782 et
385 2754 472 2789 partis
487 2758 591 2781 natura;
602 2754 711 2781 Patrem
726 2753 810 2782 dicite
828 2752 952 2785 Patrem;
968 2759 1050 2787 porro
1067 2760 1128 2786 par-

345 2799 409 2826 tiale
425 2798 460 2825 sit
474 2797 605 2830 Verbum,
617 2797 645 2825 in
663 2802 795 2832 quantum
815 2801 914 2824 natura
930 2801 972 2824 est
990 2797 1085 2828 Filius,
1101 2801 1129 2824 et

345 2844 433 2874 Patris
446 2842 658 2870 eritsecundum
679 2842 832 2870 naturalem
853 2842 1044 2877 paternitatem
1068 2849 1130 2876 par—

346 2889 596 2925 tizilispaternitas;
620 2896 789 2924 unaqumque
803 2896 868 2923 ergo
890 2888 1005 2915 duarum
1023 2886 1130 2914 divina-

1172 2305 1226 2334 τῶν
1251 2305 1358 2339 φύσεων
1384 2304 1412 2329 ὲν
1436 2302 1484 2337 μιᾷ
1506 2299 1653 2327 ὑποστάσει
1674 2298 1720 2324 ἐπὶ
1740 2298 1789 2331 τῆς
1812 2295 1891 2329 ἁγίας
1906 2294 1954 2322 καὶ

1173 2351 1313 2386 ἀφράστου
1331 2347 1497 2384 σαρκώσεως
1515 2346 1563 2372 τοῦ
1590 2345 1691 2378 Λόγου·
1720 2342 1799 2369 τοῦτο
1822 2341 1876 2375 γὰρ
1902 2341 1953 2386 ἔφη

1173 2384 1248 2422 καίό
1261 2393 1348 2428 λέγων
1370 2392 1475 2426 Πατὴρ,
1501 2390 1617 2425 ἔμπαλιν
1638 2388 1710 2423 ἔχειν
1733 2387 1779 2413 τὸν
1803 2386 1882 2419 λόγον
1907 2384 1955 2411 τοῦ

1174 2439 1244 2466 κατὰ
1257 2430 1373 2474 Χριστὸν
1394 2435 1555 2471 μυστηρίου,
1581 2434 1597 2469 ἢ
1612 2433 1659 2460 ἐπὶ
1671 2432 1721 2467 τῆς
1737 2431 1815 2465 ἁγίας
1830 2430 1954 2465 Τριάδος.

1212 2565 1256 2591 ιϐ’.
1278 2562 1441 2600 Ἐρωτῶμεν
1465 2561 1506 2588 ἔτι
1533 2561 1582 2589 καὶ
1595 2561 1673 2588 τόδε·
1691 2559 1798 2594 Ταύτης
1820 2559 1869 2592 τῆς
1896 2557 1957 2583 κα6“

1177 2611 1249 2646 ὑμᾶς
1263 2609 1372 2644 φύσεως
1383 2607 1500 2643 Χριστοῦ
1513 2607 1561 2634 τοῦ
1572 2606 1638 2633 Υίοῦ
1654 2605 1698 2632 τοῦ
1710 2604 1778 2631 Θεοῦ
1788 2604 1835 2630 τοῦ
1847 2603 1957 2636 ζῶντος,

1178 2655 1249 2682 κατὰ
1264 2654 1312 2690 τὴν
1333 2653 1380 2680 τοῦ
1406 2653 1510 2689 Πέτρου
1525 2651 1634 2688 ἀσφαλῆ
1652 2651 1807 2686 ὁμολογίαν,
1831 2649 1876 2675 τὸν
1893 2649 1959 2675 Θεὸν

1178 2701 1264 2735 Λόγον
1277 2700 1303 2727 τί
1318 2708 1387 2735 φατε
1400 2697 1480 2731 εἶναι,
1497 2699 1579 2734 μέρος
1592 2698 1608 2733 ἢ
1619 2697 1693 2736 δλον;
1707 2697 1731 2722 εἰ
1743 2697 1791 2731 μὲν
1802 2695 1856 2729 γὰρ
1867 2694 1958 2729 μέρος,

1178 2747 1226 2773 καὶ
1241 2746 1341 2782 μέρους
1358 2745 1464 2780 φύσεως
1475 2744 1584 2779 Πατέρα
1598 2743 1691 2777 λέγετε
1706 2742 1751 2769 τὸν
1767 2741 1891 2774 Πατέρα·
1912 2747 1959 2773 με-

1181 2793 1258 2828 ρικοῦ
1272 2793 1300 2819 δὲ
1315 2792 1391 2823 ὄντος
1402 2791 1448 2818 τοῦ
1460 2791 1547 2825 Λόγου
1563 2790 1634 2817 κατὰ
1645 2788 1694 2824 τὴν
1708 2786 1824 2822 (postth
1839 2786 1959 2819 νεότητα.

1181 2837 1284 2865 καὶτοῦ
1302 2837 1408 2873 Πατρός
1423 2836 1499 2863 ἔσται
1520 2835 1589 2862 κατὰ
1604 2835 1653 2869 τὴν
1671 2832 1787 2868 φυσικὴν
1807 2831 1961 2865 πικρότητα

1183 2884 1281 2919 “cpiti;
1301 2884 1316 2918 ὴ
1341 2882 1495 2917 πατρότης·
1524 2880 1641 2915 ἑκατέρα
1672 2877 1718 2906 οὖν
1744 2878 1797 2904 τῶν
1820 2876 1865 2902 δύο
1883 2875 1962 2902 θείων
