2144 3265
359 230 425 262 tit-$3

990 231 1143 260 LEONTII
1166 231 1364 260 BYZANTIN!

1907 227 1974 258 ΠΗ

353 287 456 321 absque
472 285 622 312 chrismate
641 285 824 312 subsistentia:
837 286 1000 317 adhazrenti,
1016 293 1067 312 nec
1091 294 1139 312 uu-
1155 289 1176 318 Λ
1191 295 1199 320 )

1129 300 1139 304 ·
1155 289 1176 318 Λ
1191 286 1280 321 χρίσις
1307 286 1370 312 ἄνευ
1389 286 1557 320 οὖσιωμὲνου
1580 285 1741 320 χρίσματος,
1757 283 1817 309 οὔτε
1833 284 1973 318 χριόμενος

353 337 413 360 ctus
428 332 531 366 absque
548 331 724 358 subsistentia
737 331 883 366 quisquam
899 336 952 363 est,
976 339 1026 359 nec
1049 331 1139 358 adhuc

353 378 474 405 chrisma
491 381 517 404 et
532 381 644 404 unctum
661 384 714 404 una
729 380 771 404 est
783 377 971 410 subsistentia,
985 377 1139 404 evidenter.

356 422 455 449 Merito
476 429 542 456 ergo
568 426 593 448 el
621 428 713 448 rerum
739 425 767 447 et
792 421 935 448 nominum
963 422 1139 457 physicorum

358 467 507 501 dupliciter
522 471 624 494 certam
640 467 763 494 notitiam
778 467 925 500 habentes,
948 467 1003 494 duo
1022 467 1140 494 dicimus

355 513 458 540 Christi
478 518 603 540 naturas.

390 579 434 606 22.
451 579 548 606 Adhuc
567 579 600 605 ad
620 587 668 606 vos
689 579 829 614 loquimur
847 579 881 606 de
902 579 1044 614 proposito
1062 580 1142 606 vobis

356 629 439 658 prout
453 624 561 657 divino;
575 624 685 659 generis
699 632 798 651 nomen
815 631 869 651 non
885 624 1007 652 admittit
1019 632 1143 659 quocun-

357 678 410 705 que
427 670 511 697 modo
529 679 536 697 :
555 679 609 705 quo
627 671 700 698 enim
721 670 809 705 primo
827 675 957 702 auctore,
974 670 1042 705 quid
1060 670 1143 697 altius

356 723 444 749 genus
457 716 525 743 erit?
541 716 610 744 Illud
628 725 712 743 unum
729 716 877 751 dupliciter
891 721 996 744 tantum
1012 717 1046 743 de
1061 716 1142 743 Chri—

357 766 400 789 sto
421 762 572 789 secundum
597 762 790 796 priueipaiiora
814 762 917 789 dicitur
938 761 1036 793 verba;
1053 765 1143 796 atque

357 808 380 834 si
402 808 554 835 secundum
574 809 625 834 ista
642 809 724 835 verba
743 808 857 835 cuilibet
874 807 1083 835 concedendum
1101 811 1144 834 est

357 854 385 881 id
404 854 443 881 ibi
459 854 567 887 dicere;
586 859 615 882 et
631 854 686 881 duo
703 854 851 888 dupliciter
866 861 927 880 esse
944 853 1003 881 lucc
1019 853 1143 888 quaedam

357 899 501 933 dicuntur;
523 900 615 934 itaque
636 900 702 926 illud
725 899 798 934 quod
819 903 862 926 est
880 906 965 926 unum
988 903 1036 925 aut
1053 898 1144 933 specie

357 950 405 972 aut
416 953 534 972 numero
544 951 588 973 est
600 948 701 978 unum;
718 949 746 972 et
758 952 818 980 qum
833 947 897 971 sunt
908 944 974 977 duo,
994 948 1040 972 aut
1053 944 1144 978 specie

357 995 405 1018 aut
423 999 539 1018 numero
558 995 621 1018 sunt
640 991 710 1023 duo;
731 999 791 1025 quge
814 991 923 1026 quidem
945 990 1036 1025 specie
1059 997 1144 1017 unum

358 1041 437 1067 sunt,
455 1036 619 1070 completam
643 1036 784 1064 habebunt
807 1036 839 1062 ad
863 1035 980 1063 invicem
1004 1035 1144 1070 physicam

359 1082 523 1116 paritatem;
553 1090 614 1116 quae
638 1089 704 1109 vero
736 1082 827 1116 specie
858 1085 922 1111 sunt
949 1081 1004 1107 duo
1034 1080 1145 1115 penitu‘s

358 1127 461 1154 habent
478 1128 618 1163 physicam
637 1128 843 1162 disparitatem;
863 1135 924 1162 qute
941 1134 1008 1154 vero
1024 1130 1144 1153 numero

357 1179 421 1201 sunt
435 1182 530 1206 unum,
545 1169 614 1200 nihil
630 1173 745 1208 impedit
759 1173 825 1207 quin
842 1173 875 1200 ad
892 1172 1010 1199 invicem
1024 1172 1145 1199 habeant

359 1219 558 1254 ilisparitatem.
571 1219 637 1246 licet
650 1219 752 1253 absque
765 1219 882 1248 invicem
895 1226 951 1245 non
966 1218 1142 1250 dividantur;

358 1269 386 1292 et
408 1265 436 1291 in
463 1265 576 1299 propria
598 1264 783 1292 delineatione
809 1263 982 1291 considerato
1006 1268 1142 1297 utroque,

358 1314 539 1337 numerantur
551 1309 703 1337 secundum
720 1309 828 1336 numeri
843 1309 1019 1336 deﬁnientem
1032 1315 1142 1339 vocem;

358 1356 398 1383 sic
414 1356 487 1383 enim
511 1355 664 1390 cogitantes
683 1359 711 1382 et
729 1359 907 1382 numerantes
925 1362 1011 1382 unum
1030 1353 1144 1388 quidem

357 1409 467 1428 omnem
482 1408 655 1428 communem
668 1401 806 1428 hominem
819 1405 847 1428 et
859 1408 960 1435 equum
976 1405 1003 1428 et
1016 1399 1143 1434 angelum

356 1447 462 1481 absque
481 1447 534 1474 ulla
550 1446 705 1473 diﬁcrentia
722 1447 898 1474 exsistentem
909 1446 1000 1481 specie
1020 1445 1143 1480 erSdem

356 1496 463 1519 natura:
478 1491 505 1518 ln
520 1491 649 1518 omnibus
664 1491 751 1526 ipsius
768 1492 894 1526 partibus
911 1491 1044 1523 dicimus;
1062 1490 1143 1517 diffe-

358 1539 452 1562 renter
471 1543 535 1562 vero
555 1535 654 1562 multas
674 1535 733 1570 ejus
753 1540 846 1570 partes
864 1543 980 1566 numero
1000 1534 1143 1570 cognosci-

357 1580 584 1617 mus..Vicissim
613 1581 686 1608 enim
715 1589 853 1616 quamque
881 1589 976 1608 earum
1003 1581 1141 1608 numerari

1195 332 1317 363 ἀ-ιούσιός
1334 332 1374 362 τίς
1403 333 1485 364 ἑστιν,
1500 330 1560 358 οὔτε
1581 330 1621 357 ἔτι
1636 331 1666 357 τδ
1682 329 1844 365 χρία-μίακαὶ
1855 329 1886 355 τδ
1900 330 1975 364 χριό-

1196 386 1274 412 μενον
1297 378 1346 412 μία
1366 378 1439 404 ἐστὶν
1461 377 1550 409 οὐσία,
1569 376 1695 412 φανερόν.
1722 375 1841 406 Είκιτως
1865 373 1912 401 οὖν
1930 375 1975 400 καὶ

1194 424 1248 449 τῶν
1276 423 1448 457 πραγμάτων
1474 423 1521 449 καὶ
1551 422 1605 448 τῶν
1625 421 1765 456 ὀνομάτων
1778 420 1831 446 τῶν
1854 420 1977 453 φυσικῶν

1194 468 1289 499 διττῶς
1306 468 1498 503 εὐποροῦντες,
1514 468 1561 494 δύο
1576 467 1666 502 φαμὲν
1683 466 1732 496 τὰς
1746 465 1842 499 φύσεις
1858 465 1976 500 Χριστοῦ

1195 515 1285 549 ἡμεῖς.

1230 580 1282 614 κβ’.
1302 580 1399 607 Ἐτιδέ
1417 588 1508 614 φαμεν
1523 578 1590 614 πρὸς
1604 579 1676 613 ὑμᾶς
1689 578 1736 604 ἐπὶ
1751 578 1782 604 τὸ
1799 578 1978 612 προκείμενον

1196 626 1260 660 ὑμῖν
1271 625 1318 652 ἅτε
1335 625 1417 657 θεῖον,
1437 625 1533 658 γένους
1547 624 1625 657 λόγον
1640 624 1690 650 οὐκ
1705 623 1861 658 ἐπιδέχεται
1888 624 1978 649 ὁπωσ-

1195 674 1256 700 οῦν·
1273 672 1298 698 τί
1320 671 1374 707 γὰρ
1401 671 1478 698 τοῦδε
1493 670 1602 706 πρώτου
1617 670 1705 697 αἰτίου
1729 670 1814 700 ὗντος.
1845 668 1979 703 ἀνώτερον

1196 719 1272 746 ἔσται
1287 717 1380 751 γένοςς
1394 716 1424 742 τὺ
1439 717 1467 742 ἐν
1493 715 1589 748 διττῶς
1606 715 1685 750 μόνον
1711 715 1758 741 ἐπὶ
1772 713 1894 749 Χριστοῦ
1911 714 1981 739 κατὰ

1196 764 1244 794 τὰς
1261 762 1430 797 κυριωτέρας
1448 761 1556 794 λέγεται
1574 759 1678 793 φωνάς·
1696 759 1723 785 εί
1735 767 1765 792 γε
1778 759 1825 785 καὶ
1836 759 1906 784 κατὰ
1917 759 1981 784 ταύ-

1196 817 1245 840 τας
1263 806 1452 842 συγχωρητέον
1463 806 1516 832 τινὶ
1535 805 1625 839 λέγειν
1636 805 1701 831 αὐτὸ
1710 804 1804 830 ἐνθάδε
1816 812 1823 819 ·
1837 803 1885 830 καὶ
1897 803 1943 829 δύο
1953 803 1980 828 δὲ

1196 853 1292 884 διττῶς
1307 851 1376 879 εἶναι
1383 852 1446 879 τάδε
1464 851 1525 878 τινὰ
1539 851 1662 885 λέγοντας
1676 859 1682 865 ”
1699 850 1730 876 τὸ
1748 847 1794 876 οῦν
1809 849 1837 875 ἓν
1852 849 1882 875 ὃν
1901 849 1917 882 ἢ
1943 847 1981 881 τῷ

1197 899 1270 930 εῖδει,
1285 897 1301 932 ἢ
1315 896 1354 931 τῷ
1368 895 1476 930 ἀριθμῷ
1491 896 1563 921 ἐστιν
1580 895 1608 921 έν
1618 903 1625 911 θ
1637 895 1684 921 καὶ
1704 894 1738 920 τὰ
1752 894 1817 920 ὄντα
1829 893 1886 924 δύο,
1906 893 1922 927 ἢ
1943 893 1981 926 τῷ

1198 944 1272 972 εῖδει,
1285 942 1301 977 ἢ
1320 942 1358 976 τῷ
1370 941 1480 976 ἀριθμῷ
1500 941 1559 967 ἐστι
1572 940 1619 967 δύο
1630 949 1637 955 ·
1662 940 1695 966 τὰ
1714 939 1764 974 μὲν
1778 939 1825 965 οῦν
1839 938 1868 964 ἓν
1883 938 1922 972 τῷ
1943 939 1980 963 εἴη

1195 989 1235 1015 δει
1246 990 1322 1019 ὅντα,
1334 988 1427 1014 ’πᾶσαν
1440 987 1495 1019 ἕξει
1504 987 1572 1021 πρὸς
1588 986 1689 1019 ἄλληλα
1700 985 1749 1020 τὴν
1762 983 1879 1019 φυσικὴν
1890 984 1980 1018 ὁμοιό-

1195 1043 1263 1069 τητα
1272 1043 1278 1049 ·
1291 1031 1325 1060 τὰ
1340 1033 1368 1060 δὲ
1381 1033 1427 1059 δύο
1437 1032 1501 1059 ὄντα
1513 1032 1552 1067 τῷ
1566 1031 1642 1063 εῖδει,
1664 1031 1773 1062 nimo);
1785 1030 1842 1064 ἔχει
1854 1030 1903 1064 τὴν
1931 1038 1981 1063 φυ-

1196 1079 1275 1113 σικὴν
1298 1078 1493 1113 ἀνομοιότητα*
1512 1077 1546 1104 τὰ
1575 1076 1603 1102 δὲ
1618 1076 1655 1111 τῷ
1679 1075 1790 1110 ἀριθμῷ
1805 1075 1833 1101 έν
1857 1075 1932 1106 ὄντα,
1950 1075 1980 1100 ού

1195 1124 1328 1152 κωλύεται
1345 1125 1373 1150 ὲν
1389 1124 1496 1154 ἑαυτοῖς
1509 1122 1581 1157 Exsul
1594 1121 1711 1156 φυσικὴν
1734 1121 1925 1156 ἀνομοιότητα,
1957 1121 1981 1146 εἰ

1195 1172 1241 1198 καὶ
1261 1171 1382 1206 ἀλλήλων
1399 1171 1484 1205 χωρὶς
1497 1169 1534 1204 μὴ
1548 1168 1705 1202 διεστήκασι
1717 1176 1723 1182 ·
1742 1167 1788 1193 καὶ
1813 1167 1842 1193 ὲν
1855 1166 1908 1201 ίδίᾳ
1934 1175 1982 1192 ’πε-

1196 1218 1316 1253 ριγραφῇ
1330 1215 1517 1252 θεωρούμενον
1542 1215 1673 1249 ἑκάτερον
1699 1212 1880 1248 ἀριθμοῦνται
1908 1212 1979 1238 κατά

1193 1264 1238 1289 τὸν
1246 1262 1291 1289 τοῦ
1304 1261 1421 1297 ἀριθμοῦ
1434 1260 1612 1295 διωρισμένον
1622 1259 1700 1292 λόγον
1709 1267 1716 1274 ·
1728 1258 1813 1289 οὕτως
1824 1259 1878 1293 γὰρ
1888 1258 1980 1284 νοοῦν-

1193 1318 1239 1340 τες
1257 1308 1304 1335 καὶ
1323 1307 1514 1342 ἀριθμοῦντες,
1530 1306 1578 1332 Eva
1594 1305 1642 1340 μὲν
1660 1303 1749 1331 πάντα
1763 1304 1809 1330 τὸν
1831 1305 1921 1330 κοινὸν
1932 1303 1978 1329 ἆν-

1195 1356 1302 1390 θρωπον
1312 1354 1359 1380 καὶ
1370 1353 1452 1380 ἵππον
1461 1353 1508 1380 καὶ
1522 1351 1636 1386 ἄγγελον
1653 1350 1871 1386 ἀπαραλλάκτως
1885 1349 1980 1384 ἔχοντα

1193 1400 1232 1435 τῷ
1246 1400 1309 1426 εἴδει
1324 1401 1374 1434 τῆς
1388 1398 1472 1425 αὐτοῦ
1487 1398 1594 1432 φύσεως
1616 1398 1645 1422 ὲν
1665 1396 1729 1422 πᾶσι
1753 1397 1809 1426 τοῖς
1838 1395 1883 1421 ὑπ’
1899 1394 1980 1421 αὑτὸν

1194 1445 1305 1480 ἀτόμοις
1330 1445 1436 1480 φαμένδ
1459 1442 1668 1479 κεχωρισμένως
1694 1441 1722 1467 δὲ
1746 1440 1831 1467 πολλὰ
1853 1440 1931 1468 ¹ἐοῦδε
1947 1440 1981 1466 τὰ

1194 1494 1281 1528 ἄτομα
1294 1493 1333 1527 τῷ
1341 1491 1450 1528 ἀριθμῷ
1461 1486 1634 1526 γινὶὒσκομεν
1645 1501 1652 1508 ·
1667 1492 1719 1519 ἀνὰ
1739 1491 1822 1526 μέρος
1847 1490 1900 1528 γᾴρ
1914 1490 1980 1516 ἔχα-

1195 1547 1258 1564 στον
1266 1538 1356 1564 αὐτῶν
1373 1537 1549 1572 ἀριθμεῖσθαι
1565 1538 1717 1572 δυνάμενον
1733 1538 1811 1571 ἴσμεν
1820 1545 1826 1551 ·
1839 1526 1886 1563 καὶ
1900 1536 1982 1563 πάλιν

1194 1584 1222 1609 ὲν
1234 1582 1271 1618 τῷ
1286 1583 1395 1617 ἀριθμῷ
1406 1583 1489 1610 τόντε
1506 1583 1609 1618 κόσμον
1621 1584 1690 1615 ὅλον,
1707 1584 1755 1610 καὶ
1780 1583 1825 1609 τόν
1841 1591 1902 1609 τινα
1932 1582 1979 1608 ἇν-

357 1625 582 1661 posse‘scimus;
605 1630 633 1653 et
654 1633 750 1653 rursus
774 1626 800 1653 in
823 1634 938 1653 numero
961 1631 988 1653 et
1008 1625 1141 1653 mundum
1156 1628 1203 1661 οε

1132 1633 1141 1651 1
1156 1632 1177 1661 c
1194 1628 1303 1663 θρωπον
1314 1628 1429 1663 λέγομεν
1437 1628 1535 1663 φύσεσι
1548 1631 1685 1664 μερικσῖς,
1701 1629 1717 1664 ἢ
1731 1630 1857 1664 φυσικοῖς
1870 1628 1978 1656 εἴδεσιν,

357 1672 518 1699 universum
526 1675 563 1698 et
577 1671 720 1698 hominum
737 1671 887 1706 quemlibet
901 1671 1019 1699 dicimus
1035 1671 1144 1705 partitis

356 1717 464 1745 naturis
479 1723 525 1745 aut
540 1717 713 1744 naturalibus
727 1717 883 1751 speciebus,
894 1724 950 1744 non
965 1724 1049 1744 unum
1065 1717 1142 1743 illum

358 1768 554 1796 numerantes;
579 1763 664 1798 igitur
686 1763 720 1790 de
744 1762 859 1790 Domino
880 1767 990 1794 nostro,
1007 1762 1142 1797 siquidem

358 1809 568 1843 simplicitatem
591 1812 704 1843 propter
721 1815 845 1842 persona:
862 1808 1011 1840 unitatem,
1025 1812 1053 1834 et
1069 1807 1144 1833 iuse-

358 1854 520 1889 parabilium
537 1849 564 1881 in
582 1854 640 1889 ipso
657 1854 907 1886 enumerationem,
923 1858 1053 1888 tanquam
1069 1853 1142 1888 quod

359 1908 445 1928 unum
466 1905 509 1927 est
529 1900 555 1926 in
576 1907 701 1931 numero,
715 1899 817 1932 dicitis,
833 1899 903 1926 bene
922 1899 1027 1929 dicitis;
1048 1903 1076 1925 et
1092 1906 1143 1926 nos

357 1949 468 1980 oportet
481 1945 623 1972 vobiscum
640 1945 706 1972 illud
723 1945 861 1979 accipere,
874 1952 938 1972 cum
955 1943 1140 1972 confiteamini

357 1989 498 2024 physicam
516 1989 668 2018 secundum
684 1989 757 2016 illam
773 1989 881 2016 unicam
894 1995 1040 2024 personam
1052 1988 1142 2015 diver-

358 2033 484 2066 sitatem;
503 2035 524 2061 si
542 2042 612 2061 vero
626 2033 789 2069 juxtaillud
807 2033 942 2061 naturalis
958 2032 1053 2060 forma:
1071 2040 1142 2059 cnn-

357 2086 466 2107 merare
489 2086 550 2114 qua:
576 2079 603 2106 in
627 2079 739 2107 Christo
759 2079 902 2111 volumus,
918 2077 1141 2113 quandoquidem

357 2124 514 2152 conﬁtenda
535 2129 601 2152 sunt
619 2125 665 2152 illa
682 2132 742 2160 qua:
760 2124 787 2151 in
805 2124 893 2151 forma
910 2128 974 2151 sunt
991 2123 1142 2150 secundum

357 2168 474 2197 formam
496 2170 597 2197 similia
619 2170 775 2198 necessario
793 2177 869 2202 esse,
884 2168 1042 2196 necessario
1061 2168 1143 2196 dissi-

359 2214 435 2241 milia
459 2219 621 2246 cernentes,
640 2223 694 2241 non
719 2214 839 2249 amplius
864 2214 1026 2241 audebimus
1050 2215 1144 2242 forma:

1192 1673 1240 1708 οὐχ
1256 1674 1304 1700 ἕνα
1333 1673 1414 1700 αὗτδν
1427 1674 1618 1708 ἀριθμοῦντες.
1641 1674 1704 1700 Ἐπὶ
1719 1672 1765 1700 οὖν
1782 1673 1829 1700 τοῦ
1844 1674 1980 1699 Δεσπότου

1193 1719 1284 1754 ἡμῶν,
1297 1719 1321 1745 εἰ
1342 1718 1390 1753 μὲν
1406 1718 1454 1753 τὴν
1469 1719 1571 1754 μονάδα
1586 1719 1630 1746 διὰ
1644 1719 1693 1754 τὴν
1703 1718 1750 1745 τοῦ
1763 1718 1910 1753 προσώπου
1925 1718 1981 1743 ἑνό-

1193 1773 1270 1798 τητα,
1287 1765 1334 1790 καὶ
1348 1764 1396 1799 τὴν
1407 1765 1460 1790 τῶν
1476 1764 1504 1790 ὲν
1516 1764 1591 1799 αὐτῷ
1610 1764 1770 1799 ἁχωρίστων
1784 1756 1977 1797 ὲξαρίθμητῖν.

1191 1808 1228 1838 ὡς
1248 1808 1306 1839 ἐνὸς
1329 1808 1404 1839 ὄντος
1482 1808 1592 1843 ἀριθμῷ
1606 1817 1686 1842 φατε,
1701 1807 1793 1838 καλῶς
1809 1807 1915 1841 λέγετε,
1930 1807 1979 1832 καί

1193 1852 1265 1887 ἡμᾶς
1276 1853 1334 1879 δέον
1346 1853 1393 1879 σὺν
1403 1853 1467 1888 ὑμῖν
1479 1844 1559 1879 τοῦτο
1568 1852 1757 1887 ἀποδέχεσθαι,
1769 1852 1979 1886 ὡμολογημένου

1193 1897 1239 1924 τοῦ
1255 1899 1314 1924 κατ’
1328 1898 1394 1924 αὐτὸ
1408 1899 1438 1924 τὸ
1454 1898 1483 1924 ἓν
1499 1899 1642 1933 πρόσωπον
1660 1897 1776 1933 φυσικοῦ
1788 1897 1917 1932 διαφόρου
1928 1906 1935 1912 '
1955 1898 1980 1923 εἰ

1192 1944 1220 1970 δὲ
1234 1943 1304 1970 κατὰ
1317 1943 1362 1970 τδν
1379 1943 1426 1970 τοῦ
1443 1943 1560 1978 φυσικοῦ
1572 1944 1659 1975 εἴδους
1684 1943 1876 1978 ἀπαριθμῆσαι
1889 1943 1922 1969 τὰ
1950 1943 1980 1968 ἐν

1193 1989 1302 2024 Χριστῷ
1316 1989 1477 2024 βουλόμεθα,
1493 1990 1554 2016 tuti
1567 1989 1739 2024 ὡμολόγηται
1757 1988 1791 2014 τὰ
1806 1988 1835 2014 ἰν
1858 1987 1897 2022 τῷ
1913 1987 1979 2013 εῖδει

1192 2035 1267 2066 δντα,
1284 2036 1342 2062 κατ’
1372 2033 1441 2066 εἶδος
1457 2035 1537 2069 ὅμοια
1549 2035 1609 2061 δέον
1636 2033 1718 2065 εἶναι.
1733 2034 1889 2068 ἀναγκαίως
1913 2033 1976 2059 ἀνό-

1195 2089 1258 2114 μοια
1268 2080 1462 2115 θεωρήσαντες.
1481 2081 1570 2107 οὐκέτι
1582 2081 1758 2115 τολμήσομεν
1771 2079 1809 2114 τῷ
1823 2079 1871 2106 τοῦ
1892 2079 1980 2109 εἴδους

1194 2126 1335 2160 καταλόγῳ
1350 2126 1379 2151 ἓν
1401 2126 1485 2152 ταῦτα
1515 2126 1615 2160 λέγειν,
1637 2126 1704 2152 ἀλλὰ
1714 2125 1777 2152 δύο·
1804 2124 1900 2152 οὐκοῦν
1929 2124 1979 2150 ἁκ-

1194 2171 1313 2202 ολούθως
1337 2171 1385 2197 δύο
1404 2171 1453 2207 μὲν
1467 2173 1527 2203 ταῖς
1539 2171 1662 2205 φύσεσιν,
1677 2171 1705 2198 ἓν
1713 2171 1743 2197 δὲ
1756 2171 1795 2206 τῷ
1809 2169 1918 2206 ἀριθμῷ
1933 2168 1978 2194 τὸν

1193 2216 1310 2252 Χριστὸν
1323 2215 1504 2251 γινώσκομεν.

357 2260 449 2288 indice
471 2269 557 2288 unum
581 2261 640 2289 hac
663 2262 772 2294 dicere,
790 2261 837 2289 sed
862 2262 932 2295 duo;
957 2270 1023 2298 ergo
1046 2268 1247 2299 consequenter
1261 2264 1316 2292 duo
1341 2264 1452 2299 quidem
1467 2265 1584 2297 naturis,
1618 2272 1703 2291 unum
1738 2267 1829 2290 autem
1862 2269 1979 2289 numero

355 2307 497 2335 Christum
512 2307 714 2343 cognoscimus.

391 2375 437 2403 25.
452 2375 550 2403 Adhuc
565 2375 711 2415 petendum
727 2375 762 2403 ab
778 2376 832 2403 illis
845 2376 893 2410 qui
907 2383 922 2404 e
937 2375 1140 2404 duaburnatu-
1157 2378 1178 2406 Ι)
1228 2389 1237 2402 ι

1131 2391 1140 2397 -
1157 2378 1178 2406 D
1228 2379 1279 2411 κγ’.
1292 2376 1361 2402 -Ἕτι
1375 2375 1526 2411 ὲρωτητέον
1540 2376 1647 2407 αὐτοὺς,
1663 2376 1696 2402 έκ
1706 2375 1753 2402 δύο
1764 2375 1871 2410 φύσεων
1885 2376 1977 2411 λέγονα

358 2428 415 2449 ram
432 2421 529 2448 dicunt
547 2429 628 2448 unam
646 2429 728 2456 quam
746 2421 848 2449 Christi
865 2425 978 2453 vocant,
994 2429 1060 2449 num
1081 2426 1110 2448 et
1126 2429 1141 2449 e

357 2467 463 2494 duabus
483 2467 688 2497 subsistentiis.
705 2467 764 2495 sive
781 2468 907 2502 personis
926 2467 1036 2495 tunicam
1055 2468 1142 2503 ipsius

356 2513 561 2541 subsistentiam
584 2513 696 2546 dicunt,
713 2521 747 2540 an
769 2513 839 2540 non?
856 2512 916 2546 Quo
938 2521 1004 2548 ergo
1022 2517 1051 2541 et
1071 2521 1140 2548 quo-

356 2558 440 2586 modo
455 2558 538 2586 cessit
552 2559 636 2585 altera
648 2565 664 2585 e
678 2558 783 2585 naturis
795 2559 855 2592 ejus
869 2561 932 2586 ante
946 2558 1139 2586 adunationem

354 2605 462 2638 dicant,
476 2607 504 2632 et
522 2604 602 2639 cujus
620 2609 679 2631 erat
698 2603 781 2631 tunc?
797 2604 924 2631 Nondum
943 2604 1018 2631 enim
1037 2604 1140 2632 Christi

357 2655 418 2678 erat
434 2654 518 2677 uncta
530 2649 675 2676 divinitati
697 2649 818 2676 humana
834 2654 944 2682 natura;
960 2649 982 2676 si
1001 2657 1067 2676 vero
1083 2655 1110 2677 et
1125 2658 1141 2677 ε

356 2695 464 2723 duabus
479 2694 668 2722 subsistentiis
682 2695 876 2723 adunationem
892 2694 1003 2725 dicunt.
1020 2695 1065 2722 ubi
1081 2702 1142 2723 crat

356 2744 423 2768 tunc
436 2739 559 2775 perfecta
566 2739 742 2767 subsistentia
750 2739 870 2766 humana
879 2739 988 2767 Christo
997 2740 1135 2774 praaexsi—

355 2786 448 2813 stensi
460 2785 564 2812 Deinde
578 2785 606 2812 in
620 2789 700 2812 utero
714 2790 813 2813 sanctae
825 2785 946 2821 Virginis
959 2785 1077 2818 inclusa;
1092 2787 1138 2814 illo

355 2832 429 2859 enim
450 2832 477 2859 in
496 2836 593 2859 sancto
611 2832 739 2859 cubiculo
758 2831 888 2859 adunatio
906 2831 1007 2859 Christi
1028 2837 1139 2859 natura-

356 2884 416 2904 rum
444 2876 479 2904 ab
507 2877 588 2904 initio
614 2877 684 2905 facta
713 2881 771 2909 est;
801 2876 854 2904 nisi
887 2877 958 2904 forte
987 2878 1137 2905 secundum

353 2923 511 2951 Nestorium
532 2923 684 2952 divinitatis
710 2924 905 2952 adunalionem
943 2929 1000 2958 pust
1029 2929 1135 2957 pnrlmn

1192 2431 1242 2454 τας
1255 2423 1306 2458 τὴν
1326 2422 1390 2457 μίαν
1411 2421 1501 2455 φύσιν.
1517 2422 1550 2457 ἦν
1566 2430 1631 2456 φασι
1644 2422 1775 2456 Χριστοῦ,
1794 2420 1849 2458 ἆρά
1872 2431 1904 2457 γε
1933 2425 1979 2450 καὶ

1192 2470 1225 2496 lx
1239 2469 1286 2495 δύο
1297 2468 1485 2498 ὑποστάσεων,
1503 2468 1530 2495 ετ
1546 2467 1570 2494 τ’
1584 2468 1631 2495 οῦν
1647 2467 1811 2503 προσώπων,
1843 2468 1892 2503 τὴν
1911 2469 1978 2503 μίαν

1192 2514 1274 2542 αὐτοῦ
1287 2514 1436 2540 ὑπόστασιν
1451 2514 1574 2548 λέγουσιν
1589 2514 1604 2548 ἢ
1618 2514 1677 2548 οὐχί
1691 2521 1698 2545 ς
1716 2513 1771 2540 Ποῦ
1787 2512 1834 2541 οὖν
1849 2515 1896 2541 καὶ
1919 2515 1978 2544 πῶς

1193 2560 1329 2595 ὑφέστηκε
1345 2559 1447 2594 θατέρα
1461 2559 1515 2585 τῶν
1531 2558 1638 2593 φύσεων
1664 2559 1746 2585 αὑτοῦ
1764 2560 1817 2594 πρὸ
1841 2560 1891 2594 τῆς
1912 2560 1977 2586 ένὼ-

1189 2614 1268 2637 σεως,
1280 2605 1433 2639 λεγέτωσαν
1443 2613 1449 2620 ⁸
1465 2604 1538 2635 τίνος
1553 2613 1584 2630 τε
1608 2601 1676 2631 οὖσα
1698 2604 1776 2638 τότε;
1797 2605 1827 2631 οὐ
1843 2605 1899 2640 γὰρ
1913 2606 1978 2641 Χρι-

1189 2650 1252 2676 στοῦ
1266 2648 1300 2686 ἦν
1315 2651 1399 2684 μήπω
1414 2649 1556 2685 χρισθείσα
1571 2650 1678 2685 θεότητι
1705 2651 1721 2685 ἡ
1741 2650 1899 2686 ἀνθρωπίνη
1925 2651 1976 2686 φύ-

1190 2703 1246 2726 σις·
1263 2697 1287 2722 εί
1303 2695 1330 2722 δὲ
1347 2696 1394 2722 καὶ
1408 2696 1440 2722 ὲκ
1455 2695 1502 2722 δύο
1515 2695 1691 2722 uncatis-sth
1710 2704 1777 2729 φασι
1791 2696 1840 2731 τὴν
1866 2696 1974 2729 ἕνωσιν,

1191 2741 1242 2768 ποῦ
1254 2739 1288 2777 ἦν
1304 2750 1367 2768 ποτε
1380 2742 1395 2776 ἠ
1410 2741 1500 2768 τελεία
1508 2741 1654 2772 ὑπόστασις
1664 2741 1822 2776 ἀνθρωπίνη
1833 2743 1976 2776 προϋπάρ-

1193 2785 1265 2818 Eam.
1278 2786 1396 2820 Χριστοῦ
1406 2794 1412 2816 ;
1423 2786 1442 2812 Ε
1455 2795 1488 2812 τα
1501 2786 1530 2812 ἐν
1544 2788 1576 2820 τῇ
1594 2787 1685 2822 μήτρᾳ
1705 2787 1753 2821 τῆς
1767 2787 1848 2820 ἁγίας
1871 2787 1975 2822 Παρθέ-

1191 2841 1236 2859 νου
1253 2831 1478 2866 ἐγκαθειρχθεῖσα
1489 2840 1495 2847 ·
1506 2832 1563 2858 κττ¹
1577 2832 1663 2858 ἐκεῖνο
1677 2832 1730 2867 γὰρ
1741 2832 1770 2858 τὸ
1785 2832 1862 2865 ἅγιον
1877 2832 1975 2867 χωρίον

1191 2880 1205 2912 ἠ
1223 2878 1318 2909 ἕνωσις
1329 2878 1382 2904 τῶν
1392 2877 1509 2912 Χριστιιῦ
1527 2878 1632 2912 eam.“
1647 2879 1693 2904 ἀπ’
1709 2879 1796 2913 ἀρχῆς
1814 2878 1936 2912 ἐγένετο·
1953 2879 1975 2904 si

1193 2925 1228 2957 ςιὶή
1243 2924 1290 2959 ἔρα
1308 2924 1378 2950 κατᾶ
1389 2924 1590 2959 ΝἿῖέρνιίλτῆν
1603 2925 1698 2950 ἕνωσιν
1711 2925 1758 2956 τί-,ς
1768 2925 1892 2958 (trium;
1908 2933 1976 2960 pan
