2144 3236
350 216 414 247 1787

976 217 1129 248 LEONTII
1152 216 1239 245 BYZA
1246 216 1304 244 NT]
1312 215 1349 244 N1

1900 211 1966 242 1788

347 279 442 298 eorum
463 271 573 303 dicunt,
591 271 655 298 licet
677 279 727 306 pro
750 280 841 299 rerum
867 276 939 299 statu
965 274 1028 300 talia
1053 273 1133 300 nobis
1147 271 1193 300 A1

1121 280 1133 299 s
1147 271 1171 300 Α
1184 271 1270 305 παρὸν
1286 271 1348 296 τάδε
1366 271 1432 304 ἡμῖν
1448 269 1657 303 προϐάλλονται,
1670 268 1705 299 ὡς
1725 269 1752 293 ἐν
1768 269 1871 302 ἑτέροις
1899 269 1964 294 ἐδεί.

348 315 498 350 proferant,
515 316 586 342 sicut
606 316 633 343 in
653 317 760 344 caeteris
779 320 962 344 monstratum
984 322 1036 344 est.
1054 317 1131 344 Atta-

349 367 409 387 men
424 360 548 388 dicamus
564 361 597 387 ad
614 361 687 396 ipsos
703 371 708 388 :
725 361 776 394 Qui
789 369 855 397 ergo
869 363 942 389 circa
956 363 1028 397 ipsas
1041 363 1133 389 dicitis

346 405 402 432 duo
417 413 480 437 vos,
496 414 556 440 qua:
572 406 699 440 fuerunt,
716 416 769 434 non
785 414 925 439 naturam,
938 408 986 435 sed
1002 409 1131 443 hyposta-

347 459 391 478 ses
408 459 588 486 personarum
608 453 690 479 unius
709 457 813 480 naturae
831 452 968 485 dividere;
987 461 1049 479 nam
1069 460 1132 487 pro-

348 497 511 531 prietatibus
535 498 601 532 ipsa:
622 498 795 530 dividuntur,
810 503 838 525 et
860 498 1011 525 secundum
1031 506 1081 525 vos
1104 503 1132 525 et

347 542 499 568 secundum
517 549 568 569 nos
585 551 591 569 :
606 543 740 574 dicentes,
756 543 877 577 inquam,
893 543 967 569 circa
983 543 1054 576 ipsas
1070 547 1130 569 tan-

349 592 405 613 tum
431 587 613 621 proprietates
633 587 666 614 de
687 587 798 614 Christo
820 587 1023 622 duplicitatem,
1043 587 1130 622 hypo-

347 638 434 660 stases
451 641 632 667 personarum
650 633 719 661 duas
734 634 810 661 scitis
839 634 957 666 Christi,
971 634 1022 661 etsi
1049 641 1130 660 unam

346 678 405 711 rjns
422 682 544 704 naturam
557 679 737 706 conﬁtemini.
750 678 828 712 Quod
846 678 919 706 absit
936 687 951 705 a
968 679 1060 711 vobis,
1077 679 1131 706 l'ra-

348 726 418 753 tres,
431 722 586 750 admittere.
601 723 629 750 Si
648 729 738 750 autem
756 724 856 751 dicatis
872 731 922 751 nec
937 728 1063 750 naturam
1080 731 1131 750 nec

348 767 516 801 hypostasim
531 769 715 802 proprietates
732 769 873 801 dividere,
886 776 938 795 nec
952 768 1052 795 Paulus
1065 776 1131 808 ergo

346 820 361 838 a
378 812 475 844 Petro,
491 820 541 840 ncc
555 821 570 840 a
586 814 666 841 Patre
683 814 769 841 Filius
782 814 934 841 secundum
950 814 1015 849 quid
1030 813 1130 841 discer-

347 858 437 889 nitur,
460 862 559 885 natura
582 858 686 894 quippe
707 859 804 891 iidem,
825 859 1044 894 proprietatibus
1064 866 1131 886 vero

348 902 581 938 indistinguibiles
594 909 621 931 et
637 908 704 931 nolu
719 904 914 939 impossibiles.

1183 316 1246 350 χθη.
1262 315 1334 349 Πλὴν
1359 317 1482 348 εἴποιμεν
1497 314 1563 348 πρὸς
1584 313 1682 344 αὐτούς
1695 321 1702 328 ·
1723 313 1799 339 Ἐπεὶ
1826 312 1872 339 οὖν
1897 318 1964 346 κατὰ

1182 361 1280 392 ταύτας
1289 361 1384 393 λέγετε
1398 360 1427 386 το
1443 359 1488 385 δύο
1503 359 1590 393 ὑμεῖς,
1607 359 1635 384 αἳ
1651 359 1786 392 πέφυκαν.
1803 359 1832 385 οὐ
1850 359 1897 392 τὴν
1915 359 1965 392 φύ-

1183 415 1224 432 σιν
1248 405 1383 441 χωρίζειν,
1412 404 1480 431 ἀλλὰ
1501 405 1549 435 τὰς
1566 405 1732 434 ὑποστάσεις
1747 403 1801 429 τῶν
1812 405 1965 438 προσώπων

1181 451 1231 485 τῆς
1245 451 1309 485 μιᾶς
1337 450 1444 484 φύσεως
1456 458 1462 464 ’
1480 451 1537 480 ταῖς
1554 449 1606 483 γὰρ
1634 449 1761 483 ἰδιότησιν
1789 446 1867 475 αὗται
1882 449 1965 483 χωρί-

1182 496 1281 528 ζονται,
1301 495 1361 522 καθ’
1382 495 1454 530 ὑμᾶς
1466 503 1496 521 τε
1516 495 1563 521 καὶ
1588 494 1649 520 καθ’
1666 495 1749 528 ἡμᾶς,
1770 494 1894 527 λέγοντες
1913 495 1965 528 ἄρα

1181 541 1251 568 κατὰ
1265 541 1365 572 ταύτας
1382 541 1463 575 μόνον
1474 541 1556 575 ἤγουν
1568 541 1616 571 τὰς
1631 540 1766 575 ἰδιότητας
1785 539 1831 565 ἐπὶ
1849 540 1966 574 Χριστὺν

1180 587 1230 621 τὴν
1241 587 1336 618 δυάδα,
1352 586 1399 618 τὰς
1411 586 1576 617 ὑποστάσεις
1598 585 1652 612 τῶν
1673 585 1827 619 προσώπων
1843 585 1889 611 δύο
1909 585 1964 611 ἴστε

1181 631 1227 658 τοῦ
1244 632 1373 666 Χριστοῦ,
1398 633 1422 658 εἱ
1446 631 1494 658 καὶ
1521 632 1585 665 μίαν
1600 631 1650 665 τὴν
1675 631 1757 665 φύσιν
1774 631 1858 657 αὑτοῦ
1874 631 1966 666 ὁμολο-

1181 679 1270 711 γεῖτε·
1291 678 1359 713 ὅπερ
1373 677 1410 712 μὴ
1423 677 1465 712 εἴη
1482 677 1567 711 ὑμᾶς,
1583 676 1704 710 ἀδελφοὶ,
1717 676 1912 711 καταδέχεσθαι
1923 685 1930 692 ’
1942 679 1965 703 εὶ

1180 723 1206 748 δὲ
1218 723 1318 749 εἴποιτε
1338 723 1406 756 μήτε
1420 722 1469 757 τὴν
1481 721 1561 756 φύσιν
1589 721 1658 755 μήτε
1676 721 1725 756 ⁴ιιὴν
1751 721 1900 748 ὑπόστασιν
1916 722 1965 753 τὰς

1183 767 1316 801 ιδιότητας
1334 767 1472 802 χωρίζειν,
1490 766 1552 792 οὕτε
1569 766 1674 797 Παῦλος
1702 766 1756 801 ἄρα
1772 766 1885 801 Πέτρου,
1904 766 1966 792 οὒτε

1180 812 1227 839 τοῦ
1242 812 1348 848 Πατρδς
1365 812 1450 843 όΥιὶς
1461 812 1531 838 κατὰ
1544 820 1570 838 τι
1585 811 1761 846 διακρίνεται,
1777 813 1810 846 τῇ
1825 812 1874 846 μὲν
1884 811 1966 846 φύσει

1180 859 1256 889 ὄντες
1272 857 1375 890 ταυτυὶ,
1390 858 1449 888 ταῖς
1462 857 1491 883 δὲ
1506 857 1634 892 ἰδιότησιν
1650 856 1802 891 ἀδιάκριτοι
1821 857 1867 883 καὶ
1889 857 1966 884 ἀδια-

1181 913 1309 938 γνωστοι.

381 948 425 975 28.
440 949 469 976 Si
484 949 672 976 diversitatem
689 945 799 981 dicunt,
812 953 840 976 et
852 949 1039 984 duplicitatem
1054 948 1129 984 peni-
1147 941 1166 970 Β
1217 959 1227 976 ι

1119 963 1129 968 -
1147 941 1166 970 Β
1217 953 1268 977 κη’.
1286 949 1316 976 El
1326 948 1459 984 διαφορὰν
1473 948 1594 982 λέγουσι,
1612 948 1658 974 καὶ
1669 948 1751 975 δυάδα
1760 947 1868 979 πάντως
1879 949 1965 974 εἰπεῖν

348 998 391 1020 tus
413 994 600 1021 ditl'erentium
622 994 715 1022 dicere
739 999 884 1030 cogentur;
907 1002 968 1021 nam
991 999 1019 1021 et
1038 993 1130 1020 rerum

345 1039 462 1066 diversa:
475 1043 580 1066 natura
593 1040 776 1071 enumeratio,
788 1044 816 1066 et
828 1039 1010 1067 accidentium
1024 1043 1131 1066 mutau-

347 1085 414 1110 tium
428 1084 578 1110 secundum
592 1084 671 1119 quid,
684 1090 730 1112 aut
745 1086 853 1112 tandem
868 1085 1005 1113 nudarum
1022 1084 1130 1112 numeri

346 1129 466 1164 partium
489 1134 537 1156 aut
559 1130 703 1157 subtilium
727 1130 908 1165 quarumdam
932 1131 1129 1166 cogitationum

346 1175 368 1201 si
389 1175 468 1202 ﬁeret
486 1175 604 1207 mentio,
620 1183 654 1203 ex
673 1175 829 1204 dilerentia
848 1184 909 1221 quae
928 1176 1035 1204 exsistit
1056 1177 1130 1203 circa

348 1220 479 1252 verbum,
495 1221 538 1248 vel
560 1221 686 1248 ordinem
707 1222 750 1249 vel
771 1220 896 1256 tempus,
913 1222 954 1248 vel
977 1222 1066 1249 locum
1087 1222 1130 1249 vel

347 1265 480 1298 habitum,
494 1270 522 1293 et
530 1266 576 1293 illa
594 1267 736 1294 evidenter
748 1265 903 1302 praecedet:
923 1271 971 1294 aut
989 1275 1055 1302 ergo
1076 1275 1130 1294 non

345 1309 542 1343 dilerentiam,
555 1316 604 1338 aut
616 1314 644 1338 et
657 1319 803 1339 numerum
819 1311 1006 1339 diﬂ'erentium
1019 1316 1131 1339 natura-

346 1363 406 1382 rum
419 1355 523 1383 dicant.

380 1401 456 1433 29..Si
469 1409 484 1429 e
497 1401 606 1429 duobus
618 1402 742 1430 dicentes
752 1403 858 1431 naturis
869 1403 1021 1436 Christum,
1031 1411 1130 1438 nempe

345 1454 361 1473 e
375 1447 521 1474 communi
544 1447 688 1475 divinitate
709 1453 738 1475 et
757 1448 942 1481 humanitate,
958 1449 1027 1476 duas
1048 1450 1130 1477 hasce

345 1495 374 1518 et
398 1495 461 1526 post
483 1492 680 1520 adunationem
705 1501 760 1521 non
784 1499 968 1530 cognoscunt,
989 1502 1054 1530 ergo
1076 1503 1130 1521 non

346 1541 514 1572 cognoscunt
539 1542 601 1573 post
625 1539 807 1566 mconomiam
828 1540 1025 1567 incarnationis
1049 1540 1129 1567 Verbi

347 1589 508 1610 communes
521 1582 590 1610 duas
605 1583 785 1610 humanitatis
797 1587 826 1610 et
838 1583 991 1610 divinitatis
1007 1588 1129 1616 naturas,

348 1634 398 1654 nec
410 1628 556 1662 separatim
571 1635 618 1655 eas
631 1632 795 1661 numerant,
808 1636 859 1656 nec
872 1635 933 1656 esse
948 1636 1062 1662 prorsus
1077 1628 1132 1657 duo

347 1672 437 1700 adhuc
449 1673 585 1708 reliquum
601 1673 698 1700 dicunt
710 1682 717 1700 :
731 1675 794 1700 nam
810 1681 825 1700 a
838 1673 998 1708 duplicitate
1011 1682 1131 1702 cessasse

348 1719 520 1746 contendunt
534 1719 592 1747 haec
605 1727 620 1746 a
634 1720 736 1754 quibus
747 1719 1052 1747 exsurrexit'adunatio.
1065 1721 1132 1748 Esse

347 1771 413 1791 νει-ο
424 1772 457 1791 ea
472 1771 633 1792 communes
646 1768 759 1792 naturas
773 1764 951 1792 conﬁtentur.

374 1808 424 1836 50.
444 1809 473 1836 Si
495 1814 638 1844 propterea
664 1810 737 1845 quod
756 1814 918 1837 naturarum
939 1810 1069 1838 adunatio
1090 1816 1132 1839 est

349 1861 428 1881 unam
455 1859 625 1890 cognoscunt
645 1860 774 1882 naturam
801 1863 833 1883 ea
858 1863 919 1891 quae
943 1862 1132 1884 convenerunt

348 1899 424 1932 ﬁeri,
438 1904 466 1926 et
482 1900 546 1933 quia
563 1904 724 1927 naturarum
741 1900 898 1928 differentia
914 1905 971 1933 est,
987 1901 1056 1929 duas
1074 1902 1132 1929 haec

347 1948 520 1979 cognoscant.
537 1943 597 1971 Non
616 1944 688 1972 enim
709 1945 783 1980 quod
803 1945 855 1980 ipsi
875 1950 917 1972 est
936 1946 970 1973 ob
990 1946 1132 1979 adunatio-

348 1996 426 2022 nem,
449 1988 517 2016 illud
541 1995 569 2017 et
590 1989 626 2017 ob
650 1989 834 2018 diﬂerentiam
860 1991 1010 2025 putabunt,
1031 1992 1079 2019 sed
1104 1992 1131 2019 in

347 2035 434 2063 altero
455 2035 540 2062 verbo
560 2036 689 2063 alterum.
704 2036 773 2064 Cum
796 2044 861 2073 ergo
879 2042 907 2065 et
924 2038 1078 2065 essentialis
1098 2038 1132 2066 iis

347 2088 408 2116 qua
421 2082 591 2109 conveniunt
604 2082 688 2109 rebus
702 2083 870 2116 diﬁ'erentia,
883 2088 910 2111 et
922 2083 1026 2120 adjecta
1039 2091 1132 2112 essen-

348 2127 394 2154 tiis
409 2127 551 2160 adunatio,
565 2127 636 2155 bene
650 2129 785 2156 essentias
800 2130 912 2164 proprio
928 2130 994 2164 ipsis
1006 2137 1132 2158 sermone

347 2172 554 2205 discernentes,
581 2173 652 2200 duas
681 2173 800 2201 dicimus
828 2182 926 2209 nempe
954 2174 1130 2208 diversitate;

347 2219 493 2253 personam
505 2226 571 2246 vero
586 2219 654 2254 ipsis
668 2226 749 2245 unam
765 2219 932 2246 adunatione
947 2219 1096 2247 credimus.

384 2318 542 2353 31.,Adhuc
561 2318 651 2346 omnis
670 2318 813 2353 compositi
836 2317 947 2352 perfecti
964 2324 1015 2344 nec
1033 2325 1132 2352 super-

347 2364 507 2396 abundare,
530 2372 583 2391 nec
610 2363 728 2392 deficere
754 2368 863 2398 oportet
888 2370 1060 2395 sermonem,
1084 2362 1132 2390 sed

347 2410 528 2437 suﬂicientem
551 2417 626 2442 esse;
647 2409 796 2444 duplicitas
817 2409 905 2444 prima
925 2409 1089 2443 compositio
1105 2413 1133 2436 et

347 2454 453 2488 primus
471 2453 609 2481 suﬁciens
626 2461 774 2484 numerus;
791 2453 930 2488 quomodo
945 2461 1012 2488 ergo
1029 2453 1132 2488 impor-

348 2504 444 2526 tunum
464 2499 518 2526 erit
537 2499 570 2526 de
588 2499 750 2534 compositis
770 2500 877 2526 naturis
894 2503 922 2526 et
939 2506 1023 2526 unum
1041 2498 1132 2534 perle-

347 2549 422 2570 ctum
440 2544 659 2578 complentibns,
675 2543 865 2578 duplicitatem
879 2544 987 2575 dicere,
1003 2543 1133 2578 hyposta-

347 2597 409 2616 seos
425 2597 490 2617 vero
508 2589 658 2617 unitatem?
675 2590 735 2617 Non
751 2590 825 2616 enim
842 2589 876 2616 ad
893 2588 1010 2616 invicem
1030 2596 1133 2616 conve-

348 2639 448 2664 nerunt
460 2635 521 2663 duae
534 2633 696 2671 hypostases
708 2635 782 2673 sicut
792 2641 820 2664 et
835 2640 949 2662 natum.

382 2680 426 2708 52.
446 2680 543 2708 Adhuc
565 2681 656 2709 omnis
680 2682 772 2710 unitas
797 2682 820 2709 si
846 2680 958 2708 omnino
984 2680 1011 2707 in
1035 2680 1132 2708 eodem

347 2734 430 2754 sensu
441 2727 590 2754 verborum
605 2729 756 2755 secundum
769 2735 854 2754 unum
867 2727 901 2754 de
915 2727 1008 2761 aliquo
1019 2726 1131 2760 dicitur,

347 2775 376 2798 et
398 2770 546 2806 duplicitas
567 2776 630 2799 ante
652 2772 753 2800 dictam
777 2772 804 2799 in
826 2779 860 2799 eo
883 2771 1034 2799 secundum
1060 2771 1132 2799 idem

349 2815 536 2850 duplicitatem
557 2821 601 2844 est
618 2816 713 2844 ctiam.
730 2816 757 2844 Si
778 2825 844 2844 vero
867 2822 927 2852 post
945 2817 1132 2852 duplicitatem

349 2861 468 2894 dicatur.
482 2857 529 2890 aut
541 2870 594 2890 non
609 2863 636 2890 in
649 2862 744 2890 eodem
758 2862 861 2890 dicitur
875 2863 1022 2890 verborum
1038 2870 1131 2894 sensu.

348 2915 396 2936 aut
414 2907 505 2938 unitas
523 2917 577 2936 non
597 2914 649 2936 cst.
666 2909 723 2936 Non
742 2909 815 2936 enim
839 2909 919 2936 Imbct
939 2914 1062 2936 naturam
1085 2913 1132 2936 aut

1181 996 1234 1022 τῶν
1264 995 1460 1030 διαφερόντων,
1487 994 1741 1029 ἀναγκασθήσονται
1756 993 1897 1028 δηλονότι·
1911 994 1966 1019 τῶν

1180 1050 1209 1068 τε
1225 1042 1278 1077 γὰρ
1295 1041 1448 1076 ἑτεροφυῶν
1465 1040 1636 1076 πραγμάτων
1659 1041 1675 1075 ἡ
1692 1040 1892 1075 ἀπαρέθμησις,
1912 1039 1966 1065 τῶν

1180 1095 1209 1114 τε
1225 1085 1437 1121 συμῦεσηκότων
1456 1085 1509 1112 τῶν
1526 1084 1743 1117 ἑξαλλασσόντων
1761 1085 1832 1111 κατά
1843 1093 1879 1116 τι,
1901 1084 1917 1120 ἢ
1936 1083 1969 1110 τό

1181 1141 1212 1166 γε
1232 1131 1355 1166 ἔσχατον,
1368 1131 1478 1166 γυμνῶν
1492 1131 1547 1157 τῶν
1561 1130 1608 1156 τοῦ
1628 1129 1745 1164 ἀριθμοῦ
1767 1129 1871 1164 μορίων
1886 1129 1902 1164 ἢ
1920 1130 1966 1163 qn-

1180 1177 1234 1203 λῶν
1249 1185 1330 1203 τινων
1347 1176 1537 1210 ὲπινοημὰτων
1556 1176 1579 1201 εἰ
1595 1175 1698 1209 γένοιτο
1713 1175 1844 1210 μέτρησις
1870 1174 1902 1201 έκ
1916 1174 1966 1209 τῆς

1180 1222 1311 1256 διαφορᾶς
1328 1223 1377 1256 τῆς
1397 1221 1469 1247 κατὰ
1485 1220 1603 1255 λόγον,ἢ
1619 1220 1706 1253 τάξιν,
1721 1219 1855 1254 ῆχρόνον.
1875 1219 1891 1254 ἢ
1920 1220 1966 1246 τό·

1182 1278 1242 1301 πον,
1255 1269 1271 1303 ἢ
1293 1268 1395 1303 σχέσιν,
1411 1268 1459 1294 ναὶ
1473 1266 1542 1302 αὐτη
1563 1266 1732 1302 προσήσεται
1747 1266 1840 1299 σαφῶς
1850 1274 1857 1282 ο
1885 1266 1901 1301 ἢ
1917 1263 1966 1292 οὖν

1182 1317 1250 1350 μήτε
1266 1315 1408 1349 διαφορὰν,
1433 1315 1449 1349 ἢ
1479 1313 1525 1339 καὶ
1550 1312 1595 1339 τὸν
1611 1312 1727 1348 ἀριθμὸν
1740 1312 1895 1346 λεγέτωσαν
1912 1312 1966 1339 τῶν

1180 1360 1363 1395 διαφερουσῶν
1378 1360 1495 1392 φύσεων.

1216 1405 1267 1432 κΘ’.
1288 1406 1319 1432 Et
1339 1407 1371 1432 ὲκ
1396 1404 1442 1432 δύο
1462 1405 1586 1439 λέγοντες
1609 1403 1718 1438 φύσεων
1733 1403 1777 1430 τὸν
1798 1403 1914 1438 Χριστὸν
1928 1403 1966 1434 ὡς

1181 1452 1213 1478 ὲκ
1229 1452 1277 1484 τῆς
1292 1449 1381 1485 κοινῆς
1396 1451 1522 1485 θεότητος
1535 1450 1583 1476 καὶ
1601 1449 1821 1485 ἁνθρωπότητος,
1839 1448 1885 1475 δύο
1898 1449 1965 1475 τάσ-

1180 1496 1208 1522 δε
1224 1496 1272 1522 καὶ
1283 1496 1353 1530 μετὰ
1368 1495 1416 1530 τὴν
1431 1495 1528 1522 ἕνωσιν
1544 1495 1575 1521 οὗ
1593 1493 1785 1528 γινώσκουσιν,
1799 1494 1852 1528 ἄρα
1861 1502 1891 1528 γε
1906 1493 1965 1520 οὐδὲ

1182 1542 1256 1568 ἴσασι
1286 1541 1356 1576 μετὰ
1390 1542 1438 1575 τὴν
1471 1540 1630 1575 οἰκονομίαν
1657 1539 1708 1574 τῆς
1731 1539 1895 1575 σαρκώσεως
1917 1538 1965 1565 τοῦ

1182 1585 1268 1619 Λόγου
1284 1585 1331 1616 τὰς
1344 1584 1436 1616 κοινὰς
1451 1585 1498 1611 δύο
1509 1585 1605 1619 φύσεις
1621 1584 1831 1619 ἁνθρωπότητος
1847 1584 1894 1611 καὶ
1908 1584 1965 1610 Osd-

1181 1639 1274 1665 τητος,
1300 1630 1361 1657 οὐδὲ
1383 1630 1570 1665 διωρισμένως
1594 1630 1678 1662 αὑτὰς
1705 1628 1882 1664 ἀριθμοῦσιν,
1906 1629 1966 1655 οὐδὲ

1182 1673 1252 1701 εἶναι
1271 1674 1339 1705 ac);
1363 1673 1410 1699 δύο
1436 1673 1476 1700 ἔτι
1491 1673 1585 1700 λοιπόν
1601 1682 1667 1708 φασι
1677 1683 1684 1689 '
1700 1673 1763 1700 τάδε
1790 1674 1844 1710 γὰρ
1858 1672 1966 1700 πεπαῦ-

1183 1719 1244 1745 σθαι
1260 1719 1309 1754 τῆς
1332 1719 1428 1751 δυάδος
1444 1719 1527 1754 φασιν
1552 1716 1593 1750 οἷς
1617 1719 1802 1754 προσγέγονεν
1816 1719 1833 1754 ὴ
1851 1717 1947 1749 ἔνωσις
1958 1726 1964 1733 ·

1181 1762 1252 1791 εἶναι
1267 1765 1294 1791 δὲ
1310 1764 1406 1798 ταῦτα,
1418 1765 1468 1796 τὰς
1485 1764 1580 1796 κοινὰς
1595 1763 1692 1799 φύσεις
1705 1763 1894 1800 ὁμολογοῦσιν.

1216 1810 1247 1836 λ’.
1266 1810 1296 1836 Et
1312 1810 1355 1836 διὰ
1380 1810 1411 1836 τὸ
1433 1812 1493 1842 ταῖς
1512 1810 1626 1845 φύσεσιν
1650 1809 1773 1844 ἡνῶσθαι
1802 1809 1867 1845 μίαν
1880 1809 1967 1837 οἴδασι

1183 1856 1264 1889 φύσιν
1289 1856 1323 1883 τὰ
1351 1856 1525 1889 συνελθόντα,
1543 1857 1589 1883 καὶ
1601 1855 1644 1882 διὰ
1659 1856 1689 1882 τὸ
1704 1856 1802 1890 φύσεσι
1816 1856 1966 1892 διαφέρειν,

1181 1901 1227 1928 δύο
1235 1900 1319 1927 ταῦτα
1335 1902 1559 1935 γινωσκέτωσαν⁶
1571 1901 1614 1928 διά
1624 1910 1654 1928 τε
1667 1902 1722 1939 γὰρ
1733 1902 1830 1929 ἕνωσιν
1844 1902 1873 1929 ἓν
1885 1902 1967 1938 πρόσ-

1181 1955 1264 1974 ωπον,
1280 1949 1326 1973 καὶ
1339 1947 1382 1973 διὰ
1398 1947 1447 1982 τὴν
1464 1947 1596 1982 διαφορὰν
1620 1948 1648 1974 αἱ
1671 1947 1719 1974 δύο
1736 1947 1849 1982 φύσεις·
1867 1947 1897 1981 οὐ
1913 1948 1967 1984 γὰρ

1181 1991 1249 2026 ὅπερ
1266 1992 1340 2025 αὐτῷ
1354 1992 1413 2018 ἐστι
1430 1992 1476 2018 διὰ
1490 1992 1540 2027 τὴν
1555 1992 1664 2024 ἕνωσιν,
1677 1991 1757 2019 τοῦτο
1778 1993 1826 2019 καὶ
1849 1993 1894 2019 διὰ
1917 1993 1967 2028 τὴν

1181 2035 1313 2070 διαφορὰν
1328 2035 1526 2070 ὑπολήψονται,
1542 2036 1600 2062 ἀλλ’
1619 2036 1648 2062 ὲν
1670 2035 1778 2071 θατέρῳ
1792 2037 1831 2072 τῷ
1844 2036 1917 2071 λόγῳ
1937 2037 1967 2063 τὸ

1181 2080 1284 2116 ἕτερον.
1309 2080 1386 2108 Ἐπεὶ
1401 2078 1447 2108 οὖν
1466 2081 1514 2107 καὶ
1529 2081 1661 2117 οὑσιώδης
1677 2082 1727 2117 μὲν
1747 2083 1805 2113 τοῖς
1824 2081 1967 2109 συνελθοῦ-

1183 2134 1224 2152 σιν
1239 2127 1254 2161 ή
1278 2126 1406 2161 διαφορὰ.
1427 2125 1576 2162 ἐπίκτητος
1591 2127 1618 2153 δὲ
1635 2127 1695 2158 ταῖς
1710 2126 1842 2163 οὐσίαιςή
1858 2127 1967 2159 ένωσις,

1182 2171 1271 2203 καλῶς
1284 2171 1334 2203 τὰς
1350 2173 1400 2206 μὲν
1415 2172 1509 2203 οὐσίας
1528 2172 1568 2208 τῷ
1590 2172 1648 2207 ίδίῳ
1669 2172 1759 2199 αὐτῶν
1774 2173 1846 2208 λόγῳ
1862 2173 1971 2208 διακρίη

1183 2225 1288 2249 ναντες,
1303 2217 1351 2244 δύο
1367 2217 1468 2252 φαμὲν,
1481 2218 1565 2253 ἤγουν
1577 2219 1609 2252 τῇ
1630 2219 1762 2254 διαφορᾷ·
1779 2219 1808 2245 τὸ
1830 2218 1858 2245 δὲ
1882 2220 1967 2255 πρόσ-

1142 2262 1168 2292 D
1181 2272 1264 2294 ωπον,
1279 2264 1374 2295 αὑταῖς
1388 2263 1417 2289 ἓν
1431 2264 1464 2298 τῇ
1479 2263 1572 2290 ὲνώσσι
1586 2263 1734 2299 δοξάζομεν

1218 2317 1269 2344 λα’.
1290 2317 1350 2343 Ἐτι
1372 2317 1474 2348 παντὸς
1503 2316 1632 2344 συνθέτου
1658 2318 1766 2344 τελείου
1787 2317 1850 2345 οὔτε
1878 2327 1968 2354 περιτ-

1183 2361 1272 2388 τεύειν
1292 2361 1354 2388 οὔτε
1368 2361 1503 2388 ιλλείπειν
1515 2361 1556 2388 δεῖ
1574 2361 1621 2388 τδν
1636 2361 1726 2396 λόγον,
1744 2362 1801 2389 ἀλλ’
1819 2362 1912 2399 ἄρτιον
1928 2361 1968 2389 εἶ-

1183 2416 1244 2434 ναι·
1262 2407 1329 2438 δυὰς
1352 2407 1386 2434 δὲ·
1401 2406 1500 2442 πρώτη
1527 2406 1664 2440 σύνθεσις,
1679 2409 1728 2435 καὶ
1743 2409 1852 2443 πρῶτος
1875 2409 1968 2445 ἄρτιος

1182 2453 1312 2488 ἀριθμός·
1325 2453 1383 2484 cui);
1399 2451 1446 2480 οὖν
1463 2452 1637 2489 ἁπρόσιρορον
1649 2453 1725 2480 ἐσται
1740 2454 1788 2480 ἐπὶ
1803 2455 1857 2481 τῶν
1877 2463 1968 2482 συντε-

1183 2498 1281 2524 θεισῶν
1301 2498 1408 2532 φύσεων
1427 2497 1474 2524 καὶ
1496 2498 1526 2524 τὸ
1543 2497 1572 2524 ἒν
1591 2498 1695 2524 τέλειον
1713 2499 1969 2537 πληρουσῶνιδυάδα

1182 2543 1281 2577 λέγειν,
1294 2543 1397 2577 μονάδα
1411 2543 1438 2569 δὲ
1455 2543 1652 2577 ὑποστάσεω;;
1669 2544 1699 2570 οὺ
1714 2544 1768 2580 γὰρ
1779 2545 1967 2580 -συνετέθησαν

1184 2589 1232 2615 δύο
1243 2589 1374 2625 ἀλλήλαις
1388 2590 1436 2616 καὶ
1451 2589 1614 2621 ὑποστάσεις
1629 2590 1667 2622 ὡς
1679 2590 1708 2616 αι
1722 2590 1827 2625 φύσεις.

1219 2675 1268 2711 λβτ.
1285 2676 1347 2701 Ἔτι
1368 2676 1442 2702 πᾶσα
1461 2675 1544 2710 μονὰς
1564 2676 1588 2702 ιε
1613 2676 1700 2711 πάντη
1726 2677 1755 2702 ὲν
1779 2676 1872 2712 ταυτῷ
1899 2677 1969 2712 λόγῳ

1184 2722 1292 2756 λέγεται
1316 2722 1385 2749 κατὰ
1401 2731 1474 2754 τινος
1490 2722 1551 2750 καθ’
1565 2721 1605 2750 ἓν.
1620 2723 1668 2749 καὶ
1692 2721 1759 2753 δυὰς
1786 2723 1840 2757 πρὸ
1864 2722 1914 2757 τῆς
1941 2725 1969 2750 ὲν

1183 2768 1258 2804 αὺτῷ
1272 2768 1345 2795 κατὰ
1364 2768 1395 2794 τὸ
1407 2762 1473 2794 abte
1492 2768 1643 2803 λεγομένης
1659 2767 1753 2800 δυάδος
1772 2769 1846 2794 ἐστὶν
1867 2769 1928 2804 ἣδε·
1945 2772 1968 2796 εἰ

1185 2816 1214 2842 δὲ
1230 2815 1299 2850 μετὰ
1316 2814 1365 2849 τὴν
1383 2814 1467 2840 δυάδα
1489 2813 1604 2848 λέγοιτο,
1622 2813 1700 2848 ἢούκ
1716 2814 1745 2840 έν
1759 2814 1848 2849 ταυτῷ
1861 2814 1968 2847 λέγεται

1184 2859 1286 2895 λόγῳῆ
1306 2859 1337 2885 οὑ
1355 2858 1438 2893 μονάς
1454 2859 1542 2884 ἐστιν·
1561 2858 1591 2884 οὐ
1607 2859 1660 2893 γὰρ
1677 2857 1733 2893 εχει
1751 2858 1832 2889 φύσιν
1855 2859 1870 2894 ἢ
1893 2859 1968 2892 τάξιν

1186 2906 1213 2932 ἐν
1236 2913 1288 2931 τινι
1303 2904 1340 2938 τῷ
1355 2903 1430 2939 αὐτῷ
1452 2912 1514 2930 ποτε
1539 2904 1623 2939 μονὰς
1640 2903 1710 2940 μετὰ
1733 2905 1782 2939 τὴν
1805 2905 1886 2933 δυάδι
1902 2906 1967 2932 Geor
