2144 3262
353 211 363 244 i
369 213 421 244 795

973 212 1126 255 LEONTII
1152 211 1352 245 ΒΥΖΑΝἸῚΝῙ

1900 213 1968 246 Ιτξκί

326 294 333 299 ,
351 273 431 296 erunt
440 269 500 296 dum
511 274 616 298 natura:
625 269 751 298 Christus
761 278 776 299 e
787 272 877 299 Verbo
886 276 914 299 et
923 280 1015 300 carne.
1028 273 1136 300 Etenim
1152 274 1172 302 Α

1123 281 1136 299 n
1152 274 1175 302 Α
1189 272 1234 299 τοῦ
1247 273 1332 306 Λόγου
1351 272 1416 307 μίαν
1428 271 1508 307 φατὲ,
1521 272 1565 298 διὰ
1578 271 1637 298 τάδε
1658 272 1722 298 αὐτὸ
1732 271 1778 298 δύο
1791 270 1884 305 φύσεις
1896 270 1969 296 ἔσται

350 318 494 348 propterea
506 314 579 348 quod
592 322 645 341 una
656 315 703 342 Dei
717 316 798 343 Verbi
820 314 919 344 natura'
929 317 1054 352 perfecta
1066 325 1134 345 con-

350 358 468 386 fessione
481 359 563 387 etiam
577 360 784 394 pmﬂinnatur
801 365 830 389 et
840 355 943 397 absque
955 371 1048 395 carne,
1065 363 1133 389 nihil

342 396 466 438 ,ampiius
489 405 618 435 ostendet
652 406 782 434 adunatio
806 407 833 434 in
860 396 999 442 naturam,
1029 408 1053 435 si
1080 416 1134 435 una

349 448 490 476 remansit.
514 442 635 478 Fetium's
661 448 735 479 enim
752 459 767 479 a
783 451 862 479 vobis
878 460 886 480 :
901 452 996 480 Nonne
1011 461 1073 480 cum
1085 460 1134 480 na-

349 496 411 519 tura
424 493 516 520 carnis
530 494 611 522 Verbi
626 499 752 524 naturam
768 496 937 526 incarnatam
952 498 1135 530 conﬁtemini,

348 544 383 563 an
403 538 480 565 non?
501 537 530 566 Si
543 546 609 574 ergo
635 540 746 574 quidem
769 549 836 574 non,
856 546 904 569 aut
925 550 993 570 voce
1016 547 1133 576 tantum,

348 586 397 610 aut
413 580 580 617 imaginandi
593 585 620 612 vi
630 604 637 616 .
654 590 703 613 aut
719 587 795 614 verbi
816 591 904 623 tropo,
918 588 1135 616 incarnatibnem

350 635 463 655 noscere
479 637 527 656 vos
542 631 713 658 conceditur.
728 631 757 659 Si
774 640 839 659 vero
854 640 917 660 cum
941 626 1033 664 carnis
1053 639 1134 661 natu-

348 681 378 700 ra
392 679 518 701 naturam
537 675 706 703 incantatam
722 676 806 705 fuisse
820 676 903 706 Verbi
924 679 1026 712 dicitis,
1053 680 1134 707 aliam

349 718 539 747 incarnantem
554 725 583 748 et
597 721 677 748 aliam
693 722 860 750 incarnatam
874 724 901 750 in
916 733 969 751 una
984 726 1134 760 composita

347 763 449 792 Christi
475 773 591 800 persona
628 773 785 797 noscentes.
817 770 956 803 quomodo
987 777 1134 799 numerare

348 809 452 846 absque
469 811 631 846 duplicitate
652 813 714 840 illas
735 814 854 842 valetis?

383 855 428 882 45.
448 856 534 883 Unica
550 856 608 884 haec
621 858 677 888 _Dei
691 856 775 886 Verbi
797 859 939 888 incarnata
962 867 1072 893 natura.
1088 867 1136 890 aut

348 899 420 927 idem
443 901 540 928 estad
569 903 649 930 unica
674 904 733 932 hmo
751 909 779 932 et
797 905 825 932 in
845 913 947 933 vanum
962 907 1073 935 additur
1090 908 1134 936 in-

348 949 472 977 carnata,
498 945 525 972 in
554 947 632 981 cujus
654 947 840 978 deﬁnitionem
860 957 915 977 non
938 951 1050 982 omnino
1072 959 1136 980 con-

349 988 461 1016 tendere
475 995 516 1017 est
528 990 562 1017 de
571 998 711 1025 quo‘nunc
722 993 861 1029 indagatio
874 1003 881 1021 ι
894 1000 942 1022 aut
956 1002 1017 1023 cum
1029 996 1136 1029 duabus

349 1034 456 1061 naturis
481 1036 604 1063 eamdem
621 1038 826 1066 conclusionem
851 1046 1024 1068 communem
1041 1041 1134 1074 habet,

347 1079 487 1122 et_frustra
497 1081 628 1109 adversus
652 1091 702 1110 nos
723 1083 909 1115 invehuntur:
931 1090 978 1113 aut
994 1094 1045 1114 nec
1058 1096 1136 1122 pror-

348 1132 395 1152 sus
411 1126 490 1153 unica
509 1131 551 1154 est
563 1135 614 1155 nec
629 1122 700 1161 duae,
711 1133 740 1156 et
751 1137 863 1158 necesse
875 1136 919 1158 est
933 1137 963 1158 ut
978 1140 1059 1159 unam
1073 1141 1133 1160 cum

347 1169 483 1198 divisione
505 1171 596 1200 dicant
618 1173 670 1208 ipsi
693 1173 842 1203 novissime
864 1175 1010 1211 loquentes
1024 1183 1054 1205 ut
1071 1187 1134 1214 par-

349 1214 415 1242 vuli.

383 1259 426 1286 M.
447 1259 620 1288 Meiioratum
642 1266 683 1292 est
700 1261 804 1298 aliquid
819 1264 952 1294 de'rebus
975 1266 1003 1294 in
1018 1265 1134 1295 Domino

349 1305 502 1332 naturalem
526 1305 746 1334 meliorationem
769 1315 913 1336 assumens
937 1315 998 1345 post
1012 1316 1133 1351 sanctam

347 1349 409 1382 ejus
433 1351 679 1384 resurrectionem,
703 1351 855 1380 secundum
877 1361 938 1388 qua:
963 1359 991 1382 et
1016 1349 1134 1391 Cyrillus

349 1395 431 1422 l'ater
454 1396 488 1422 ad
504 1397 633 1424 Acacium
658 1397 727 1424 dicit
749 1403 778 1424 et
807 1398 908 1433 reliqui
928 1397 1036 1433 Patres,
1049 1409 1082 1428 an
1099 1402 1134 1428 si-

346 1440 421 1467 milis
444 1441 535 1468 omnis
555 1441 616 1477 ejus
643 1446 741 1469 natura
763 1450 846 1477 quam
867 1443 963 1471 dicunt
979 1453 1074 1477 unam,
1092 1454 1134 1473 re-

345 1480 470 1512 mansit?
496 1486 524 1513 Si
542 1494 607 1522 ergo
622 1487 734 1521 quidem
750 1495 803 1515 non
820 1489 994 1516 melioratum
1018 1496 1071 1523 est,
1086 1496 1134 1519 aut

348 1535 376 1558 et
399 1539 472 1559 nunc
499 1533 646 1566 passibilis,
667 1537 714 1560 aut
729 1541 780 1561 nec
799 1539 858 1562 erat
876 1540 939 1563 ante
953 1536 1134 1565 resurrectio-

349 1583 411 1604 nem
433 1578 590 1612 passibilis;
617 1579 763 1607 mendaces
785 1584 812 1607 et
829 1580 876 1615 qui
895 1579 991 1608 dicunt
1007 1582 1134 1610 meliora—
1147 1599 1169 1630 ο

350 1620 452 1650 tionem
469 1623 648 1652 humanitatis
669 1626 730 1660 ejus
746 1631 842 1653 omnes
860 1626 1004 1662 magistri;
1020 1627 1042 1654 si
1067 1635 1133 1656 vero

349 1667 492 1694 meliorala
515 1673 557 1695 est
578 1669 698 1703 perfecta
710 1669 832 1705 quaedam
847 1674 944 1699 natura
956 1671 983 1698 in
1002 1671 1071 1707 ipso,
1086 1678 1134 1700 aut

350 1717 408 1740 tota
431 1720 486 1740 una
509 1714 567 1750 ipsa
579 1718 621 1741 est
633 1722 714 1749 quam
735 1715 840 1749 dicunt,
853 1721 881 1744 et
893 1717 947 1744 erit
963 1721 991 1744 et
1005 1718 1134 1746 divinitas

349 1755 409 1793 ejus
426 1758 452 1784 in
469 1765 644 1807 progressum
659 1759 888 1795 impassibilitatis
904 1766 964 1789 acta
978 1771 984 1788 ε
1009 1766 1057 1789 aut
1070 1771 1134 1798 pars

349 1803 408 1837 ejus
428 1803 604 1838 progressum
624 1811 684 1839 qua:
700 1805 775 1838 fecit,
794 1806 916 1840 perfecta
940 1811 1038 1835 natura
1053 1813 1134 1837 estet

350 1855 524 1883 progressum
542 1856 596 1876 non
621 1850 780 1883 admittens,
803 1855 849 1878 aut
872 1859 953 1879 unam
969 1861 1029 1880 esse
1044 1854 1134 1889 perfe-

350 1897 420 1920 ctam
444 1898 570 1921 naturam
591 1895 634 1922 vel
663 1899 767 1930 partem
797 1895 889 1923 dicere
913 1901 1058 1932 rogentur:
1087 1902 1134 1925 aut

351 1939 550 1973 blasphemare,
585 1940 664 1974 pievc
698 1947 779 1975 agere
806 1940 950 1969 audientes
975 1949 1038 1969 cum
1065 1943 1134 1978 ipsis

349 1984 532 2012 adducentur.

384 2030 426 2057 45.
456 2029 483 2057 Si
511 2030 742 2065 quemadmodum
767 2029 923 2059 diceremus
950 2032 984 2060 de
1010 2033 1132 2067 homine,

350 2075 457 2103 unicam
479 2080 606 2103 naturam
635 2076 668 2103 de
692 2077 808 2104 Domino
829 2077 1006 2112 proﬁtentur.
1030 2080 1134 2113 pariter

349 2121 383 2149 de
405 2121 517 2148 homine
531 2129 594 2148 cum
620 2122 656 2148 sit
678 2129 694 2148 e
720 2122 830 2156 duobus
846 2122 939 2154 homo,
961 2123 1067 2156 dicunt;
1085 2125 1132 2152 sed

348 2167 403 2195 bon
415 2175 432 2195 ο
443 2175 498 2195 non
509 2175 542 2195 ex
553 2167 761 2202 prazexsistente
773 2168 863 2194 anima
875 2172 902 2195 et
912 2175 1026 2202 corpore
1037 2169 1130 2197 datur:

347 2221 381 2240 ex
397 2212 563 2248 cogitatione
580 2213 654 2240 enim
669 2214 726 2240 sola
743 2213 919 2247 proprietatis
939 2221 1133 2248 praeexponen-

1186 319 1200 344 ό
1213 319 1246 344 ὲκ
1260 318 1346 352 Λόγου
1362 320 1409 343 καὶ
1424 317 1525 352 σαρκὸς
1535 317 1651 352 Χριστός
1661 325 1668 332 ·
1683 317 1750 343 διότι
1758 316 1813 351 γὰρ
1826 316 1875 351 μία
1892 315 1971 358 φύσις

1185 362 1235 388 τοῦ
1251 361 1319 389 Θεοῦ
1348 362 1434 395 Λόγου
1463 362 1573 396 ἐντελὴς
1598 362 1646 396 ηδε
1673 360 1899 396 προωμολόγητσι
1925 359 1972 386 καὶ

1185 407 1250 434 ἄνευ
1273 401 1390 442 σαρκδςέ
1406 406 1482 433 οὐδὲν
1498 406 1581 438 δείξει
1599 406 1760 441 καινότερον
1776 406 1793 440 ἡ
1816 405 1913 435 Evam;
1931 405 1971 435 είς

1186 443 1281 486 quisth
1303 453 1350 480 ἐὰν
1368 453 1417 487 μία
1442 452 1608 487 μεμένηκεν.
1629 451 1774 486 Πυθόμεοα
1798 451 1852 485 γὰρ
1875 449 1969 484 ὑμῶν’

1184 495 1258 532 ’Λρά
1268 506 1299 532 γε
1309 498 1388 533 φύσει
1399 499 1500 534 σαρκὸς
1514 499 1564 532 τὴν
1576 497 1657 532 φύσιν
1668 493 1716 523 τοῦ
1731 496 1818 530 Λόγου
1830 504 1971 530 σισαρκω-

1187 543 1270 580 μένην
1283 543 1451 578 ὁμολογεῖτε,
1469 543 1486 578 ἢ
1502 543 1581 578 οὐχίς
1598 542 1634 569 Ei.
1648 542 1699 577 μὲν
1714 539 1764 568 οὖν
1775 542 1846 576 οὐχὶ,
1865 541 1882 576 ἢ
1901 540 1972 575 λόγῳ

1187 588 1277 622 μόνον⁹
1298 588 1314 623 ἦ
1331 589 1474 624 φαντασίᾳ,
1490 587 1506 624 ἢ
1521 589 1608 623 τροπῇ
1629 587 1677 613 τοῦ
1691 586 1781 621 λόγου,
1799 586 1848 622 τὴν
1865 587 1971 622 σαρκω-

1187 641 1229 659 σιν
1243 633 1352 660 ειδέναι,
1366 634 1438 668 ὑμᾶς
1468 632 1664 659 ἀπολείπεται·
1685 633 1710 658 εί
1731 631 1758 658 δὲ
1774 631 1853 666 φύσει
1871 630 1970 665 σαρκὸς

1185 677 1234 712 τὴν
1254 678 1335 712 φύσιν
1350 677 1542 714 σεσαρκῶσθαι
1558 676 1605 704 τοῦ
1626 676 1712 710 Λόγου
1726 676 1806 710 φατὲ,
1820 675 1904 709 ἄλλην
1921 675 1970 709 τὴν

1186 723 1351 757 σαρκοῦσαν,
1365 713 1417 749 ἶκαὶ
1439 722 1522 757 ἀλλην
1543 722 1593 757 τὴν
1615 721 1807 756 σαρκουμένην
1832 722 1861 747 ἐν
1877 720 1916 754 τῷ
1931 720 1970 746 ἑνὶ

1185 767 1305 803 συνθέτῳ
1319 768 1457 804 προσώπῳ
1476 768 1595 804 Χριστοῦ
1609 768 1805 802 γινώσκοντες,
1827 766 1885 798 πῶς
1911 767 1970 801 ἀρι-

1186 814 1248 848 μεῖν
1261 813 1324 841 ἀνευ
1339 811 1434 846 δυάδος
1447 805 1548 846 ταύτας
1564 814 1729 849 δυνήσεσθε;

1222 863 1278 894 μγ’.
1303 860 1336 886 Ἦ
1353 860 1403 894 μία
1423 860 1502 895 φύσις
1514 860 1560 887 τοῦ
1577 859 1645 887 Θεοῦ
1663 861 1749 894 Λόγου
1763 857 1967 893 σεσαρκωμένη.

1185 904 1202 940 ἢ
1219 906 1317 932 ταυτόν
1332 906 1390 933 εστι
1404 904 1437 941 τῇ
1463 906 1522 942 μιᾷ,
1540 905 1587 933 καὶ
1604 906 1739 941 περιττῶς
1752 905 1910 940 πρόσκειται
1927 899 1980 935 τδ,’

1187 948 1395 986 σεσαρκωμὲνη,
1422 953 1461 983 εἰς
1486 952 1660 986 παράστασιν
1682 951 1766 978 ποσοῦ
1779 951 1810 977 οὺ
1834 950 1969 976 συντεῖνον

1185 994 1263 1027 ὅλως,
1283 992 1348 1030 περὶ
1369 992 1399 1022 οὗ
1423 996 1472 1022 νῦν
1495 997 1510 1032 ἡ
1535 995 1666 1031 ζήτησις·
1690 996 1706 1030 ἢ
1732 997 1790 1026 ταῖς
1811 995 1856 1021 δύο
1872 994 1968 1028 φύσεσι

1185 1041 1283 1066 ταυτὸν
1308 1041 1432 1077 συνάγεις
1460 1041 1507 1067 καὶ
1534 1042 1623 1076 μάτην
1646 1039 1710 1076 ἡμῖν
1726 1040 1930 1074 ἀντιφέροεδται·
1951 1034 1967 1073 ἢ

1185 1085 1247 1112 οὔτε
1267 1085 1316 1120 μία
1337 1087 1424 1122 πάντη
1449 1088 1533 1120 ἐστὶν,
1550 1088 1613 1114 οὔτε
1635 1087 1691 1119 δύο,
1715 1085 1762 1113 καὶ
1781 1087 1889 1122 ἀνάγκη
1905 1086 1968 1121 μίαν

1187 1129 1235 1155 σὺν
1251 1130 1427 1166 ἐπιμερισμῷ
1441 1131 1530 1165 λέγειν
1543 1131 1642 1163 αὐτοὺς
1658 1131 1760 1166 ἔσχατα
1774 1129 1966 1166 νηπιάζοντας.

1221 1260 1273 1294 με’.
1309 1258 1492 1296 Ἐκρειττώθη
1516 1270 1545 1288 τι
1572 1262 1627 1288 τῶν
1652 1262 1699 1288 τοῦ
1724 1263 1827 1298 κυρίου
1854 1263 1969 1297 φυσικὴν

1184 1305 1345 1341 κρείττωσιν
1361 1305 1443 1333 λασδν
1457 1307 1526 1341 μετὰ
1543 1306 1593 1342 τὴν
1613 1307 1695 1342 ἁγίαν
1709 1307 1791 1334 αὑτοῦ
1809 1308 1966 1338 ἀνάστασιν.

1184 1350 1245 1377 καθ’
1265 1350 1283 1378 ἃ
1303 1350 1440 1386 Κύριχλός
1466 1360 1494 1378 τε
1516 1353 1530 1378 ὀ
1552 1353 1646 1387 Πατήρ
1665 1360 1730 1388 φησι
1746 1351 1812 1389 πρὸς
1833 1354 1967 1385 ’Λκάκιον,

1184 1396 1231 1422 καὶ
1246 1397 1270 1423 oi
1286 1396 1376 1423 λοιποὶ
1388 1397 1520 1433 Πατέρες,
1538 1398 1554 1433 ἦ
1568 1397 1667 1433 ὁμοίως
1684 1399 1785 1433 ἔχουσα
1799 1400 1873 1425 πᾶσα
1887 1399 1968 1425 αὑτοῦ

1183 1443 1199 1479 ἡ
1217 1442 1307 1476 φύσις,
1329 1442 1362 1478 ἦν
1376 1451 1442 1478 φασι
1462 1444 1537 1480 μίαν,
1555 1444 1730 1479 μεμένηκενς
1746 1445 1778 1471 Εἰ
1793 1445 1842 1478 μὲν
1857 1443 1903 1472 οὖν
1920 1446 1969 1471 οὐχ

1184 1487 1361 1523 ὲκρειττώθη,
1389 1488 1406 1524 ἢ
1439 1489 1486 1515 καὶ
1516 1489 1564 1516 νῦν
1583 1489 1702 1525 παθητὴ,
1726 1491 1742 1525 ἦ
1762 1490 1822 1517 οὐδὲ
1851 1489 1904 1526 πρὸ
1921 1492 1968 1524 τῆς

1184 1533 1360 1565 ἀναστάσεως
1375 1532 1411 1570 ἦν
1428 1535 1553 1571 παθητὴ·
1568 1535 1676 1570 ψευδεῖς
1695 1544 1724 1562 τε
1739 1537 1763 1562 οἱ
1781 1536 1904 1569 λέγοντες
1922 1537 1969 1570 τὴν

1184 1578 1345 1613 κρείττωσιν
1358 1577 1408 1614 τῆς
1422 1579 1630 1615 άνθρωπότητος
1643 1580 1727 1607 αὑτοῦ
1743 1581 1842 1613 πάντες
1850 1583 1875 1608 oi
1898 1581 1969 1608 διδάο

1185 1623 1278 1650 σκαλοι
1303 1632 1310 1639 ·
1338 1625 1362 1650 εί
1393 1624 1421 1651 δὲ
1454 1625 1619 1663 ἔκρειττώθη
1640 1626 1731 1653 τελεία
1762 1632 1804 1658 τις
1827 1626 1908 1661 φύσις
1940 1627 1969 1653 ἰν

1183 1667 1268 1702 αὐτῷ,
1284 1668 1301 1703 ἢ
1317 1667 1366 1703 ὅλη
1387 1668 1404 1704 ἠ
1429 1668 1477 1704 μία
1499 1665 1569 1705 αὕτη
1596 1671 1671 1697 ἔστὶν
1690 1671 1725 1706 ἦν
1739 1677 1816 1705 φασι,
1833 1671 1879 1696 καὶ
1895 1670 1970 1696 ἔσται

1183 1714 1256 1749 καὶή
1269 1713 1363 1749 ϐεότης
1376 1715 1459 1741 αὑτοῦ
1475 1715 1514 1746 εις
1528 1716 1670 1751 προκοπὴν
1691 1716 1825 1748 ἀπαθείας
1839 1716 1966 1751 ἀχθεῖσα·

1183 1759 1200 1793 ἢ
1217 1759 1300 1794 μέρος
1319 1759 1402 1786 αὐτοῦ
1420 1760 1450 1786 τὸ
1467 1761 1608 1796 προκύψαν
1631 1761 1721 1787 τελεία
1737 1762 1818 1795 φύσις
1837 1763 1905 1792 ἐστὶ,
1923 1763 1969 1788 καὶ

1183 1804 1213 1830 τὸ
1226 1805 1370 1840 προκοπὴν
1383 1805 1433 1832 οὐκ
1448 1805 1651 1841 ὲπιδεξάμενον,
1663 1807 1680 1842 ἢ
1697 1807 1761 1841 μίαν
1777 1805 1846 1834 εἴναι
1864 1807 1969 1834 τελείαν

1184 1849 1275 1883 φύσιν,
1301 1849 1318 1885 ἢ
1345 1841 1444 1886 μόριον
1465 1850 1557 1885 λέγειν
1589 1852 1865 1887 ἀναγκασθήσονται·
1885 1848 1968 1886 καὶῆ

1185 1894 1354 1931 βλασφημεῖν
1370 1896 1522 1931 ἢεῦσεόεῖν
1538 1897 1683 1929 ἄκούοντες
1697 1897 1917 1932 συγκλιθήσεται.

1222 2029 1273 2060 με’.
1295 2026 1326 2053 Ei
1345 2027 1446 2062 ὁμοίως
1460 2027 1498 2062 τῷ
1519 2027 1656 2063 ἀνθρώπῳ
1682 2028 1746 2062 μίαν
1761 2027 1810 2062 τὴν
1831 2027 1911 2061 φύσιν
1921 2028 1969 2054 ἐπὶ

1183 2071 1230 2098 τοῦ
1244 2073 1379 2099 Δεσπότου
1395 2075 1486 2107 φασὶν,
1502 2074 1603 2108 ὁμοίως
1619 2074 1657 2108 τῷ
1674 2073 1808 2109 ἀνθρώπῳ
1821 2075 1867 2100 καὶ
1892 2074 1922 2100 τὸ
1937 2075 1969 2100 ἐκ

1184 2118 1230 2145 δύο
1247 2118 1355 2153 φύσεων
1383 2119 1430 2145 ἐπὶ
1452 2119 1499 2145 τοῦ
1523 2119 1605 2146 αὑτοῦ
1629 2117 1697 2146 εἶναι
1722 2119 1861 2152 λέγουσιν·
1884 2118 1940 2145 ἀλλ’
1954 2120 1969 2145 ὁ

1183 2165 1325 2201 ἄνθρωπος
1342 2166 1392 2192 οὐκ
1407 2168 1438 2192 ὲκ
1453 2167 1684 2202 προῡπαρχούσης
1704 2166 1794 2201 ψυχῆς
1810 2175 1840 2192 τε
1856 2166 1902 2192 καὶ
1917 2165 1955 2192 σώ

1185 2219 1268 2246 ματος
1287 2211 1390 2238 δέδοται
1402 2219 1409 2226 ’
1431 2212 1536 2247 ἐπινοίᾳ
1553 2212 1606 2246 γὰρ
1624 2212 1693 2247 μόνη
1709 2211 1756 2238 τοῦ
1781 2212 1881 2238 οἰκείου
1902 2220 1964 2246 1:90-

349 2262 390 2285 tes
405 2258 531 2293 proprias
543 2264 646 2292 partes.
662 2266 677 2285 e
696 2258 805 2285 duobus
820 2258 854 2285 de
872 2258 983 2286 homine
999 2259 1130 2293 dicimus;
1145 2258 1172 2287 D
1184 2264 1195 2281 τ

1124 2268 1130 2293 ;
1145 2258 1172 2287 D
1184 2256 1302 2287 τιθέντες
1313 2255 1347 2282 τὰ
1364 2256 1417 2282 fama
1432 2256 1514 2291 μέρη,
1534 2256 1564 2282 τὸ
1581 2257 1613 2282 ὲκ
1628 2256 1674 2282 δύο
1696 2256 1742 2282 ἐπὶ
1766 2255 1843 2282 τοῦδέ
1858 2262 1946 2289 φαμεν
1959 2260 1964 2268 ·

347 2303 421 2338 quod
445 2292 511 2331 vero
541 2304 574 2330 ad
592 2304 736 2331 Dominum
761 2292 816 2330 no‘n
837 2303 1004 2339 imaginandi
1027 2305 1051 2331 vi
1066 2313 1133 2339 pras-

348 2350 482 2377 exsistere
497 2349 616 2377 Verbum
628 2357 683 2384 pla:
695 2350 804 2383 propria
821 2350 1020 2384 compositione
1033 2351 1132 2377 asseri-

348 2402 410 2422 mus
427 2395 498 2422 sicut
513 2395 546 2423 de
562 2395 672 2422 homine
685 2405 692 2429 ;
705 2396 728 2422 si
746 2403 810 2422 vero
830 2403 884 2422 non
899 2396 1027 2422 similiter
1047 2403 1132 2423 unum

348 2450 363 2469 e
386 2442 494 2469 duobus
519 2441 552 2468 de
573 2441 689 2468 Domino
711 2446 738 2468 et
756 2441 789 2468 de
808 2441 926 2475 simplici
942 2441 1062 2473 homine,
1082 2450 1132 2469 nec

349 2495 410 2515 cum
428 2488 507 2514 unica
524 2487 642 2514 hominis
654 2491 752 2514 natura
773 2487 897 2514 similiter
912 2487 1056 2514 Dominum
1085 2487 1133 2513 ad-

357 2539 474 2560 unamus
492 2540 498 2558 :
514 2540 574 2566 qua:
593 2532 666 2558 enim
683 2536 902 2566 proponunture
920 2539 972 2558 non
986 2532 1131 2563 similibus,

349 2577 466 2612 regulari
481 2577 643 2604 necessitate
662 2585 716 2604 non
729 2577 828 2603 similia
838 2585 844 2602 :
855 2585 909 2602 non
925 2584 990 2611 ergo
1005 2577 1060 2603 illis
1073 2585 1133 2603 "on-

348 2627 508 2650 sentaneum
531 2622 642 2656 penitus
661 2623 828 2657 exemplum,
856 2622 921 2649 licet
944 2623 1066 2649 rcaliter~
1089 2623 1132 2649 di-

348 2672 457 2694 ceretur
484 2675 548 2697 una,
573 2670 601 2693 et
625 2670 730 2693 tantum
753 2673 861 2700 semper
884 2673 938 2692 una
961 2665 1132 2692 demonstra-

349 2716 424 2739 retur
449 2711 567 2737 hominis
587 2717 694 2738 natura.

383 2758 426 2784 46.
445 2756 472 2784 Si
488 2762 587 2783 natura
612 2757 748 2791 passibilis
764 2764 827 2783 caro
843 2755 925 2783 Verbi
948 2762 1002 2781 non
1019 2755 1074 2782 visa
1091 2760 1133 2782 est

343 2802 520 2838 impassibiiis
534 2807 646 2837 propter
662 2802 855 2830 adunationcm
867 2801 900 2828 ad
919 2802 1018 2836 ipsum,
1030 2806 1132 2835 quanto

351 2850 436 2883 magis
454 2853 550 2875 natura
564 2848 737 2882 impossibile
752 2847 882 2879 Verbum,
906 2847 993 2881 ipsum
1018 2853 1072 2873 non
1090 2846 1130 2873 fa-

347 2898 463 2921 ctumcst
477 2893 604 2927 possibile
613 2899 723 2927 propter
735 2892 927 2919 adunatinncm
938 2891 970 2917 ad
987 2891 1132 2926 passibiic?

1184 2301 1228 2326 ἐπὶ
1248 2300 1277 2326 δὲ
1301 2300 1347 2326 τοῦ
1371 2300 1486 2336 Κυρίου,
1507 2301 1557 2326 οὐκ
1579 2300 1687 2335 ἐπινοίᾳ
1711 2300 1898 2335 προϋπάρχειν
1923 2299 1968 2325 τὸν

1183 2346 1268 2380 Λόγον
1283 2346 1331 2380 τῆς
1349 2346 1416 2377 ίδίας
1432 2345 1580 2377 σὺνΟέσεώς
1596 2355 1685 2380 φαμεν
1699 2346 1798 2380 ὁμοίως
1812 2345 1850 2379 τῷ
1864 2345 1963 2379 ἀνθρώ-

1184 2400 1242 2426 πῳ*
1259 2392 1283 2418 εἰ
1297 2392 1325 2418 δὲ
1338 2392 1386 2427 οὐχ
1400 2392 1499 2426 ὁμοίως
1514 2392 1543 2418 τὸ
1558 2392 1590 2417 ἐκ
1610 2392 1657 2418 δύο
1675 2393 1720 2417 ἐπὶ
1736 2391 1783 2418 τοῦ
1801 2391 1904 2426 Κυρίου
1922 2393 1967 2417 καὶ

1184 2437 1326 2472 ἀνθρώπου
1344 2437 1434 2471 ψιλοῦ.
1452 2437 1511 2463 οὐδὲ
1536 2439 1569 2472 τῇ
1591 2438 1640 2472 μιᾷ
1661 2436 1708 2463 τοῦ
1730 2436 1872 2471 ἀνθρώπου
1888 2435 1967 2470 φύσει

1183 2484 1285 2517 ὁμοίως
1303 2483 1417 2517 ὲνοῦμεν
1439 2483 1483 2508 τὴν
1503 2483 1620 2517 Κύριον·
1641 2485 1675 2509 τὰ
1702 2483 1755 2517 γὰρ
1781 2482 1810 2514 ἐξ
1834 2482 1966 2515 ἀνομοίων

1185 2529 1361 2563 συγκείμενα,
1388 2529 1503 2563 ἀνόμοια
1527 2529 1699 2563 γραμμικαϊς
1722 2528 1855 2560 ἀνάγκαις
1870 2535 1876 2540 ⁸
1915 2526 1966 2552 οὐκ

1185 2575 1238 2609 ἄρα
1264 2574 1364 2599 οἰκεῖον
1389 2574 1480 2604 αὐτοῖς
1503 2574 1592 2607 πάντη
1612 2574 1642 2599 τὸ
1667 2573 1852 2607 παράδειγμα,
1869 2572 1894 2597 εἰ
1921 2572 1967 2597 καὶ

1187 2622 1270 2653 ὅντως
1288 2622 1337 2655 μία
1354 2621 1473 2654 ἐλέγετο,
1490 2621 1536 2646 καὶ
1555 2620 1641 2654 μόνως
1659 2620 1701 2646 ἀεὶ
1727 2619 1775 2654 μία
1800 2615 1936 2644 ἐδείκνυτο
1951 2618 1967 2651 ἡ

1183 2667 1230 2692 τοῦ
1247 2664 1392 2701 ἀνθρώπου
1411 2665 1501 2700 φύσις.

1221 2759 1278 2790 pg’.
1302 2754 1331 2780 Εἰ
1357 2755 1373 2789 ἡ
1407 2754 1486 2788 φύσει
1522 2753 1628 2786 παθητὴ
1657 2752 1723 2787 σὰρξ
1749 2752 1796 2778 τοῦ
1816 2752 1900 2784 Λόγου
1917 2752 1965 2777 οὐκ

1185 2802 1261 2836 ὤφθη
1280 2800 1387 2833 ἀπαθὴς
1401 2799 1445 2825 διὰ
1459 2799 1508 2833 τὴν
1522 2799 1589 2833 πρὸς
1605 2799 1690 2824 αὐτὸν
1702 2799 1808 2830 ἕνωσιν,
1835 2798 1909 2832 πόσῳ
1933 2805 1964 2831 γε

1185 2845 1286 2879 μᾶλλον
1299 2845 1313 2869 ὁ
1332 2843 1411 2877 φύσει
1426 2842 1533 2877 ἁπαοὴς
1549 2843 1646 2876 Λόγος,
1662 2842 1741 2872 αὐτὸς
1756 2843 1784 2868 οὺ
1801 2842 1894 2875 γέγονε
1914 2851 1965 2868 πα-

1183 2891 1273 2924 ϐητὺ’,
1285 2889 1328 2915 διὰ
1345 2889 1393 2924 τὴν
1407 2889 1473 2922 πρὸς
1487 2888 1515 2913 τὸ
1533 2888 1652 2923 παθητὴν
1669 2888 1780 2920 Evnnzv;
1796 2887 1827 2912 Τί
1839 2885 1886 2913 οὗν
1900 2895 1966 2913 7:2”:-
