2144 3259
401 231 469 265 I799

1014 231 1166 262 LEONTII
1185 231 1384 262 ΒΥΖΑΝἸἹΝΙ

1943 236 2009 270 1800

433 287 478 314 ει.
494 285 522 313 Si
535 288 623 312 totum
636 283 893 318 compositiChristi
908 285 991 312 Deum
1003 290 1030 312 et
1043 286 1179 313 hominem
1195 288 1219 316 Α
1267 297 1279 313 ν

1163 295 1179 312 n
1195 288 1219 316 Α
1267 287 1313 313 νῦν.
1330 287 1359 313 El
1373 287 1402 313 τὺ
1421 287 1480 313 ὅλον
1494 287 1540 313 τοῦ
1556 289 1681 315 συνθέτου
1693 289 1811 324 Χριστοῦ
1824 290 1890 316 Θεὸν
1906 292 1951 317 καὶ
1965 293 2009 318 ἀν-

395 330 548 361 conﬁteris.
561 335 625 356 ecce
639 329 798 356 totalitatem
811 329 845 356 ab
858 329 1032 357 elﬁcientium
1044 339 1104 358 eam
1116 339 1178 366 par-

398 377 466 404 tium
477 374 635 402 nominibus
646 374 772 407 vocabis;
789 374 926 409 quomodo
937 382 1002 410 ergo
1017 381 1176 403 naturarum

396 421 584 457 duplicitatem
606 419 751 447 adunatam
777 428 830 447 non
853 420 923 449 dicis
945 428 1004 448 esse
1026 421 1175 453 Christum,

396 475 456 502 qua
469 470 533 494 sunt
544 466 653 493 Deuset
665 465 747 493 homo
758 469 889 501 etaparles
904 466 988 494 totius
1001 467 1178 502 hypostaseos

392 511 514 540 Christi?

430 557 475 584 55.
492 557 520 585 Si
536 564 590 583 nou
607 556 668 584 duae
679 555 773 584 Dei‘et
785 557 907 584 hominis
920 562 1034 590 naturae,
1049 559 1097 586 sed
1111 567 1174 593 una,

395 610 520 636 quamam
536 602 647 636 proprie
670 602 772 629 Christi
796 605 836 630 est
851 607 956 630 natura.
975 603 1046 638 Ergo
1065 604 1175 631 reaiiler

394 647 545 674 secundum
561 654 610 674 vos
626 646 730 674 Christi
749 653 849 682 parens
865 652 958 674 sancta
977 648 1056 683 Virgo
1076 653 1175 676 et-uon

394 692 441 720 Dei
457 700 556 728 parcns
572 693 720 725 diceretur,
736 701 797 728 quae
813 698 939 721 naturam
953 694 1066 727 alterum
1082 702 1097 721 a
1112 695 1178 722 sim~

394 738 502 772 pliciter
514 738 606 765 divina
620 743 647 765 et
659 738 780 765 humana
797 739 931 773 genuerit.

428 783 471 810 56.
486 783 583 810 Adhuc
595 791 610 810 a
624 783 807 811 diﬁ'erentiam
826 785 982 812 dicentibus
993 790 1021 812 et
1032 793 1085 813 non
1099 785 1177 812 diﬁ‘e-

394 827 481 854 reulia
498 828 708 855 numerantibus
722 829 916 862 inquirendum
931 838 937 856 :
952 830 1029 863 quasi
1047 829 1175 857 distincta

394 873 476 900 verbo
492 873 609 900 dicimus
623 878 650 901 et
670 881 724 901 non
743 875 820 908 quasi
836 875 946 902 deﬁnita
967 875 1174 911 hypostasibus;

393 926 488 944 nonue‘
503 918 691 946 deﬁnitionem
708 920 804 947 dicunt
824 924 887 947 ante
909 920 1091 948 diﬁ‘erenliam
1115 929 1175 948 esse

1232 332 1341 367 θρωπον
1353 333 1504 366 ὁμολογεῖς,
1524 333 1577 359 ἰδοὺ
1594 334 1642 367 τὴν
1656 334 1771 368 ὁλότητα
1793 336 1827 370 τῇ
1847 335 1900 362 τῶν
1915 336 2011 364 (imre-

1231 377 1362 402 λεστιχῶν
1379 378 1462 412 αὐτῆς
1489 377 1579 412 μερῶν
1609 379 1752 414 ἐπωνυμία
1780 381 2009 416 προσαγορεύεις·

1231 422 1289 452 πῶς
1306 421 1353 448 οὖν
1369 422 1416 456 τὴν
1434 422 1516 448 δυάδα
1529 423 1583 449 τῶν
1598 423 1702 457 φύσεων
1720 424 1862 459 ἡνωμένην
1881 426 1911 452 οὗ
1923 426 2010 460 λέγεις

1231 465 1300 493 εἶναι
1316 468 1441 503 Χριστὸν,
1460 468 1491 494 at!
1503 469 1555 495 εἰσι
1566 468 1632 500 Θεὸς
1648 469 1693 495 καὶ
1709 469 1861 502 ἄνθρωπος,
1876 472 1922 497 καὶ
1941 472 2010 507 μέρη

1228 511 1279 545 ιιῆς
1297 511 1360 546 ὅλης
1377 512 1550 543 ὑποστάσεως
1566 512 1700 547 Χριστοῦ;

1267 557 1313 584 νε’.
1331 558 1362 584 El
1387 559 1425 593 μὴ
1440 558 1485 585 δύο
1514 559 1608 592 φύσεις
1628 557 1696 586 Θεοῦ
1715 560 1761 586 καὶ
1776 559 1930 595 ἀνθρώπου,
1944 562 2010 588 ἀλλὰ

1234 604 1293 637 μία,
1309 603 1350 632 τίς
1376 604 1447 634 ἰδίως
1462 604 1576 639 Χριστοῦ
1592 604 1650 631 ἐστὶ
1673 605 1773 638 φύσις;
1792 605 1862 639 Ἄρα
1877 612 1908 640 γε
1927 607 2010 639 ὅντως

1232 648 1293 674 καθ’
1314 647 1387 682 ὑμᾶς
1410 648 1621 682 Χριστοτόκοςὴ
1649 648 1714 682 ἁγία
1740 649 1876 684 Παρθένος
1907 650 1952 676 καὶ
1979 652 2009 677 οὐ

1230 692 1359 727 Θευτόχος
1376 693 1491 727 λέγοιτο,
1516 693 1596 727 φύσιν
1618 693 1715 728 ἑτέραν
1740 694 1817 729 παρὰ
1843 695 1893 730 τὴν
1916 695 2010 727 ἁπλῶς

1230 738 1304 765 θείαν
1322 739 1367 765 καὶ
1383 738 1556 773 ἀνθρωπείαν
1569 738 1696 766 τεκοῦσα.

1265 787 1318 816 νςθ.
1339 784 1398 810 Ἔτι
1415 784 1564 818 ἐρωτητέον
1588 784 1686 814 αὐτοὺς
1703 784 1832 818 λέγοντας
1841 785 1895 820 τὴν
1916 785 2008 820 διαφο-

1231 831 1290 865 ρὰν,
1302 830 1349 856 καὶ
1366 830 1416 856 οὐκ
1429 828 1610 864 ἁριϐμοῦντας
1624 829 1658 855 τὰ
1673 829 1844 864 διαφέροντα·
1862 831 1900 862 ὡς
1916 830 2008 858 διακι-

1229 875 1346 912 κριμένα
1358 875 1396 910 τῷ
1411 875 1482 910 λὴγῳ
1495 881 1594 910 φαμεν,
1608 876 1653 902 καὶ
1666 876 1714 910 οὐχ
1727 876 1765 906 ὼς
1777 876 1941 912 διωρισμένα
1948 878 2008 910 ταις

1230 921 1418 948 ὕποστάσεσιν·
1433 919 1493 956 ἆρά
1516 929 1581 955 φασι
1603 921 1647 947 τὸν
1665 920 1804 956 διορισμὸν
1817 923 1868 957 πρὸ
1884 922 1933 956 τῆς
1952 922 2008 949 δια-

393 967 507 995 ιιιιιυηε,
529 971 562 989 an
585 971 647 990 cum
664 964 838 992 diﬁerentia?
853 964 881 992 Si
901 973 966 1000 ergo
986 966 1096 1000 quidem
1113 970 1176 993 ante
1191 967 1213 996 B
1228 974 1239 999 ιι

1162 973 1176 993 e
1191 967 1213 996 B
1228 966 1314 1001 φορᾶς.
1325 959 1395 991 εἶναι
1410 965 1525 1000 (ademi)
1541 966 1589 992 σὺν
1605 967 1636 1001 τῇ
1649 965 1781 1000 διαφορᾷ;
1796 966 1827 992 El
1842 964 1945 1000 μὲνοῦν
1956 966 2008 999 πρὸ

392 1008 573 1035 rliﬁ‘erentiam
592 1009 720 1042 dixerint,
736 1011 787 1037 erit
805 1016 833 1038 et
846 1011 880 1038 de
895 1012 1008 1038 omnino
1023 1019 1076 1040 non
1093 1011 1173 1038 ditfe-

393 1053 517 1080 rentibus
531 1053 665 1086 deﬁnitio,
682 1054 754 1082 sicut
768 1055 938 1082 deﬁniuntur
952 1059 980 1083 et
994 1059 1135 1090 punctum,
1149 1060 1177 1082 et

393 1099 483 1125 unitas
497 1104 525 1126 ct
543 1099 667 1134 spiritus,
682 1105 710 1126 el.
726 1100 782 1134 ipsa
797 1100 1063 1135 diﬁ‘orentiaaexpers
1084 1101 1176 1127 divina

392 1149 508 1176 natura;
533 1149 561 1171 et
579 1152 633 1172 una
646 1152 710 1179 ergo
727 1145 793 1180 ipsis
815 1151 911 1173 natura
932 1146 1082 1173 secundum
1103 1146 1176 1180 quod

393 1189 473 1217 unica
486 1189 633 1222 deﬁnitur;
649 1197 730 1224 porro
743 1190 895 1217 secundum
910 1191 983 1225 quod
995 1191 1135 1223 delinitur,
1149 1194 1175 1218 ct

392 1243 407 1261 a
427 1243 543 1262 numero
566 1235 712 1268 discessit;
731 1244 781 1263 nec
802 1236 877 1263 unici
897 1236 999 1263 Christi
1018 1244 1173 1269 numerum,

390 1279 439 1306 scd
461 1283 489 1306 et
504 1279 623 1314 Spiritus
639 1280 685 1314 qui
703 1280 730 1306 in
747 1280 806 1315 ipso
819 1285 861 1308 est
877 1281 1078 1315 particulariter
1089 1285 1116 1308 ct
1131 1281 1174 1307 di-

392 1325 515 1352 vinitatis
531 1333 592 1359 quae
609 1326 636 1352 in
660 1325 719 1360 ipso
736 1331 778 1352 est
799 1326 866 1353 dant
887 1334 1049 1360 numerum;
1068 1327 1090 1354 si
1108 1334 1174 1354 vero

392 1378 455 1396 cum
468 1370 633 1402 diﬁ‘erentia,
645 1376 693 1398 aut
707 1376 767 1405 post
779 1371 973 1404 diﬁerentiam,
984 1371 1172 1399 deﬁnitionem

393 1416 548 1443 necessario
565 1416 659 1443 vident
674 1416 870 1449 diﬁerenlium,
889 1418 1025 1452 quomodo
1041 1418 1174 1445 differen-

392 1462 458 1488 tiam
474 1461 609 1493 dicentes,
620 1461 808 1489 deﬁnitionem
826 1462 1012 1489 diﬁ‘crentium
1027 1463 1098 1490 circa
1114 1471 1176 1490 ver-

393 1507 457 1534 bum
481 1513 535 1534 non
562 1506 672 1534 dicunt?
698 1507 732 1534 Et
758 1508 896 1542 quomodo
921 1515 974 1534 non
1000 1515 1034 1535 ex
1051 1509 1174 1535 omnium

390 1560 525 1580 consensu
548 1556 576 1579 et
592 1556 699 1579 servata
718 1553 883 1580 adunatione
906 1553 1057 1580 secundum
1075 1553 1174 1580 horum

392 1597 571 1632 hypostasim,
583 1605 614 1624 ea
625 1605 686 1631 qua:
697 1598 780 1625 verbo
792 1598 923 1625 diﬁerunl
937 1602 965 1624 et
979 1598 1174 1626 diﬁ'crentibus

392 1643 590 1670 definientibus
631 1643 724 1670 verbis
745 1643 821 1676 quasi
838 1643 1002 1679 quibusdam
1037 1643 1172 1671 limitibus

393 1687 504 1714 deﬁnita
523 1688 690 1715 munerant?

1228 1011 1275 1045 τῆς
1292 1010 1420 1045 διαφορᾶς
1436 1010 1547 1043 εἴποιεν,
1559 1010 1634 1036 ἔσται
1660 1011 1706 1036 καὶ
1720 1011 1747 1036 ἐν
1761 1013 1815 1042 τοῖς
1827 1012 1916 1045 πάντη
1931 1011 2007 1038 ἀδια-

1228 1057 1321 1091 φόροις
1337 1057 1351 1082 6
1366 1056 1514 1091 διορισμὸς,
1539 1056 1577 1087 ὡς
1598 1055 1738 1091 διωρίσθαι
1754 1056 1800 1082 καὶ
1818 1055 1946 1091 στιγμὴν,
1961 1056 2008 1082 καὶ

1231 1101 1342 1135 μονάδα,
1358 1101 1404 1127 καὶ
1427 1101 1504 1132 νοῦν,
1524 1100 1572 1127 καὶ
1596 1101 1680 1135 αὐτὴν
1701 1101 1750 1135 τὴν
1772 1100 1916 1135 ἀδιάφορον
1932 1101 2007 1127 θείαν

1230 1148 1319 1181 φύσιν·
1333 1148 1379 1173 καὶ
1394 1148 1410 1182 ἡ
1424 1146 1473 1181 μία
1489 1145 1535 1174 οὖν
1550 1147 1643 1178 αὐτοῖς
1658 1147 1747 1181 φύσις,
1767 1147 1827 1174 καθ’
1855 1147 1869 1173 6
1895 1148 1955 1181 μῖα,
1969 1147 2008 1173 δι-

1229 1192 1355 1228 ώρισται·
1370 1193 1420 1219 καθ
1451 1193 1464 1219 ὃ
1479 1193 1506 1219 δὲ
1521 1192 1672 1227 διώρισται,
1685 1193 1730 1218 καὶ
1740 1192 1848 1228 ἀριθμῷ
1862 1193 2005 1219 ὑπέπεσεν·

1227 1239 1258 1265 οὐ
1276 1239 1356 1273 μόνου
1371 1247 1399 1264 τε
1413 1237 1530 1273 Χριστοῦ
1542 1237 1667 1272 ἀριθμὸν,
1682 1237 1749 1264 ἀλλὰ
1766 1238 1812 1264 καὶ
1830 1237 1876 1263 τοῦ
1895 1238 1923 1264 ὲν
1935 1237 2007 1272 αὐτῷ

1226 1284 1272 1310 νοῦ
1290 1284 1340 1317 ἰδίᾳ
1354 1284 1400 1310 καὶ
1415 1284 1463 1318 τῆς
1477 1285 1506 1309 ὲν
1524 1282 1597 1318 αὐτῷ
1610 1282 1734 1318 θεότητος
1749 1282 1865 1309 διδόασιν
1880 1282 2004 1318 ἀριθμόν·

1227 1330 1251 1356 εί
1267 1329 1292 1356 δὲ
1307 1330 1355 1356 σὺν
1370 1330 1402 1364 τῇ
1416 1329 1542 1363 διαφορᾷ,
1558 1328 1574 1362 ἢ
1600 1329 1667 1363 μετὰ
1679 1329 1727 1363 τὴν
1752 1327 1894 1362 διαφορὰν,
1910 1328 1956 1354 τὸν
1967 1328 1992 1354 δι

1226 1374 1339 1409 ορισμδν
1363 1373 1516 1407 ἀναγκαίως
1538 1372 1622 1407 ὁρῶσι
1645 1372 1698 1398 τῶν
1722 1372 1922 1407 διαφερόντων,
1950 1372 2007 1403 πῶς

1228 1419 1363 1454 διαφορὰν
1378 1419 1505 1452 λέγοντες
1531 1418 1577 1444 τὸν
1590 1417 1660 1444 κατὰ
1673 1418 1718 1444 τὸν
1740 1418 1819 1451 λόγον
1842 1419 1898 1445 τῶν
1915 1419 2008 1452 διαφε-

1229 1467 1331 1500 ρόντων
1360 1463 1497 1500 διορισμὸν
1513 1462 1543 1489 οὗ
1560 1471 1641 1497 φασι,
1666 1463 1715 1489 καὶ
1726 1460 1947 1497 ὁῳλογοὺμένως
1960 1464 2008 1490 aut

1228 1501 1276 1546 τῆς
1290 1510 1350 1538 καθ⁴
1366 1510 1512 1537 ὑπόστασιν
1529 1508 1618 1536 αὐτῶν
1645 1509 1767 1540 ἑνώσεως
1784 1510 2007 1545 φυλαττομένης,

1228 1557 1263 1582 τὰ
1284 1556 1448 1591 διαφέροντα
1479 1555 1600 1591 τῷλόγῳ
1628 1556 1674 1582 καὶ
1700 1556 1836 1591 διαφόρου,
1862 1556 2009 1592 optentui;

1227 1601 1316 1636 λόγοις
1333 1599 1388 1628 οἷόν
1410 1609 1480 1627 τισιν
1495 1601 1566 1634 ὅροις
1592 1598 1764 1636 διοριζόμενα
1786 1601 2007 1637 ἀπαριθμοῦσινς

426 1734 471 1761 57.
489 1734 625 1761 Numerus
640 1739 687 1761 aut
703 1743 768 1769 prae,
790 1740 838 1763 aut
853 1743 905 1762 una
925 1741 973 1764 aut
989 1741 1050 1771 post
1066 1736 1174 1763 exsistit
1188 1737 1209 1766 c
1261 1743 1272 1759 ν

1165 1740 1174 1762 ι
1188 1737 1209 1766 c
1261 1732 1308 1765 νζν.
1317 1733 1346 1759 '0
1358 1731 1474 1767 ἀριθμὸς
1487 1731 1503 1766 ἢ
1521 1731 1691 1766 προῦπάρχει
1704 1732 1718 1766 ἦ
1736 1733 1902 1768 συνυπάρχει
1915 1733 1931 1768 ἢ
1946 1734 2009 1769 μεθ-

393 1780 506 1807 relative
523 1780 556 1808 ad
575 1780 774 1814 diﬁerentiam;
792 1781 975 1810 diﬁ'erentiam
993 1789 1059 1817 ergo
1074 1782 1176 1809 aduna-

393 1831 483 1853 tarum
494 1825 601 1853 Domini
613 1830 772 1854 naturarum
783 1828 830 1861 qui
841 1827 1016 1859 conﬁtentur,
1030 1836 1174 1856 numerum

392 1872 465 1899 circa
488 1871 573 1906 ipsam
600 1878 698 1908 nempe
724 1873 878 1901 diﬁ'erentia
900 1874 1021 1908 negotia,
1040 1874 1175 1908 siquidem

393 1922 457 1945 ante
470 1917 556 1952 ipsam
574 1923 692 1948 noscunt
708 1927 865 1951 numerum,
881 1919 973 1946 dicant
991 1920 1037 1946 ubi
1051 1919 1176 1947 videntes

394 1964 445 1991 ista
461 1967 508 1991 aut
530 1972 595 1991 sane
611 1964 718 1991 diversa
735 1969 959 1997 numeraverunt,
977 1969 1006 1991 ut
1020 1973 1053 1991 cx
1069 1965 1176 1992 duabus

392 2006 511 2037 diversis
525 2009 592 2043 ipsis
603 2010 639 2036 sit
651 2017 705 2038 una
721 2014 818 2036 natura
837 2015 884 2036 aut
898 2010 1054 2038 diﬁ'erenlia
1067 2017 1173 2045 expers.

392 2055 503 2089 quando
525 2055 613 2083 divisa
633 2061 677 2083 est
700 2056 910 2083 similitudinem
935 2056 1049 2089 habens,
1065 2056 1174 2090 quando

391 2100 510 2127 adunata
527 2104 569 2127 est
584 2107 640 2134 pra:
657 2108 686 2127 se
705 2100 873 2132 admittens;
892 2101 993 2128 δῖνοι-ο
1010 2109 1072 2128 cum
1095 2101 1175 2128 «υσε-

394 2145 483 2172 rentia
499 2149 547 2172 aut
560 2149 622 2180 post
636 2145 720 2179 ipsam
739 2153 870 2172 numerus
884 2150 937 2178 est,
952 2147 1109 2173 necessario
1124 2146 1176 2173 dif-

392 2190 537 2217 ferentiam
551 2190 657 2222 dantes,
675 2193 724 2216 aut
742 2197 804 2217 cum
829 2189 885 2224 ipsa
900 2194 947 2216 aut
962 2195 1073 2225 propter
1089 2190 1174 2224 ips'am

392 2239 423 2262 et
443 2242 535 2261 rerum
557 2224 743 2261 differentium
770 2241 915 2261 numerum
939 2224 1011 2269 διιίεὶ
1033 2235 1174 2262 videbunt.

430 2278 473 2306 58.
490 2278 519 2305 Si
533 2285 615 2305 unam
631 2284 646 2305 e
658 2277 775 2309 duabus,
788 2285 840 2304 nec
850 2278 967 2312 amplius
983 2277 1052 2305 duas
1065 2283 1176 2306 naturas

395 2323 502 2352 Domini
524 2324 610 2353 nostri
626 2325 689 2352 Iesu
707 2324 808 2352 Christi
829 2333 889 2352 esse
908 2325 995 2356 aiunt,
1014 2324 1116 2358 dicanl,
1132 2324 1175 2352 di-

394 2369 458 2396 vina
467 2369 629 2396 relationem
639 2369 673 2396 de
682 2369 820 2396 communi
830 2374 858 2396 et
864 2369 1020 2404 particulari
1029 2374 1177 2404 superante

1229 1779 1348 1813 υπάρχει
1377 1779 1427 1811 τῆς
1449 1777 1581 1810 διαφορᾶς
1599 1777 1722 1808 πάντως·
1743 1778 1790 1811 τὴν
1811 1775 1856 1803 οὖν
1877 1778 2009 1814 διαφορὰν

1227 1825 1282 1851 τῶν
1293 1823 1438 1859 ἡνωμένων
1453 1822 1558 1857 φύσεων
1572 1822 1618 1848 τοῦ
1637 1823 1740 1857 Κυρίου
1762 1823 1786 1848 oi
1804 1823 2007 1858 ὁμολογοῦντες,

1228 1869 1274 1896 τὸν
1292 1868 1407 1903 ἀριθμὸν
1429 1868 1474 1893 τὸν
1498 1867 1559 1893 κατ’
1576 1867 1658 1900 αὐτὴν
1669 1887 1676 1898 ,
1691 1867 1775 1901 ἣγουν
1797 1867 1831 1893 τὰ
1848 1868 2008 1903 διαφέροντα

1229 1915 1389 1949 πράγματα,
1404 1914 1428 1939 ei
1444 1913 1490 1946 μὲν
1504 1913 1557 1947 πρὸ
1572 1912 1653 1947 αὐτῆς
1668 1912 1753 1943 ἴσασι,
1770 1912 1937 1946 λεγέτωσαν,
1957 1913 2008 1940 τοῦ

1231 1960 1328 1991 ἰδόντες
1343 1958 1412 1985 αὐτὰ
1426 1959 1443 1993 ἢ
1459 1958 1524 1984 πότε
1537 1958 1652 1992 διάφορα
1670 1957 1836 1992 ἠρίθμησαν,
1852 1958 1896 1984 ἵνα
1919 1960 1950 1984 ὲκ
1963 1958 2009 1985 δύο

1231 2005 1279 2040 μὲν
1291 2005 1425 2040 διαφόρων
1444 2005 1492 2038 μία
1505 2004 1533 2030 δὲ
1546 2003 1626 2038 φύσις
1642 2004 1683 2039 εἴη
1702 2005 1793 2035 αὐτοῖς
1804 2004 1850 2030 νῦν
1866 2005 1881 2039 ἢ
1896 2001 2005 2039 ἀδιάφο-

1229 2058 1285 2085 ρος,
1310 2050 1354 2075 ὅτε
1377 2049 1495 2075 διίστατο
1508 2048 1607 2083 ἔχουσα
1627 2048 1656 2074 τὸ
1670 2048 1772 2082 ὅμοιον,
1791 2049 1835 2074 ὅτε
1858 2048 1887 2075 δὲ
1916 2049 2006 2084 ήνώθη

1227 2095 1290 2122 τάδε
1305 2094 1424 2120 λαϐοῦσα
1438 2094 1469 2120 τὺ
1485 2094 1621 2129 διάφορον·
1645 2095 1668 2120 εἰ
1691 2093 1719 2120 δὲ
1741 2094 1788 2120 σὺν
1804 2095 1836 2129 τῇ
1849 2094 1975 2129 διαφορᾷ,
1991 2094 2007 2129 ἢ

1231 2142 1299 2176 μετὰ
1312 2141 1415 2175 ταύτην
1431 2141 1445 2166 6
1465 2141 1581 2175 ἀριθμός
1599 2142 1682 2170 ἐστιν,
1699 2141 1856 2173 ὰναγκαῐως
1877 2141 2008 2176 διαφορὰν

1228 2177 1360 2222 δόντες.τῆ
1382 2188 1429 2213 σὺν
1453 2187 1538 2220 αὐτῇ,
1565 2185 1580 2220 ἢ
1604 2186 1647 2211 ἐπ’
1663 2185 1741 2221 αὐτῇ,
1764 2185 1811 2212 καὶ
1833 2186 1877 2212 τὸν
1894 2187 2007 2221 αριθμὸν

1229 2233 1282 2259 τῶν
1297 2232 1479 2267 διαφερόντων
1493 2231 1749 2265 είσπραχθήσονται.

1264 2277 1314 2312 νη’.
1329 2278 1360 2304 Et
1381 2277 1444 2312 μίαν
1459 2278 1491 2303 ὲκ
1513 2277 1570 2308 δύο,
1584 2276 1644 2310 οὐχὶ
1666 2275 1694 2301 δὲ
1717 2276 1764 2302 καὶ
1780 2275 1827 2302 δύο
1844 2276 1937 2310 φύσεις
1959 2276 2004 2302 τοῦ

1229 2323 1332 2358 Κυρίου
1349 2322 1427 2358 ἡμῶν
1451 2322 1538 2356 Ἰησοῦ
1559 2320 1674 2356 Χριστοῦ
1686 2319 1755 2347 εἷναί
1768 2329 1844 2354 φασι,
1855 2321 2009 2354 λεγέτωσαν

1229 2369 1367 2403 τῆςλθείας
1380 2368 1449 2402 ὑπὲρ
1462 2368 1507 2393 τὸν
1518 2366 1564 2393 τοῦ
1579 2366 1667 2393 κοινοῦ
1684 2367 1729 2392 καὶ
1745 2366 1828 2392 ίδικοῦ
1839 2366 1916 2400 λόγον
1927 2366 2010 2400 οὔσης

393 2420 429 2440 ex
451 2414 572 2440 omnium
596 2420 731 2440 consensu
748 2417 864 2445 natura,
889 2414 1001 2440 alteram
1025 2413 1142 2440 duarum
1164 2422 1179 2441 e
1196 2411 1239 2448 υς

1164 2422 1179 2441 e
1196 2411 1216 2438 Ι)
1231 2415 1338 2449 φύσεως
1353 2412 1585 2447 ὁμολογουμένως,
1610 2412 1658 2446 τὴν
1679 2411 1774 2446 ἑτέραν
1797 2411 1850 2438 τῶν
1866 2411 1913 2438 δύο
1928 2411 1957 2444 ἐξ
1973 2408 2009 2438 ὦν

392 2458 495 2494 quibus
518 2458 652 2490 Salvator,
675 2458 781 2485 scilicet
805 2458 1014 2487 huminitatem,
1032 2466 1176 2493 quamnam

393 2504 510 2531 dicunt?
534 2503 729 2535 Communem,
754 2508 801 2530 aut
826 2503 1040 2538 particularem?
1063 2503 1090 2531 Si
1113 2511 1179 2539 ergo

394 2548 506 2584 quidem
526 2548 718 2582 particularem
732 2548 875 2583 quamdam
893 2552 1018 2575 naturam
1033 2548 1181 2583 particula-

396 2594 465 2621 riter
478 2594 659 2621 exsistenlem
671 2594 810 2629 etabsque
824 2594 915 2622 Verbo
928 2594 998 2622 forte
1011 2595 1082 2622 hanc
1098 2602 1182 2622 exco—

397 2640 495 2675 gitant,
510 2641 685 2674 perspicuum
700 2645 743 2667 est
756 2640 829 2674 quod
849 2640 1038 2668 Nestorianam
1054 2641 1178 2676 impieta-

397 2689 452 2712 tem
477 2689 627 2712 sectantur.
653 2685 681 2713 Si
705 2693 877 2713 communem
901 2685 972 2713 hanc
995 2685 1106 2718 dicunt,
1131 2690 1178 2713 aut

397 2731 573 2765 cogitatione,
599 2735 646 2757 aut
668 2738 708 2762 re,
733 2731 816 2758 totius
832 2739 897 2757 vero
917 2731 1009 2758 format
1030 2732 1177 2758 essentiam

397 2776 492 2808 aiunt;
514 2776 537 2803 si
562 2783 628 2811 ergo
649 2776 761 2811 quidem
787 2777 953 2811 cogitatione
977 2777 1073 2804 dicunt
1097 2785 1178 2804 unam

399 2829 568 2849 esseearum
590 2829 605 2847 e
627 2822 728 2856 quibus
744 2822 868 2849 Salvator
889 2823 1056 2857 compositus
1071 2827 1113 2849 est
1126 2829 1181 2850 una

399 2871 496 2894 natura
522 2872 666 2899 constans,
694 2869 871 2902 perspicuum
905 2872 947 2895 est
971 2868 1044 2903 quod
1068 2868 1183 2895 rationis

400 2912 533 2939 naturalis
545 2913 618 2940 circa
641 2913 730 2947 ipsum
747 2913 836 2940 media
859 2920 931 2948 pars,
949 2913 1112 2948 cogitatione
1130 2913 1200 2940 erit.

400 2961 428 2985 et
453 2965 507 2985 non
530 2965 569 2991 re,
592 2958 697 2987 scilicet
720 2958 870 2986 humanum
893 2966 955 2993 pars
978 2958 1184 2993 compositionis

1229 2461 1244 2486 6
1258 2461 1363 2494 Σωτὴρ,
1383 2459 1466 2494 ἤγουν
1483 2459 1530 2493 τὴν
1545 2458 1728 2492 ἀνθρωπείαν,
1743 2457 1839 2483 ὁποίαν
1856 2457 1940 2490 φασί;
1955 2466 2010 2483 κοι-

1230 2505 1289 2540 νὴν,
1304 2505 1319 2538 ἢ
1336 2504 1424 2538 ίδικήν
1436 2512 1442 2535 ς
1455 2504 1486 2530 El
1504 2503 1553 2537 μὲν
1567 2501 1613 2529 οὖν
1638 2502 1723 2537 ίδικην
1736 2511 1796 2528 τινα
1814 2502 1966 2533 ίδιάζουσάν
1980 2509 2010 2527 τε

1231 2552 1315 2586 χωρὶς
1329 2550 1376 2576 τοῦ
1386 2549 1471 2583 Λόγου
1490 2548 1554 2574 ποτὲ
1570 2548 1670 2583 ταύτην
1685 2548 1796 2579 οἴονται,
1814 2547 1893 2582 δῆλον
1906 2547 1943 2578 ὡς
1956 2547 1994 2573 Νε
2003 2561 2011 2566 ~

1232 2596 1378 2631 στοριανῶς
1393 2595 1553 2622 ἀσεϐοῦσιν·
1570 2595 1595 2620 εἰ
1617 2594 1645 2620 δὲ
1669 2593 1761 2628 κοινὴν
1782 2592 1860 2628 τήνδε
1876 2593 2010 2627 λέγουσιν,

1231 2642 1248 2678 ἢ
1271 2643 1320 2676 τὴν
1343 2641 1457 2676 ἐπινοίᾳ,
1472 2640 1489 2675 ἢ
1504 2639 1553 2674 τὴν
1576 2639 1728 2674 πράγματι,
1746 2639 1807 2665 ὅλου
1819 2638 1848 2665 δὲ
1865 2638 1910 2664 τοῦ
1926 2637 2012 2668 εἴδους

1231 2687 1324 2713 οὐσίαν
1339 2685 1432 2717 φασίν.
1455 2685 1485 2711 Et
1503 2685 1551 2719 μὲν
1573 2682 1619 2710 οὖν
1635 2684 1683 2718 τὴν
1703 2683 1809 2718 ἐπινοίᾳ
1822 2683 1931 2716 λέγουσι
1948 2681 2013 2717 μίαν

1231 2727 1368 2755 εἶναιτῶν
1383 2728 1413 2760 ἐξ
1434 2725 1471 2754 ὧν
1495 2728 1509 2752 6
1529 2727 1624 2762 Σωτὴρ
1639 2726 1764 2758 σύνθετός
1782 2727 1839 2753 ἐστι
1861 2727 1933 2752 κατὰ
1950 2726 2014 2761 μίαν

1233 2774 1312 2808 φύσιν
1326 2774 1460 2808 ὑφεστὼς,
1481 2773 1565 2807 σαφὲς
1581 2772 1618 2803 ὡς
1643 2771 1673 2798 τὸ
1693 2771 1777 2806 ἥμισυ
1790 2771 1836 2798 τοῦ
1858 2771 1917 2798 κατ’
1933 2771 2015 2798 αὑτὸν

1233 2819 1349 2854 φυσικοῦ
1362 2819 1453 2852 λόγου,
1468 2816 1574 2852 ἐπινοίᾳ
1584 2817 1659 2843 ἔσται
1674 2816 1743 2850 ἔχων
1753 2818 1800 2843 καὶ
1815 2817 1846 2842 οὑ
1860 2817 2014 2852 πράγματι,

1234 2866 1317 2900 ἦγουν
1329 2865 1364 2891 τοι
1372 2863 1542 2898 ἀνθρώπινον
1562 2863 1642 2896 μέρος
1656 2862 1705 2896 τῆς
1720 2862 1869 2892 συνθέσεως
1884 2861 1978 2887 αὐτοῦ’
1990 2861 2015 2886 εἰ

1234 2912 1262 2938 δὲ
1277 2910 1349 2938 κατὰ
1362 2910 1441 2936 τοῦτο
1456 2909 1503 2935 καὶ
1525 2909 1557 2935 ὲκ
1572 2909 1621 2943 τῆς
1636 2907 1775 2943 Παρθένου
1789 2907 1949 2942 σαρκοῦται,
1966 2907 2016 2933 καὶ

1235 2956 1386 2992 ἀνθρώποις
1410 2954 1514 2990 ὼράθη.
1534 2953 1582 2982 καὶ
1609 2953 1779 2988 ἐσταυρώθη,
1803 2953 1852 2980 καὶ
1868 2953 1903 2979 τὰ
1921 2952 2015 2986 λοιπὰ,
