2144 3266
359 207 428 240 1803

977 213 1131 244 LEONTII
1151 215 1353 245 BYZANTINI

1848 226 1852 230 '
1910 218 1978 250 1804

356 268 404 292 aut
418 261 516 296 forma,
537 267 709 291 autnumcro
723 272 808 292 unum
827 272 886 293 esse
904 266 1007 301 aliquid
1027 268 1142 296 dicunt:
1157 271 1182 300 Α
1196 269 1202 295 ί

1135 276 1142 296 :
1157 271 1182 300 Α
1196 269 1256 305 θμῷ
1284 270 1313 296 ἓν
1327 267 1397 297 εἷναί
1413 278 1438 296 τι
1450 269 1569 302 λέγουσι·
1585 271 1661 306 παρὰ
1676 271 1729 307 γὰρ
1745 271 1819 306 τάδε,
1833 273 1934 308 ἑτέρως
1945 273 1976 302 ἓν

355 310 456 342 praeter
479 307 531 335 ista
555 308 644 341 enim,
672 309 752 336 aliter
774 318 858 337 unum
875 311 940 346 quid
969 313 1060 341 dicere
1087 321 1142 340 non

355 353 488 381 valemus.
504 353 598 388 Itaque
618 354 641 382 si
659 355 769 383 nomine
787 365 872 384 unum
888 357 1024 393 quoddam
1040 358 1142 386 factum

355 404 407 432 est,
425 403 528 427 tantum
545 400 728 429 similitudine
741 402 932 438 appellationis
946 404 1064 431 adunata
1079 411 1142 432 sunt

354 444 410 471 duo
432 443 505 478 haec,
522 445 631 473 diversa
649 453 715 473 vero
737 451 837 474 natura
859 452 887 474 et
908 447 1090 484 incomposita
1107 449 1141 477 ad

353 489 471 518 invicem
480 490 569 518 adhuc
580 493 655 524 sunt,
669 495 697 519 et
712 491 794 519 homo
806 496 923 523 tantum.
934 497 982 521 aut
993 494 1065 521 Deus
1080 498 1141 522 tan-

352 539 422 568 tum,
432 540 480 563 aut
489 535 564 563 aliud
579 535 716 572 quoddam
728 537 802 572 quod
817 545 868 566 nec
882 538 941 572 Dei,
952 547 1004 567 nec
1019 540 1140 568 hominis

352 589 453 609 nomen
463 581 562 609 retinet
577 581 610 609 de
626 586 743 617 utroque
765 583 970 617 prtedicabitur.
994 584 1023 612 Si
1046 590 1138 613 autem

351 634 452 662 genere
467 630 509 654 est
522 635 607 654 unum
622 627 782 656 exsistensa
796 636 851 663 quo
865 629 1011 657 coniicitur
1024 630 1097 658 Deus
1111 635 1140 658 et

352 672 445 705 homo,
463 672 585 708 ejusdem
607 673 716 709 generis
732 681 798 710 ergo
814 674 872 702 haec
889 683 896 702 :
915 683 965 703 cur
981 683 1047 711 ergo
1062 683 1139 703 com-

351 726 435 746 mune
452 718 518 753 ipsis
534 718 675 754 magisque
695 720 852 748 universale
870 721 919 748 Dei
934 729 1020 757 genus
1035 729 1141 757 quaere-

351 771 379 791 re
415 763 611 799 satagendum?
636 763 780 797 Quomodo
802 773 896 801 porro,
924 766 999 794 illius
1020 768 1140 795 recentis

350 810 526 838 adunationis
542 810 697 844 occasione,
717 811 785 838 illud
806 811 1030 847 antiquissimum
1053 821 1140 848 genus

349 857 384 884 ab
399 856 466 892 ipsis
478 856 661 892 excogitatum
677 857 737 885 est?
753 857 780 885 Si
797 865 863 885 vero
882 857 970 885 f0rma
990 866 1075 886 unum
1096 859 1139 886 di-

349 905 426 935 cunt,
443 901 498 930 duo
515 902 628 930 omnino
648 906 695 930 aut
722 903 802 938 plura
835 907 919 930 erunt
950 903 1092 932 individua
1110 905 1138 932 in

350 948 421 983 ipso,
439 948 466 975 id
487 952 538 981 est,
553 948 733 984 hypostases;
749 953 777 976 et
790 948 818 975 in
834 948 942 976 duabus
955 950 1081 984 personis
1097 950 1139 977 vel
1153 940 1176 970 Β

351 994 378 1022 ίη
399 994 527 1030 pluribus
549 995 685 1030 cogitatur
700 994 844 1028 Christus;
867 994 975 1023 unicam
990 1003 1056 1024 vero
1080 997 1138 1024 for-

351 1048 424 1068 mam
446 1044 474 1068 et
493 1040 647 1068 divinitatis
669 1044 696 1068 et
711 1040 893 1069 humanitatis
915 1049 975 1069 esse
1001 1042 1139 1078 quomodo

351 1087 585 1120 ratiocinandum,
611 1087 749 1114 intellectu
775 1088 864 1123 majus
884 1092 936 1115 est.
965 1087 994 1115 Si
1017 1095 1084 1116 vero
1106 1088 1140 1116 de

350 1133 412 1161 istis
428 1133 497 1160 nihil
513 1132 614 1160 rationi
637 1135 863 1165 consentaneum,
881 1134 1037 1161 necessario
1054 1141 1139 1161 unum

349 1186 466 1207 numero
480 1186 551 1213 esse,
565 1177 640 1214 quod
664 1185 679 1206 e
701 1178 809 1206 duabus
825 1178 933 1206 naturis
949 1178 979 1206 ﬁt
1002 1179 1138 1214 reliquum

348 1230 406 1258 est;
424 1225 497 1260 quod
512 1229 604 1253 autem
621 1231 706 1252 unum
724 1232 842 1252 numero
858 1225 969 1258 dicitur,
987 1233 1071 1253 unum
1086 1225 1137 1261 hy-

348 1271 593 1307 postasiexsistens
604 1271 732 1304 dicimus,
746 1275 775 1299 et
786 1279 841 1298 non
853 1275 951 1299 natura
964 1279 1062 1304 unum,
1073 1271 1137 1299 ideo

348 1315 579 1351 quemadmodum
601 1323 734 1343 numerus
751 1315 941 1350 unusquisque
953 1322 1136 1342 numerorum

1195 315 1320 350 τιλέγειν
1336 315 1387 342 οὑκ
1402 315 1486 342 ἔστιν.
1506 316 1537 342 Et
1553 314 1599 342 οὖν
1612 316 1650 352 τῷ
1666 317 1777 352 ὀνόματι
1788 319 1818 344 ἓν
1831 326 1856 345 τι
1873 319 1977 353 γέγονε,

1196 361 1276 396 μόνον
1293 361 1439 397 ὁμωνυμίᾳ
1452 361 1596 396 ἡνὼθησαν
1612 362 1646 389 τὰ
1659 362 1716 395 δύο,
1734 363 1867 399 ἑτεροφυῆ
1885 364 1913 391 δὲ
1930 366 1978 392 καὶ

1194 406 1328 434 ἀσύνθετα
1341 406 1466 442 ἀλλήλοις
1481 407 1521 434 ἐτι
1535 408 1621 440 ἐστὶν,
1642 409 1785 445 ἄνθρωπός
1806 418 1834 436 τε
1857 410 1976 446 novom!)

1193 453 1259 485 Θεὸς
1270 453 1359 488 μόνον,
1372 452 1388 487 ἢ
1401 452 1495 487 ἕτερόν
1506 462 1546 487 τι,
1561 453 1575 480 ὃ
1592 455 1661 489 μήτε
1669 455 1736 482 Θεοῦ
1751 455 1819 491 μήτε
1832 455 1977 492 ἀνθρώπου

1193 499 1267 526 ἐστὶν
1282 499 1377 533 δνομα,
1392 499 1514 534 ἑκατέρῳ
1531 499 1753 535 ὲπικληθήσεται·
1769 501 1793 528 εί
1807 501 1836 527 δὲ
1850 501 1889 536 τῷ
1903 502 1977 536 γένει

1192 543 1265 570 ἐστὶν
1281 543 1309 570 ἐν
1325 544 1355 569 τὸ
1370 543 1515 578 γενόμενον
1539 544 1584 578 ὐφ’
1596 544 1611 570 δ
1632 544 1703 571 τελεῖ
1719 544 1786 577 Θεὸς
1805 546 1852 572 καὶ
1872 546 1977 582 άνορω-

1191 598 1252 622 me,
1269 589 1387 624 ὁμογενῆ
1411 589 1465 624 ἄρα
1478 589 1551 616 τάδε.
1572 589 1604 616 Τί
1620 589 1648 617 δὲ
1664 590 1718 625 ἄρα
1732 590 1763 617 τδ
1779 591 1867 617 κοινόν
1884 600 1913 617 τε
1928 593 1976 618 αὑ-

1190 636 1247 666 τοῖς
1263 633 1483 669 καθολικώτερόν
1497 643 1527 660 τε
1539 634 1606 661 Θεοῦ
1617 635 1694 669 γένος
1707 636 1856 671 ζητητέον;
1873 637 1931 669 πῶς
1947 645 1975 663 τι

1191 679 1244 706 ἀπὸ
1269 679 1426 715 προσφάτου
1458 678 1581 711 ὲνώσεως
1603 678 1663 705 τόδε
1691 679 1871 715 ἀρχαιότατον
1899 681 1977 714 γένος

1190 723 1281 755 αὐτοῖς
1298 722 1431 759 ἐπενοήθη
1445 730 1452 755 ;
1472 723 1503 749 Ei
1522 722 1550 749 δὲ
1564 723 1605 759 τῷ
1619 723 1684 750 εῖδει
1705 724 1734 750 ἓν
1754 724 1819 751 αὑτό
1837 733 1912 758 φασι,
1929 725 1977 752 δύο

1191 769 1298 800 πάντως
1326 768 1343 804 ἢ
1367 770 1414 795 καὶ
1442 768 1552 795 πλείονα
1580 769 1638 795 ἐστι
1663 768 1696 796 τὰ
1723 769 1768 796 ὑπ’
1783 769 1850 796 αὐτὸ
1875 770 1974 806 ἄτομα,

1190 815 1274 850 ἤγουν
1293 814 1467 846 ὑποστάσεις,
1494 815 1542 842 καὶ
1562 815 1591 841 ὲν
1605 814 1652 841 δύο
1671 815 1828 851 προσώποις
1841 817 1941 842 νοεῖται
1958 817 1974 851 ἢ

1190 860 1219 886 ὲν
1242 859 1350 886 πλείοσι
1368 859 1494 893 Χριστός”
1508 859 1536 886 ἒν
1550 859 1578 886 δὲ
1595 859 1664 891 εἶδος
1679 860 1805 895 θεότητός
1819 869 1849 887 τι
1869 862 1916 888 καὶ
1932 863 1977 888 ἀν·

1190 905 1365 940 θρωπότητος
1381 903 1450 932 εἶναι
1464 905 1537 936 ὅπως
1552 905 1701 939 λογιστέον,
1723 906 1891 941 ἀδιανόητον·
1907 907 1930 933 εί
1948 907 1975 932 δὲ

1190 949 1290 976 τούτων
1306 949 1382 976 οὐδὲν
1400 949 1520 984 εὔλογον,
1537 949 1566 982 ἐξ
1580 950 1704 985 ἀνάγκης
1719 950 1748 977 ἓν
1760 950 1798 985 τῷ
1814 951 1923 987 ἀριθμῷ
1937 950 1978 978 εἷ-

1189 1004 1232 1022 ναι
1248 995 1277 1022 τὸ
1293 996 1325 1022 ὲκ
1345 994 1391 1022 δύο
1408 999 1515 1030 φύσεων
1540 995 1686 1031 γενόμενον
1701 995 1884 1023 ὑπολείπεται·
1903 996 1934 1023 τὸ
1947 997 1976 1024 δὲ

1190 1040 1298 1076 ἀριθμῷ
1313 1040 1342 1067 ἓν
1361 1041 1517 1076 λεγόμενον,
1530 1042 1560 1068 τὸ
1573 1043 1605 1077 τῇ
1620 1042 1768 1069 ὑποστάσει
1788 1042 1816 1069 ἒν
1831 1042 1861 1069 ὃν
1874 1051 1974 1078 φαμεν,

1189 1087 1237 1114 καὶ
1251 1087 1282 1113 οὐ
1297 1087 1327 1113 τδ
1340 1088 1372 1122 τῇ
1389 1087 1469 1122 φύσει
1486 1087 1529 1114 ἕν’
1541 1087 1608 1114 διότι
1624 1087 1716 1123 ὥσπερ
1731 1088 1848 1124 ἀριθμὸς
1863 1090 1976 1122 ἕκαστος

1191 1132 1314 1159 συνθέσει
1328 1132 1452 1168 ἀριθμῶν
1467 1132 1484 1168 ἢ
1505 1134 1627 1167 μονάδων
1642 1134 1671 1160 τὺ
1685 1134 1713 1160 ἓν
1723 1142 1750 1160 τι
1769 1133 1837 1161 εἶναι
1850 1134 1917 1170 ἔχει,
1931 1135 1976 1161 οὒ-

1191 1188 1244 1210 τως
1269 1179 1317 1206 καὶ
1341 1179 1369 1206 αἱ
1393 1180 1556 1211 ὑποστάσεις
1571 1181 1696 1207 συνθέσει
1712 1180 1820 1215 φύσεων
1840 1182 1888 1208 καὶ
1906 1182 1976 1208 ίδιω-

1192 1225 1285 1260 μάτων
1306 1225 1522 1260 συμπαραλήψει
1550 1225 1731 1260 ὑφίστανται,
1757 1226 1773 1262 ἢ
1800 1227 1974 1262 τούλάχιστον

1191 1269 1334 1304 συμπλοκῇ
1350 1268 1457 1303 φύσεως
1474 1270 1539 1304 μιᾶς
1553 1270 1598 1295 καὶ
1614 1269 1769 1304 ἰδιώματος·
1782 1270 1812 1297 τὸ
1826 1271 1879 1307 γὰρ
1894 1271 1974 1306 φύσει

1190 1313 1219 1340 ἓν
1232 1311 1313 1347 εἶναι,
1329 1313 1477 1340 ἀσυνδέτου
1493 1313 1581 1349 πάντη
1600 1313 1713 1349 μονάδος
1732 1314 1797 1341 ἴδιόν
1815 1316 1883 1342 ἑστι.

348 1366 396 1389 aut
411 1360 558 1389 monadum
573 1360 774 1396 compositione
787 1360 861 1396 quod
879 1361 915 1388 sit
930 1368 1014 1388 unum
1030 1360 1132 1395 aliquid
1151 1359 1244 1392 habet,
1268 1359 1308 1386 sic
1331 1363 1360 1387 et
1385 1358 1546 1394 hypostases
1578 1363 1741 1386 naturarum
1775 1360 1973 1395 compositione

348 1407 606 1443 proprietatumque
619 1405 811 1441 conjunctione
828 1410 965 1439 constant,
996 1406 1039 1433 vel
1071 1406 1168 1433 saltem
1186 1409 1291 1432 naturae
1305 1405 1388 1432 unius
1403 1408 1431 1432 et
1446 1404 1624 1439 proprietatis
1638 1405 1810 1433 connexione
1826 1415 1832 1421 -
1847 1413 1909 1433 nam
1925 1414 1973 1434 na-

349 1459 410 1481 tura
430 1461 514 1481 unum
528 1459 589 1480 esse
606 1451 792 1486 incompositae
802 1459 918 1487 prorsus
932 1452 1058 1479 monadis
1070 1451 1211 1487 proprium
1227 1455 1279 1478 est.

384 1500 428 1528 62.
451 1499 481 1527 Si
510 1499 576 1534 quia
595 1505 650 1525 non
676 1497 745 1525 duas
766 1502 877 1524 naturas
900 1497 935 1525 ad
957 1497 1076 1525 litteram
1102 1497 1136 1525 de

349 1546 459 1574 Christo
478 1544 624 1581 proferunt
647 1543 757 1575 Patres,
782 1543 860 1570 aiunt
875 1543 1135 1578 praetermittendam

349 1591 426 1618 vocis
451 1589 614 1621 novitatem,
630 1591 678 1615 aut
697 1587 842 1622 quemdam
871 1586 980 1615 unicam
1009 1592 1134 1614 naturam

349 1635 512 1671 simpliciter
529 1634 666 1662 dicentem
697 1631 845 1668 recipiant,
864 1635 913 1663 aut
936 1637 964 1659 et
985 1632 1037 1667 ipsi
1052 1632 1134 1659 talem

350 1689 446 1710 vocem
463 1689 499 1708 ne
518 1685 620 1708 temere
637 1679 775 1711 dictitent,
793 1677 903 1714 quando
921 1685 971 1706 nos
985 1682 1013 1705 et
1025 1682 1136 1705 natura;

350 1728 399 1757 sed
414 1732 442 1756 et
452 1727 522 1755 duas
534 1726 659 1754 dicentes
677 1724 805 1752 audimus
823 1723 974 1760 exquisitos
986 1725 1058 1751 inter
1078 1731 1136 1751 ma-

351 1774 461 1810 gistnos.

386 1820 430 1848 65.
453 1819 501 1847 Dei
522 1816 604 1847 Verbi
633 1823 731 1847 natura
751 1818 832 1846 unica
856 1822 985 1853 tanquam
998 1814 1136 1843 incarnati

351 1871 403 1900 est,
418 1870 466 1894 aut
490 1871 518 1894 et
542 1870 670 1900 tanquam
696 1865 800 1900 absque
817 1864 922 1892 carne?
950 1863 979 1890 Si
1007 1867 1136 1897 tanquam

352 1912 486 1941 incarnati
494 1912 620 1947 quidem,
633 1914 696 1938 ante
707 1910 926 1938 incarnationem
936 1916 991 1936 non
1005 1915 1058 1936 una
1067 1910 1136 1938 erat,

351 1959 401 1989 sed
425 1959 562 1991 semiuna,
582 1961 631 1985 aut
647 1957 772 1992 quaedam
788 1963 852 1992 pars
878 1954 953 1988 talis;
978 1953 1069 1981 adhuc
1084 1959 1137 1980 nec

352 2006 444 2039 Pater,
459 2012 513 2032 nec
527 2003 649 2039 Spiritus
663 2006 777 2030 sanctus
794 2001 878 2028 unius
887 2000 941 2027 erit
951 2002 1056 2026 natura:
1073 2005 1138 2032 per-

351 2052 438 2080 lecta.
456 2050 484 2079 Si
500 2053 593 2078 autem
602 2053 632 2077 et
640 2053 704 2076 ante
717 2046 933 2075 incarnationem
945 2052 999 2072 una
1010 2047 1077 2075 erat,
1091 2043 1135 2071 vel

351 2097 420 2125 nihil
439 2096 566 2132 apposuit
583 2094 709 2123 naturale
726 2093 761 2121 ad
778 2092 945 2129 hypostasim
958 2089 1040 2119 Verbi
1059 2097 1134 2122 caro,

351 2149 380 2172 et
397 2142 479 2170 fallax
495 2141 648 2170 secundum
674 2140 842 2175 hypostasim
864 2137 1002 2165 celebrata
1023 2140 1136 2163 natura-

352 2196 414 2217 rum
425 2187 567 2220 adunatio,
583 2186 626 2214 vel
638 2185 762 2221 apposita
778 2192 859 2212 unam
880 2187 1005 2210 naturam
1019 2185 1138 2208 naturaa-

352 2241 386 2262 ve
402 2237 510 2269 partem
524 2230 668 2267 conjunxit
681 2230 766 2266 priori
789 2228 870 2257 Verbi
883 2227 970 2255 unica:
987 2230 1100 2253 naturre.

1223 1495 1272 1531 ξβ’.
1288 1496 1319 1522 Εἰ
1334 1496 1378 1523 διὰ
1393 1496 1423 1523 τὸ
1440 1495 1477 1532 μὴ
1497 1497 1637 1532 εἰρηκέναι
1652 1497 1715 1529 τοὺς
1728 1492 1852 1532 Πατέρας
1864 1498 1910 1525 δύο
1926 1499 1974 1534 φύ-

1187 1550 1243 1573 σεις
1266 1541 1405 1574 αὑτολεξεὶ
1428 1542 1474 1568 ἐπὶ
1501 1542 1636 1577 Χριστοῦ,
1657 1542 1865 1570 ὑποστέλλεσθαι
1895 1553 1972 1578 φασι,

1186 1587 1235 1622 τὴν
1262 1587 1453 1622 χαινοφωνίαν,
1477 1587 1494 1623 ἢ
1519 1587 1685 1620 δειξάτωσάν
1712 1596 1773 1614 τινα
1799 1588 1865 1623 μίαν
1891 1589 1972 1624 φύσιν

1186 1633 1278 1665 ἁπλῶς
1292 1633 1415 1667 λέγοντα,
1437 1633 1454 1669 ἢ
1469 1633 1517 1660 καὶ
1532 1633 1610 1660 αὐτοὶ
1632 1633 1682 1668 τὴν
1701 1633 1808 1660 τοιάνδε
1824 1634 1915 1669 φωνὴν
1935 1635 1971 1670 μὴ

1187 1679 1459 1715 προπετευέσθωσαν,
1476 1679 1544 1706 ὅπου
1568 1687 1599 1713 γε
1622 1680 1702 1714 ἡμεῖς
1715 1679 1763 1706 καὶ
1779 1679 1885 1714 φύσεις,
1907 1681 1973 1706 ἀλλὰ

1189 1726 1236 1753 καὶ
1249 1725 1306 1759 δύο,
1324 1725 1453 1760 λέγοντας
1467 1725 1602 1761 ἀκούομεν
1623 1725 1688 1758 τοὺς
1702 1726 1844 1761 ἐκκρίτους
1864 1725 1918 1752 τῶν
1932 1726 1973 1752 δι-

1188 1770 1220 1797 δα
1225 1770 1340 1797 σκάλων.

1226 1816 1277 1850 ξγί.
1300 1815 1335 1843 Ἢ
1350 1815 1397 1843 τοῦ
1419 1815 1487 1843 Θεοῦ
1507 1817 1594 1851 Λόγου
1610 1816 1691 1851 φύσις
1706 1816 1756 1852 μία
1778 1817 1816 1849 ὡς
1834 1825 1972 1852 σεσαρκωο

1191 1862 1272 1898 μένου
1288 1863 1373 1895 ἐστὶν,
1390 1863 1407 1898 ἢ
1422 1862 1470 1890 καὶ
1484 1862 1522 1895 ὡς
1535 1863 1675 1898 ἁσάρκους
1691 1863 1716 1889 εί
1734 1862 1782 1897 μὲν
1802 1860 1849 1889 οὖν
1867 1862 1905 1894 ὡς
1928 1870 1973 1888 σε-

1189 1908 1377 1944 σαρκωμένου,
1396 1908 1449 1943 πρὸ
1474 1908 1523 1941 τῆς
1550 1907 1716 1943 σαρκώσεως
1733 1907 1764 1934 οὺ
1785 1907 1834 1943 μία
1850 1905 1894 1942 ἦν,
1914 1907 1971 1935 ἀλλ’

1186 1953 1270 1988 ἥμισυ
1292 1953 1367 1988 μιᾶς,
1383 1953 1401 1988 ἦ
1422 1961 1449 1979 τι
1459 1953 1558 1980 τοιόνδε
1574 1953 1678 1988 μόριον·
1694 1952 1733 1978 ἑτι
1745 1952 1798 1987 μὴν
1811 1951 1872 1978 οὐδὲ
1887 1953 1901 1978 ό
1916 1953 1973 1979 Πα-

1185 1998 1238 2034 τὴρ
1257 1998 1273 2034 ἢ
1288 1998 1319 2025 τδ
1341 1998 1418 2032 ἅγιον
1439 1997 1552 2034 Πνεῦμα
1567 1999 1630 2033 μιᾶς
1642 1997 1717 2024 ἔσται
1732 1997 1840 2032 φύσεως
1854 1997 1971 2030 τελείας.

1189 2043 1220 2070 Εἰ
1236 2043 1264 2070 δὲ
1282 2043 1329 2070 καὶ
1344 2042 1396 2078 πρὸ
1407 2043 1455 2078 τῆς
1472 2042 1634 2078 σαρκῶσεως
1648 2042 1695 2077 μία
1708 2039 1751 2078 ἦν,
1769 2042 1786 2078 ἢ
1801 2042 1876 2069 οὐδὲν
1888 2051 1972 2078 προσ-

1189 2088 1271 2124 έθηκε
1283 2088 1397 2123 φυσικὸν
1413 2089 1430 2124 ἡ
1444 2087 1513 2123 σὰρξ
1525 2089 1557 2123 τῇ
1574 2088 1722 2115 ὑποστάσει
1738 2087 1785 2114 τοῦ
1805 2087 1903 2121 Λόγου,
1925 2087 1972 2114 καὶ

1189 2134 1289 2169 ψευδὴς
1302 2134 1318 2169 ἡ
1333 2133 1394 2160 καθ’
1407 2133 1553 2160 ὑπόστασιν
1566 2133 1662 2164 ἓνωσις
1676 2133 1783 2168 φύσεων
1796 2131 1971 2168 δοξαζομένη,

1189 2179 1206 2214 ἢ
1222 2178 1371 2214 προσθεῖσα
1388 2179 1451 2214 μίαν
1467 2178 1575 2213 φύσινῆ
1589 2178 1682 2214 μόριον
1697 2177 1803 2212 φύσεως
1821 2177 1972 2211 ὲπισυνῆψι

1189 2225 1222 2260 τῇ
1239 2224 1359 2260 προτέρᾳ
1373 2224 1453 2259 φύσει
1467 2225 1516 2260 μιᾷ
1528 2223 1574 2251 τοῦ
1590 2224 1688 2258 Λόγου.

359 2323 1439 2342 _______________________

829 2402 1123 2447 ΜΑΡΤΥΡΙΑΙ
1157 2401 1269 2445 ΤΩΝ
1308 2398 1488 2443 ΑΓΙΩΝ.

779 2565 1083 2612 TESTIMON
1098 2564 1154 2609 ΙᾹ
1189 2561 1568 2608 SANCTORUM.

388 2733 443 2763 Sed
455 2740 506 2761 cur
528 2738 590 2764 nos.
609 2729 697 2760 aiunt,
713 2727 896 2764 undequaque
919 2727 1139 2755 circumvenien-
1152 2726 1179 2756 D
1233 2727 1234 2731 ‘

1127 2741 1139 2747 -
1152 2726 1179 2756 D
1233 2725 1313 2753 Ἀλλὰ
1328 2725 1353 2752 τί
1367 2725 1452 2761 ἡμᾶς,
1468 2725 1545 2760 φασὶ,
1563 2723 1731 2759 πανταχόθεν
1753 2724 1973 2760 περιτρέχοντες,

354 2783 406 2811 tes,
419 2777 453 2805 ad
471 2772 594 2805 vestrarm~
603 2772 768 2809 compellitis
780 2770 969 2800 sententiam?
987 2771 1042 2798 Nos
1062 2771 1137 2798 enim
1190 2780 1200 2798 ι

1127 2777 1137 2796 ι
1190 2772 1231 2803 εἰς
1243 2771 1292 2807 τὴν
1314 2771 1453 2806 ὑμετέραν
1469 2769 1547 2802 δόξαν
1570 2769 1763 2804 συνελαύνετες
1780 2771 1861 2806 ἡμεῖς
1875 2772 1929 2807 γὰρ
1940 2771 1973 2807 ἢν

352 2823 427 2860 quod
451 2822 486 2850 ad
510 2822 629 2849 litteram
653 2819 764 2847 Patrum
782 2819 978 2845 documentum
994 2817 1138 2844 hausimus
1191 2826 1198 2845 ι

1127 2824 1138 2844 ε
1191 2817 1329 2850 αὖτολεξεὶ
1355 2816 1528 2844 διδασκαλίαν
1556 2817 1693 2852 πατρικὴν
1720 2816 1798 2852 ἴσμεν
1817 2817 1881 2852 περὶ
1907 2818 1973 2853 Χρι-

352 2871 425 2898 circa
442 2867 591 2899 Christum,
610 2871 692 2892 unam
703 2863 832 2892 videlicet
848 2863 896 2890 Dei
913 2862 994 2890 Verbi
1010 2868 1137 2889 naturam
1192 2871 1198 2889 ‹

1129 2870 1137 2889 t
1192 2863 1266 2895 στοῦ,
1282 2864 1369 2890 show
1386 2861 1450 2898 μίαν
1468 2861 1549 2896 φύσιν
1565 2861 1613 2889 τοῦ
1636 2861 1703 2888 Θεοῦ
1718 2862 1806 2896 Λόγου
1834 2869 1975 2897 σεσαρκω-

353 2916 520 2944 nmmum
539 2910 687 2941 secundum
704 2914 828 2938 sanctum
848 2908 1028 2937 Athanasium
1045 2913 1072 2937 et
1084 2907 1136 2944 Cy-
1193 2916 1199 2943 ι

1127 2923 1136 2930 -
1193 2907 1277 2943 μένην
1304 2906 1373 2934 κατὰ
1402 2906 1447 2933 τὸν
1474 2906 1552 2940 ἄτιον
1574 2905 1733 2933 Ἀθανάσιον
1759 2906 1806 2932 καὶ
1830 2904 1973 2941 Κύριλλον,
