2144 3266
353 222 418 255 1807

985 223 1136 253 LEONTII
1160 223 1360 254 llYZANTlNI

1906 228 1976 261 1803

351 283 414 307 ante
430 278 508 306 illum
521 278 635 306 fuerunt
647 277 731 311 dicta,
747 278 811 305 licet
825 282 852 305 et
867 278 988 306 notiouis
999 279 1083 314 hujus
1099 280 1140 306 \‘is
1154 280 1176 309 Λ
1191 287 1197 295 ’

1129 287 1140 306 s
1154 280 1176 309 Λ
1191 279 1244 314 γάρ
1256 279 1315 306 ἐστι
1331 279 1378 306 καὶ
1393 281 1447 311 τοῖς
1465 280 1518 315 πρὸ
1533 281 1617 307 αὐτοῦ
1638 280 1718 315 τυχὸν
1735 282 1878 318 εἰρημένη,
1891 283 1914 308 εἰ
1930 283 1975 309 καὶ

352 324 504 360 antiquitus
518 324 599 352 vixin
608 324 734 352 confesso
745 328 818 352 esset
834 334 840 351 ι
858 324 976 352 Verbum
988 325 1061 352 enim
1074 333 1138 352 caro

352 370 455 397 factum
471 374 523 402 est,
539 369 666 397 audimus
680 376 695 396 a
714 369 853 404 Theologo
868 376 876 396 τ
889 369 963 404 quod
984 374 1058 397 certe
1084 378 1137 397 una

351 420 449 443 natura
466 415 513 443 Dei
531 415 613 443 Verbi
630 415 770 442 incarnata
787 419 838 447 est,
858 422 913 442 non
930 415 1088 443 audivimus
1103 417 1138 444 ab

352 461 421 496 ipso.
442 461 490 488 sed
508 468 541 488 ex
559 461 612 489 hoc
641 461 720 496 ipso:
734 460 854 489 Verbum
879 468 944 489 caro
966 461 1069 489 iactum
1095 466 1138 489 cst

351 505 545 533 intelleximus.
573 505 742 540 Simpliciter
755 509 848 533 autem
865 506 889 533 si
910 505 1068 533 notionibus
1081 507 1136 533 suis

350 558 404 578 non
417 551 503 587 magis
513 551 741 586 obtemperamus
748 551 872 586 quolibet
882 551 963 579 modo
971 552 1135 587 prmdicatis,

350 597 398 625 sed
412 597 548 625 dictiones
562 597 715 632 sequimur,
729 605 811 625 omne
834 598 1030 626 documentum
1049 598 1137 633 primo

352 643 561 677 pronuntiatum
577 643 703 677 quamvis
718 648 824 670 rectum
841 651 956 678 prorsus
971 643 1016 676 sit,
1033 644 1138 671 novita-

350 693 405 715 tem
421 688 546 716 redolere
557 688 726 723 iudicabitur
735 687 915 716 etaudientes
929 688 1135 716 scandalizabit.

349 735 401 761 Per
418 734 581 762 recentioris
595 734 897 769 enim'compositionis
917 741 1000 761 voces
1023 742 1137 769 prorsus

348 780 479 807 dicuntur
514 780 698 815 praenuuliata
728 779 912 811 documenta.
939 780 986 807 ubi
1013 788 1084 815 stepe
1109 786 1137 807 et.

348 826 423 860 ipsos
438 830 539 853 sanctre
557 825 706 861 Scriptura:
728 825 761 853 ad
778 825 897 853 litteram
920 826 1059 860 expositos
1077 831 1132 853 tex-

348 877 392 899 tus
414 880 463 907 per
475 871 578 906 ingenii
595 879 712 899 acumen
725 879 810 899 veros
819 878 879 899 csse
894 871 1034 904 novimus,
1050 875 1078 898 et
1094 878 1138 898 se-

347 917 468 945 cundum
486 917 631 953 allegorias
654 915 801 952 aliquando
828 921 957 952 tanquam
989 916 1136 944 mendaces

347 962 563 990 consideramus.
581 961 689 997 Quippe
711 971 717 988 :
734 961 908 989 introducam
921 969 971 989 vos
992 961 1020 988 in
1035 965 1135 988 terram
1150 947 1173 976 Β

347 1009 416 1035 lacte
438 1013 466 1035 et
481 1008 560 1035 melle
584 1011 740 1035 manantem
751 1027 759 1040 ,
775 1007 810 1034 de
829 1007 917 1042 plagis
931 1014 946 1034 a
966 1006 1084 1034 Iordane
1101 1006 1135 1033 ad

347 1053 514 1088 Euphratem
537 1049 652 1085 dictum,
682 1056 872 1080 commentum
897 1055 970 1079 esset
990 1050 1044 1078 nisi
1057 1050 1136 1085 adju—

348 1104 427 1126 mute
456 1098 625 1135 imaginandi
644 1098 865 1126 vinosceremus
894 1095 968 1132 quod
988 1095 1083 1123 herbis
1108 1099 1136 1123 et

347 1145 447 1180 plantis
461 1145 590 1173 fertiliter
610 1144 763 1174 abundaret
781 1147 873 1176 terra;
892 1142 940 1170 ubi
963 1142 1049 1169 multa
1071 1148 1132 1177 pas-

346 1199 408 1224 cua,
429 1191 521 1218 multa:
536 1198 602 1219 oves
619 1194 647 1218 et
663 1191 749 1219 altilia
770 1193 798 1220 et
812 1197 924 1226 greges;
942 1189 988 1216 ubi
1008 1188 1135 1216 animalia

347 1237 409 1269 ista,
425 1241 451 1264 ct
465 1237 546 1265 lactis
572 1237 670 1272 copia;
700 1237 827 1265 similiter
841 1235 889 1264 ubi
914 1236 1014 1271 planta:
1030 1235 1133 1267 multa),

349 1283 473 1318 plurimm
501 1287 566 1310 sunt
587 1291 602 1311 e
626 1282 951 1311 ﬂoribus~melliiicantes
978 1289 1060 1317 apes;
1087 1282 1134 1309 ubi

347 1329 442 1364 plures
456 1329 510 1356 illae
545 1329 580 1356 ab
595 1329 719 1364 ipsisque
739 1328 793 1356 mel
807 1328 966 1364 copiosum;
982 1332 1008 1355 et
1024 1328 1134 1363 quando

346 1382 412 1410 ergo
432 1374 499 1402 dicit
517 1382 524 1401 :
542 1383 551 1400 ι
571 1373 600 1402 Si
615 1374 714 1402 oculus
736 1378 801 1401 tuus
825 1373 993 1401 scandalizat
1009 1376 1045 1405 te,
1070 1380 1134 1400 eum

347 1421 451 1456 projice
461 1420 509 1448 abs
523 1425 548 1448 te
557 1421 580 1453 ⁷,
595 1430 604 1447 ι
621 1420 736 1449 dictioni
748 1419 943 1456 eogitationive
952 1419 1030 1455 prius
1042 1423 1133 1447 atten-

347 1466 479 1500 dendum,
497 1465 633 1501 siquidem
648 1466 739 1493 littera
753 1465 864 1498 occidit,
889 1465 1004 1500 spiritus
1013 1472 1078 1492 vero
1091 1464 1133 1492 vi-

346 1512 450 1545 viiicat,
462 1513 534 1541 sicut
552 1519 601 1540 vos
618 1512 790 1547 respondetis
803 1511 892 1539 nobis.

383 1601 436 1629 Sed
458 1601 561 1637 pariter
583 1601 618 1629 ad
633 1601 686 1629 hoc
706 1600 837 1629 diceretis
853 1610 860 1628 ε
875 1600 946 1634 Quid
963 1607 1038 1636 ergo,
1057 1599 1132 1635 pium

346 1648 454 1683 signum
467 1647 585 1675 habente
601 1647 689 1682 prima
714 1654 782 1674 voce
804 1646 955 1674 secundum
970 1653 1019 1674 vos
1033 1653 1132 1673 novam

345 1691 483 1727 ciiingitis.
499 1691 552 1719 nisi
572 1691 636 1726 quia
660 1690 726 1725 quid
742 1690 936 1718 machinamini
961 1690 1066 1717 notioni
1084 1697 1133 1726 op.-

346 1737 489 1772 positum?
504 1737 580 1764 Licet
595 1736 669 1764 enim
682 1740 710 1764 et
723 1736 757 1763 ad
774 1743 822 1763 vos
839 1735 937 1763 merito
958 1735 1045 1762 ﬁcere
1058 1734 1132 1770 quod

346 1791 462 1818 quarum
492 1790 592 1810 vocum
615 1789 682 1810 usus
709 1782 799 1813 idem,
834 1781 931 1808 harum
963 1781 1132 1808 abundantia

347 1837 438 1862 una;
465 1829 514 1868 sed
536 1828 766 1856 considerandum
790 1827 928 1862 quomodo
945 1827 1041 1855 eadem
1057 1831 1083 1855 et
1099 1827 1132 1855 iis

345 1875 393 1910 qui
417 1874 547 1902 emittunt
572 1874 654 1901 aliam
670 1873 818 1902 dictionem
843 1874 878 1901 ab
900 1873 979 1901 initio
991 1879 1020 1901 et
1040 1873 1131 1909 iisqui

345 1929 456 1949 omnem
479 1922 562 1949 talem
577 1921 649 1956 piam
665 1920 866 1948 confessionem
889 1919 917 1946 in
933 1920 1018 1947 dubio
1039 1925 1130 1948 erunt.

345 1969 468 2003 Namque
483 1967 505 1995 si
524 1967 597 1994 idem
608 1971 651 1994 est
668 1975 675 1994 :
694 1966 816 1995 Verbum
833 1973 898 1993 caro
912 1965 1015 1992 factum
1028 1970 1080 1999 est,
1105 1970 1133 1993 et

346 2015 438 2042 dicere
454 2021 537 2040 uuam
553 2017 679 2039 naturam
701 2012 748 2039 Dei
770 2011 854 2038 Verbi
880 2011 1061 2043 incarnatam,
1082 2018 1132 2038 cur

346 2061 391 2089 illa
406 2060 484 2088 nobis
495 2058 652 2087 introducta
662 2057 788 2086 est?Cur
801 2057 824 2085 si
841 2057 913 2084 idem
928 2061 971 2084 est
984 2066 990 2084 :
1009 2066 1019 2083 ‹
1037 2056 1094 2092 Ego
1104 2060 1133 2083 et

346 2109 426 2136 Pater
436 2114 522 2134 unum
539 2114 634 2134 sumus
644 2107 665 2138 ⁵,
687 2114 696 2131 ι
715 2104 839 2132 additum
855 2108 897 2132 est
908 2108 936 2131 et
952 2103 1132 2131 consubstan-

347 2155 411 2182 tiale
424 2154 459 2182 de
483 2154 563 2181 Patre
586 2157 614 2181 et
628 2152 717 2180 Filio?
732 2151 761 2180 Si
777 2152 859 2178 etiam
870 2155 983 2186 propter
998 2149 1130 2184 quosdam

346 2201 415 2228 duas
429 2205 541 2228 naturas
551 2200 586 2226 'in
600 2198 710 2226 Christo
726 2198 849 2224 dicentes
860 2217 867 2229 ,
899 2196 1009 2231 propria
1026 2195 1130 2223 haben-

346 2253 400 2276 tem
430 2251 578 2280 utrumque
603 2252 657 2272 non
685 2244 773 2271 solum
798 2242 949 2270 secundum
977 2249 1131 2269 sermonem

1189 323 1239 357 τῆς
1251 324 1355 355 ἑννοίας
1367 324 1451 358 αὐτῆς
1462 321 1495 360 ἦν
1509 325 1525 359 ἡ
1539 324 1653 361 δύναμις
1668 326 1752 353 πάλαι
1764 326 1975 362 ὡμολογημένη-

1195 369 1224 395 '0
1236 369 1321 403 Λόγος
1332 369 1386 404 γὰρ
1398 370 1466 405 σὰρξ
1477 371 1595 405 ἐγένετο,
1605 372 1763 407 ἠκούσαμεν
1777 373 1809 398 ἐκ
1823 372 1870 399 τοῦ
1879 373 1976 400 Θεολύ-

1188 422 1236 447 γου
1250 422 1258 437 τ
1273 414 1303 440 τὸ
1319 414 1409 449 μέντοι
1424 415 1489 449 μίαν
1509 416 1589 450 φύσιν
1613 416 1661 442 τοῦ
1672 416 1740 443 Θεοῦ
1763 417 1850 450 Λόγου
1877 426 1970 453 σεσαρι

1190 459 1318 495 κωμένην
1331 458 1412 492 εἶναι,
1429 462 1478 488 οὐκ
1489 462 1647 497 ἠκούσαμεν
1661 463 1709 489 σὺν
1725 464 1810 498 αὐτῷ,
1828 464 1886 491 ἀλλ’
1900 465 1977 500 ἐνοή-

1190 513 1276 540 σαμεν
1287 505 1317 539 se
1328 507 1411 533 αὑτοῦ
1425 507 1501 534 τοῦδε
1514 507 1572 540 τοῦ,
1589 517 1597 534 t
1610 507 1640 535 '0
1651 509 1738 543 Λόγος
1747 509 1814 544 σάρξ
1828 510 1949 544 ἐγένετο*
1963 520 1973 537 ι

1189 550 1287 588 ἁπλῶςγ
1297 551 1325 578 δὲ
1339 552 1363 578 εί
1384 552 1422 588 μὴ
1435 554 1495 584 ταῖς
1517 553 1631 585 ἐννοίαις
1643 555 1704 585 ταῖς
1718 554 1859 582 εὐσεϐέσιν
1876 556 1977 590 μᾶλλον

1188 596 1340 632 πειθόμεθα
1355 597 1480 624 ὁπωσοῦν
1498 598 1753 634 ἐξαγγελλομέναις.
1776 600 1844 627 ἀλλά
1856 602 1917 633 ταῖς
1932 601 1977 628 λέ-

1189 642 1261 675 ξεσιν
1281 643 1413 677 ἑπόμεθα,
1435 645 1509 670 πᾶσα
1525 644 1683 672 διδασκαλία
1699 646 1814 680 πρώτως
1828 646 1975 682 λεγομένη,

1188 687 1239 714 κᾶν
1250 688 1337 724 ὀρθῶς
1349 689 1437 725 πάντη
1460 689 1527 724 ἔχοι,
1546 692 1725 726 καινοφωνεῖν
1741 691 1916 727 κριθήσεται,
1930 693 1977 719 καὶ

1189 734 1361 761 σκανδαλίσει
1384 735 1448 767 τοῦς
1474 736 1628 771 ἀκροατάς·
1657 737 1700 764 διὰ
1731 738 1892 774 καινοτέρας
1921 738 1976 774 γὰρ

1188 779 1339 812 συνθέσεως
1355 779 1454 814 λέξεων
1470 781 1577 813 πάντως
1597 782 1704 817 εἴρηται
1723 783 1757 810 τὰ
1779 783 1924 819 πρόσφατα
1936 784 1976 810 δι’

1187 824 1322 860 δάγματα,
1339 826 1405 852 ὅπου
1430 835 1462 861 γε
1488 826 1618 859 πολλάκις
1642 828 1689 855 καὶ
1712 828 1796 860 αὑτὰς
1821 828 1872 864 τῆς
1895 829 1977 864 ἁγίας

1187 871 1298 907 Γραφῆς
1326 871 1374 904 τὰς
1396 872 1487 908 ῥητῶς
1507 873 1670 908 ἐγκειμένας
1690 875 1812 910 χρήσεις,
1833 876 1879 904 διὰ
1899 885 1978 912 περι-

1188 917 1262 948 νοίας
1283 917 1454 952 γινώσκομεν
1470 918 1580 953 ἀληθεῖς
1595 917 1664 945 εἶναι
1676 928 1683 935 '
1704 921 1750 946 καὶ
1772 920 1842 947 κατά
1860 920 1976 956 ἀλληγο-

1191 963 1252 998 ρίας
1266 963 1322 991 ἐσθ’
1339 964 1394 996 ὅτε,
1412 965 1473 991 ἐπεί
1483 965 1525 991 τοι
1541 973 1572 1000 γε
1587 966 1624 998 ὡς
1637 966 1745 1001 ψευδεῖς
1757 967 1929 1003 θεωροῦμεν·
1946 968 1977 995 τὸ

1189 1009 1254 1045 γὰρ,
1272 1009 1380 1042 Εἱσάξω
1395 1011 1467 1046 ὑμᾶς
1483 1011 1520 1043 εἰς
1538 1011 1589 1047 γῆν
1614 1012 1728 1047 ῥέουσαν
1754 1012 1825 1047 γάλα
1841 1013 1888 1040 καὶ
1906 1015 1976 1050 μέλι,

1189 1056 1253 1091 περὶ
1277 1056 1328 1091 τῆς
1356 1055 1410 1082 ἀπὸ
1431 1056 1566 1092 Ἰορδάνου
1594 1057 1691 1094 μέχρις
1718 1058 1861 1094 Εὐφράτου
1885 1060 1977 1096 χώρας

1188 1101 1343 1136 εἰρημένον,
1357 1101 1455 1136 ψευδὲς
1472 1102 1505 1130 ἀν
1528 1103 1581 1138 είη,
1597 1104 1621 1130 εὶ
1638 1103 1677 1139 μὴ
1692 1103 1735 1130 διὰ
1752 1105 1890 1140 περινοίας
1905 1105 1975 1138 γνῶ-

1190 1155 1240 1181 μεν
1251 1147 1291 1174 ὅτι
1304 1147 1458 1182 πολύφυτος
1471 1148 1519 1174 καὶ
1533 1147 1686 1185 βοτανώδης
1698 1150 1714 1185 ἠ
1728 1150 1765 1185 γῆ
1777 1159 1784 1166 ι
1800 1146 1830 1177 οὗ
1841 1150 1869 1177 δὲ
1881 1151 1976 1178 πολλαὶ

1188 1192 1295 1227 βοσκαὶ,
1314 1194 1400 1220 πολλὰ
1423 1195 1508 1230 κτήνη
1536 1195 1583 1222 καὶ
1606 1194 1752 1231 Θρέμματα
1777 1197 1825 1223 καὶ
1844 1198 1974 1232 ποῖμναι’

1187 1235 1217 1265 οὗ
1229 1238 1258 1264 δὲ
1278 1238 1336 1271 ζῶα
1352 1239 1425 1271 τάδε,
1455 1239 1503 1266 καὶ
1519 1239 1655 1274 γάλακτος
1677 1241 1806 1275 ἀφθονία·
1824 1241 1926 1277 ὁμοίως
1946 1251 1975 1269 τε

1187 1284 1255 1310 ὅπου
1273 1284 1369 1311 πολλαὶ
1394 1285 1516 1320 βοτάναι,
1543 1285 1668 1312 πλεῖσταί
1694 1287 1763 1313 εἰσιν
1786 1287 1814 1313 αἰ
1837 1287 1976 1321 ἀνθολόγοι

1189 1328 1326 1363 μέλιτται·
1339 1326 1370 1356 οὗ
1382 1329 1411 1356 δὲ
1424 1329 1534 1361 πλείους
1548 1327 1637 1364 αὗται,
1650 1330 1697 1356 καὶ
1711 1330 1741 1357 τὺ
1765 1331 1796 1357 ὲκ
1815 1331 1898 1358 τῶνδε
1916 1332 1975 1367 μέλι

1188 1373 1270 1400 πολύο
1288 1374 1335 1401 καὶ
1357 1375 1400 1401 ὅτε
1419 1374 1466 1402 οὖν
1494 1375 1579 1410 λέγει’
1605 1385 1614 1402 ι
1634 1376 1698 1403 Ἐὰν
1722 1377 1736 1403 ὁ
1760 1376 1900 1412 ὀφθαλμός
1928 1385 1974 1404 σου

1187 1418 1351 1456 σκανδαλίζῃ
1366 1429 1406 1453 σε,
1422 1420 1520 1447 ἔκϐαλε
1534 1420 1614 1447 αὐτὸν
1632 1420 1686 1448 ἀπὸ
1708 1421 1766 1455 σοῦ,
1783 1431 1792 1447 ι
1809 1422 1847 1458 τῷ
1865 1422 1940 1458 ρητῷ
1957 1423 1974 1458 ἢ

1187 1466 1220 1501 τῇ
1236 1465 1341 1502 διανοίᾳ
1367 1467 1532 1502 προσεκτέον
1549 1466 1676 1503 πρώτως,
1704 1467 1782 1503 εἴπερ
1803 1467 1834 1494 τὸ
1858 1468 1975 1503 γράμμα

1186 1511 1354 1545 ἀποκτείνει,
1364 1512 1394 1539 τὺ
1408 1512 1437 1539 δὲ
1453 1512 1562 1548 πνεῦμα
1577 1512 1717 1546 ζωοποιεῖ,
1728 1509 1750 1539 ὦ
1762 1510 1846 1547 οὗτοι,
1861 1513 1977 1550 ἀποκρῶ

1186 1557 1268 1585 νασθε
1282 1559 1359 1593 ἡμῖν.

1228 1603 1297 1630 Ἀλλ’
1326 1604 1391 1635 ἴσως
1417 1603 1490 1640 πρδς-
1506 1605 1569 1632 τάδε
1586 1605 1687 1632 εἴποιτε
1700 1611 1706 1618 ·
1728 1605 1761 1632 Τί
1775 1604 1821 1632 οὖν
1838 1604 1906 1637 ὅλως
1925 1604 1974 1640 τὴν

1185 1650 1284 1685 εὐσεὸῆ
1300 1650 1436 1685 σημασίαν
1460 1650 1576 1686 ἐχούσης
1591 1652 1640 1686 τῆς
1662 1651 1773 1686 πρώτης
1794 1651 1895 1686 φωνῆς.
1913 1651 1974 1677 δευ-

1185 1696 1266 1732 τέραν
1284 1696 1363 1731 ὑμεῖς
1380 1698 1579 1731 καινουργείτε,
1595 1697 1618 1723 εί
1632 1697 1670 1732 μή
1683 1705 1709 1723 τι
1728 1697 1888 1732 σκαιωρεῖτε
1903 1696 1974 1723 κατὰ

1184 1741 1234 1776 τῆς
1248 1741 1369 1776 ὲννοίας;
1384 1741 1444 1775 ὲξδν
1459 1742 1513 1778 γὰρ
1533 1743 1621 1769 εἰπεῖν
1641 1743 1686 1768 καὶ
1704 1741 1772 1778 πρὸς
1792 1743 1863 1778 ὑμᾶς
1879 1741 1973 1768 εὐκαί-

1186 1796 1240 1824 ρως
1254 1788 1296 1815 ὅτι
1311 1785 1348 1815 ὧν
1363 1789 1380 1824 ὴ
1399 1788 1499 1824 χρῆσις
1514 1789 1530 1824 ἡ
1550 1788 1629 1824 αὐτὴ,
1654 1787 1757 1815 τούτων
1773 1790 1789 1823 ἡ
1814 1787 1974 1815 πολυτέλεια

1185 1833 1318 1868 περιττή·
1335 1832 1404 1860 ἀλλὰ
1430 1834 1560 1860 σκεπτέον
1581 1833 1620 1864 ὡς
1642 1832 1677 1859 τὰ
1695 1833 1764 1859 αὐτὰ
1784 1832 1902 1864 καὶτοῖς
1923 1831 1974 1866 τὴν

1186 1879 1282 1913 ἑτέραν
1301 1877 1392 1914 φωνὴν
1411 1878 1532 1914 ἀρχῆθεν
1554 1878 1794 1914 προϐαλλομένοις,
1816 1877 1864 1904 καὶ
1882 1877 1973 1904 πᾶσαν

1183 1923 1289 1950 τοιάνδε
1302 1923 1402 1959 εὐσεσῆ
1427 1924 1572 1958 ὁμολογίαν
1587 1923 1804 1959 ἀπορηθήσεται.
1821 1922 1854 1948 Τί
1869 1922 1923 1957 γὰρ
1939 1921 1974 1949 ἀν

1185 1969 1209 1995 εί
1221 1968 1317 1996 ταυτόν
1329 1969 1444 2005 ὲστιτῷ·
1458 1969 1488 1996 '0
1501 1979 1508 1995 ι
1519 1959 1603 2003 λόγος
1616 1968 1684 2004 σὰρξ
1698 1967 1834 2003 ὲγένετο,ι
1846 1965 1974 2002 τὺλέγειν

1186 2015 1250 2050 μίαν
1276 2015 1357 2049 φύσιν
1372 2015 1420 2042 τοῦ
1445 2015 1513 2042 Θεοῦ
1537 2015 1623 2048 Λόγου
1650 2014 1874 2049 σεσαρκωμένην,
1901 2013 1973 2046 αὕτη

1184 2060 1250 2094 ἡμῖν
1264 2060 1462 2095 ἑπεισυνέχθη;
1480 2060 1505 2087 τί
1525 2059 1553 2087 δὲ
1570 2060 1594 2086 εἱ
1616 2058 1713 2086 ταυτόν
1731 2059 1789 2085 ἔστι
1805 2058 1854 2093 τῷο
1878 2067 1887 2084 ι
1899 2057 1972 2091 Ἐγὼ

1185 2106 1232 2134 καὶ
1242 2106 1255 2132 ό
1267 2107 1362 2142 Πατὴρ
1375 2107 1404 2134 ἓν
1422 2108 1518 2141 ἐσμεν,
1536 2115 1545 2132 ι
1563 2105 1758 2141 προσεφράσθη
1774 2105 1863 2132 καὶτὸ
1876 2104 1974 2140 ὀμοού-

1185 2162 1241 2180 σιον
1253 2152 1300 2179 τοῦ
1313 2152 1418 2188 Πατρδς
1432 2152 1500 2187 πρὸς
1513 2151 1557 2178 τὸν
1568 2151 1649 2184 Υίόν;
1665 2151 1688 2176 εί
1699 2150 1727 2176 δὲ
1741 2150 1826 2182 οὕτως
1837 2150 1880 2177 διά
1895 2159 1972 2181 τινας

1184 2199 1230 2226 δύο
1247 2198 1341 2233 φύσεις
1353 2198 1483 2232 λέγοντας
1500 2196 1628 2233 Χριστοῦ,
1650 2196 1722 2227 ἰδίως
1742 2196 1857 2231 ἔχουσαν
1877 2196 1973 2223 ἐκατέ-

1185 2253 1235 2280 ραν
1254 2244 1285 2271 οὑ
1315 2243 1395 2279 μόνον
1422 2243 1493 2270 κατὰ
1507 2243 1586 2277 λόγον
1610 2242 1736 2277 φυσικὸν,
1750 2242 1818 2269 ἀλλά
1834 2242 1882 2270 καὶ
1900 2241 1973 2269 κατὰ

346 2293 500 2329 physicum,
521 2290 569 2318 sed
585 2295 614 2318 et
640 2289 792 2317 secundum
809 2289 987 2323 hypostaseos
1009 2288 1130 2315 existen-
1148 2300 1170 2328 η
1183 2299 1192 2317 ιι

1123 2302 1130 2307 -
1148 2300 1170 2328 ι)
1183 2290 1232 2324 τὴν
1251 2289 1368 2324 ὓπαρξιν
1391 2289 1476 2325 αὐτὴν
1501 2288 1552 2323 τῆς
1576 2288 1763 2320 ὑποστάσεως,
1783 2288 1867 2323 ἤγουν
1881 2288 1928 2315 τόν
1942 2296 1969 2314 τε

347 2341 412 2367 tiam
429 2338 535 2366 scilicet
553 2342 581 2364 et
591 2336 710 2364 Verbum
723 2340 750 2362 et
766 2342 877 2362 carnem
894 2333 1013 2365 Domini,
1032 2337 1059 2361 et
1075 2340 1129 2360 non

346 2384 436 2419 ipsum
451 2383 570 2411 Verbum
588 2389 698 2410 carnem
716 2380 896 2415 assumpsisse
916 2379 1130 2414 dogmatizantes

346 2430 373 2457 in
381 2438 434 2457 una
443 2428 594 2457 secundum
611 2427 777 2463 hypostasim
788 2425 964 2458 adunatione,
975 2425 1130 2452 necessario

345 2475 469 2511 oportuit
483 2474 576 2502 dicere
595 2474 704 2501 unicam
725 2471 772 2499 Dei
788 2471 871 2499 Verbi
894 2475 1022 2498 naturam
1042 2470 1130 2497 incar-

346 2527 448 2555 natam,
464 2526 494 2548 ut
508 2524 536 2548 et
553 2519 721 2555 signiﬁcetur
737 2523 897 2546 naturarum
910 2516 1058 2554 duplicitas
1083 2522 1131 2550 per

347 2568 373 2595 id
391 2567 464 2602 quod
478 2566 591 2598 dicitur,
609 2565 749 2592 incarnata
761 2567 858 2590 natura
874 2563 953 2597 quasi
968 2562 1002 2589 ad
1017 2562 1130 2597 aliquid.

347 2620 464 2647 namque
477 2611 510 2639 ad
523 2611 713 2638 incarnantem
731 2608 843 2636 dicitur.
856 2608 890 2635 Et
903 2608 1079 2643 perspicuum
1091 2611 1132 2634 est

346 2659 420 2694 quod
435 2667 488 2686 non
506 2657 534 2685 in
549 2655 665 2684 monade
681 2663 726 2683 res
737 2655 771 2682 ad
794 2653 898 2689 aliquid
913 2659 992 2687 sunt;
1007 2653 1130 2680 utetiam

347 2705 423 2732 locus
438 2703 528 2739 impiis
551 2710 606 2730 non
631 2701 712 2729 datus
735 2701 771 2728 sit
793 2705 905 2736 propter
930 2700 1030 2727 lemma
1057 2700 1132 2727 vocis

347 2751 464 2778 duarum
477 2754 640 2776 naturarum
649 2747 775 2775 dividere
786 2746 957 2782 hypostasim
974 2746 1094 2778 unicam,
1105 2746 1133 2773 in

347 2795 571 2831 imprudentibus
594 2793 692 2822 eodem
714 2792 827 2820 nomine
847 2791 998 2827 signiﬁcata
1024 2798 1132 2818 natura.

346 2842 380 2870 Et
392 2848 463 2876 saepe
478 2841 540 2868 loco
549 2839 675 2867 essentize
686 2844 713 2867 et
725 2839 785 2866 loco
794 2837 945 2873 personaiis
957 2837 1135 2874 hypostascos

382 2928 391 2943 ‘
405 2927 498 2955 Matth.
515 2935 542 2961 γ,
557 2926 601 2955 29.
640 2926 650 2942 ⁸
664 2925 743 2953 Joau.
760 2933 788 2958 ι,
807 2923 850 2952 50,

1185 2335 1270 2369 Λόγον
1288 2334 1334 2361 καὶ
1347 2334 1396 2370 τὴν
1415 2335 1504 2370 σάρκα
1516 2333 1564 2360 τοῦ
1576 2334 1690 2368 Κυρίου,
1707 2334 1752 2360 καὶ
1763 2333 1815 2359 οὐκ
1829 2333 1912 2360 αὑτὸν
1927 2332 1973 2361 τδν

1184 2380 1271 2415 Λόγον
1286 2380 1476 2416 σεσαρκῶσθαι
1490 2379 1702 2415 δογματίζοντας
1727 2379 1757 2405 ὲν
1778 2380 1828 2414 μιᾷ
1849 2380 1884 2414 τῇ
1909 2379 1972 2406 καθ’

1185 2425 1332 2452 ὑπόστασιν
1356 2425 1461 2457 ἑνὼσει,
1492 2425 1648 2459 ἀναγκαίως·
1671 2425 1765 2459 ἐδέησε
1791 2425 1882 2459 λέγειν
1907 2425 1973 2459 μίαν

1185 2472 1266 2507 φύσιν
1283 2470 1330 2498 τοῦ
1357 2470 1425 2497 Θεοῦ
1440 2471 1528 2505 Λόγου
1548 2470 1772 2506 σεσαρκωμένην,
1796 2470 1838 2496 ἵνα
1857 2470 1904 2496 καὶ
1924 2478 1974 2504 ση-

1186 2518 1317 2553 μαινηται
1336 2517 1366 2544 τὸ
1385 2517 1473 2543 διττὸν
1491 2516 1545 2543 τῶν
1561 2516 1668 2550 φύσεων
1693 2516 1737 2542 διὰ
1753 2515 1799 2542 τοῦ
1815 2516 1852 2547 ὡς
1865 2516 1934 2550 πρός
1946 2524 1972 2542 τι

1184 2562 1311 2597 λέγεσθαι
1326 2563 1375 2598 τὴν
1406 2562 1620 2596 σεσαρκωμένην
1643 2561 1735 2595 φύσιν·
1761 2561 1829 2596 πρὸς
1855 2560 1910 2596 γὰρ
1923 2559 1974 2596 τὴν

1186 2608 1369 2645 σαρκώσασαν
1383 2608 1508 2643 εῐρηται’
1526 2607 1572 2634 καὶ
1597 2607 1675 2642 δῆλόν
1701 2609 1786 2639 ἐστιν,
1808 2607 1845 2640 ὡς
1870 2607 1920 2634 οὑκ
1944 2607 1974 2633 ἐν

1185 2652 1279 2688 μονάδι
1292 2653 1326 2679 τὰ
1339 2653 1407 2688 πρός
1419 2652 1446 2678 τί
1463 2653 1531 2684 ἐστι,
1548 2651 1624 2687 χώρα
1641 2660 1672 2678 τε
1689 2653 1746 2683 τοίς
1759 2651 1919 2678 δυσσεϐοὖσι
1936 2651 1974 2686 μὴ

1183 2699 1246 2734 δοθῇ
1261 2699 1305 2726 διὰ
1324 2698 1371 2725 τοῦ
1386 2698 1530 2734 λήμματος
1546 2697 1596 2732 τῆς
1616 2697 1670 2724 τῶν
1692 2697 1740 2723 δύο
1761 2697 1869 2731 φύσεων
1881 2699 1974 2732 φωνῆς

1184 2745 1305 2780 δικάζειν
1320 2744 1410 2771 αὐτῶν
1427 2744 1476 2780 τὴν
1492 2744 1556 2779 μίαν
1572 2744 1735 2777 ὑπόστασιν,
1754 2744 1783 2770 ὲν
1800 2744 1858 2775 τοῖς
1872 2745 1973 2778 ἀπερι-

1186 2790 1316 2821 σκέπτοις
1331 2788 1532 2825 ὁμωνυμούσης
1547 2788 1597 2823 τῆς
1621 2787 1745 2822 φύσεωςο
1773 2787 1820 2814 καὶ
1842 2786 1975 2818 πολλάκις

1186 2837 1246 2863 ἀντὶ
1260 2836 1355 2868 οὐσίας
1371 2835 1419 2862 καὶ
1445 2835 1508 2862 ἀντὶ
1534 2836 1714 2871 προσωπικῆς
1742 2834 1770 2861 δὲ
1796 2833 1975 2866 ὑποστάσεως
