2144 3241
347 213 414 244 1815

979 217 1132 248 LEONTII
1152 216 1349 246 BYZANTINI

1897 214 1964 245 1816

345 270 473 297 inmersa
494 275 521 298 et
546 272 666 299 totalitcr
687 272 860 304 cxtracta,in
886 277 1012 299 naturam
1037 272 1129 300 veniet
1143 273 1167 302 Α
1180 281 1191 299 τ

1120 273 1167 302 ιΑ
1180 272 1250 304 τόδε,
1279 274 1318 304 είς
1338 271 1419 306 φύσιν
1442 273 1503 306 ἣκει
1530 272 1594 306 μίαν
1619 272 1667 298 σὺν
1680 271 1719 306 τῷ
1746 271 1831 300 ὕδατι.
1851 270 1909 297 ἀλλ’
1923 271 1962 302 εις

345 324 428 344 unam
448 325 509 345 cum
520 325 601 353 aqua,
615 318 663 345 sed
680 319 706 346 in
728 319 901 347 existentiam
913 327 1013 352 unam;
1029 327 1126 354 quem-

343 362 490 389 admodum
522 370 588 398 ergo
612 367 640 391 et
670 364 771 392 ferrum
801 369 828 391 ct
851 365 921 400 ignis
942 365 969 392 iu
997 365 1126 392 incande-

343 407 455 435 scentite
466 407 659 440 existentiam;
674 414 701 437 et
721 410 825 444 lapides
842 414 870 437 et
881 410 952 445 ligna
977 410 1004 438 in
1029 410 1127 437 domus

343 452 455 487 quidem
487 453 664 481 existentiam
695 455 808 482 alteram
839 459 987 488 venerunt,
1015 460 1127 483 naturas

343 505 410 524 vero
428 498 549 531 easdem,
563 498 611 526 sed
625 499 758 528 adunatas
770 499 802 526 ad
817 499 946 532 invicem,
961 499 1128 528 convenien-

345 547 387 570 tes
406 542 434 570 in
455 542 539 578 hujus
564 544 792 578 compositionem
816 549 843 571 et
864 543 1074 572 fabricationem
1099 544 1126 571 in

343 595 441 620 unum,
458 589 564 616 scilicet
574 589 762 616 exsistcutiam
774 589 883 621 domus,
896 589 1009 616 habent.
1023 589 1049 616 Si
1060 596 1127 624 ergo

344 637 371 660 et
387 633 414 659 in
432 637 558 660 naturam
574 641 656 661 unam
672 634 744 661 sicut
760 642 834 662 nunc
842 639 871 662 et
887 635 914 662 in
924 635 1125 668 exsistentiam,

345 678 422 706 ﬁeret
435 679 566 706 adunatio
577 679 808 714 quemadmodum
824 680 855 707 llt
869 680 904 708 de
924 681 1044 715 κλαύρας
1066 680 1128 716 χίας

343 728 371 750 et
383 723 416 751 de
433 724 539 752 mollita
564 724 743 761 (μαλθακτοῦ)
761 733 824 753 cera
840 725 868 753 in
887 726 1035 754 mastiches
1049 734 1127 754 com-

343 769 508 804 positionem
536 770 665 798 adunatis
692 771 815 802 realiter.
842 775 870 799 et
894 776 1019 799 naturam
1044 779 1126 799 unam

343 815 435 843 dicere
457 823 569 844 necesse
584 821 626 843 est
639 824 673 843 ex
697 816 874 844 adunatione.
889 816 1127 844 Considerandum

342 868 407 888 vero
418 861 490 896 quod
506 869 557 889 nec
571 862 704 889 mastiche
717 870 769 890 nec
786 870 847 890 sera
864 856 894 890 in.
908 862 1028 898 propriis
1046 867 1127 890 natu-

343 905 446 934 ralibus
459 905 675 942 specialitatibus
686 912 752 936 tunc
766 914 794 935 et
811 908 1009 944 compositione
1031 913 1060 936 et
1077 917 1126 937 σου

1180 318 1328 344 ὑπόστασιν
1357 317 1439 352 μίαν·
1471 317 1564 352 ὥσπερ
1585 317 1632 344 οὖν
1649 318 1695 343 καὶ
1723 316 1831 351 σίδηρος
1847 315 1962 350 καὶπῦρ

1178 365 1218 395 εἰς
1240 364 1339 398 μύδρου
1355 364 1519 390 ὑπόστασιν·
1536 363 1582 389 καὶ
1593 362 1662 389 λίθοι
1688 362 1742 397 γὰρ
1761 362 1809 389 κο.)⁸
1833 361 1899 393 ξύλα
1923 362 1962 392 είς

1178 408 1252 435 οῐκου
1269 408 1317 443 μὲν
1330 408 1478 434 ὑπόστασιν
1492 408 1590 443 ἑτέραν
1604 405 1688 443 ἧκαν,
1704 407 1800 440 φύσεις
1815 406 1843 432 δὲ
1857 406 1905 437 τὰς
1917 405 1964 432 αὐ-

1177 453 1236 485 τὰς,
1263 452 1319 478 ἀλλ’
1334 453 1478 488 ἡνωμένας
1499 452 1638 488 ἀλλήλαις,
1658 452 1708 483 τὰς
1725 451 1906 482 συνελθούσας
1924 451 1963 482 είς

1178 497 1226 533 τὴν
1246 497 1323 524 τοῦδε
1342 497 1482 530 σύστασιν,
1501 499 1548 525 καὶ
1564 498 1613 534 τὴν
1635 498 1681 532 ὑφ’
1708 497 1737 524 ἓν
1753 498 1858 529 στάσιν,
1876 497 1963 523 εῐτουν

1179 543 1328 570 ὑπόστασιν
1346 543 1394 570 τοῦ
1410 543 1486 570 οἴκου
1503 544 1627 579 ἔχουσιν
1644 544 1669 570 εἰ
1689 543 1779 579 μέντοι
1797 542 1845 569 καὶ
1859 542 1899 573 εἰς
1915 540 1964 575 φύ-

1179 597 1221 615 σιν
1233 589 1307 623 μίαν,
1325 589 1420 622 ὥσπερ
1436 588 1483 616 οὖν
1498 590 1546 616 καὶ
1558 589 1720 620 ὑπόστασιν,
1737 587 1843 622 ’γένοιτο
1855 587 1963 618 ἒνωσις,

1178 630 1233 660 οἷον
1246 633 1351 668 γίνεται
1365 634 1412 661 ἐπὶ
1427 635 1476 670 τῆς
1494 634 1617 670 κλαὺρας
1631 635 1703 669 χίας,
1725 633 1773 660 καὶ
1799 632 1846 659 τοῦ
1863 631 1964 666 μαλθα-

1179 677 1242 705 κτοῧ
1256 678 1342 714 κηροῦ
1357 679 1398 711 εἰς
1411 680 1530 714 μαστιχή
1537 688 1620 715 ματος
1650 679 1780 706 σύστασιν
1812 677 1964 712 ὲνουμένων

1177 723 1270 756 ὅντως,
1287 725 1334 751 καὶ
1350 725 1432 760 φύσιν
1450 725 1518 760 μίαν
1539 725 1646 759 ἀνάγκη
1675 724 1766 758 λέγειν
1784 723 1830 750 ἐπὶ
1849 723 1882 757 τῇ
1900 721 1965 748 ἑνώ-

1179 779 1233 798 σει,
1247 771 1384 799 Σκεπτέον
1398 772 1425 799 δὲ
1438 772 1475 804 ὡς
1490 771 1552 798 οὒτε
1565 773 1581 806 ἡ
1600 771 1719 806 μαστίχη
1732 769 1794 797 οὔτε
1804 769 1818 796 δ
1831 768 1917 804 κηρὸς
1935 769 1964 794 ὲν

1176 818 1237 848 ταῖς
1249 817 1364 850 οἰκείαις
1381 819 1510 852 φυσικαῖς
1535 817 1647 852 ἰδιότησι
1663 817 1722 843 τότε
1748 816 1796 843 καὶ
1819 814 1965 842 συστάσεσι

1179 863 1228 890 καὶ
1235 864 1341 898 χροιαῖς
1348 865 1396 890 καὶ
1404 863 1510 895 λοιπαῖς
1520 864 1644 897 ποιότησι
1652 863 1741 898 πάντη
1749 861 1861 897 μένουσι
1873 859 1966 887 λοιπον

1179 909 1250 937 κατὰ
1269 910 1350 946 τήνδε
1363 910 1413 945 τὴν
1423 910 1530 941 ἕνωσιν,
1546 908 1608 936 οὔτε
1628 909 1687 935 ἐστι
1703 907 1810 943 θατέρῳ
1818 906 1871 934 τῶν
1888 905 1965 933 ἰδίων

342 951 448 979 loribus
460 956 489 979 et
506 952 620 988 reliquis
639 953 819 988 qualitatibus
840 953 953 989 penitus
969 959 1124 984 remanent.
1142 943 1165 972 Β
1181 965 1188 992 ι

1118 975 1124 984 .
1142 943 1165 972 Β
1181 956 1272 992 μερῶν
1284 943 1411 992 ὁμοιότης
1435 957 1464 982 ὲν
1480 955 1518 991 τῷ
1539 956 1726 990 μαστιχήματι
1740 952 1881 988 σωζομένη
1897 952 1964 988 προς

341 1002 436 1031 postea
452 998 604 1025 secundum
616 998 689 1026 illam
703 999 897 1027 adunationem
922 1007 972 1028 nec
988 1004 1028 1026 est
1041 1000 1126 1027 alter-
1179 1010 1187 1027 ·ι

1118 1017 1126 1022 -
1179 1002 1214 1028 τὰ
1221 1003 1330 1038 ὁμοειδῆ
1339 1011 1347 1019 ·
1355 1002 1418 1030 οὔτε
1430 1003 1483 1037 γὰρ
1491 1002 1563 1037 χίας,
1577 1001 1638 1028 οὐδὲ
1648 1000 1733 1035 κηροῦ
1744 999 1868 1035 τιὸμοιον
1877 998 1964 1032 πάντη

343 1043 398 1070 utri
425 1043 598 1078 propriarum
617 1045 736 1079 partium
757 1045 910 1072 similitudo
931 1045 959 1072 in
979 1046 1126 1074 masticbcs
1178 1047 1189 1074 ἐ

1117 1055 1126 1074 s
1178 1047 1233 1083 ἔχει
1248 1049 1278 1075 τὸ
1289 1049 1415 1076 σύνθετον
1432 1048 1590 1084 μαστίχημα
1603 1055 1611 1063 ·
1631 1047 1713 1073 οὗδὲό
1730 1046 1861 1081 ἤλεκτρος
1875 1044 1963 1077 πάντη

342 1088 541 1122 compositione
563 1094 671 1116 servata
693 1090 726 1116 ad
747 1097 779 1116 ea
803 1097 864 1125 qua:
888 1090 1010 1125 ejusdem
1032 1091 1126 1119 forma:

1178 1094 1279 1128 χρυσοῦ
1298 1092 1368 1126 εἷδος
1383 1095 1430 1121 καὶ
1440 1093 1560 1129 ἀργύρου
1577 1093 1667 1124 σώζει-

341 1137 416 1160 sunt.
430 1134 486 1161 Nec
495 1134 570 1161 enim
582 1135 645 1169 χίας
659 1142 711 1162 nec
736 1143 807 1162 cerae
822 1136 912 1163 simile
929 1136 995 1168 quid
1012 1144 1126 1171 prorsus
1146 1140 1247 1167 retinet
1277 1140 1461 1175 compositum
1494 1138 1652 1170 mastiebes,
1668 1145 1720 1165 nec
1735 1137 1869 1164 electrum
1887 1141 1966 1170 pror-

342 1188 389 1208 sus
408 1181 585 1209 auriformam
600 1186 628 1209 et
642 1183 747 1217 argenti
762 1187 863 1210 servat.

377 1226 411 1253 Et
429 1226 453 1254 si
470 1226 511 1254 sic
528 1227 621 1255 dicere
640 1228 674 1256 de
689 1228 801 1256 Christo
820 1229 900 1257 decet
920 1230 1126 1264 adunationem,

341 1271 421 1299 vobis
439 1272 651 1308 relinquendum
664 1278 695 1301 ut
711 1274 843 1310 iudicetis
863 1275 936 1310 quod
964 1283 1016 1303 nec
1038 1275 1127 1311 reipsa

341 1317 424 1348 Deus.
436 1326 487 1346 nec
504 1319 586 1346 homo
601 1322 647 1347 sit.
679 1319 708 1347 Si
732 1328 800 1348 vero
824 1323 917 1355 ipsum
941 1320 1053 1355 quidem
1071 1329 1126 1348 non

335 1363 433 1391 (licitis
445 1364 495 1395 sic,
513 1365 659 1399 quemdam
673 1373 740 1393 vero
753 1366 826 1394 inter
836 1366 939 1394 electos
950 1366 1044 1394 Patres
1055 1366 1126 1394 hanc

341 1408 369 1435 in
386 1413 512 1436 naturam
526 1410 723 1438 adunatiouem
738 1411 892 1439 ostendatis
905 1411 1056 1443 dicentem.
1069 1418 1129 1439 ces-

341 1453 465 1481 sabimus
488 1462 503 1481 a
527 1456 717 1483 controversia
743 1456 905 1489 vobiscum;
928 1457 950 1484 si
971 1463 1038 1484 vero
1060 1456 1127 1484 illud

341 1498 519 1528 adunationis
531 1499 559 1527 in
576 1505 703 1528 naturam
727 1501 826 1537 dogma
841 1502 1005 1529 dilaniatum
1031 1507 1059 1530 et
1082 1509 1129 1529 ex-

342 1552 458 1579 pansum
477 1545 629 1573 secundum
648 1547 802 1579 notionem,
816 1548 898 1582 quale
912 1552 964 1580 est,
981 1554 1032 1574 nec
1048 1546 1128 1574 vobis

1217 1232 1271 1259 Καὶ
1282 1232 1306 1258 εἰ
1319 1231 1404 1263 οὕτως
1414 1231 1504 1266 λέγειν
1518 1231 1564 1258 ἐπὶ
1572 1229 1690 1266 Χριστοῦ
1709 1227 1820 1262 εὔλογον
1835 1228 1886 1260 τὴν
1897 1228 1964 1255 ἐνω-

1182 1286 1234 1309 σιν,
1250 1278 1315 1313 ὑμῖν
1343 1276 1572 1311 ὲγκαταλειπτὲον
1596 1276 1699 1310 κρῖναι,
1725 1274 1763 1306 ὡς
1785 1275 1852 1310 μήτε
1880 1274 1965 1306 ὅντως

1179 1323 1244 1350 Θεὸν
1260 1324 1329 1358 μήτε
1345 1322 1488 1358 ἄνθρωπον
1502 1320 1571 1349 εἷναι
1603 1322 1627 1348 εἰ
1643 1321 1670 1347 δὲ
1686 1320 1767 1348 αὑτὸν
1787 1320 1836 1355 μὲν
1851 1319 1881 1346 οὓ
1896 1328 1965 1354 φατε

1178 1369 1249 1401 τόδε,
1264 1368 1326 1396 τινὰ
1342 1368 1371 1395 δὲ
1396 1368 1451 1395 τῶν
1470 1367 1607 1401 ἐκκρίτων
1626 1367 1756 1402 Πατέρων
1782 1366 1886 1401 ταύτην
1915 1365 1964 1401 τὴν

1179 1414 1221 1446 εἰς
1240 1414 1320 1448 φύσιν
1335 1414 1434 1440 ἱνωσιν
1449 1413 1563 1446 δείξοιτε
1578 1412 1702 1446 λέγοντα,
1724 1411 1888 1446 παυσόμεθα
1915 1411 1965 1445 τῆς

1180 1459 1248 1496 πρὸς
1271 1460 1344 1495 ὑμᾶς
1374 1458 1621 1494 ἀμφισϐητήσεως·
1640 1459 1664 1485 εί
1684 1457 1712 1485 δὲ
1738 1457 1798 1484 τόδε
1816 1457 1846 1484 τὺ
1863 1457 1912 1492 τῆς
1924 1458 1964 1488 εἰς

1181 1504 1262 1538 φύσιν
1275 1504 1397 1536 ἑνώσεως
1411 1504 1499 1539 δόγμα
1528 1503 1733 1538 διαξαινόμενον
1754 1503 1824 1530 κατὰ
1851 1502 1901 1538 τὴν
1920 1502 1965 1529 ἑν-

1180 1557 1266 1582 νοιαν,
1280 1545 1336 1576 οἶόν
1352 1548 1384 1575 τι
1405 1549 1474 1581 ἐστι,
1499 1548 1569 1584 μήτε
1585 1547 1650 1583 ὑμῖν
1673 1547 1797 1580 δεκτέον,
1821 1547 1889 1582 μήτε
1911 1547 1964 1574 τινὶ

342 1590 554 1624 admittendum,
569 1592 759 1628 nectcuiquam
783 1594 918 1621 divinitus
931 1593 1127 1628 inspiratorum
1140 1599 1164 1631 ο
1178 1605 1188 1623 1

1116 1601 1127 1620 ι
1140 1599 1164 1631 c
1178 1595 1232 1623 τῶν
1250 1595 1388 1631 θεοφόρων
1404 1595 1510 1627 λεκτὸν,
1526 1595 1585 1626 πῶς
1596 1595 1669 1622 δσιον
1681 1593 1767 1626 οὕτως
1776 1593 1822 1620 διὰ
1837 1593 1886 1629 τὴν
1896 1593 1962 1620 ἑνω-

343 1635 502 1669 dicendum,
540 1639 680 1672 quomodo
713 1639 818 1674 justum
860 1639 900 1667 sic
933 1647 984 1674 per
1023 1639 1129 1667 aduna-

344 1683 447 1710 tionem
459 1684 624 1719 simpliciter
651 1689 698 1712 aut
710 1685 792 1712 etiam
805 1684 1006 1717 exsistentiam,
1018 1684 1128 1712 unicam

343 1733 470 1756 naturam
487 1737 536 1757 vos
552 1731 723 1765 praetexere?
739 1730 798 1758 Non
826 1735 980 1758 metuentes
999 1731 1043 1766 pie
1057 1730 1130 1758 sicut

344 1774 507 1802 divisionem
519 1776 742 1803 conrenientium
757 1777 794 1803 ita
805 1781 834 1804 et
843 1784 936 1804 earum
948 1776 1128 1804 mutationem

344 1825 372 1846 et
391 1820 581 1849 confusionem
600 1829 650 1856 per
673 1821 878 1857 imprudentem
899 1829 993 1849 vocem
1005 1823 1128 1850 subscri-

345 1864 410 1892 bere
420 1865 432 1892 τ

384 1911 492 1938 Etenim
506 1915 534 1939 et
549 1911 616 1940 illud
631 1920 684 1940 non
701 1920 750 1940 vos
772 1917 928 1948 prmtereat,
947 1913 1021 1948 quod
1038 1912 1130 1940 accin-

345 1956 397 1983 ctis
408 1955 442 1983 ad
454 1956 588 1984 naturalia
599 1965 671 1992 saepe
684 1957 741 1985 visa
752 1962 833 1984 estet
847 1957 1038 1985 distinctarum
1054 1957 1128 1984 exsi—

345 2001 510 2029 stentiarum
530 2002 629 2030 ell'ecta
643 2002 809 2038 quibusdam
824 2002 956 2030 naturalis
976 2002 1107 2030 adunatio
1121 2010 1128 2028 :

343 2050 423 2074 aceto
437 2048 580 2082 supposito
595 2053 657 2083 post
670 2055 785 2083 parvum
807 2048 983 2075 intervallum
1013 2055 1051 2075 ωε
1064 2055 1129 2082 sup-

343 2093 464 2127 positum
477 2093 567 2128 ipsum
583 2094 695 2129 quidem
717 2095 819 2123 acescit
833 2099 914 2130 gustu
939 2093 1127 2129 rubiginosus,

343 2142 372 2164 et
394 2138 504 2166 videtur
529 2139 733 2174 quodammodo
756 2141 784 2168 in
810 2139 1010 2175 compositione
1037 2139 1130 2166 made-

343 2183 446 2211 factum
469 2189 498 2212 et
520 2184 660 2219 eﬂusum;
688 2191 797 2213 acetum
819 2193 886 2213 vero
909 2185 1082 2213 convolvitur
1100 2185 1127 2212 in

344 2229 558 2258 crassitudinem
570 2231 767 2259 condensalam
777 2232 803 2259 in
814 2230 1043 2266 coagulationem,
1055 2237 1129 2257 ama-

344 2274 431 2302 rescit
455 2281 549 2308 gustu.
564 2280 592 2304 et
607 2277 700 2312 aliquo
715 2277 796 2305 modo
818 2278 911 2305 colore
933 2278 1081 2306 erubescit.
1095 2278 1129 2306 Et

343 2320 510 2356 simpliciter
530 2322 684 2350 miscentur
699 2323 789 2358 quoad
812 2323 952 2351 naturales
970 2324 1128 2358 qualitates,

342 2371 371 2393 et
387 2367 542 2401 scparantia
559 2372 587 2395 ct
605 2373 730 2403 separata
757 2369 848 2403 quoad
881 2369 1051 2404 Iiyposlases.
1069 2370 1130 2398 Non

342 2419 409 2448 ergo
419 2412 552 2441 adunatio
563 2413 591 2441 in
604 2419 731 2442 naturam
745 2414 934 2447 indivisibilis.
945 2415 1129 2443 adunatorum

344 2457 427 2485 iidem
442 2458 517 2492 facit,
533 2460 582 2487 sed
602 2464 706 2487 tantum
730 2460 892 2488 mutationis
908 2459 1016 2489 illorum
1032 2469 1131 2489 secun-

343 2502 409 2530 dum
425 2503 573 2532 essentiam
600 2505 627 2532 in
651 2505 837 2533 ostensionem
861 2506 981 2534 sumitur
1001 2510 1030 2534 et
1056 2507 1130 2535 clare

343 2549 495 2585 cogitatur;
511 2550 580 2578 illud
596 2551 670 2579 enim
686 2551 797 2587 proprie
809 2551 910 2580 exinde
924 2552 1059 2588 sequitur.

380 2639 434 2668 Sed
446 2641 486 2669 sic
501 2641 613 2676 quidem
630 2641 686 2673 illa.
712 2644 743 2668 ut
757 2648 792 2669 ex
806 2641 976 2669 abundantia
999 2641 1130 2669 ostenda-

345 2694 408 2714 mus
431 2694 491 2718 vos.
515 2686 581 2721 quid
597 2693 650 2713 uec
660 2685 732 2713 hanc
749 2685 898 2713 absurdam
924 2685 1068 2713 audaciam
1087 2685 1129 2712 di-

344 2731 531 2767 ctionisjuxta
547 2731 691 2767 proprium
709 2731 849 2767 ingenium
869 2731 1021 2764 liabetis,ut
1042 2731 1129 2758 nostri

344 2777 492 2812 propiores
503 2777 652 2811 acccdatis,
665 2782 773 2806 tantum
795 2786 864 2806 vero
877 2786 926 2813 per
949 2778 1130 2814 sympathiam

345 2823 491 2858 quamdam
505 2829 532 2851 et
547 2824 750 2859 imprudentem
777 2832 881 2852 morem
911 2829 939 2851 et
960 2825 1130 2859 inexpertem

345 2869 599 2904 prmsumptioncm,
618 2871 662 2898 illa
689 2879 703 2898 a
720 2871 860 2906 primitiva
883 2875 908 2897 el
939 2878 1001 2897 vera
1030 2869 1130 2904 pietati-

349 2915 541 2950 abalicuautia,
571 2921 596 2943 et
622 2916 810 2944 Ιιωιςτηῑῖνςῐιπ·
834 2917 895 2943 iazli
923 2915 1097 2952 sejungimi'u
1118 2925 1130 2941 ξι

1181 1651 1223 1670 σιν
1237 1641 1362 1677 ἀτιλῶςῆ
1380 1641 1427 1668 καὶ
1453 1640 1503 1676 τὴν
1523 1640 1683 1673 ὑπόστασιν,
1713 1639 1763 1675 τὴν
1791 1639 1858 1674 μίαν
1883 1638 1965 1673 φύσιν

1181 1688 1253 1723 ὑμᾶς
1284 1686 1519 1723 προφασίζεσθαις
1554 1686 1592 1722 μὴ
1625 1685 1815 1722 ὀρρωδοῦντας
1845 1684 1965 1716 εὐσεὸὦς

1180 1733 1273 1769 ὥσπερ
1283 1733 1333 1767 τὴν
1347 1733 1479 1768 διαίρεσιν
1491 1732 1545 1759 τῶν
1555 1731 1747 1762 συνελθόντων.
1759 1731 1845 1764 οὕτως
1857 1731 1904 1758 καὶ
1916 1731 1966 1767 τὴν

1180 1779 1283 1815 τροπὴν
1301 1778 1392 1806 αὐτῶν
1405 1778 1453 1804 καὶ
1469 1777 1609 1812 σύγχυσιν,
1634 1777 1679 1804 διὰ
1696 1776 1748 1812 τῆς
1763 1776 1966 1813 ἀπερισκέπτου

1181 1824 1272 1859 φωνῆς
1281 1823 1452 1859 ὑπογράφειν
1461 1831 1468 1856 ;

1217 1911 1272 1938 Καὶ
1287 1911 1341 1947 γὰρ
1353 1911 1464 1939 κάκεῖνο
1477 1912 1515 1948 μὴ
1530 1911 1661 1946 ἀγνοείτω
1678 1912 1761 1947 ὑμᾶς,
1776 1911 1814 1944 ὥς
1831 1913 1887 1943 τοῖς
1903 1912 1966 1947 περὶ

1182 1956 1286 1991 φυσικὰ
1296 1952 1534 1993 γεγυμνασμένοις
1553 1957 1631 1994 ὤφθη
1661 1957 1792 1990 πολλάκις
1804 1957 1852 1984 καὶ
1876 1957 1967 1985 διακε-

1181 2003 1319 2039 κριμένων
1343 2004 1398 2033 τῶν
1424 2004 1602 2033 ὑποστάσεων
1627 2005 1760 2041 γενομένη
1783 2004 1840 2031 τισὶ
1863 2005 1966 2041 φυσικὴ

1180 2047 1294 2080 ἓνωσις”
1314 2048 1353 2084 τῷ
1367 2048 1422 2084 γὰρ
1433 2048 1490 2082 δξει
1506 2049 1680 2085 ὑποκειμένῳ
1694 2050 1723 2082 ἐξ
1750 2049 1842 2084 ὀλίγον
1855 2049 1966 2085 διαστή-

1183 2100 1267 2128 ματος
1285 2093 1465 2128 ὑποκείμενος
1487 2093 1595 2130 χαλκὸς,
1611 2094 1692 2126 αὐτὸς
1717 2095 1766 2130 μὲν
1790 2094 1914 2127 όξύνεταί
1936 2103 1966 2120 τε

1180 2137 1230 2173 τὴν
1243 2137 1337 2172 γεῦσιν
1354 2137 1487 2174 ίούμενος,
1502 2139 1549 2165 καὶ
1561 2138 1703 2170 όπτίζεταί
1719 2147 1778 2170 πως
1798 2138 1848 2174 τὴν
1867 2137 1968 2165 σύστα-

1183 2190 1225 2209 σιν
1238 2182 1442 2218 ἐκδιαινόμενος
1456 2184 1504 2210 καὶ
1516 2183 1698 2219 ἀναχεόμενος
1708 2191 1715 2199 ·
1734 2183 1765 2210 τὺ
1782 2183 1812 2210 δὲ
1834 2183 1895 2215 ὅξος
1919 2191 1967 2209 συ-

1183 2227 1330 2264 στρέφεται
1342 2237 1372 2255 τε
1393 2229 1433 2260 εἰς
1447 2229 1593 2265 παχύτητα
1606 2228 1782 2264 γλοιούμενον
1794 2227 1846 2264 τὴν
1866 2227 1969 2255 σύστα-

1146 2267 1170 2297 D
1184 2281 1235 2307 σιν,
1259 2274 1434 2310 πικραίνεταί
1450 2283 1480 2301 τε
1505 2274 1555 2310 τῂν
1566 2274 1672 2310 γεῦσιν,
1698 2274 1746 2301 καὶ
1760 2273 1896 2309 ἑρυθαίνει
1910 2282 1969 2305 πως

1180 2320 1211 2346 τὺ
1235 2319 1347 2356 χρῶμα·
1363 2319 1411 2347 καὶ
1434 2320 1530 2352 ἁπλῶς
1546 2320 1750 2356 ἁντικίρνανται
1777 2320 1826 2351 τὰς
1849 2319 1967 2354 φυσικὰς

1181 2365 1336 2400 ποιότητας,
1353 2366 1400 2396 καὶ
1413 2365 1544 2392 διεστῶτα
1553 2374 1583 2392 τε
1598 2365 1645 2392 καὶ
1655 2365 1823 2401 διωρισμένα
1840 2365 1889 2397 τὰς
1902 2365 1969 2391 ὐπο-

1182 2411 1306 2444 στάσεις·
1324 2412 1374 2439 οὐκ
1387 2413 1442 2447 ἄρα
1455 2410 1502 2439 οὖν
1520 2413 1536 2447 ὴ
1553 2413 1594 2444 είς
1607 2412 1688 2447 φύσιν
1701 2412 1798 2444 ἓνωσις
1815 2412 1864 2439 τοῦ
1881 2411 1968 2439 ἀδιαι-

1182 2457 1271 2492 ρέτου,
1291 2458 1346 2485 τῶν
1367 2459 1522 2486 ἑνωθέντων
1545 2459 1688 2492 πίστωσις,
1712 2458 1781 2486 ἀλλὰ
1812 2458 1894 2494 μόνον
1918 2457 1966 2492 τῆς

1181 2505 1243 2532 κατ’
1253 2505 1346 2532 οὐσίαν
1359 2505 1529 2538 ἀλλοιώσεως
1549 2505 1640 2532 αὐτῶν
1670 2506 1711 2536 εἰς
1727 2504 1810 2538 δεῖξιν
1832 2505 1967 2541 λαμϐάνεη

1180 2559 1226 2577 ται
1249 2544 1296 2579 καὶ
1327 2553 1426 2578 νοεῖται
1454 2551 1563 2586 σαφῶς·
1590 2552 1672 2579 τοῦτο
1691 2551 1746 2587 γὰρ
1773 2551 1846 2586 Ιδίως
1872 2552 1968 2578 ἕπεται

1181 2596 1253 2624 ﬁds.

1224 2641 1292 2668 Ἀλλ’
1313 2641 1399 2671 οὕτως
1418 2642 1468 2677 μὲν
1490 2643 1565 2675 τάδε,
1583 2642 1628 2670 ἴνα
1653 2645 1686 2670 ὲκ
1706 2643 1868 2679 περιουσίας
1895 2644 1968 2679 ὑμᾶς

1181 2687 1322 2722 δείξωμεν,
1346 2688 1383 2720 ὡς
1395 2688 1456 2715 οὐδὲ
1478 2688 1559 2721 τήνδε
1573 2689 1622 2723 τὴν
1644 2689 1742 2724 ἄλογον
1768 2690 1895 2725 ἀφορμὴν
1920 2689 1969 2724 τῆς

1182 2734 1353 2766 ταυτολεξίας
1376 2733 1452 2769 ἔχετε
1469 2735 1508 2766 εις
1523 2734 1573 2768 τὴν
1585 2734 1699 2767 διένεξιν
1718 2735 1769 2770 τὴν
1790 2735 1858 2770 πρὸς
1883 2735 1969 2770 ἡμᾶς.

1184 2780 1263 2814 μόνον
1274 2779 1302 2806 δὲ
1314 2780 1358 2806 διά
1372 2788 1434 2807 τινα
1449 2779 1639 2815 προσπάθειαν
1661 2781 1708 2807 καὶ
1738 2780 1881 2814 ἀλόγιστον
1908 2788 1970 2806 συν-

1183 2825 1276 2860 ήθειαν
1290 2825 1336 2851 καὶ
1349 2824 1528 2852 ἀϐασάνιστον
1544 2825 1679 2861 πρόληψιν
1697 2826 1761 2861 περὶ
1777 2825 1825 2852 τοῦ
1851 2825 1970 2860 ἀρχῆθεν

1183 2872 1230 2904 τῆς
1241 2870 1356 2906 ἀληθοῦς
1368 2870 1509 2903 εὐσεϐείας
1528 2871 1742 2907 ἀποδεδρακόςα,
1760 2873 1806 2898 καὶ
1832 2872 1968 2906 αἱρεσιαρ

1185 2917 1316 2950 χήτπ·ιτ’ς
1333 2916 1409 2950 "qui;
1427 2916 1587 2951 ἁτοςίξετίὶε
1616 2917 1704 2952 ’ἡκ-ι,
1723 2918 1738 2952 ἢ
1837 2917 1937 2951 βῖιτῖπγ,
1953 2917 1971 2949 ἣ
