2144 3261
349 238 415 269 ῙΜἌ

977 240 1132 270 LEONTIX
1152 240 1354 270 BYZAN‘TINI

1899 241 1966 273 18M

346 296 435 326 licuit.
447 300 477 322 ut.
491 297 545 330 jam
561 295 692 327 diximus,
711 303 766 323 non
782 296 847 323 item
863 300 890 323 et
905 296 936 323 D.
955 296 1049 331 Cyrilli
1062 302 1129 324 tem-
1143 297 1192 328 Αδ

1120 311 1129 316 -
1143 300 1166 328 Α
1180 297 1208 323 δὲ
1235 297 1280 323 τὸν
1308 297 1403 332 χρόνον
1423 298 1470 324 τοῦ
1495 298 1574 332 ἁγίου
1596 299 1731 334 Κυρίλλου
1748 299 1798 333 τῆς
1814 299 1890 325 νόσου
1911 299 1966 325 τῶν

346 350 423 375 pare,
441 349 506 376 quo,
524 342 587 367 dum
602 350 649 376 per
664 342 800 369 Ecclesias
812 342 972 369 Nestoriana
984 343 1043 369 lues
1055 350 1129 378 gras-

345 387 468 419 sabatur,
482 396 513 414 ea
533 395 584 414 vox
595 388 680 422 magis
696 388 835 422 magisque
850 388 949 422 rejeeta
962 387 1024 414 fuit.
1046 397 1055 412 ι

381 433 409 461 Si
426 434 464 460 ita
477 438 529 465 est,
544 434 651 466 insane,
666 434 767 469 rejecta
781 434 908 468 ergnjam
925 438 1006 460 antea
1022 433 1083 464 fuit,
1102 438 1129 460 et

345 479 433 506 multo
460 479 546 514 magis
566 484 628 514 post
650 479 820 506 Nestorium.
836 479 912 511 Quod
936 486 998 506 cum
1021 478 1058 505 ita
1082 479 1127 510 sit,

344 526 483 558 quomodo
509 533 573 559 ergo
595 525 724 551 Patribus
750 524 803 551 illis
826 532 856 551 ea
882 532 946 551 voce
970 524 1009 551 uti
1024 524 1129 563 licuit?

344 570 479 597 Praeterea
495 570 517 597 si
533 570 699 597 vocabulum
713 570 780 597 illud
796 573 926 606 rcjcctum
944 569 995 596 fuit
1011 571 1038 596 in
1052 570 1127 604 judi-

343 615 388 641 cio
400 620 495 642 contra
509 615 680 647 Nestorium,
696 623 746 642 cur
759 623 840 642 nemo
857 620 958 643 emtum
976 614 1113 642 Chalcedo

343 668 456 688 nensem
471 661 597 688 Nestorio
620 662 799 696 posteriorem
818 662 852 688 de
873 661 925 688 hoc
944 661 1012 695 ipso,
1033 668 1087 694 quo
1106 660 1128 688 is

344 714 411 733 usus
433 711 484 739 est,
507 707 665 742 redarguit?
681 707 730 734 sed
752 707 777 734 id
802 715 886 734 unum
906 707 932 734 ei
946 707 1012 733 Vitio
1034 707 1126 739 vertit,

342 752 416 786 quod
431 760 446 780 e
460 753 566 780 naturis
589 753 704 780 duabus
718 753 830 780 minime
850 754 1033 787 compositum
1047 752 1128 779 Chri-

342 803 414 826 stum
429 804 545 832 asserat,
562 808 614 828 nee
634 807 728 827 earum
749 801 776 827 in
796 808 848 827 una
869 798 1046 827 subsistentia
1064 806 1128 825 con—

339 845 512 880 iunctionem
537 846 709 880 profiteatur.
726 845 803 878 Quod
826 850 917 873 autem
940 845 993 871 hoc
1012 844 1085 871 dicat
1101 848 1128 871 et

341 899 418 918 sacra
433 892 564 927 synodus,
576 892 638 926 quis
654 892 814 920 dubitat?si
827 891 900 918 enim
913 891 958 918 illa
969 890 1027 918 suis
1038 890 1127 917 feren-

340 937 384 964 dis
403 937 524 965 decretis
544 938 580 964 ita
599 938 742 972 loquitur:
763 948 771 963 ι
788 937 960 972 Suscipimus
981 937 1012 963 D.
1031 935 1126 971 Cyrilii

340 982 388 1016 qui
404 982 534 1010 Ecclesiae
545 983 738 1010 Alexandrinae
763 983 884 1018 praefuit,
909 986 1004 1010 eontra
1025 981 1123 1009 Nesto—
1141 976 1161 1004 Β

340 1028 412 1054 rium
434 1033 463 1055 et
485 1027 639 1056 Orientales
654 1029 799 1063 episcopos
818 1028 964 1063 synodales
983 1027 1123 1062 epistolas,

338 1081 400 1106 quae
411 1073 570 1101 Nestorium
585 1074 674 1108 ipsum
694 1081 750 1101 sua?
767 1074 913 1101 dementiae
922 1074 995 1101 clare
1012 1074 1126 1101 convin-

338 1123 415 1145 cunt.
430 1127 439 1144 ι
451 1118 558 1151 Quibus
569 1119 595 1145 in
607 1119 731 1153 epistolis
747 1123 858 1146 sanctus
873 1118 954 1146 Pater
971 1119 1124 1146 naturalem

1181 344 1330 378 Νεστορίου
1355 344 1542 378 καινοφωνιῶν
1559 345 1608 376 τὰς
1630 345 1790 380 Ἐκκλησίας
1805 346 1966 380 ἐπινεμομέ-

1181 398 1239 423 νης.
1254 390 1300 415 ἐπὶ
1316 389 1398 415 πλέον
1412 391 1427 424 ὴ
1440 389 1513 421 λέξις
1526 391 1745 426 ἀπεδοκιμάσθη.
1763 400 1772 416 ›

1217 435 1297 462 Ὥστε
1317 433 1372 466 οὖν,
1397 432 1418 461 ὦ
1439 434 1526 467 οὗτος,
1552 436 1598 462 καὶ
1620 436 1702 462 πάλαι
1721 437 1837 471 ἀδόκιμα
1853 437 1899 463 καὶ
1919 436 1966 462 ἐπὶ

1181 480 1262 507 πῗέον
1281 481 1349 515 μετὰ
1366 481 1527 516 Νεστόριοψ
1546 483 1604 513 πῶς
1626 480 1671 509 οὖν
1695 482 1865 518 ἁδιαῆλήτως
1885 483 1965 518 ἐχρή-

1180 535 1262 553 σαντο
1277 527 1365 561 αὑτῇ;
1388 524 1449 552 εἶτα
1470 527 1498 553 δὲ
1520 528 1544 553 εί
1568 527 1744 561 διαϐέϐληται
1769 529 1815 554 καὶ
1836 528 1964 554 ἀπεδοκι-

1181 571 1271 606 μάσθη
1287 571 1360 597 κατὰ
1380 571 1538 606 Νεστόριον,
1556 573 1614 604 πῶς
1627 573 1657 599 οὐ
1672 574 1741 599 κατὰ
1754 573 1813 599 τόδε
1831 572 1963 608 γράφεταί

1178 618 1249 652 τιςῆ
1269 618 1417 652 κατηγορεί
1442 618 1492 652 τῆς
1523 619 1553 644 ἐν
1582 618 1733 654 Χαλκηδόνι
1751 619 1861 646 συνόδου
1894 619 1964 653 μετα

1178 664 1326 699 Νεπόριον
1349 663 1446 698 οὓσηςς
1465 663 1534 690 ἀλλὰ
1555 664 1622 691 διότι
1650 665 1687 700 μὴ
1712 665 1759 691 καὶ
1773 665 1804 691 ὲκ
1819 665 1866 691 δύο
1878 665 1962 698 λέγει,

1179 709 1227 735 καὶ
1252 709 1300 744 τὴν
1315 710 1377 736 καθ’
1391 710 1540 736 ὑπόστασιν
1561 710 1659 737 ἕνωσιν
1671 711 1789 745 Χριστοῦ
1802 719 1809 726 ·
1825 711 1866 737 ὅτι
1880 711 1908 736 δὲ
1923 711 1965 736 λέ-

1178 763 1222 788 γει
1236 754 1308 787 τὰδε,
1324 754 1366 785 τίς
1381 754 1567 790 ἀμφιδάλλεις
1587 764 1596 780 ι
1611 755 1641 781 Εἰ
1655 755 1710 789 γὰρ
1724 755 1740 790 ἡ
1759 755 1867 786 σύνοδος
1879 755 1965 789 ψηφι-

1181 799 1283 834 ζομένη
1306 800 1389 834 φησὶν
1410 800 1507 833 οὕτως,
1532 801 1582 832 τὰς
1600 800 1647 827 τοῦ
1670 801 1807 836 μακαρίου
1831 801 1965 835 Κυρίλλου

1178 845 1224 872 τοῦ
1233 846 1283 880 τῆς
1296 845 1494 880 Ἀλεξανδρέων
1506 845 1669 880 Ἐκκλησίας
1682 846 1827 881 γενομένου
1836 846 1967 880 ποιμένος

1179 890 1321 922 ἀυνοδικὰς
1337 891 1482 922 ἐπιστολὰς
1505 890 1573 926 πρὸς
1598 891 1746 926 Νεστόριον
1759 891 1807 917 καὶ
1822 891 1889 925 πρὸς
1903 890 1966 921 τοὺς

1177 937 1226 971 τῆς
1238 936 1384 970 Ἀνατολῆς
1397 936 1533 972 δεχόμεθα
1548 937 1680 972 άρμοδίας
1696 937 1778 968 οὗσας
1793 938 1834 968 εἰς
1855 937 1967 970 ἔλεγχον

1177 982 1227 1016 τῆς
1244 981 1392 1017 Νεστορίου
1417 982 1639 1017 φρενοϐλαϐείας,
1657 993 1666 1008 ι
1688 980 1733 1015 αἶς
1748 983 1902 1014 ἐπιστολαῖς
1919 981 1967 1008 καὶ

1178 1027 1226 1062 τὴν
1241 1027 1357 1062 φυσικὴν
1381 1028 1429 1054 καὶ
1450 1029 1499 1063 τὴν
1524 1029 1584 1055 καθ’
1605 1029 1756 1055 ὑπόστασιν
1773 1029 1872 1055 ἕνωσιν
1887 1029 1938 1062 ἔφη
1952 1029 1966 1054 ό

1179 1073 1283 1106 Πατὴρ,
1298 1073 1356 1104 πῶς
1370 1073 1429 1108 οὐχὶ
1442 1073 1476 1099 τὰ
1488 1073 1558 1100 αὐτὰ
1569 1074 1705 1109 ὁμολογεῖ,
1720 1071 1742 1109 ᾧ
1757 1076 1905 1110 συμφωνεῖ,
1918 1076 1965 1101 καὶ

1179 1118 1208 1144 ὃν
1224 1118 1386 1153 ἀποδέχεται
1401 1119 1429 1144 ἐν
1446 1119 1550 1152 τοῖσδες

337 1165 563 1199 conjunctionem
583 1166 609 1192 in
627 1172 680 1192 una
691 1165 844 1199 eademque
876 1165 1054 1192 subsistentia
1088 1164 1254 1192 conﬁtetur:
1273 1163 1413 1198 quomodo
1447 1164 1568 1199 synodus
1589 1164 1646 1200 ipsa
1668 1173 1724 1192 non
1745 1169 1787 1193 est
1820 1166 1847 1192 in
1868 1164 1964 1192 eadem

337 1211 484 1244 sententia,
513 1219 545 1238 ac
568 1211 624 1244 ille,
649 1211 761 1247 quicum
783 1212 897 1239 omnino
926 1213 1075 1244 consentit,
1098 1216 1126 1239 et
1142 1219 1221 1247 quem
1235 1211 1287 1239 hac
1302 1211 1329 1239 in
1347 1219 1377 1239 re
1393 1212 1512 1239 maxime
1529 1212 1627 1247 probat
1641 1212 1892 1253 amplec‘titurque?

371 1257 440 1285 Cum
451 1265 534 1292 porro
545 1265 595 1284 nos
607 1265 662 1284 uno
673 1265 720 1284 ore
733 1257 878 1289 fateamur,
888 1257 1123 1291 praediccmusque

335 1302 477 1331 Christum
498 1302 642 1329 Dominum
660 1310 693 1329 ex
712 1303 820 1329 duabus
841 1302 951 1329 naturis
971 1309 1031 1329 esse
1047 1309 1123 1329 com-

336 1347 467 1382 positum,
483 1347 666 1382 eumdemque
678 1347 769 1374 .simul
785 1347 813 1374 in
832 1347 940 1374 duabus
956 1347 1056 1374 iisdem
1075 1354 1124 1373 na-

336 1391 408 1419 turis
435 1391 649 1424 subsistentem;
671 1399 790 1427 cumque
813 1400 969 1420 asseramns
1000 1396 1027 1419 et
1054 1399 1121 1418 con—

333 1437 506 1473 iunctionem
540 1441 568 1464 et
599 1444 726 1465 naturam
758 1443 911 1473 utramque,
943 1439 1042 1473 parati,
1078 1437 1123 1465 vel

336 1484 462 1518 angelum
493 1484 583 1518 ipsum
603 1491 618 1511 c
641 1484 711 1512 melo
734 1484 959 1514 descendentem.
979 1484 1031 1511 nisi
1051 1484 1123 1510 idem

335 1530 472 1561 crederet,
497 1529 651 1561 exsecrari;
674 1537 725 1556 cur
750 1529 845 1556 eadem
869 1534 897 1556 et
914 1529 964 1564 ipsi
985 1537 1039 1556 non
1061 1536 1124 1556 cre-

335 1575 405 1602 dunt
439 1574 658 1610 profitenturqu
682 1574 826 1602 nobiseum
850 1574 991 1602 Christum
1015 1582 1076 1602 cum
1090 1582 1124 1602 ex

336 1621 444 1648 duabus
459 1620 567 1648 naturis
584 1621 723 1655 componi,
743 1626 798 1648 tum
816 1621 842 1648 in
859 1621 935 1648 hisce
949 1620 1125 1648 subsistere?

1214 1256 1308 1291 Ἢμῶν
1321 1256 1350 1283 δὲ
1371 1256 1561 1292 προλεγόντων
1576 1265 1605 1282 τε
1621 1257 1668 1283 καὶ
1683 1256 1869 1290 συλλεγόντων
1886 1256 1916 1283 τὸ
1933 1258 1966 1284 ὲκ

1173 1302 1219 1328 δύο
1233 1302 1340 1336 φύσεων
1356 1300 1425 1328 εἶναι
1439 1302 1484 1328 τὸν
1500 1301 1611 1337 Κύριον,
1628 1301 1696 1337 μετὰ
1710 1302 1755 1328 τοῦ
1766 1303 1847 1328 καὶέν
1855 1302 1901 1328 δύο
1912 1302 1965 1337 φύ-

1174 1355 1247 1374 σεσιν
1257 1345 1339 1379 εἶναι,
1351 1348 1397 1374 καὶ
1409 1347 1543 1381 λεγόντων
1558 1348 1604 1374 καὶ
1616 1347 1665 1382 τὴν
1678 1347 1799 1380 σύνοδον,
1816 1349 1862 1374 καὶ
1874 1349 1964 1375 πᾶσαν

1172 1391 1264 1425 φύσιν,
1279 1392 1326 1418 καὶ
1338 1392 1453 1426 ἄγγελον
1466 1391 1495 1424 ἐξ
1506 1392 1631 1428 οὐρανοῦ,
1647 1394 1671 1419 εί
1689 1394 1724 1427 μὴ
1735 1393 1822 1424 οὕτως
1835 1394 1964 1428 ἐφρόνουν

1174 1435 1438 1471 ἀναθεματιξόντων,
1450 1437 1494 1463 διὰ
1505 1437 1531 1463 τί
1546 1438 1582 1472 μὴ
1597 1438 1793 1472 καταδέχωνται
1807 1438 1886 1465 αὐτοὶ
1901 1439 1964 1464 τάδε

1176 1481 1380 1516 συνομολογεῖν,
1397 1481 1523 1515 λέγοντες
1547 1482 1595 1508 καὶ
1621 1483 1651 1509 τὸ
1666 1485 1698 1509 ἐκ
1725 1483 1772 1510 δύο
1789 1484 1858 1518 μετὰ
1871 1484 1919 1510 τοῦ
1936 1485 1964 1510 ὲν

1174 1526 1221 1552 δύο
1236 1526 1284 1553 σὺν
1301 1527 1366 1561 ἡμῖν
1379 1535 1387 1560 ;
1404 1527 1450 1553 καὶ
1464 1527 1594 1562 Σεὸῆρον,
1611 1527 1658 1554 κα)⁵
1672 1529 1828 1564 Διόσκορον,
1842 1530 1888 1556 καὶ
1902 1532 1965 1563 τοὺς

1177 1572 1235 1606 μετ’
1253 1572 1354 1604 αὐτῶν,
1379 1573 1402 1598 εί
1430 1572 1467 1608 μὴ
1492 1573 1578 1603 οὕτως
1593 1574 1737 1607 ἐφρόνουν,
1753 1572 1964 1610 ἀναθεματίζειν

1175 1616 1348 1651 αίροὺμενοι;
1365 1616 1516 1643 Φλαὸιανοῦ
1533 1626 1562 1643 τε
1575 1618 1622 1644 τοῦ
1644 1619 1795 1653 μακαρίτου
1816 1620 1865 1655 τῆς
1890 1619 1966 1646 ἐκθέ-

334 1667 391 1695 Cur
404 1671 432 1694 et
450 1666 594 1699 Severum,
613 1671 640 1693 et
672 1667 844 1699 Dioscorum,
866 1674 1019 1701 eorumque
1035 1670 1124 1693 seeta-
1138 1665 1158 1694 C
1177 1673 1180 1680 λ

1115 1680 1124 1686 .
1138 1665 1158 1694 C
1177 1670 1246 1694 σεως
1260 1663 1377 1697 ἐχούσης
1397 1663 1456 1693 καὶ,
1473 1672 1481 1688 ι
1500 1663 1572 1689 Μίαν
1587 1663 1615 1690 δὲ
1632 1664 1713 1697 φύσιν
1723 1664 1769 1690 τοῦ
1784 1664 1851 1691 Θεοῦ
1865 1665 1961 1699 Λόγου,

336 1717 410 1740 tores
422 1713 501 1739 aliter
514 1712 677 1744 sentientes,
695 1720 750 1739 non
763 1712 892 1738 damnant
905 1717 986 1746 atque
1003 1711 1120 1746 proseri-

335 1758 425 1785 bunt?
448 1758 483 1785 Et
506 1765 568 1785 cum
595 1757 684 1785 felicis
704 1757 844 1784 memorias
859 1757 1005 1784 Flavianus
1024 1756 1050 1783 in
1070 1763 1118 1783 sua

335 1803 399 1831 iidei
413 1803 586 1837 expositione
603 1803 686 1834 dicat,
705 1812 713 1828 ι
735 1803 822 1830 Unam
836 1802 884 1829 Dei
898 1802 980 1829 Verbi
993 1805 1118 1829 naturam

335 1849 517 1880 incarnatam,
538 1848 924 1883 eamdemquehumanitatem
938 1847 1120 1882 assumpsisse

335 1894 485 1929 praedicare
522 1902 576 1921 non
614 1893 795 1926 dubitamus,
824 1898 969 1928 propterea
998 1893 1062 1928 quia
1087 1901 1121 1920 ex

1174 1707 1387 1743 σεσαρκωμένην
1412 1708 1503 1742 μέντοι
1522 1709 1568 1734 καὶ
1594 1710 1856 1744 ὲνανθρωπὴσασαν,
1873 1711 1963 1745 λέγειν

1172 1756 1202 1781 οὐ
1212 1754 1419 1790 παραιτούμεθα
1430 1754 1472 1782 διὰ
1488 1755 1533 1781 τὸν
1545 1755 1575 1787 ἐξ
1588 1756 1690 1790 ἀμφοῖν
1708 1756 1755 1782 ἕνα
1770 1757 1873 1791 Κύριον
1885 1756 1963 1791 ἡμῶν

1180 1801 1286 1835 Ἰησοῦν
1304 1801 1436 1836 Χριστόν·
1455 1811 1462 1825 ι
1481 1802 1527 1827 καὶ
1539 1801 1617 1827 τοῦτο
1627 1802 1675 1836 τῆς
1687 1802 1795 1828 συνόδου
1811 1801 1965 1836 ποτνιωμέ-

1174 1854 1206 1881 νη
1213 1855 1234 1878 ς,
1250 1845 1308 1877 πῶς
1320 1846 1381 1880 οὐχὶ
1391 1846 1462 1872 κατὰ
1479 1846 1568 1873 πάντα
1580 1847 1644 1873 τάδε
1660 1847 1767 1878 τούτοις
1783 1847 1961 1882 συμφθέγγε-

1175 1900 1220 1918 ται
1234 1893 1250 1926 ἡ
1267 1891 1390 1924 σύνοδος;
1849 1902 1852 1905 λ

334 1940 442 1968 duabus
453 1941 560 1968 naturis
571 1948 642 1967 unus
653 1940 785 1967 Dominus
800 1945 895 1968 noster
904 1940 984 1967 Jesus
1000 1939 1126 1967 Christus
1145 1938 1335 1973 componitur;
1354 1947 1362 1964 ι
1381 1945 1500 1972 cumque
1522 1945 1600 1965 sacra
1635 1938 1757 1973 synodus
1789 1938 1885 1966 eadem
1904 1937 1964 1964 lucc

334 1990 491 2018 veneretur,
518 1986 656 2020 quomodo
671 1993 728 2013 non
750 1985 821 2013 idem
837 1986 865 2012 in
887 1985 930 2013 his
945 1985 1075 2012 omnibus
1088 1988 1117 2011 et
1136 1984 1194 2018 ipsa
1205 1991 1268 2010 eum
1284 1983 1414 2011 Flaviano
1427 1984 1530 2011 sentit?

369 2032 454 2059 Divus
467 2037 560 2060 autem
577 2033 632 2060 Leo
644 2033 783 2060 sententia
794 2037 823 2060 et
833 2032 945 2060 decreto
957 2039 1008 2059 suo
1024 2032 1121 2059 conflr-

334 2082 392 2106 mat
410 2084 524 2114 rataque
536 2078 622 2105 habet
634 2078 727 2105 omnia
740 2085 801 2113 quae
812 2077 839 2105 in
850 2078 967 2105 concilio
980 2077 1120 2112 Ephesino

334 2128 429 2150 contra
452 2122 610 2150 Nestorium
623 2131 639 2150 a
654 2121 718 2149 divo
736 2122 838 2158 Cyrillo
864 2122 970 2156 prolata
996 2121 1118 2149 fuerunt.

337 2179 346 2195 ε
370 2169 462 2196 Firma
488 2174 628 2201 maneant,
651 2168 750 2203 inquit,
772 2167 883 2196 concilii
908 2167 1038 2202 Ephesini
1057 2167 1119 2202 (cui

334 2215 424 2243 felicis
439 2214 640 2242 recordationis
653 2214 772 2249 Cyrillus
782 2214 901 2248 praefuit)
912 2218 1007 2241 contra
1023 2213 1120 2241 Nesto-

335 2262 406 2288 rium
420 2265 491 2292 aeta,
508 2268 542 2287 ne
561 2260 632 2288 forte
648 2264 706 2287 tum
722 2260 850 2287 damnata
864 2260 991 2294 impietas
1007 2267 1054 2294 per
1069 2259 1121 2286 hoc

334 2306 424 2340 ipsum
445 2305 502 2332 ullo
522 2303 603 2331 modo
621 2311 651 2331 se
670 2303 799 2338 decipiat.
821 2302 1048 2338 Quandoquidem
1064 2303 1120 2330 Eu-

335 2351 429 2387 tyches
443 2351 504 2385 jure
520 2358 552 2378 ac
562 2352 662 2378 merito
677 2357 692 2377 a
706 2349 808 2382 Chriin
824 2348 946 2376 ﬁdelium
961 2349 1120 2375 communi—

1208 2030 1284 2056 Λέων
1305 2030 1334 2056 δὲ
1358 2031 1372 2056 6
1395 2031 1548 2065 θαυμάσιος
1574 2032 1623 2066 μιᾷ
1645 2031 1763 2066 κυρώσει
1786 2032 1832 2058 καὶ
1851 2032 1961 2068 συνόψει

1174 2076 1263 2102 πάντα
1291 2075 1355 2102 τάδε
1381 2077 1416 2102 τὰ
1448 2075 1520 2102 κατὰ
1542 2076 1692 2111 Νεστορίωι
1716 2077 1851 2112 είρημένα
1877 2080 1906 2105 ἐν
1928 2080 1961 2114 τῇ

1173 2121 1201 2148 ὲν
1217 2121 1325 2156 Ἐφέσῳ
1341 2121 1442 2156 συνόδῳ
1459 2121 1512 2147 ὑπὸ
1528 2121 1575 2148 τοῦ
1593 2122 1731 2157 μακαρίου
1747 2123 1884 2158 Κυρίλλου
1900 2124 1962 2151 ἑπιο

1173 2166 1356 2202 σφραγίζεται
1371 2167 1417 2193 καὶ
1432 2168 1522 2202 κυροῖ,
1541 2168 1644 2201 λέγων-
1674 2177 1683 2193 ι
1701 2168 1741 2194 Τὰ
1760 2169 1851 2203 μέντοι
1865 2179 1895 2204 γε
1911 2171 1962 2206 τῆς

1174 2213 1307 2248 πρότερον
1327 2214 1356 2240 ἓν
1371 2213 1477 2248 Ἐφέσῳ
1493 2213 1602 2240 συνόδου
1613 2234 1620 2246 ,
1647 2212 1758 2249 ἧστινος
1777 2216 1792 2242 δ
1821 2217 1868 2252 τῆς
1883 2217 1962 2249 ὁσίας

1173 2258 1284 2292 μνήμης
1300 2257 1436 2294 Κύριλλος
1451 2259 1511 2285 τότε
1526 2259 1707 2294 προήδρευεν,
1726 2261 1797 2287 κατὰ
1811 2261 1961 2297 Νεστορίου

1172 2302 1264 2334 ιδικῶς
1291 2303 1468 2338 πραχθέντα,
1497 2304 1702 2339 διαμενέτωσαν
1713 2313 1719 2320 ·
1751 2308 1851 2342 μήπως
1868 2309 1884 2342 ἡ
1899 2309 1961 2335 τότε

1171 2349 1406 2375 καταδικασθεῖσα
1418 2349 1572 2382 δυσσέϐεια,
1586 2351 1619 2377 δι’
1632 2352 1698 2378 αὐτὸ
1708 2344 1787 2387 τρῧτο
1799 2353 1860 2380 καθ’
1871 2355 1961 2381 ὁτιοῦν

335 2385 391 2425 tate
408 2397 541 2432 expulsus
563 2400 616 2429 est,
637 2401 665 2424 et
685 2395 720 2423 ab
744 2394 808 2422 sede
832 2402 881 2422 sua
901 2394 1034 2429 dejeetus.
1050 2393 1118 2421 Nam
1131 2385 1181 2420 DE

1115 2404 1118 2421 ι
1131 2385 1158 2415 Ῐ)
1171 2395 1272 2429 ἑαυτὴν
1287 2395 1428 2430 ἀπατήσῃ,
1446 2395 1543 2431 ὅτιπερ
1561 2397 1682 2431 Εὐτυχὴς
1699 2385 1811 2429 δικαίως
1826 2399 1961 2434 ἀναθεμαι

334 2451 404 2477 pura
425 2442 504 2474 fides,
529 2446 557 2469 et
573 2449 605 2469 ea
628 2440 833 2476 simplicissima
856 2440 1002 2475 disciplina
1025 2448 1118 2476 \quam

335 2496 385 2516 nos
396 2495 441 2521 eo,
454 2495 511 2523 quo
526 2487 614 2515 sancti
629 2487 735 2518 Patres,
748 2488 840 2514 animo
860 2491 887 2514 et
904 2485 1003 2513 aﬁcctu
1018 2485 1117 2520 praedi-

334 2534 440 2568 camus)
454 2534 551 2561 eadem
570 2532 707 2561 sententia
727 2532 839 2559 damnat
859 2539 940 2567 prava
954 2531 1074 2558 Nestorii
1090 2535 1119 2558 et

334 2578 503 2614 Eutychetis,
539 2586 690 2612 eorumque
720 2582 886 2605 sectatorum
907 2576 1042 2610 dogmata,
1060 2583 1119 2603 om-

334 2624 465 2658 niumque
483 2623 597 2650 istorum
611 2623 745 2651 nefariam
762 2621 927 2650 sententiam
940 2620 1039 2648 iisdem
1055 2619 1118 2648 telis

333 2668 456 2703 contigit.
470 2678 478 2694 I

367 2714 421 2742 Sed
433 2714 578 2741 redeamus
594 2713 694 2741 iterum
707 2712 741 2740 ad
754 2720 828 2744 eum,
844 2713 891 2748 qui
907 2713 1009 2741 fatetur
1023 2713 1117 2748 plures

332 2765 443 2788 sanctos
457 2760 553 2787 Patres
569 2758 672 2786 dixisse
686 2758 827 2786 Christum
842 2758 950 2786 duabus
968 2760 994 2786 in
1009 2759 1116 2786 naturis

331 2804 497 2836 subsistere;
510 2803 657 2831 concilium
671 2810 737 2830 vero
751 2802 973 2831 Chalcedonense
987 2811 1041 2830 non
1052 2803 1115 2830 ideo

331 2849 517 2885 reprehendi,
547 2849 620 2884 quod
649 2849 676 2876 id
704 2849 794 2884 ipsum
825 2849 944 2881 dixerit,
973 2848 1022 2876 sed
1049 2848 1112 2884 quia

330 2894 469 2923 Christum
488 2895 616 2923 eumdem
642 2902 674 2922 ex
701 2895 808 2922 duabus
835 2894 1015 2929 compositum
1040 2893 1112 2921 haud

331 2940 490 2973 ilﬂil‘lliti'ill;
509 2945 534 2968 et
550 2940 664 2976 reliqua,
680 2949 739 2975 qua:
757 2941 814 2975 ipse
830 2939 991 2968 deblaterat.
1012 2939 1112 2968 Verum

1172 2439 1273 2472 mea;
1284 2440 1500 2475 καταδέδληταγ
1516 2442 1532 2475 ὴ
1546 2441 1702 2477 καθαρότης
1714 2443 1768 2478 γὰρ
1781 2444 1829 2479 τῆς
1842 2444 1961 2477 πίστεως

1172 2485 1218 2511 καὶ.
1233 2485 1410 2517 διδασκαλία,
1429 2486 1462 2521 ἥν
1477 2485 1515 2523 τῷ
1530 2487 1608 2521 αὐτῷ
1622 2488 1760 2523 πνεύματι
1775 2489 1958 2524 κηρύττομεν,

1169 2529 1264 2564 ὥσπερ
1280 2532 1305 2557 οἱ
1322 2531 1397 2564 amt
1412 2531 1534 2567 Πατέρες
1548 2533 1628 2568 ἡμῶν
1638 2553 1645 2564 ,
1671 2535 1718 2560 καὶ
1737 2534 1786 2569 τὴν
1798 2535 1959 2570 Nec-sopiat),

1171 2575 1218 2601 καὶ
1243 2575 1292 2608 τὴν
1315 2575 1470 2611 Εὐτυχοῦς,
1502 2578 1572 2612 μετὰ
1596 2578 1652 2604 τῶν
1672 2579 1832 2613 ἡγουμένων
1852 2580 1961 2616 αὐτῶνι

1171 2621 1215 2647 ἐπ’
1228 2621 1288 2656 ἴσης
1304 2622 1479 2655 καταδικάζει
1495 2623 1543 2649 καὶ
1556 2623 1648 2651 διώκει
1663 2625 1834 2657 κακοδοξίαν.
1852 2635 1862 2652 ι

1211 2710 1370 2738 Ἀκουστέον
1388 2711 1416 2738 δὲ
1440 2711 1481 2738 ἔτι
1498 2712 1546 2739 τοῦ
1561 2713 1688 2747 λέγοντος
1713 2714 1755 2740 ὅτι
1779 2715 1826 2742 καὶ
1846 2714 1959 2746 πλείους

1167 2757 1221 2783 τῶν
1235 2757 1365 2792 Πατέρων
1379 2757 1549 2794 ἀδιαϐλήτως
1564 2760 1717 2794 ἐχρήσαντο
1734 2762 1809 2796 φωνῇ
1823 2762 1855 2796 τῇ
1869 2761 1898 2787 ὲν
1910 2760 1958 2787 δύο

1170 2803 1216 2829 ἐπὶ
1229 2801 1359 2838 Χριστοῦ,
1375 2803 1422 2842 καὶ
1435 2804 1476 2836 ὅτι
1491 2804 1540 2839 οὐχ
1553 2805 1589 2836 ὡς
1604 2805 1739 2839 λέγουσαν
1751 2807 1781 2832 τὸ
1792 2807 1821 2832 ἐν
1833 2806 1880 2833 δύο
1890 2807 1958 2841 γρά-

1169 2857 1249 2883 φεται
1263 2848 1312 2883 τὴν
1326 2849 1436 2875 σύνοδον
1446 2869 1453 2882 ,
1474 2850 1532 2877 ἀλλ’
1547 2850 1584 2882 ὡς
1601 2851 1632 2878 τὸ
1647 2853 1679 2878 ἐκ
1693 2851 1740 2879 δύο
1756 2852 1792 2887 μὴ
1808 2853 1955 2879 εἰποῦσαν·

1167 2895 1214 2921 καὶ
1229 2894 1262 2920 τὰ
1275 2893 1356 2922 λοιπᾶ
1370 2894 1388 2921 ἃ
1400 2903 1482 2929 φησιν
1493 2905 1500 2912 ·
1516 2897 1566 2924 οὐκ
1576 2896 1635 2925 οἶδα
1647 2898 1702 2933 γὰρ
1718 2899 1776 2930 πῶς
1788 2898 1877 2925 λαϐὼν
1892 2899 1957 2925 ἑαυ-

1167 2939 1211 2966 τδν
1231 2939 1324 2970 ὥσπερ
1341 2939 1442 2967 ἕνυπνα
1458 2940 1557 2975 λαλῶν,
1577 2945 1606 2970 ὲν
1623 2945 1679 2975 τοῖς
1694 2943 1793 2971 ἑαυτοῦ
1809 2944 1955 2979 συγγράμε
