2144 3246
181 204 246 237 1857

762 205 911 236 CONTRA
929 204 1228 236 MONOPHYSITAS.

1742 206 1808 239 1853

178 254 269 295 itale
291 263 413 297 ἐλέγετε,
430 263 492 289 ἐπεὶ
515 261 585 294 ζῶον
612 263 642 289 τὸ
659 262 797 296 σύνθετον,
818 263 865 290 καὶ
893 263 974 298 φύσιν
989 267 1011 293 Α

961 272 974 289 ν
989 267 1011 293 Α
1025 271 1122 290 eorum
1142 267 1238 290 contra
1250 270 1312 297 qua:
1332 270 1386 290 non
1403 267 1615 296 convertuntur,
1632 263 1740 292 diversa
1763 273 1807 292 η-

180 308 370 336 ἁποτεὶ.εἶσθαι
384 316 390 322 '
406 309 430 334 ει
441 308 469 334 δὲ
489 308 563 334 ἐστιν
587 308 602 334 ὁ
613 308 686 339 λίθος
703 308 794 343 φύσις.
814 309 844 334 οὐ
859 308 911 344 μὴν
926 308 971 335 διὰ.

178 354 237 381 τόδε
248 356 296 380 καὶ
309 354 390 386 ζῶον,
407 353 457 380 οὐκ
471 354 621 387 ἀναγκαῖον
635 353 662 379 εἴ
677 362 704 379 τι
719 353 788 385 ζῶον
803 354 832 379 ἓν
843 354 912 384 ἐστι,
927 353 971 379 διὰ

178 399 236 426 τόδε
251 399 345 430 ἁπλῶς
359 399 406 425 καὶ
420 399 501 433 φύσιν
515 399 579 434 μίαν
596 397 665 425 εἶναι
678 407 685 414 ·
704 399 751 426 καὶ
767 398 853 429 ἄλλως
868 398 932 432 γὰρ,
946 399 970 424 εἰ

179 442 246 472 διότι
261 445 290 471 ἓν
304 445 373 477 ζῶόν
399 446 473 471 ἐστιν
490 446 504 471 ὸ
518 445 649 479 Χριστὸς,
671 445 718 471 καὶ
734 444 782 479 μία
809 444 888 478 φύσις
901 443 969 474 ἐστὶ,

180 491 227 517 καὶ
237 490 303 516 διότι
318 491 349 516 ἐκ
370 490 415 516 δύο
431 489 540 524 φύσεὼν
564 492 632 522 ἐστι,
644 490 692 517 καὶ
708 490 754 516 δύο
768 490 826 522 ζῶα
854 489 940 521 ἔσται,
958 489 972 520 ὃ

181 544 247 571 φησι
260 535 409 571 Νεστόριος
425 535 530 563 ἀσεϐῶν
547 536 628 571 μόνος
639 543 646 551 °
660 537 685 562 ει
696 535 724 562 δὲ
747 534 852 569 λέγοιτε
867 535 908 560 ὅτι
925 533 972 560 καὶ

182 585 214 609 ἐκ
228 583 275 610 δύο
285 583 365 615 ζώων
379 583 418 614 ὡς
428 583 483 610 ἀπὸ
498 583 546 617 τῆς
562 583 689 617 θεότητος
707 583 755 609 καὶ
767 582 815 616 τῆς
829 581 971 616 ἀνθρωπό-

181 637 272 662 τητος,
287 627 347 654 τῶν
362 628 500 662 διαφόρων
517 627 640 662 φυσικῶν
661 627 739 654 εἱδῶν
763 635 855 661 φαμεν
879 626 970 658 αὑτὸν,

185 673 240 708 ἀρα
257 681 288 707 γε
299 674 346 700 καὶ
361 673 390 699 ἓν
405 673 475 706 ζῶον
495 672 554 706 οὖν,
569 674 606 704 ὡς
619 672 708 699 κοινάν
729 681 755 698 τι
773 672 820 698 καὶ
840 672 878 703 ὡς
904 669 972 702 εἶδος

182 719 275 754 ἕτερον
291 719 367 754 παρὰ
388 721 438 756 τὴν
457 719 571 754 θεότητα
596 718 644 744 καὶ
661 717 859 753 ἀνθρωπότητα
879 717 972 751 λέγετε

182 765 264 792 αὐτόν
276 772 284 780 ο
300 765 347 791 καὶ
362 764 419 796 πῶς
431 773 514 800 φησιν
526 761 603 796 οὗτός
615 773 642 790 τε
654 764 668 790 ό
681 763 776 798 Πατὴρ
793 764 841 789 καὶ
863 763 888 788 οι
915 761 971 789 λοι-

183 810 240 840 ποὶ,
255 809 285 835 τὺ
299 809 417 844 Χριστὸς
434 809 520 844 ὄνομα
533 807 610 842 μήτε
621 808 730 840 οὐσίας
748 807 820 840 ὅρον
829 806 907 841 μήτε
917 806 973 841 φύ-

182 862 261 886 σεως
275 853 369 887 ὄνομα
379 850 468 884 εἷναι.
482 853 559 887 μήτε
571 852 643 886 ὅρου
653 852 782 886 δύναμιν
795 851 811 878 ε
813 859 888 885 χειν,
896 850 973 885 μήτε

183 898 264 932 εἶδος
275 899 396 933 φύσεως
409 899 578 932 σημαίνειν,
590 898 608 933 ἦ
623 906 650 924 τι
661 897 781 924 τοιοῦτον
796 906 804 930 ;
816 897 884 929 ζῶον
907 897 972 932 ἄρα,

1023 308 1061 335 tio
1074 313 1127 335 est.
1141 309 1235 343 Itaque
1247 308 1270 335 si
1292 312 1320 335 et
1345 308 1435 335 omnis
1456 313 1553 336 natura
1576 309 1675 336 animal
1697 315 1754 342 est,
1780 315 1810 337 et

1021 361 1103 381 onme
1123 353 1224 380 animal
1242 358 1339 380 natura
1358 362 1365 380 :
1385 358 1459 381 recte
1476 354 1510 381 de
1527 353 1639 382 Christo
1660 355 1808 382 ratiocina-

1021 401 1100 432 mini,
1124 408 1186 427 cum
1213 400 1249 426 sit
1271 399 1373 426 animal
1395 407 1492 430 unum.
1509 407 1592 427 unam
1615 408 1726 435 quoque
1748 408 1809 428 esse

1021 450 1153 480 oportere
1165 445 1251 480 ipsius
1263 438 1463 472 naturam.'Sin
1474 445 1576 476 minus,
1590 449 1617 472 et
1630 445 1699 480 lapis
1711 449 1810 472 natura

1021 492 1132 526 quidem
1143 495 1195 522 est,
1214 498 1269 517 non
1287 490 1353 517 item
1366 489 1402 517 ob
1423 489 1449 517 id
1465 491 1548 517 etiam
1570 490 1691 523 animal;
1707 490 1810 517 idcirco

1022 537 1044 563 si
1062 530 1128 570 quid
1146 535 1247 562 animal
1267 543 1352 562 unum
1367 539 1420 567 est,
1437 543 1491 562 non
1507 535 1571 562 inde
1585 543 1698 563 necesse
1719 534 1811 570 sequi-

1023 586 1067 609 tur
1080 581 1107 609 id
1125 582 1213 616 ipsum
1235 581 1321 608 etiam
1335 586 1463 609 naturam
1473 588 1534 609 esse
1546 589 1640 608 unam.
1657 581 1708 610 Vel
1718 581 1809 609 aliter.

1023 627 1050 655 Si
1066 633 1211 663 propterea
1232 628 1296 662 quia
1313 627 1441 655 Christus
1456 632 1499 655 est
1525 635 1609 655 unum
1624 627 1737 660 animal,
1756 635 1811 655 una

1023 681 1134 708 quoque
1149 677 1245 700 natura
1261 677 1323 706 est;
1338 672 1434 706 licebit
1446 673 1511 701 item
1535 673 1706 704 ratiocinari,
1721 679 1811 708 quan-

1022 718 1172 753 doquidem
1196 718 1325 746 Christus
1343 718 1415 745 idem
1431 718 1548 750 duabus,
1560 718 1669 746 naturis
1692 721 1810 750 constat,

1023 763 1078 791 duo
1092 771 1203 798 quoque
1216 769 1298 791 erunt
1311 763 1451 795 animalia.
1476 763 1551 798 quod
1576 763 1652 791 solus
1667 763 1812 790 Ncstorius

1024 809 1109 844 impie
1123 809 1284 836 deblaterat.
1299 809 1329 836 Si
1346 816 1412 836 vero
1425 808 1518 836 dicitis
1528 808 1668 836 Christum
1683 808 1812 836 eumdem

1024 862 1040 882 e
1059 854 1169 881 duobus
1191 854 1357 882 animalibus
1379 860 1507 882 constare
1525 859 1670 889 propterea
1693 854 1758 890 quia
1778 862 1813 882 ex

1025 900 1133 928 duabus
1157 901 1267 928 naturis
1288 901 1381 936 specie
1400 901 1529 934 diversis,
1551 901 1645 928 divina
1667 901 1773 929 scilicet
1785 905 1814 928 et

183 944 213 971 τὺ
224 944 261 975 ὡς
272 944 395 978 ὑφεστὼς
406 944 549 979 πρόσωπόν
561 945 636 970 ἐστιν
647 943 685 970 ἓν.
696 943 767 970 Ἀλλ’
779 943 882 969 εἴποιτε
895 943 970 974 ἴσως,
990 937 1011 964 Β
1025 947 1029 974 1

966 961 970 974 ι
990 937 1011 964 Β
1025 947 1162 979 humana,
1174 948 1358 982 compositum
1369 947 1532 980 asserimus;
1546 947 1672 982 nunquid
1687 953 1715 975 et
1728 955 1812 975 unum

181 991 224 1018 ὅτι
234 991 328 1026 ὥσπερ
343 989 415 1025 {uti};
425 991 476 1025 τῆς
489 991 575 1017 ἀϊδίου
593 991 639 1016 καὶ
652 990 701 1024 τῆς
719 989 890 1024 προσκαίρου
907 996 972 1023 μετ-

182 1036 251 1071 έχων
281 1036 310 1063 ἓν
327 1036 396 1068 ζῶόν
419 1037 494 1063 ἐστιν
506 1036 593 1068 οὕτως
608 1036 655 1062 καὶ
675 1035 780 1071 φύσεως
803 1034 971 1070 προσκαίρου

182 1081 230 1107 καὶ
245 1081 295 1116 τῆς
307 1080 392 1107 ἀϊδίου
411 1081 566 1116 μετασχὼν,
584 1081 634 1116 μία
657 1079 738 1115 φύσις
755 1079 844 1106 ἔστιν’
861 1078 972 1113 εὖδηὶος

181 1125 196 1150 ό
220 1123 423 1160 παραλογισμός
433 1133 440 1140 ’
455 1125 516 1151 ἀντὶ
532 1125 586 1161 γὰρ
602 1119 654 1151 to?
666 1125 836 1160 μετέχοντος,
863 1123 893 1150 τὸ
908 1131 974 1158 μετ’

182 1170 313 1205 ιχόμενον
335 1169 419 1206 ἕψητε
434 1170 465 1197 τὸ
478 1170 604 1206 δεύτερον
615 1179 623 1186 ·
639 1171 662 1197 ει
680 1171 730 1206 μὲν
751 1171 806 1206 γὰρ
817 1170 846 1196 τὸ
861 1170 973 1205 μετέχον

180 1216 317 1251 ἑκατέρας
331 1215 406 1251 ζωῆς
417 1216 475 1252 ζωὴ
485 1214 530 1252 ἦν,
546 1218 594 1244 καὶ
610 1218 640 1244 οὐ
655 1218 735 1250 ζῶον,
750 1218 840 1244 εττουν
852 1216 973 1251 μετέχων

181 1261 238 1288 τῶν
251 1262 339 1294 ζώων,
355 1263 500 1297 πρόσωπον
516 1263 607 1294 καλῶς
628 1264 736 1298 εῐρητο“
753 1263 776 1288 εἰ
788 1262 815 1288 δὲ
829 1262 860 1288 τὸ
887 1262 916 1287 ἐν
927 1261 974 1288 δύο

182 1307 267 1340 (mai;
280 1307 480 1343 Θεωρούμενον,
508 1308 577 1340 ζῶόν
601 1309 671 1339 ἐστι.
691 1308 738 1334 καὶ⁵
761 1308 792 1334 τὸ
807 1307 854 1334 δύο
874 1307 973 1334 οὐσιῶν

183 1353 359 1388 μετειληφὸς,
374 1353 541 1388 οὗσιωμένον
553 1354 612 1381 ἐστι
631 1362 667 1387 τι,
679 1354 710 1380 οὐ
722 1354 774 1388 μὴν
785 1355 801 1389 ή
814 1353 903 1386 οὐσία,
917 1353 973 1379 sh-

183 1407 232 1425 ουν
263 1399 354 1433 φύσις,
377 1399 543 1434 ἀπρόσωπος
557 1407 564 1414 ·
589 1399 616 1426 τι
640 1399 669 1425 δέ
691 1399 790 1426 ἔστιτὸ
805 1399 972 1433 οὒσιωμάνον

184 1445 233 1472 καὶ
243 1446 273 1472 τὺ
285 1445 366 1478 ζῶον,
381 1445 397 1482 ἢ
414 1447 444 1473 τὺ
452 1446 598 1481 πρόσωπον
610 1446 722 1480 κυρίως,
738 1447 768 1472 τό
788 1453 819 1471 τε
834 1445 903 1472 κατὰ
913 1445 973 1471 δια-

185 1490 291 1525 φόρους-
310 1491 407 1526 φὺσεις
420 1491 466 1517 καὶ
474 1491 546 1523 ζωὰς
561 1490 684 1526 ὑφεστὼς
695 1499 702 1523 ;
716 1490 786 1517 ὥστε
796 1489 864 1522 ζῶον
882 1489 931 1525 μὲν
944 1489 973 1515 ἓν

185 1537 274 1572 ὀρθῶς
291 1546 381 1572 φαμεν
393 1558 401 1571 ,
418 1537 500 1571 φύσιν
519 1537 548 1564 δὲ
566 1537 632 1572 μίαν
643 1537 782 1572 οὐδαμῶς,
800 1537 895 1572 ὥσπερ
911 1536 973 1562 οὐδὲ

186 1582 259 1617 ζωὴν
271 1583 317 1609 ἰπὶ
344 1583 392 1610 τοῦ
407 1583 534 1610 συνθέτου
556 1582 702 1618 προσώπου
717 1582 848 1617 Χριστοῦ.

1024 991 1126 1018 animal
1142 996 1272 1026 tanquam
1287 993 1354 1027 quid
1369 1001 1515 1020 commune
1531 994 1645 1020 alterius
1657 993 1770 1028 speciei.
1785 998 1815 1021 et

1024 1038 1137 1072 quidem
1150 1045 1165 1064 a
1182 1037 1275 1065 divina
1289 1044 1317 1066 et
1329 1039 1449 1066 humana
1464 1039 1590 1071 diversat,
1601 1039 1689 1074 ipsum
1699 1039 1815 1067 dicetis?

1023 1083 1169 1117 Quomodo
1194 1083 1267 1111 idem
1282 1089 1394 1112 sanctus
1409 1085 1502 1117 Pater,
1519 1089 1547 1112 et
1568 1084 1615 1111 alii
1630 1085 1718 1116 aiunt,
1731 1084 1811 1112 Chri-

1024 1134 1097 1157 stum
1124 1137 1171 1156 nec
1196 1131 1314 1157 essentia:
1336 1138 1429 1157 nomen
1445 1138 1510 1159 esse.
1527 1138 1613 1165 neque
1634 1135 1749 1161 nature,
1768 1138 1815 1156 nec

1024 1174 1120 1201 habere
1138 1175 1243 1201 termini
1262 1175 1314 1201 vim
1339 1183 1422 1209 neque
1447 1179 1552 1202 natura:
1569 1175 1680 1209 speciem
1695 1173 1814 1209 aliquam

1023 1218 1185 1255 signiﬁcare.
1195 1220 1319 1247 velaliud
1330 1220 1506 1254 hujusmodi?
1516 1220 1622 1247 Animal
1633 1220 1718 1256 igitur
1728 1227 1813 1247 unum

1024 1270 1085 1297 est.
1103 1270 1200 1302 utpote
1218 1266 1245 1293 in
1260 1274 1314 1293 una
1336 1266 1489 1301 eademque
1506 1274 1624 1301 persona
1645 1267 1809 1294 subsistens.

1024 1311 1124 1338 Verum
1143 1311 1240 1338 dicetis
1259 1311 1374 1338 forsan:
1397 1311 1475 1338 Sicut
1498 1311 1561 1338 vitae
1576 1315 1687 1338 aeterna:
1708 1316 1735 1338 et
1752 1311 1815 1338 vitae

1024 1356 1184 1390 temporalis
1201 1357 1339 1390 partiCeps
1361 1364 1448 1383 unum
1460 1361 1503 1384 est
1519 1356 1631 1388 animal,
1649 1356 1687 1383 ita
1707 1361 1815 1383 natura:

1025 1406 1136 1429 ateriae
1148 1406 1176 1429 et
1185 1407 1290 1429 natura:
1302 1403 1427 1429 mortalis
1436 1403 1576 1437 particeps
1584 1410 1638 1429 una
1648 1407 1690 1430 est
1703 1406 1813 1429 natura.

1023 1447 1128 1475 Obvius
1139 1452 1181 1475 est
1189 1452 1282 1475 autem
1296 1448 1510 1483 paralogismus,
1523 1449 1660 1483 siquidem
1677 1456 1734 1476 rem
1749 1455 1814 1483 par-

1024 1492 1166 1526 ticipatam
1183 1492 1245 1518 loco
1265 1492 1304 1518 rei
1320 1491 1512 1526 participantis
1531 1492 1558 1519 in
1573 1491 1750 1519 conclusione
1766 1497 1815 1525 po-

1023 1537 1101 1564 nitis.
1115 1536 1236 1568 Etenim,
1254 1536 1278 1563 si
1291 1536 1366 1570 quod
1379 1537 1525 1571 utriusque
1535 1541 1577 1564 est
1588 1539 1651 1564 vitae
1666 1536 1814 1571 particeps,

1024 1582 1080 1608 vita
1096 1587 1180 1612 esset.
1200 1589 1254 1608 non
1271 1589 1338 1608 vero
1354 1582 1466 1614 animal,
1479 1583 1538 1610 sive
1551 1590 1601 1610 ens
1614 1583 1730 1609 duarum
1746 1582 1816 1609 vita-

186 1636 246 1655 rum
277 1629 425 1664 particeps,
449 1629 510 1656 duae
538 1629 592 1656 illa:
616 1628 678 1655 vita:
698 1635 815 1663 persona
844 1631 919 1655 recte
951 1627 1127 1660 dicerentur;
1155 1627 1177 1653 si
1200 1634 1266 1654 Vero
1296 1628 1369 1662 quod
1388 1627 1416 1655 in
1452 1628 1570 1655 duarum
1601 1629 1720 1655 vitarum
1750 1635 1815 1663 par-

185 1676 348 1710 ticipatione
373 1675 574 1708 consideratur,
602 1675 705 1702 animal
726 1678 779 1707 est,
801 1681 867 1709 ergo
891 1678 920 1701 et
942 1673 1017 1709 quod
1051 1674 1172 1709 duplicis
1195 1679 1238 1702 est
1268 1674 1432 1702 substantia
1461 1674 1617 1709 particeps,
1644 1679 1686 1701 est
1708 1673 1814 1708 aliquid

184 1721 408 1753 aubstantiatum,
431 1729 488 1748 non
510 1726 603 1748 autem
630 1720 803 1753 substantia,
832 1720 891 1747 sive
924 1724 1038 1751 natura.
1064 1719 1259 1754 impersonalir.
1290 1718 1362 1752 Quid
1386 1726 1452 1746 vero
1483 1724 1527 1747 est
1556 1719 1657 1746 animal
1678 1719 1736 1746 sive
1766 1727 1816 1746 ens

185 1767 404 1799 substantiatum,
419 1768 471 1794 nisi
482 1767 593 1803 proprie
601 1775 725 1801 persona,
735 1770 822 1793 etens
835 1765 988 1792 secundum
1008 1765 1078 1792 duas
1087 1770 1199 1792 naturas
1207 1769 1234 1792 ct
1247 1765 1318 1792 vitas
1333 1765 1510 1792 subsistens?
1523 1765 1607 1792 Recte
1621 1765 1705 1800 igitur
1730 1772 1815 1792 unum

186 1813 302 1846 animal,
318 1813 430 1840 minime
448 1820 516 1839 vero
532 1816 659 1839 naturam
673 1818 766 1843 unam,
780 1818 871 1846 neque
885 1818 968 1837 unam
987 1809 1082 1842 vitam,
1098 1809 1126 1836 in
1142 1810 1293 1845 composita
1309 1809 1412 1837 Christi
1425 1817 1542 1844 persona
1557 1810 1718 1838 asserimus.

187 1870 352 1904 Κυριλλοιι,
368 1869 402 1896 ἐκ
414 1868 468 1902 τῆς
482 1868 558 1902 πρὸς
578 1867 712 1895 Ἀκὰκιον
726 1866 893 1900 ἐπιστολῆς
906 1867 971 1901 (l3).
986 1862 1008 1892 C

809 1866 893 1900 -ολῆς
906 1867 971 1901 (l3).
986 1862 1008 1892 C
1187 1866 1282 1902 Cyrilli
1294 1875 1325 1894 ex
1335 1867 1447 1902 epistola
1468 1868 1503 1894 ad
1519 1867 1655 1895 Acacium.

227 1924 237 1942 ι
261 1914 383 1950 Ὀρῶμεν
396 1915 436 1941 ὁτι
449 1915 496 1941 δύο
507 1914 603 1949 φύσεις
617 1913 748 1948 συνῆλθον
759 1913 889 1948 ἀλλήλαις
914 1913 976 1940 καθ’

185 1962 284 1989 ῐνωσιν
307 1961 498 1993 ἀδιασπάστως
524 1962 685 1996 ἁσυγχύτως
705 1960 753 1988 καὶ
768 1961 912 1996 ἀτρέπτως
925 1967 932 1975 ’
958 1960 975 1994 ἡ

187 2009 242 2044 γὰρ
254 2008 333 2044 σὰρξ,
349 2008 417 2043 σάρξ
434 2009 493 2034 ἐστι
505 2007 553 2034 καὶ
585 2008 616 2033 οὐ
637 2007 743 2042 θεότης,
757 2007 781 2033 ει
807 2007 853 2033 καὶ
878 2005 975 2040 γέγονε

187 2054 256 2081 Θεοῦ
272 2054 354 2090 σάρξ·
370 2054 471 2088 ὁμοίως
479 2054 507 2080 δὲ
523 2055 594 2081 καὶὸ
608 2054 694 2087 Λόγος
710 2053 776 2084 Θεὸς
800 2054 857 2079 ἐστι
872 2053 918 2078 καὶ
944 2052 974 2078 οὐ

188 2099 270 2136 σὰρξ,
288 2101 312 2125 εί
324 2100 372 2126 καὶ
381 2099 449 2126 ἰδίαν
461 2100 610 2134 ἐποιήσατο
621 2100 669 2135 τὴν
680 2100 769 2134 σάρκα
784 2099 974 2133 οἰκονομινῶς.

189 2145 275 2171 Ὀταν
296 2144 342 2172 οὖν
361 2144 497 2179 ἐννοῶμεν
512 2144 601 2177 τοῦτο,
621 2145 697 2171 οὐδὲν
713 2145 858 2178 ἀδικοῦμεν
874 2145 923 2178 τὴν
936 2144 976 2175 εἰς

187 2190 302 2224 ἑνότητα
320 2190 483 2224 συνδρομὴν,
499 2190 532 2216 ὲκ
542 2190 590 2216 δύο
606 2189 715 2224 φύσεων
743 2189 906 2224 γεγενῆσθαι
934 2189 976 2214 λέ-

187 2242 284 2268 γοντες
294 2243 300 2250 ·
320 2234 389 2268 μετὰ
408 2234 457 2268 μέν
469 2242 510 2260 τοι
522 2234 572 2269 τὴν
590 2233 687 2260 ἕνωσιν
699 2233 728 2260 οὐ
754 2234 912 2268 διαιροῦμεν
927 2233 976 2263 τὰς

189 2279 284 2314 φύσεις
298 2279 344 2306 ἀπ’
361 2279 492 2315 ἀλλήλων,
506 2280 567 2306 οὐδὲ
581 2281 619 2311 si;
631 2279 677 2306 δύο
689 2279 824 2314 τέμνομεν
843 2279 918 2310 υἱοὺς
931 2279 976 2305 τὸν

188 2325 236 2351 ἕνα
251 2326 298 2351 καὶ
312 2325 471 2360 ἀμέριστον,
484 2326 540 2352 ἀλλ’
557 2326 605 2352 ἕνα
621 2326 711 2360 φαμὲν
724 2326 798 2357 Tim,
815 2326 861 2352 καὶ
887 2325 926 2358 ὡς
952 2327 976 2352 οἱ

189 2370 310 2406 Πατέρες
326 2372 470 2406 εἰρήκασιν
483 2371 547 2406 μίαν
562 2371 642 2405 φύσιν
659 2371 704 2398 τοῦ
720 2373 807 2405 Λόγου
821 2380 976 2405 σεσαρκω-

185 2416 294 2450 μένην.
308 2417 412 2443 Οὐκοῦν
428 2418 489 2443 ὅσον
501 2417 550 2451 μὲν
563 2415 630 2454 ἧκεν
642 2419 680 2449 εἰς
695 2418 801 2444 ἔννοιαν
816 2418 863 2444 καὶ
876 2419 916 2449 εἰς
930 2417 976 2452 μό-

188 2471 233 2488 νον
246 2463 274 2488 τὸ
290 2462 356 2498 ὁρᾷ-ι
371 2464 426 2495 τοῖς
439 2465 488 2499 τῆς
507 2464 596 2499 ψυχῆς
607 2464 711 2499 ὄμμασι
723 2464 782 2490 τίνα
801 2464 901 2499 τρόπον
913 2465 977 2498 ὁμοο

187 2507 269 2542 γενὴς
280 2507 486 2543 ὲνηνθρώπησε,
503 2507 550 2534 δύο
567 2510 616 2540 τὰς
632 2510 728 2543 φύσεις
746 2509 847 2543 φαμέν,
862 2518 872 2534 ι

234 2649 301 2676 Ἀλλ’
317 2650 439 2684 εἴπωμεν
454 2649 501 2676 καὶ
522 2649 589 2684 πρὸς
602 2650 676 2680 τάδε,
688 2651 729 2676 ὅτι
741 2650 819 2685 ἀρκεῖ
846 2650 911 2684 ἡμῖν
927 2649 975 2675 αὐ-

187 2694 234 2727 τδς
251 2695 346 2721 ἑαυτὸν
357 2695 497 2729 διασαφῶν
508 2703 514 2709 ⁸
533 2697 574 2722 Οὐ
587 2696 641 2729 γὰρ
659 2695 840 2729 διαιροῦμεν.
854 2696 916 2730 ἔφη,
929 2695 976 2721 καὶ

187 2741 244 2774 οὐχ
259 2740 385 2774 ἐκδῦμεν
396 2748 402 2754 '
420 2740 466 2766 καὶ
481 2761 488 2773 ,
505 2741 557 2772 τὰς
572 2741 689 2774 φύσεις,
707 2741 738 2767 οὺ
752 2742 806 2776 μὴν
820 2741 868 2775 τὴν
884 2741 974 2774 φύσιν,

187 2786 226 2818 ὡς
238 2783 310 2812 οὗτοι
324 2786 458 2820 λέγουσιν,
474 2786 544 2814 οὐδὲ
562 2788 742 2821 τεμνόμενον
756 2787 809 2814 τὸν
825 2787 879 2813 ἕνα
898 2787 974 2819 Ηδν,

1065 1922 1073 1938 ι
1091 1912 1239 1940 Cernimus
1252 1917 1365 1940 naturas
1373 1913 1442 1940 duas
1457 1913 1484 1940 in
1501 1921 1586 1940 unum
1599 1913 1747 1946 coaluisse,
1763 1913 1816 1948 sibi

1025 1958 1143 1986 invicem
1163 1963 1240 1986 arcto
1265 1959 1346 1986 modo
1367 1959 1541 1994 coniunctas,
1567 1959 1628 1987 sine
1651 1959 1816 1988 confusione

1024 2005 1080 2033 ulla
1095 2010 1122 2033 ct
1135 2005 1195 2033 sine
1210 2005 1264 2032 ulla
1272 2005 1444 2036 mutatione;
1463 2013 1525 2032 nam
1535 2013 1610 2037 caro.
1621 2013 1685 2034 caro
1697 2011 1749 2038 est,
1761 2014 1815 2033 non

1025 2050 1168 2084 divinitas,
1183 2051 1292 2078 etiamsi
1316 2051 1363 2078 Dei
1380 2058 1445 2078 caro
1458 2051 1503 2078 sit.
1523 2051 1644 2078 Verbum
1660 2051 1724 2078 item
1742 2051 1817 2079 Deus

1025 2101 1077 2129 est,
1098 2104 1150 2124 non
1172 2104 1248 2130 caro,
1263 2097 1372 2124 etiamsi
1389 2103 1500 2124 carnem
1521 2104 1676 2129 assumens,
1694 2105 1754 2124 eam
1773 2098 1815 2124 sui

1026 2143 1166 2177 propriam
1182 2142 1316 2170 etl'ecerit.
1339 2142 1417 2175 Quod
1428 2150 1490 2169 cum
1505 2142 1543 2169 ita
1565 2150 1594 2170 se
1615 2143 1718 2170 habere
1733 2143 1817 2170 latea-

1026 2197 1098 2220 mur,
1116 2189 1240 2223 profecto
1257 2197 1311 2216 non
1322 2196 1457 2221 erramus,
1477 2196 1540 2216 cum
1556 2196 1571 2215 e
1587 2189 1698 2216 naturis
1708 2189 1816 2216 duabus

1026 2235 1054 2262 in
1078 2234 1189 2262 Christo
1214 2235 1314 2262 factam
1335 2235 1559 2270 coniunctionem
1581 2235 1741 2262 asserimus.
1758 2236 1816 2268 Qua

1026 2281 1223 2315 conjunctione
1252 2281 1322 2311 (acta
1348 2289 1402 2308 non
1430 2280 1581 2308 dividimus
1604 2288 1619 2308 a
1642 2288 1671 2308 se
1697 2281 1815 2308 invicem

1026 2331 1139 2353 naturas
1166 2326 1247 2360 ipsas,
1272 2334 1361 2361 neque
1385 2326 1412 2353 in
1441 2326 1511 2353 ﬁlios
1540 2326 1610 2354 duos
1634 2327 1816 2361 discerpimus

1026 2371 1176 2403 Christum,
1192 2372 1239 2406 qui
1259 2380 1331 2399 unus
1351 2377 1393 2399 est
1413 2376 1439 2399 et
1457 2372 1628 2405 individuus;
1655 2373 1702 2400 sed
1730 2381 1814 2400 unum

1027 2417 1127 2444 Filium
1155 2425 1215 2445 esse
1242 2418 1371 2450 dicimus,
1389 2422 1426 2450 et,
1452 2423 1483 2445 ut
1498 2418 1575 2445 aiunt
1603 2419 1707 2450 Patres,
1733 2427 1814 2446 unam

1027 2462 1076 2489 Dei
1093 2462 1174 2490 Verbi
1190 2467 1316 2490 naturam
1326 2463 1495 2489 incantatam
1510 2463 1702 2497 praedicamus.
1722 2463 1816 2496 Quan-

1028 2512 1086 2535 tum
1111 2515 1178 2542 ergo
1204 2508 1370 2542 cogitatione
1395 2509 1540 2543 complecti
1565 2509 1639 2540 licet,
1661 2513 1688 2535 et
1715 2508 1815 2535 mentis

1028 2554 1117 2580 oculis
1133 2555 1312 2589 contemplari
1329 2563 1381 2589 qua
1396 2555 1501 2582 ratione
1527 2563 1637 2582 carnem
1653 2555 1816 2590 Unigenitus

1022 2598 1182 2632 assumpsit,
1198 2598 1326 2630 dicimus,
1343 2600 1411 2626 duas
1427 2607 1488 2634 esse
1500 2599 1526 2625 in
1539 2598 1651 2626 Christo
1665 2603 1789 2625 naturas.
1803 2607 1812 2623 ι

1060 2651 1100 2678 Ad
1119 2651 1176 2678 hate
1192 2651 1384 2678 dicimnscum
1396 2658 1425 2677 se
1441 2650 1508 2676 satis
1520 2657 1658 2684 superque
1681 2650 1752 2676 clare
1768 2657 1814 2676 ex-

1024 2697 1126 2731 plicare
1140 2705 1147 2729 ;
1164 2697 1201 2723 ait
1217 2697 1302 2726 enim,
1318 2705 1368 2722 non
1381 2696 1529 2725 dividimus,
1540 2704 1590 2722 non
1604 2695 1759 2730 copulnmus
1770 2705 1777 2727 ,'
1788 2700 1815 2723 et

1024 2742 1119 2769 subdit
1137 2746 1260 2774 naturus,
1284 2750 1338 2768 non
1357 2747 1495 2772 naturam,
1515 2747 1545 2768 ut
1563 2742 1590 2767 lii
1610 2742 1705 2768 volunt
1720 2749 1726 2767 :
1740 2741 1815 2776 adje-

1024 2788 1117 2823 citque
1134 2792 1266 2815 tim-terea
1281 2796 1364 2823 neque
1383 2788 1521 2814 dividimus
1539 2796 1619 2814 ultum
1634 2787 1747 2819 Filium;
1762 2795 1815 2814 non

225 2867 280 2901 (t5)
299 2866 356 2894 lmo
379 2874 445 2894 vero
473 2875 590 2902 sequens
607 2867 791 2894 testimonium
810 2868 927 2894 sumitur
953 2875 985 2894 cx
1006 2867 1121 2902 cpistola
1147 2867 1180 2894 ad
1207 2867 1371 2896 Sucensum.
1398 2867 1496 2902 Cylil.,
1522 2867 1566 2893 od.
1587 2870 1606 2892 t.
1626 2866 1656 2898 ν,
1693 2871 1762 2900 part.
1788 2873 1816 2899 ιι,

188 2915 218 2944 ρ,
235 2903 290 2930 137.
