2144 3242
362 195 430 229 1863

988 191 1146 223 LEONTII
1167 191 1372 222 BYZANTINI

1926 191 1990 224 13M

358 254 433 286 quod
457 250 561 278 nemini
589 257 708 284 unquam
740 248 852 275 numine
878 247 972 274 divino
1001 246 1195 276 alﬂatorumA

1146 253 1154 273 ι
1169 246 1195 276 Α
1206 247 1263 277 τοῖς
1280 245 1363 273 αὑτοῦ
1387 244 1420 273 ἂν
1445 246 1600 281 διεμάχετσ
1616 247 1684 282 ὅπερ
1700 246 1790 278 οιῦδεῖς
1811 246 1840 272 ὲν
1857 247 1992 282 πνεύματι

361 294 471 322 Patrum
490 294 622 321 accidisse
638 292 772 320 credibile
786 297 838 320 est.

637 356 728 390 Magni
740 356 890 383 Athanasii.

398 422 406 438 ι
418 411 718 447 Conﬁtemuretipsum
727 419 788 439 esse
799 411 846 438 Dei
859 411 969 443 Filium,
979 410 1152 444 atqueDeum

359 459 512 486 secundum
538 459 677 494 spiritum,
692 463 719 485 et
743 458 842 485 Filium
868 458 987 485 hominis
1001 457 1152 484 secundum

359 512 481 535 carnem.
510 513 564 532 non
594 509 685 532 autem
707 504 779 531 duas
796 507 909 530 naturas
936 511 1021 531 unum
1038 503 1151 535 Filium,

361 558 444 577 unam
475 551 655 582 adorandam,
670 550 750 577 aliam
774 558 830 577 non
855 550 939 582 item;
956 549 1004 577 sed
1030 557 1112 576 unam
1125 550 1151 576 in

360 595 420 630 ipso
435 591 484 623 Dei
496 597 585 623 Verbo
604 600 730 623 naturam
747 599 928 628 inmrnatam,
945 600 1028 630 atque
1041 603 1096 622 uno
1106 603 1153 622 eo-

359 642 478 676 demque
493 642 571 669 eultu
587 650 640 669 una
651 650 713 669 eum
728 642 785 676 ipsa
801 643 881 669 carne
898 642 1128 677 prosequendam.
1140 651 1149 667 ι

358 687 410 718 Εη,
439 687 579 721 inquiunt,
605 693 700 721 aperte
726 692 837 714 sanctus
855 687 936 715 Pater
961 687 1030 714 duas
1047 687 1080 714 de
1098 694 1152 714 uno

359 731 428 758 Filio
454 736 568 758 naturas
590 731 779 766 pmdicandas
795 736 886 766 negat.
904 746 938 752 —
955 732 1056 759 Verum
1077 731 1150 759 haud

358 774 508 807 inﬂeiatur,
524 776 630 808 miseri,
643 776 711 803 duas
722 776 749 803 in
765 776 873 804 Christo
890 781 1013 808 naturas,
1027 777 1073 804 sed
1087 777 1150 808 hoc,

359 827 441 847 unam
458 821 564 848 scilicet
591 821 618 848 in
641 821 701 856 ipso
715 826 843 848 naturam
870 821 1047 855 adorandum,
1067 821 1148 849 aliam

359 875 412 893 non
435 866 516 900 item;
534 875 622 902 neque
647 872 794 902 propterea
818 868 922 900 subdit,
938 877 989 895 uno
1009 869 1151 903 eodemque

1206 289 1273 316 Θεοῦ
1286 290 1386 322 λαλῶν,
1407 291 1502 317 παθεῖν
1519 291 1713 318 ὑποπτεύεται.

1396 354 1450 381 Τοῦ
1463 345 1599 389 μεγῧλου
1620 355 1805 384 Ἀθανασίου.

1242 418 1252 434 ι
1278 409 1480 443 Ὀμολογοῧμεν
1500 409 1548 436 καὶ
1575 408 1645 436 εἶναι
1667 411 1748 437 αὑτὸν
1773 411 1837 439 Υἱὸν
1858 412 1905 439 τοῦ
1926 413 1993 441 Θεοῦ

1205 454 1251 481 καὶ
1263 455 1329 480 Θεὸν
1345 455 1416 480 κατὰ
1429 455 1552 489 Πνεῦμα,
1570 455 1635 482 Υίίιν
1649 456 1793 491 ἀνθρώπου
1808 458 1880 485 κατὰ
1893 460 1993 493 σάρκιν

1204 499 1265 526 οὐδὲ
1278 500 1324 526 δύο
1341 500 1437 534 φύσεις
1451 500 1496 526 τὸν
1513 500 1560 527 ἕνα
1578 501 1652 533 Υἱὸν,
1665 503 1730 537 μίαν
1741 506 1934 540 προσκυνητὴν
1947 506 1994 532 καὶ

1207 546 1272 580 μίαν
1289 546 1508 581 ἀπροσκύνητον,
1526 547 1594 574 ἀλλὰ
1610 547 1674 582 μίαν
1693 549 1774 583 φύσιν
1799 550 1845 577 τοῦ
1860 551 1927 578 Θεοῦ
1942 553 1994 579 A6-

1204 600 1253 625 γου
1269 594 1505 627 σεσαρκωμένην
1526 594 1573 620 καὶ
1593 596 1834 630 προσκυνουμένην
1858 598 1927 631 μετὰ
1943 597 1994 632 τῆς

1205 636 1405 670 σαρκὲςσὺτοῦ
1421 639 1469 674 μιᾷ
1494 640 1690 674 προσκυνήσει.
1712 649 1721 665 ι
1745 641 1828 673 Ἰδοὺ,
1844 643 1922 676 φασὶ,
1944 643 1994 678 τὴν

1203 683 1286 709 δυάδα
1303 683 1396 717 σαφῶς
1419 685 1528 718 ἀναιρεί
1541 685 1594 710 τῶν
1609 686 1716 719 φύσεων
1732 687 1746 712 6
1768 687 1862 722 Πατὴρ
1879 688 1924 714 ἐπὶ
1945 689 1992 715 τοῦ

1203 728 1262 759 ἑνὸς
1273 728 1349 755 Υίοῦ.
1364 744 1398 749 ——
1415 729 1486 755 Ἀλλ’
1495 730 1526 756 οὐ
1541 731 1590 762 τὰς
1607 731 1654 758 δύο
1665 732 1771 766 φύσεις,
1790 729 1812 759 ὦ
1823 730 1906 766 οὗτοι,
1920 735 1993 761 ἀνεῖ-

1202 773 1257 805 λεν,
1278 773 1346 800 ἀλλὰ
1360 775 1389 800 τὸ
1402 776 1439 810 μὴ
1455 775 1572 812 θατέραν
1589 777 1637 812 μὲν
1655 776 1725 805 εἶναι
1740 779 1794 805 τῶν
1817 779 1863 816 δύο
1885 781 1993 815 φύσεων

1203 820 1394 856 προσκυνητὴν
1410 822 1438 847 ἐν
1452 821 1490 856 τῷ
1507 822 1574 857 Υίῷ,
1592 823 1709 857 θατέραν
1733 825 1761 851 δὲ
1785 825 1993 862 ἀπροσχύνητον

1202 865 1232 890 ὲν
1244 865 1329 901 αὐτῷ’
1344 866 1388 893 διὰ
1401 868 1454 903 γάρ
1470 877 1510 895 τοι
1524 869 1583 895 τόδε
1596 871 1644 896 καὶ
1659 871 1808 905 ἐπήγαγεν,
1818 872 1858 898 ὃτι
1881 872 1993 906 Ἐνμιᾷ

356 914 430 940 cultu
447 915 526 940 unius
537 913 607 945 Filii,
627 919 806 946 nonnaturae,
833 915 1052 949 prosequendum.
1070 915 1151 942 Aeci-
1167 915 1186 942 Β

1144 928 1151 934 .
1167 915 1186 942 Β
1202 912 1250 938 καὶ
1267 911 1346 946 αὐτῇ
1356 913 1566 947 προσκυνήσει
1580 914 1634 942 τοῦ
1646 915 1715 947 ἐνὸς
1733 916 1812 948 Υιοῦ,
1827 917 1856 943 οὐ
1873 917 1990 951 φύσεως,

359 958 400 986 dit
418 959 491 986 enim
509 967 558 994 per
576 959 802 986 universaliorem
825 960 903 994 quasi
919 959 1064 994 quamdam
1080 961 1150 987 inte-

357 1013 432 1040 gram
453 1013 610 1040 personam,
632 1009 662 1032 ut
683 1005 770 1040 ipsius
788 1010 889 1039 partes,
912 1005 954 1032 hae
975 1005 1082 1032 scilicet
1101 1013 1150 1033 na-

358 1054 426 1078 tura;
443 1050 524 1077 simul
547 1049 714 1081 adorentur;
744 1049 845 1084 quippe
867 1057 929 1076 cum
946 1049 972 1076 in
983 1049 1080 1077 eodem
1101 1050 1149 1084 qui

357 1096 468 1127 colitur,
485 1096 555 1122 Filio
574 1095 703 1122 similiter
716 1095 802 1122 amba:
814 1095 1021 1122 contineantur.
1034 1095 1090 1122 Vos
1101 1102 1150 1122 au-

357 1144 411 1167 tem
421 1141 558 1168 malitiose
568 1141 649 1168 verba
660 1141 717 1167 haec
730 1149 811 1166 unum
823 1139 918 1166 Filium
928 1140 1150 1174 interpunctione.

357 1186 505 1220 completa,
521 1194 587 1218 non,
607 1189 636 1212 ut
653 1193 713 1216 nos,
730 1184 849 1219 simplici
869 1189 1003 1212 commate
1028 1184 1148 1218 notatis;

357 1236 439 1266 atque
457 1231 494 1258 ita
512 1239 624 1258 sensum
640 1231 776 1262 vitiando,
794 1231 886 1265 priora
904 1231 987 1258 verba
1004 1231 1087 1258 menti
1101 1239 1149 1258 ve-

357 1282 420 1305 stra:
443 1278 556 1312 aptatis,
582 1278 687 1312 reliqua
709 1277 745 1304 ita
770 1277 909 1311 profertis,
931 1281 961 1304 ut
983 1276 1079 1312 integri
1097 1276 1150 1304 loci

358 1322 444 1351 menti
468 1324 587 1350 minime-
607 1323 802 1357 respondeant.
825 1322 904 1350 Nunc
925 1321 1068 1349 videamus
1084 1330 1148 1349 nunt

357 1376 387 1396 re
401 1376 465 1396 Vtra
491 1369 659 1396 Athanasius
682 1376 714 1395 ea
737 1367 895 1402 protulerit.
914 1367 1001 1394 Nemo
1015 1367 1089 1394 enim
1107 1367 1149 1394 vir

357 1417 471 1441 sanctus
487 1413 560 1440 circa
575 1412 672 1440 eadem
686 1412 798 1439 sibimet
813 1412 870 1446 ipse
881 1411 1071 1439 contradicere
1084 1419 1150 1438 eon-

359 1458 461 1486 suevit.
475 1458 554 1491 Quod
572 1462 663 1485 autem
680 1465 712 1485 ea
728 1457 877 1492 protulerit
887 1457 1052 1492 Apollinaris
1063 1457 1149 1484 menti

359 1509 458 1532 vestrae
474 1504 591 1531 maxime
611 1511 742 1535 consona,
763 1507 898 1530 testantur
924 1503 950 1530 id
970 1503 997 1529 in
1015 1503 1149 1530 ecclesia-

1204 957 1289 991 λέγων
1302 965 1309 972 ·
1337 958 1375 989 ὡς
1393 958 1448 994 γὰρ
1468 959 1511 985 διὰ
1530 960 1749 996 καθολικωτέρου
1769 961 1840 992 τινὸς
1859 961 1905 988 τοῦ
1930 963 1992 989 ὂλου

1204 1003 1361 1037 προσώπου,
1374 1004 1432 1039 ἅμα
1443 1005 1654 1040 προσκυνεῖσθαι
1665 1007 1699 1033 τὰ
1714 1007 1785 1042 μέρη
1801 1007 1895 1040 αὐτοῦ,
1909 1008 1993 1043 ἧγουν

1203 1047 1285 1074 τάσδε
1299 1048 1351 1080 τὰς
1359 1048 1467 1083 φύσεις,
1481 1050 1637 1085 συμδαίνει,
1651 1050 1687 1082 ὡς
1700 1052 1936 1087 ὲμπεριεχομένας
1953 1053 1992 1089 τῷ

1203 1094 1436 1130 προσκυνουμένῳ
1452 1095 1509 1130 Υίῷ
1522 1091 1623 1131 ὁμοίως
1648 1097 1741 1132 ἄμφω
1767 1098 1845 1133 ὑμεῖς
1867 1099 1895 1125 δὲ
1915 1108 1992 1134 σοφι-

1204 1139 1305 1170 στικῶς
1323 1139 1414 1175 τελείᾳ
1439 1140 1585 1174 στίζοντες,
1613 1143 1660 1170 καὶ
1686 1143 1735 1178 οὐχ
1754 1144 1910 1181 ὑποστιγμῇ
1931 1145 1992 1172 καθ’

1203 1185 1276 1219 ἡμᾶς
1294 1185 1348 1211 τὸν
1369 1185 1424 1213 ἕνα
1450 1188 1528 1219 Υιὸν,
1543 1187 1578 1214 τὰ
1595 1189 1691 1223 πρῶτα
1707 1189 1756 1224 μὲν
1779 1189 1832 1216 τῶν
1848 1191 1993 1226 ρησειδίων

1204 1230 1392 1259 κατάσκοπον
1409 1232 1517 1265 ἑαυτοῖς
1543 1233 1723 1265 ὰποτίλαντες
1748 1235 1892 1270 διορίζετε,
1916 1238 1949 1264 τὰ
1964 1237 1992 1264 δὲ

1203 1274 1268 1309 ἑξῆς
1283 1275 1457 1312 ἀσυνάρτητα
1473 1278 1657 1312 παρέλκοντες
1670 1300 1676 1311 ,
1695 1280 1725 1306 ἐν
1749 1280 1788 1316 τῷ
1806 1281 1922 1315 νοήματι
1945 1282 1992 1308 τοῦ

1202 1320 1264 1346 ὅλου
1278 1322 1390 1356 χωρίου,
1403 1322 1585 1358 διελέγχεσθε.
1600 1324 1692 1355 Οὕτως
1709 1325 1759 1360 μὲν
1776 1323 1822 1352 οὖν
1835 1326 1957 1359 νοείσθω,
1967 1328 1992 1353 εἰ

1202 1366 1286 1398 ὅντως
1311 1366 1464 1402 Ἀθανασίῳ
1487 1369 1602 1403 εἴρηται·
1625 1369 1655 1395 οὑ
1671 1369 1725 1404 γὰρ
1751 1370 1842 1405 ἑαυτῷ
1869 1371 1933 1406 περὶ
1958 1372 1992 1399 τὰ

1203 1412 1274 1438 αὑτά
1297 1420 1339 1443 τις
1354 1410 1484 1448 θεὸφόρος
1503 1413 1653 1445 στασιάζει.
1676 1414 1738 1440 Ὀτι
1758 1414 1786 1441 δὲ
1813 1415 1992 1451 Ἀπολιναρίῳ

1203 1457 1311 1494 εἴρηται
1334 1458 1399 1484 τάδε
1422 1458 1492 1485 κατὰ
1508 1458 1556 1494 τὴν
1575 1460 1712 1496 ὑμετέραν
1729 1460 1843 1494 ἔννοιαν,
1859 1461 1992 1497 Τιμόθεός

1202 1512 1244 1535 τις
1268 1503 1364 1530 τούτου
1386 1505 1509 1540 μαθητὴς
1527 1506 1556 1532 ὲν
1575 1507 1608 1541 τῇ
1633 1506 1873 1542 ἐκκλησιαστικῇ
1897 1508 1991 1535 Ἰστο-

359 1551 428 1578 stica
442 1549 561 1578 Historia
581 1558 644 1577 eum
659 1550 821 1577 Timotheus
837 1549 947 1584 quidam
963 1549 1049 1584 ipsius
1063 1550 1148 1577 disei-
1176 1588 1183 1589 ί
1199 1564 1205 1584 λ

1144 1565 1148 1570 -
1176 1588 1183 1589 7
1199 1550 1250 1584 ρίςι
1267 1550 1350 1584 λέγει,
1365 1551 1411 1577 καὶ
1428 1551 1560 1586 Πολέμων
1570 1552 1584 1578 6
1595 1552 1801 1588 συνουσιαστής,
1814 1549 1845 1579 οὗ
1859 1552 1990 1589 Κύριλλος

359 1595 449 1631 pulus,
465 1600 522 1622 tum
540 1595 671 1622 Polemon
684 1595 745 1630 ejus
753 1594 906 1626 familiaris,
921 1594 1000 1629 cujus
1016 1594 1150 1621 memine-
1164 1588 1186 1618 C
1202 1606 1205 1619 ‹

1144 1609 1150 1614 -
1164 1588 1186 1618 C
1202 1596 1216 1622 6
1232 1596 1326 1632 Πατὴρ
1348 1597 1395 1624 καὶ
1412 1598 1532 1634 Σεὸἦρος
1558 1598 1572 1624 ό
1597 1598 1769 1634 Πατραλοίας
1793 1599 1990 1635 μνημονεύουσι

359 1645 423 1668 runt
437 1646 548 1668 sanctus
566 1641 646 1668 Pater
663 1640 780 1676 Cyrillus
796 1640 864 1676 (l5),
881 1643 908 1667 et
924 1639 1045 1667 Severus
1057 1640 1152 1667 Patra-

359 1686 419 1713 laaa:
436 1686 582 1720 episcopus
600 1694 606 1712 :
626 1684 672 1720 qui
692 1685 821 1712 Polemon
836 1685 894 1712 lucc
907 1684 1000 1711 habet.

401 1739 411 1755 ‹
438 1730 574 1757 Eumdem
595 1729 614 1756 ii
631 1729 773 1756 Christum
797 1734 825 1757 et
853 1729 939 1756 Deum
965 1733 993 1756 et
1012 1729 1151 1757 hominem

359 1782 419 1802 esse
450 1770 563 1807 dicunt,
588 1781 639 1801 nec
666 1781 715 1801 eos
739 1773 824 1808 pudet
847 1781 929 1800 unam
952 1781 1076 1801 asserere
1104 1774 1152 1801 Dei

360 1819 443 1846 Verbi
459 1824 584 1846 naturam
596 1819 778 1851 inearnatam,
788 1819 864 1854 quasi
873 1819 1062 1853 compositam.
1074 1818 1152 1852 Quod

365 1866 387 1892 si
404 1865 476 1892 idem
492 1865 630 1900 perfectus
645 1865 718 1894 Deus
735 1870 786 1897 est,
803 1864 942 1899 perfectus
954 1864 1150 1897 homo;i‘atea-

362 1918 423 1936 mur
440 1914 549 1944 oportet
563 1910 631 1937 duas
645 1917 705 1936 esse
724 1909 750 1936 in
765 1910 824 1943 ipso
836 1914 958 1940 naturas,
971 1910 1152 1943 quemadmo-

360 1957 426 1984 dum
435 1964 522 1991 nuper
530 1956 677 1983 commenti
689 1961 753 1983 sunt
765 1956 951 1990 Cappadoces,
964 1962 991 1983 et
1005 1957 1152 1991 Diodorus,

360 2008 388 2030 et
398 2002 566 2029 Athanasius
584 2006 611 2028 et
628 2006 789 2037 arrogantes
803 2001 886 2029 Italiae
900 2003 1032 2037 praesules
1044 2010 1150 2032 omnes.

360 2051 448 2084 Atque
466 2050 502 2076 ita
519 2050 607 2077 nostri
630 2050 736 2084 tingunt
752 2058 780 2077 se
802 2057 863 2076 cum
882 2055 977 2077 sancto
998 2050 1151 2085 Apollinari

361 2096 480 2126 sentire,
507 2103 535 2122 re
560 2095 618 2130 ipsa
638 2100 728 2122 tamen
750 2103 812 2122 eum
828 2095 951 2130 Gregorii
969 2095 1152 2123 sectatoribus

360 2141 429 2168 duas
442 2141 475 2167 de.
487 2140 597 2168 Christo
609 2145 724 2167 naturas
735 2140 894 2174 przedicant.
917 2150 925 2165 ι
938 2140 972 2166 Et
986 2141 1066 2176 paulo
1080 2146 1153 2172 post:

365 2196 373 2211 ι
392 2186 461 2220 Quid
476 2194 504 2213 se
521 2186 577 2214 divi
597 2186 764 2221 Apollinaris
779 2185 930 2219 discipulos
942 2186 1063 2220 tingunt?
1078 2187 1153 2215 lianc

362 2231 435 2258 enim
452 2232 617 2259 sententiam
640 2231 698 2265 ipse
723 2230 799 2257 solus
827 2230 951 2264 protulit,
973 2234 1002 2256 ut
1021 2230 1090 2257 duas
1104 2239 1152 2258 na-

361 2282 437 2304 turas
455 2281 609 2308 everteret;
623 2276 725 2311 quippe
737 2276 784 2310 qui
806 2275 947 2302 manifeste
961 2276 1096 2310 scriptum
1109 2284 1152 2303 re-

361 2323 453 2358 liquit,
473 2327 499 2350 et
513 2330 573 2349 esse
585 2322 726 2349 Christum
740 2322 839 2348 Filium
853 2321 901 2348 Dei
925 2322 1077 2349 secundum
1097 2322 1152 2357 spi-

363 2368 459 2399 ritum,
481 2374 508 2395 et
523 2368 621 2394 Filium
638 2367 759 2394 hominis
781 2368 933 2395 secundum
958 2376 1080 2400 carnem,
1095 2376 1149 2395 non

362 2415 430 2442 duas
441 2419 554 2441 naturas
568 2422 653 2440 unum
663 2414 773 2442 Filium.
785 2422 866 2440 unam
879 2414 1056 2446 adorantlam,
1069 2414 1150 2440 aliam

362 2468 417 2486 non
435 2460 514 2489 item;
526 2459 572 2486 sed
586 2467 667 2486 unam
682 2459 730 2486 Dei
744 2459 824 2485 Verbi
836 2464 960 2486 naturam
970 2459 1148 2491 incarnatam,

362 2510 389 2532 et
404 2513 458 2532 uno
472 2505 624 2540 eodemque
639 2505 716 2532 cultu
738 2513 790 2532 una
807 2513 869 2532 eum
886 2504 943 2539 ipsa
964 2512 1046 2531 carne
1059 2512 1151 2539 prose-

364 2550 514 2584 quendam.
536 2559 545 2575 l

398 2595 465 2627 Quis
477 2602 558 2629 porro
573 2602 626 2621 non
644 2594 760 2621 miretur
775 2595 796 2622 si
815 2595 858 2621 his
871 2594 963 2620 omnia
978 2594 1077 2622 similia
1094 2603 1153 2629 pro-

364 2641 473 2667 tulisset
489 2640 665 2672 Athanasius,
681 2641 727 2674 qui
745 2648 806 2666 cum
824 2639 1034 2673 impioDiednro
1049 2641 1152 2667 sentire

362 2695 451 2723 nuper
468 2687 576 2714 crimini
593 2687 727 2714 dabatur?
749 2688 781 2714 Et
797 2688 817 2714 si
839 2685 1010 2722 protulisset,
1028 2687 1150 2721 accepis-

401 2765 457 2795 (Hl
478 2764 564 2790 Altert
588 2763 640 2790 hoc
666 2763 737 2790 idem
758 2764 947 2791 testiinonium
968 2762 1099 2790 Leontius
1122 2766 1151 2788 et

364 2799 416 2826 lib.
441 2800 478 2826 De
500 2799 584 2829 sertis,
611 2806 707 2825 verum
731 2798 796 2825 illud
817 2799 959 2826 Athanasii
981 2806 1041 2825 esse
1058 2802 1148 2831 negat.

365 2835 405 2861 At
429 2835 620 2860 auctoritatem
634 2833 726 2868 Cyrilli
751 2833 824 2867 quod
841 2833 950 2864 attinet,
968 2834 1016 2864 ait,
1036 2832 1073 2860 ibi
1091 2840 1150 2858 esse

366 2869 507 2900 mendum,
535 2874 562 2896 et
589 2869 749 2896 Dioscorum
773 2868 866 2904 Cyrilli
892 2876 976 2904 opera
1002 2868 1151 2902 depravare

366 2912 549 2931 ωηευενιδείι.

1204 1642 1340 1677 φήσαντος
1355 1643 1452 1676 οὕτως’

1243 1739 1252 1755 ι
1271 1730 1336 1757 Θεὸν
1349 1730 1403 1766 γὰρ
1418 1731 1542 1765 λέγοντες
1558 1733 1606 1759 καὶ
1623 1732 1765 1767 ἄνθρωπον
1780 1733 1825 1760 τὸν
1837 1734 1928 1767 αὐτὸν,
1942 1736 1992 1762 οὐκ

1203 1775 1377 1810 αἰσχύνονται
1394 1776 1459 1811 μίαν
1472 1776 1551 1810 φύσιν
1563 1776 1610 1803 τοῦ
1626 1776 1693 1803 Θεοῦ
1709 1778 1796 1811 Λόγου
1812 1780 1991 1814 σεσαρκωμέ-

1204 1830 1253 1856 νην
1269 1819 1323 1847 οἷόν
1343 1830 1405 1849 τινα
1421 1822 1547 1849 σύνθετον
1564 1823 1769 1858 ὁμολογοῦντες·
1785 1824 1813 1850 εί
1825 1833 1856 1859 γε
1874 1825 1940 1857 Θεὸς
1953 1827 1992 1852 τέ-

1203 1867 1274 1899 λειος
1289 1867 1335 1894 καὶ
1354 1868 1498 1903 ἄνθρωπος
1509 1868 1610 1900 τέλειος
1630 1870 1644 1896 6
1661 1869 1807 1901 αὑτὸς,δύο
1827 1871 1924 1905 φύσεις
1938 1872 1992 1907 ἄρα

1203 1913 1217 1939 6
1228 1913 1320 1945 αὐτὸς,
1336 1912 1460 1949 καθάπερ
1472 1915 1487 1948 ἡ
1499 1913 1553 1942 τῶν
1564 1914 1755 1943 Καππαδοκῶν
1767 1916 1918 1950 εἰσηγεῖται
1932 1924 1991 1942 και-

1204 1959 1327 1994 νοτομία,
1342 1959 1475 1994 Διοδώρου
1491 1968 1519 1986 τε
1548 1962 1595 1986 καὶ
1614 1960 1805 1995 ’Δθανασίουή
1827 1961 1926 1995 οἴησις,
1945 1962 1992 1988 καὶ

1203 2004 1258 2031 τῶν
1282 2005 1311 2032 ἐν
1331 2004 1430 2040 Ἰταλίᾳ
1446 2006 1460 2032 6
1478 2005 1572 2039 etiam,"
1597 2006 1645 2032 καὶ
1664 2006 1878 2040 σχηματίζονται
1900 2007 1949 2041 μὲν
1967 2008 1991 2033 οι

1204 2049 1284 2085 δῆθεν
1296 2050 1428 2085 ἡμέτεροι
1443 2051 1552 2084 φρονεῖν
1573 2050 1607 2076 τὰ
1628 2049 1674 2076 τοῦ
1696 2050 1774 2083 ἁγίου
1795 2050 1901 2085 Πατρὸς
1914 2050 1991 2085 ἡμῶν

1211 2096 1413 2130 Ἀπολιναρίου,
1428 2095 1594 2130 κηρύττουσι
1605 2095 1632 2121 δὲ
1647 2096 1772 2129 καθάπερ
1783 2095 1932 2130 Γρηγόριος
1944 2096 1990 2131 τὴν

1206 2141 1260 2166 τῶν
1285 2140 1393 2174 φύσεων
1422 2140 1515 2166 δυάδα.
1536 2149 1544 2165 ι
1562 2139 1615 2166 Καὶ
1628 2140 1703 2173 μετὰ
1729 2139 1856 2174 βραχέα·
1889 2149 1898 2165 ι
1918 2140 1950 2166 Τί
1964 2140 1992 2166 δὲ

1211 2185 1389 2221 ’Δπολιναρίῳ
1423 2185 1462 2220 τῷ
1501 2185 1567 2219 θείῳ
1595 2185 1731 2220 μαθητιᾷν
1761 2184 1990 2219 σχηματίζονταις

1204 2230 1306 2265 ταύτην
1326 2232 1381 2266 γὰρ
1400 2231 1443 2257 ἐπ’
1460 2230 1598 2265 ἀναιρέσει
1622 2230 1671 2263 τῆς
1695 2229 1748 2256 τῶν
1765 2229 1872 2264 φύσεων
1898 2230 1992 2261 δυάδος

1206 2277 1285 2312 μόνος
1295 2277 1361 2310 ἡμῖν
1376 2275 1528 2309 ἀπεκύησε,
1545 2275 1691 2310 γεγραφὼς
1706 2271 1756 2300 ὧδέ
1774 2283 1810 2309 πη
1828 2275 1930 2309 σαφῶς·
1946 2276 1992 2302 καὶ

1205 2321 1362 2349 εἶιναιαὺτὸν
1375 2321 1438 2348 Υίδν
1458 2321 1505 2348 τοῦ
1521 2321 1599 2353 Θεοῦ,
1617 2321 1665 2347 καὶ
1675 2321 1742 2347 θεὸν
1758 2321 1827 2348 κατὰ
1844 2321 1943 2356 σάρκα,
1961 2322 1991 2348 οὐ

1203 2368 1248 2394 δύο
1266 2368 1360 2402 φύσεις
1371 2368 1416 2394 τὶν
1432 2367 1479 2393 ἕνα
1495 2367 1566 2399 Υίὺν,
1582 2367 1646 2402 μίαν
1663 2366 1853 2401 προσκυνητὴν
1868 2367 1914 2393 καὶ
1929 2366 1991 2401 μίαν

1205 2414 1423 2449 ἁττροσκὺνητον,
1443 2413 1511 2439 ἀλλὰ
1530 2413 1593 2447 μίαν
1610 2413 1690 2447 φύσιν
1706 2412 1752 2438 τοῦ
1766 2412 1833 2438 Θεοῦ
1846 2412 1933 2446 Λόγου
1948 2420 1990 2438 σε-

1206 2460 1386 2494 σαρχωμὲνην
1403 2459 1449 2486 καὶ
1467 2458 1707 2494 προσκυνουμένην
1731 2458 1800 2493 μετὰ
1819 2458 1867 2493 τῆς
1891 2457 1991 2493 σαρκὸς

1204 2506 1286 2533 αὐτοῦ
1309 2507 1357 2541 μιᾷ
1376 2506 1570 2541 προσκυνήσει.
1591 2515 1598 2528 ι

1238 2594 1284 2625 Τίς
1299 2590 1345 2619 οὖν
1361 2594 1392 2619 οὺ
1410 2593 1556 2627 θαυμάσει,
1574 2592 1597 2617 εί
1610 2591 1624 2617 6
1638 2590 1706 2625 μετὰ
1718 2589 1850 2624 Διοδώρου
1867 2589 1913 2615 τοῦ
1929 2589 1992 2615 ἀσε-

1202 2641 1266 2671 ϐοῦς
1292 2639 1503 2674 διαῦα).λόμενος
1526 2637 1599 2673 αὐτῷ
1618 2637 1776 2667 Ἀθανάσιος
1797 2636 1831 2662 τὰ
1847 2636 1928 2670 ὃμοια
1945 2636 1991 2671 ῥή-

1204 2695 1276 2721 ματα
1292 2686 1379 2712 πάντα
1398 2685 1467 2720 itm;
1482 2685 1504 2710 εἰ
1520 2684 1547 2710 δὲ
1567 2683 1614 2710 καὶ
1631 2682 1693 2709 τάδε
1708 2681 1790 2714 ἔλεξε,
1809 2682 1867 2713 πῶς
1883 2682 1929 2707 καὶ
1945 2681 1990 2707 ἐπὶ

1241 2761 1295 2795 (l5)
1316 2761 1376 2787 Lib.
1395 2769 1402 2787 ι
1416 2781 1422 2792 ,
1437 2760 1535 2787 Contra
1555 2760 1704 2790 lulianum,
1723 2758 1769 2785 ubi
1785 2763 1896 2786 sanctus
1910 2758 1992 2785 Pater

1205 2796 1299 2825 laudat
1317 2800 1425 2823 veteres
1449 2796 1519 2823 bene
1536 2796 1646 2825 multos.
1673 2795 1718 2829 qui
1743 2794 1776 2821 de
1803 2794 1893 2829 Moyse
1913 2801 1990 2820 men-

1206 2832 1307 2857 tionem
1336 2831 1471 2858 fecerunt.
1497 2831 1598 2857 Horum
1618 2831 1644 2856 in
1669 2837 1783 2856 numero
1806 2832 1937 2857 censetur
1962 2831 1992 2856 et

1206 2866 1333 2893 Polemon
1357 2866 1405 2893 lib.
1429 2865 1579 2894 ﬁrmarunt
1599 2865 1776 2891 historiarum.
