2144 3236
338 218 404 248 1855

971 215 1125 246 LEONTII
1148 215 1348 245 BYZANTINI

1889 214 1953 246 1856

334 283 388 300 una
405 275 435 300 η.
450 272 518 300 Cum
532 273 605 300 enim
622 272 809 308 unusquisque
823 272 996 300 credentium
1017 281 1031 299 a
1057 280 1115 300 ειε-
1131 276 1154 301 A
1169 269 1180 305 ιῖ

1103 287 1115 291 -
1131 276 1154 301 Α
1169 269 1206 306 ἦν
1221 271 1239 304 ἠ
1257 271 1364 305 καρδία
1394 270 1443 297 καὶ
1464 271 1481 303 ἠ
1498 270 1582 304 ψυχὴ
1595 271 1660 305 μία.
1686 270 1816 298 Ἐκάστου
1832 272 1887 307 γὰρ
1901 272 1948 298 τῶι

335 318 403 344 teris
417 317 546 344 omnibus
560 317 691 351 peculiari
709 317 877 345 subsistendi
896 318 1001 344 ratione
1017 317 1118 344 distin~

334 367 477 397 gueretur,
501 368 618 396 cumque
632 362 666 389 de
681 362 735 390 illis
747 367 841 397 utpote
857 362 997 389 voluntate
1019 369 1050 388 ac
1067 361 1119 388 lide

335 408 387 435 sibi
409 407 524 434 invicem
543 408 707 442 conjunctis,
731 409 839 435 dicatur
864 416 948 435 unum
971 408 1055 435 fuisse
1073 416 1120 434 cor

335 457 362 480 ct
387 452 506 479 animam
523 460 604 479 unam
621 462 627 479 :
646 453 770 487 nunquid
783 457 928 487 propterea
954 453 1005 479 hoc
1022 452 1118 479 eodem

335 497 417 524 modo
435 502 462 524 et
489 497 516 523 in
532 496 642 524 Christo
669 505 799 531 personas
821 498 904 524 fuisse
931 498 983 524 sibi
1001 497 1119 524 invicem

335 541 493 574 conjunctas
505 541 670 567 autumant?
686 541 725 568 En
743 546 838 576 aperte
853 546 965 569 sanctus
978 542 1060 568 Pater
1077 543 1120 568 in-

335 583 396 610 nuit
423 584 504 618 quale
523 584 570 614 sit.
585 585 658 618 quod
675 585 732 619 ipse
759 586 849 619 rcjicit
874 586 988 613 istorum
1010 586 1118 621 dogma,

335 629 381 664 qui
394 628 428 656 de
442 629 548 656 duabus
562 629 665 657 Christi
679 631 784 658 naturis
802 631 1023 666 conjunctionem
1045 631 1119 658 indi-

335 675 445 701 viduam
460 675 634 709 proﬁtentur.
646 686 654 701 ι
670 676 705 703 Et
716 676 795 711 paulo
807 681 884 709 post:
901 687 910 703 ι
927 677 1050 704 Profecto
1064 684 1119 703 non

335 722 491 753 asserimus,
512 722 560 753 ait,
589 722 709 748 humano
727 729 842 756 corpore
857 722 1048 749 circumscribi
1070 722 1119 748 Dei

335 766 416 793 Verbi
435 771 582 799 naturam;
597 767 727 794 divinitas
747 767 821 795 enim
839 772 915 795 caret
929 769 1091 803 quantitate.
1107 778 1116 794 ι

333 811 434 838 Deinde
440 811 545 839 subdit:
558 822 566 838 ι
575 812 732 848 Comperiet
739 814 801 847 quis
809 814 836 840 in
847 813 958 840 Christo
966 813 1118 848 perfectum

335 857 508 884 individuum
517 857 678 888 humanum.
697 859 860 892 perfectum,
873 859 995 894 inquam,
1014 859 1119 887 ratione

335 901 427 928 habita
436 906 540 929 naturae
551 910 622 929 sum:
635 901 785 937 perfectum
796 903 861 930 item
868 904 1052 938 comperietin
1060 904 1119 938 ipso

334 946 451 974 Verbum
463 955 478 974 a
489 947 545 974 Deo
556 952 734 982 conceptum;
751 948 881 976 fatebitur
893 936 981 976 tamen
991 936 1076 975 unum
1086 956 1119 976 ex
1133 936 1157 965 Β

335 995 450 1026 utraque
464 996 562 1019 natura
577 1001 688 1020 manare
703 993 858 1024 Christum.
873 997 990 1021 etunum
1009 994 1118 1026 Filium,

333 1044 388 1063 non
401 1038 595 1072 conjunctione
602 1046 781 1073 personarum
798 1038 938 1066 Christun.
951 1040 1038 1074 ipsum
1046 1047 1121 1067 com—

333 1082 453 1115 positum
465 1082 632 1118 intelligens,
646 1084 692 1110 sed
705 1084 1026 1119 potiusnaturasipsasin
1035 1093 1118 1112 unum

333 1134 433 1153 arcano
442 1128 562 1162 quodam
585 1133 612 1155 et
621 1129 752 1156 ineﬂ‘abili
768 1130 849 1156 modo
860 1134 1026 1164 compactae,
1037 1138 1119 1164 quem

335 1172 446 1199 modum
460 1173 536 1199 novit
554 1174 612 1207 ipse
629 1174 712 1201 Deus.
728 1174 836 1202 Nullam
855 1180 986 1209 praeterea
1001 1176 1119 1204 dicimus

333 1218 363 1244 in
377 1218 482 1245 naturis
498 1219 646 1253 contigisse
659 1220 861 1251 confusionem.
879 1225 909 1248 ut
921 1229 1011 1255 neque
1026 1222 1119 1249 divina

334 1270 416 1290 versa
430 1263 513 1290 fuerit
528 1264 554 1291 in
569 1264 726 1298 humanam,
739 1274 791 1293 nec
806 1266 924 1294 humana
939 1267 965 1294 in
980 1268 1117 1302 divinam;

333 1308 381 1335 sed
409 1313 526 1344 utraque
545 1310 638 1344 potius
652 1311 681 1337 in
705 1319 756 1338 suo
771 1316 843 1339 statu
868 1318 1005 1346 manente,
1020 1314 1118 1342 factam

335 1353 420 1381 fuisse
439 1354 661 1389 conjunctionem
677 1356 856 1384 arbitramur.
875 1367 884 1382 ι
901 1357 935 1384 Et
948 1359 1028 1393 paulo
1042 1364 1118 1394 post:

337 1408 346 1424 ι
363 1398 393 1426 Si
412 1399 474 1433 quis
495 1406 561 1434 ergo
585 1399 689 1427 diceret
711 1401 783 1428 solas
806 1402 832 1428 in
854 1402 963 1431 Christo
988 1412 1120 1439 personas

334 1444 473 1479 conjungi,
488 1449 516 1472 et
529 1449 640 1473 naturas
657 1446 692 1473 ab
715 1454 744 1474 se
761 1447 878 1475 invicem
892 1451 1004 1477 omnino
1020 1451 1119 1478 distin-

333 1489 394 1524 gui,
417 1489 545 1524 profecto
562 1490 596 1518 ab
613 1496 688 1518 recto
711 1494 819 1520 tramite
838 1494 990 1523 aberraret.
1017 1505 1026 1522 ι
1053 1497 1120 1529 Quis

335 1535 433 1561 horum
451 1542 562 1562 sensum
579 1543 633 1562 non
648 1536 793 1572 intelligit?
812 1538 913 1574 Ecquis
924 1544 1047 1568 sanctum
1067 1541 1118 1568 Pa-

1170 317 1392 343 πεπιστευκότων
1408 317 1477 344 κατὰ
1500 326 1531 351 γε
1552 318 1596 344 τὸν
1615 317 1666 351 τῆς
1690 317 1757 350 ἰδίας
1780 318 1954 350 ὑποστάσεωε

1170 365 1248 398 λόγον
1274 365 1504 399 διεσχοινισμὲνου
1535 364 1589 390 τῶν
1618 365 1715 396 ἄλλων,
1729 365 1790 391 ὅσον
1820 363 1887 400 ἧκεν
1915 364 1954 394 είς

1169 409 1364 436 ταυτοὸουλίαν
1390 410 1438 435 καὶ
1457 409 1506 444 τὴν
1531 409 1645 443 ἑνότητα
1669 410 1718 444 τῆς
1740 409 1867 440 πίστεως,
1882 408 1954 443 ψυχὴ

1171 455 1279 482 πάντων
1292 452 1362 480 εἶναι
1376 455 1425 489 μία
1435 455 1544 488 λέγεται
1559 455 1606 480 καὶ
1622 454 1722 488 καρδία
1737 462 1745 470 '
1761 452 1814 489 ἆρα
1824 452 1870 480 οὖν
1885 453 1955 480 κατά

1169 500 1262 527 τοῦτον
1293 501 1340 526 καὶ⁸
1356 500 1434 526 αὐτοὶ
1449 500 1494 526 τὸν
1513 500 1625 535 τρόπον,
1648 500 1702 526 τῶν
1726 499 1880 534 προσώπων
1904 500 1955 534 τὴν

1169 545 1265 570 ἕνωσιν
1278 544 1419 579 ὁμολογεῖν
1435 544 1588 578 ἐγνώκασιν
1602 553 1608 575 ;
1625 554 1634 570 ι
1652 545 1716 571 Ἰδοὺ
1733 545 1860 579 διασαφεῖ
1878 545 1957 579 ἐκδή-

1170 590 1223 620 λως
1246 590 1272 616 τί
1285 590 1359 615 ὲστιν
1373 589 1387 616 ὃ
1403 590 1542 624 μέμψεται
1564 590 1664 624 δόγμα’
1684 589 1739 616 τῶν
1753 589 1781 616 δὲ
1798 589 1845 615 καὶ
1860 590 1955 616 ἕνωσιν

1170 635 1323 670 ἀδιαίρετον
1337 635 1469 668 λεγόντων
1483 636 1529 661 ἐπὶ
1545 635 1591 661 δύο
1603 635 1720 669 φύσεων,
1732 635 1784 661 Καὶ
1796 635 1871 668 μετὰ
1882 635 1956 669 βρα-

1170 680 1236 714 χέα·
1255 690 1264 706 ‹
1286 681 1340 707 Καὶ
1353 681 1458 707 οὐδέπω
1472 681 1561 715 φαμὲν
1577 681 1605 707 ὲν
1617 680 1655 715 τῷ
1670 678 1835 714 ἀνθρωπίνῳ
1850 680 1955 715 σώματι

1169 726 1218 760 τὴν
1241 726 1288 752 τοῦ
1305 726 1372 752 Θεοῦ
1387 727 1473 758 Λόγου
1496 725 1717 761 περιγεγράφοαι
1739 725 1836 760 φύσιν·
1855 725 1956 752 ἄποτον

1170 771 1224 805 γὰρ
1241 771 1272 796 τὸ
1290 771 1377 798 Θεῖον.
1397 780 1406 796 ι
1421 769 1492 798 Εἶτα
1513 770 1628 805 ἐπάγει·
1656 780 1665 796 ι
1684 771 1746 797 Ὅτι
1763 770 1860 805 ὄψεταί
1871 779 1912 801 τις
1927 772 1956 797 ὲν

1170 815 1280 851 Χριστῷ
1309 816 1340 842 τὸ
1362 816 1534 851 ἀνθρώπινον
1552 816 1665 848 τελείως
1684 815 1757 851 ἔχον,
1773 816 1844 842 κατά
1860 824 1891 849 γε
1910 816 1955 842 τὸν

1170 862 1219 896 τῆς
1247 862 1314 893 ίδίας
1335 862 1444 896 φύσεως
1458 862 1537 895 λόγον
1550 870 1556 876 ”
1577 861 1678 896 ὁμοίιος
1697 870 1726 887 τε
1741 861 1845 887 τέλειον
1864 861 1909 888 τὸν
1924 862 1956 887 ὲκ

1170 907 1238 933 Θεοῦ
1254 907 1342 941 φύντα
1361 907 1446 940 Λόγον
1463 915 1470 922 ·
1487 906 1556 941 πλὴν
1578 906 1626 932 ἕνα
1641 906 1687 932 τὸν
1701 906 1731 938 ἐξ
1745 907 1846 940 ἀμφοῖν
1861 905 1956 940 ὁμολο-

1171 955 1249 988 γήσει
1261 953 1379 988 Χριστὸν
1395 953 1442 979 καὶ
1457 952 1532 984 Υίὺν,
1549 952 1579 978 οὗ
1596 951 1750 986 προσώπων
1765 950 1860 977 ἐνὼσει
1876 951 1957 984 μόνον

1172 998 1305 1030 συντιθεὶς
1321 998 1371 1033 τὴν
1383 998 1549 1032 οίκονομίαν,
1567 998 1702 1029 συλλέγων
1716 996 1743 1023 δὲ
1758 996 1857 1031 μᾶλλον
1875 996 1914 1026 είς
1928 995 1956 1021 ἐν

1169 1044 1218 1075 τὰς
1233 1043 1328 1077 φύσεις
1341 1044 1505 1078 ἀπορρήτως
1519 1051 1550 1076 γε
1568 1042 1614 1069 καὶ
1627 1042 1696 1076 ὑπὲρ
1711 1041 1788 1074 λόγον
1804 1062 1810 1073 ,
1824 1040 1861 1071 ὡς
1877 1039 1957 1070 αὐτὸς

1169 1089 1241 1122 ἔγνω
1256 1089 1270 1114 ὁ
1284 1089 1352 1120 Θεός
1365 1097 1371 1104 ·
1391 1088 1439 1115 καὶ
1463 1089 1577 1114 οὐδέπω
1601 1087 1690 1122 φαμὲν
1711 1087 1843 1120 ἀνάχυσιν
1864 1085 1957 1118 ὥσπερ

1169 1134 1228 1161 τινὰ
1243 1134 1383 1169 συμϐῆναι
1398 1134 1463 1168 περὶ
1476 1134 1525 1164 τὰς
1545 1133 1641 1166 φύσεις
1654 1154 1660 1163 ,
1675 1133 1712 1164 ὡς
1728 1131 1896 1167 μεταστῆναι
1910 1131 1958 1164 τὴν

1168 1180 1215 1207 τοῦ
1226 1181 1311 1214 Λόγου
1324 1180 1404 1214 φύσιν
1416 1181 1454 1210 εἰς
1463 1179 1511 1213 τὴν
1522 1178 1568 1204 τοῦ
1579 1178 1722 1212 ἀνθρώπου
1734 1177 1824 1211 τυχόν·
1832 1176 1887 1202 ἀλλ’
1899 1175 1957 1202 οὐδὲ

1169 1224 1202 1252 αὖ
1210 1226 1259 1260 τὴν
1268 1225 1440 1260 ἀνθρωπίνην
1448 1226 1487 1255 εἰς
1494 1224 1542 1259 τὴν
1551 1223 1596 1250 τοῦ
1605 1222 1852 1257 Λόγου,νοουμένης
1859 1222 1886 1248 δὲ
1896 1221 1959 1256 μᾶλ-

1169 1271 1215 1297 λον
1231 1271 1277 1297 καὶ
1296 1270 1472 1304 ὑπαρχούσης
1484 1269 1617 1303 ἑκατέρας
1626 1269 1655 1294 ὲν
1665 1268 1703 1302 τῷ
1712 1268 1762 1302 τῆς
1773 1267 1840 1298 ιδίας
1852 1266 1958 1299 φύσεως

1169 1317 1235 1352 ὅρῳ,
1248 1314 1406 1350 πεπρᾶχθαι
1415 1315 1504 1349 φαμὲν
1512 1314 1561 1348 τὴν
1572 1314 1679 1341 ἕνωσιν.
1694 1323 1702 1338 ι
1713 1313 1766 1340 Καὶ
1785 1313 1847 1346 μετ’
1859 1313 1956 1346 ὀλίγα·

1172 1373 1182 1389 ι
1197 1363 1229 1389 Εῐ
1237 1371 1279 1394 τις
1295 1361 1341 1388 οὖν
1359 1362 1413 1396 ἄρα
1432 1361 1505 1395 λέγει
1519 1361 1607 1395 μόνων
1627 1360 1782 1395 προσώπων
1793 1359 1842 1394 τὴν
1850 1359 1957 1389 ἕνωσιν,

1170 1407 1329 1438 ἀποδιιστάς
1343 1406 1497 1441 ὁλοτρὸπως
1511 1406 1634 1441 ἀλλήλων
1650 1405 1698 1436 τὰς
1716 1404 1823 1439 φύσεις,
1839 1403 1891 1436 ἔξω
1907 1403 1958 1437 τῆς

1171 1454 1280 1484 εὐθείας
1296 1453 1409 1487 φέρεται
1422 1452 1525 1488 τρίϐου.
1548 1461 1557 1477 ι
1575 1451 1684 1488 Τούτων
1699 1451 1740 1482 τίς
1763 1451 1893 1485 ἀγνοήσει
1908 1449 1959 1484 τὴν

1170 1501 1285 1531 ἔννοιαν,
1300 1499 1347 1525 καὶ
1365 1499 1430 1533 μίαν
1445 1498 1525 1532 φύσιν
1537 1497 1630 1531 λέγειν
1653 1497 1774 1531 οἰήσεται
1790 1496 1836 1522 τὸν
1852 1494 1960 1529 Πατέρα

1170 1547 1217 1572 ἐπὶ
1231 1545 1350 1580 Χριστοῦ
1368 1553 1376 1577 ς
1392 1545 1453 1579 οὐχὶ
1468 1545 1495 1571 δὲ
1512 1544 1540 1570 ἒν
1555 1543 1702 1578 πρόσωπον
1721 1543 1822 1577 μᾶλλον
1836 1562 1843 1573 ,
1855 1542 1960 1576 ἡνωμέ-

337 1585 408 1628 trum
420 1588 502 1628 unam
513 1581 540 1607 in
553 1581 662 1609 Christo
675 1588 800 1611 naturam
812 1592 935 1614 asserere
946 1587 1040 1615 dicat?
1052 1589 1118 1623 quin
1133 1599 1154 1628 ο
1171 1600 1183 1617 ν

1114 1599 1118 1616 ι
1133 1599 1154 1628 ο
1171 1599 1223 1617 νων
1242 1589 1323 1617 αὐτοῦ
1337 1590 1391 1616 τῶν
1403 1588 1511 1624 φύσεων
1525 1589 1575 1622 οὺχ
1596 1587 1689 1619 ἁπλῶς
1703 1587 1879 1623 ἀδιαιρέτως,
1892 1585 1960 1613 ἀλλὰ

336 1626 428 1661 potius
444 1626 478 1653 ab
492 1634 525 1654 eo
545 1627 689 1655 manifeste
709 1628 803 1657 doceri
826 1630 946 1659 fateatur
961 1637 1074 1661 naturas
1089 1634 1117 1661 in

1172 1635 1232 1663 καθ’
1253 1635 1403 1661 ὑπόστασιν
1415 1633 1498 1661 αὑτοῦ
1512 1634 1596 1668 αὑτήν
1608 1642 1617 1666 ς

337 1681 420 1700 unam
437 1680 584 1708 personam
599 1674 746 1708 coaluisse,
777 1684 832 1704 non
857 1679 1017 1707 omnimoda
1049 1682 1161 1716 quidem
1181 1681 1396 1717 conjunctione,
1423 1679 1471 1707 sed
1497 1687 1529 1707 ea
1555 1679 1697 1712 duntaxat,
1724 1685 1784 1714 qute
1810 1676 1958 1705 secundum

336 1719 542 1747 subsistentiam
554 1721 701 1757 contingit.

473 1777 567 1813 Cyrilli
581 1786 613 1804 ea:
625 1778 737 1813 epistola
757 1780 792 1806 ad
801 1779 957 1809 Sucemum.

375 1833 383 1849 ι
401 1823 436 1851 Ut
452 1823 508 1850 duo
522 1831 576 1850 non
594 1824 713 1859 amplius
731 1825 786 1852 dno
802 1826 869 1858 sint,
887 1827 936 1854 sed
953 1835 1002 1863 per
1016 1833 1126 1856 utrum-

336 1877 390 1904 que
405 1870 565 1904 perllciatur
581 1870 681 1897 animal
698 1879 794 1898 unum.
814 1881 823 1897 ›

371 1915 457 1940 Porro
471 1915 493 1941 si
509 1919 620 1942 sanctus
635 1915 714 1943 Pater
731 1916 847 1944 innuere
857 1918 991 1947 voluisset
1012 1925 1126 1948 naturas

338 1967 392 1986 non
410 1959 528 1994 amplius
541 1968 601 1987 esse
618 1966 744 1993 naturas,
755 1961 847 1989 dicere
858 1962 1000 1991 debuisset
1014 1973 1021 1990 :
1037 1975 1045 1990 ‹
1058 1965 1124 1997 Qua:

337 2004 443 2040 pridem
457 2005 517 2032 duae
533 2010 623 2037 erant,
637 2014 711 2034 nunc
728 2007 847 2041 amplius
860 2007 921 2035 duae
933 2017 988 2035 non
1000 2015 1065 2036 sunt
1084 2019 1090 2036 :
1112 2019 1121 2036 ι

337 2050 390 2082 vel,
412 2059 421 2075 ‹
441 2050 515 2085 quod
532 2059 606 2078 nunc
620 2059 704 2078 unum
722 2056 775 2084 est,
785 2060 845 2080 .non
857 2054 975 2088 amplius
989 2054 1044 2081 duo
1061 2060 1125 2082 sunt

338 2099 368 2122 ut
384 2099 475 2123 antea.
496 2105 504 2122 ι
530 2096 608 2129 Quod
626 2096 649 2123 si
677 2104 737 2132 qua:
757 2102 836 2125 antea
854 2098 910 2126 duo
933 2104 1022 2131 erant,
1041 2101 1124 2127 etiam

338 2149 412 2168 nunc
426 2140 481 2168 duo
495 2146 577 2174 sunt;
606 2141 629 2169 si
645 2149 694 2176 per
707 2148 864 2178 utrumque,
890 2152 945 2172 non
961 2153 994 2172 cx
1007 2149 1124 2180 utroque

339 2185 501 2220 simpliciter
518 2193 601 2212 unum
617 2187 740 2214 cernitur
753 2196 759 2213 :
771 2188 946 2223 perspicuum
960 2195 1002 2216 est
1019 2189 1045 2216 id
1057 2197 1124 2217 con-

339 2231 444 2266 tingere
458 2231 566 2258 diversa
583 2231 691 2259 ratione
705 2240 712 2264 ;
731 2237 761 2259 ut
778 2233 852 2267 quod
878 2234 911 2261 ad
933 2239 1047 2261 naturas
1062 2241 1125 2268 spe-

339 2281 406 2308 ctat,
422 2277 464 2305 ha:
474 2277 534 2305 duae
544 2278 655 2312 quidem
671 2279 740 2312 sint;
754 2279 826 2314 quod
840 2279 874 2306 ad
888 2281 1070 2314 compositum
1083 2284 1126 2306 at-

341 2324 419 2355 tinet,
437 2323 490 2351 hoc
516 2331 582 2351 vero
597 2324 632 2351 sit
653 2325 754 2352 animal
772 2333 868 2358 unum,
891 2326 964 2360 quod
988 2326 1127 2361 expressis

1176 1783 1329 1817 Κι-ρίλλου
1357 1782 1392 1809 ἐκ
1414 1780 1469 1815 τῆς
1495 1781 1569 1814 πρὸς
1587 1780 1760 1806 Σούκενσον
1784 1776 1961 1809 ἐπιστολῆς.

1213 1837 1222 1854 ‹
1238 1828 1319 1855 Ὥστε
1338 1828 1372 1854 τὰ
1387 1827 1434 1853 δύο
1455 1826 1553 1861 μηκέτι
1567 1822 1637 1852 εἶναι
1649 1824 1705 1856 δύο,
1718 1823 1752 1850 δι’
1765 1823 1867 1858 ἀμφοῖν
1886 1821 1914 1848 δὲ
1933 1821 1963 1847 τὸ

1175 1875 1204 1901 ἐν
1219 1874 1408 1901 ἀποτελεῖσθαι
1420 1873 1499 1905 ζῶον.
1520 1881 1529 1897 t

1210 1919 1242 1947 Εί
1256 1917 1302 1945 οὖν
1317 1918 1396 1945 τοῦτο
1415 1926 1508 1952 φησιν,
1522 1917 1563 1943 ὃτι
1574 1917 1601 1942 αι
1618 1915 1713 1950 φύσεις
1739 1915 1789 1941 οὐκ
1807 1914 1860 1940 εἰσὶ
1870 1912 1963 1940 λοιπὸν

1173 1965 1278 1999 φύσεις,
1297 1963 1350 1990 ἔδει
1367 1963 1455 1989 εἰπεῖν
1472 1971 1481 1987 ι
1502 1961 1572 1988 ὥστε
1583 1961 1633 1992 τὰς
1651 1969 1717 1986 ποτε
1729 1961 1786 1991 δυο,
1804 1958 1906 1989 ταύτας
1925 1958 1963 1993 μὴ

1172 2009 1239 2036 εἶναι
1256 2009 1300 2035 καὶ
1307 2009 1354 2035 νῦν
1368 2008 1482 2035 δύο.ιἬ
1495 2007 1564 2032 ὥστε
1581 2016 1589 2031 ι
1601 2008 1631 2031 τδ
1641 2005 1669 2032 ἓν
1680 2005 1709 2031 τὺ
1721 2004 1768 2031 νῦν
1779 2004 1879 2039 μηκέτι
1894 2001 1962 2029 εἶναι

1171 2055 1208 2086 ὡς
1219 2055 1265 2081 καὶ
1279 2054 1374 2090 πρώην
1383 2053 1429 2080 δύο
1439 2061 1446 2068 ⁸
1467 2062 1475 2078 ι
1488 2053 1511 2078 sl
1527 2052 1554 2078 δὲ
1569 2051 1626 2077 ἔστι
1640 2052 1686 2077 καὶ
1699 2050 1745 2076 νῦν
1758 2050 1804 2076 δύο
1814 2049 1848 2076 τὰ
1858 2049 1915 2080 δύο,
1930 2049 1964 2075 δι’

1173 2101 1275 2135 ἀμφοῖν
1290 2108 1319 2126 τε
1333 2100 1382 2126 καὶ
1395 2099 1445 2125 οὐκ
1461 2098 1490 2130 ἐξ
1507 2098 1606 2130 ἀμφοῖν
1634 2096 1726 2127 ἁπλῶς
1745 2096 1776 2122 τδ
1797 2095 1825 2121 ἓν
1855 2095 1964 2130 ὁρᾶται,

1177 2146 1256 2180 δῆλον
1270 2145 1308 2177 ὡς
1336 2144 1395 2170 κατ’
1412 2143 1476 2170 ἄλλο
1494 2143 1540 2169 καὶ
1559 2142 1637 2168 ἄλλο·
1660 2141 1698 2173 ὡς
1723 2141 1773 2175 μὲν
1788 2140 1841 2174 γὰρ
1858 2139 1964 2174 φύσεις,

1177 2190 1239 2217 δύο·
1256 2191 1293 2221 ὡς
1307 2189 1334 2216 δὲ
1348 2189 1476 2216 σύνθετόν
1492 2197 1521 2214 τε
1533 2187 1634 2214 τοιόνδε
1650 2186 1734 2218 ζῶον,
1750 2187 1818 2219 ὅπερ
1847 2185 1896 2212 καὶ
1916 2185 1966 2220 ρηο

1178 2236 1232 2267 τῶς
1247 2235 1310 2271 ἔφη,
1328 2235 1358 2261 ἓν
1377 2236 1449 2262 ἐστι·
1467 2233 1634 2269 προσεκτέον
1647 2233 1674 2259 δὲ
1691 2231 1728 2263 ὡς
1747 2232 1793 2258 καὶ
1813 2231 1847 2257 δι’
1864 2231 1966 2264 ἀμφοῖν

1179 2281 1248 2314 ζῶον
1264 2281 1455 2308 ἀποτελεῖσθαι
1476 2280 1573 2313 λέγων,
1603 2278 1737 2312 ἑκατέραν
1756 2276 1837 2311 φύσιν
1860 2275 1899 2310 τῷ
1927 2276 1967 2301 ἑνὶ

1178 2327 1265 2361 τούτῳ
1288 2327 1398 2361 Χριστῷ
1427 2326 1498 2361 ζωὴν
1520 2324 1688 2357 συνεισάγειν
1711 2323 1806 2357 φησιν·
1834 2322 1902 2349 ἀλλὰ
1918 2321 1966 2355 τὴν

341 2370 433 2397 verbis
450 2371 507 2405 ipse
521 2370 599 2397 dixit.
1144 2369 1166 2395 D
1181 2381 1187 2405 ι

1144 2369 1166 2395 ῐ)
1181 2372 1241 2405 μὲν,
1258 2372 1307 2406 τὴν
1325 2371 1442 2406 φυσικὴν
1460 2370 1612 2405 ἀνθρώπων
1633 2370 1682 2404 τὴν
1706 2370 1745 2400 δὲ,
1773 2368 1823 2403 τὴν
1850 2366 1966 2400 φυσικὴν

339 2414 400 2448 θεῷ
415 2415 500 2449 ζωήν·
513 2415 550 2446 ὡς
566 2415 593 2441 ἓν
610 2413 679 2441 εἶναί
695 2424 720 2441 τι
733 2415 900 2451 Θεανδρικῶς
914 2415 967 2448 ζῶν
982 2416 1128 2451 πρόσωπον
1146 2417 1219 2443 τόδε·
1237 2418 1286 2444 καὶ
1300 2417 1354 2451 γὰρ
1366 2416 1463 2442 ἐσθίων
1492 2416 1539 2442 καὶ
1569 2415 1654 2441 πίνων
1669 2415 1774 2449 διήρκει
1803 2414 1851 2440 καὶ
1869 2411 1967 2445 ηὔξανε

341 2460 401 2487 καθ’
419 2462 502 2495 ἡμᾶς,
512 2460 560 2487 καὶ
573 2459 609 2498 ἦν
622 2462 670 2487 καὶ
683 2461 823 2496 αὐτάρκης
836 2462 883 2488 καὶ
897 2462 1054 2493 παντέλειος
1066 2462 1164 2494 θεῖκῶς
1179 2464 1192 2489 ὀ
1207 2463 1288 2494 αὐτὸς
1302 2460 1342 2494 εἷς
1356 2462 1471 2497 Χριστὸς
1487 2462 1502 2488 ὁ
1519 2461 1620 2496 Κύριος
1637 2461 1726 2496 ἡμῶν.

377 2507 458 2542 Atqui
472 2515 554 2535 omne
580 2507 691 2537 animal.
717 2507 855 2542 inquiunt,
871 2508 945 2543 quod
961 2516 1026 2535 vere
1038 2516 1125 2535 unum

1120 2516 1125 2535 ι
1223 2510 1292 2536 Ἀλλ’
1304 2510 1375 2535 ἆπαν
1389 2506 1422 2543 ἦν
1442 2507 1511 2539 ζῶον
1529 2507 1577 2533 καὶ
1595 2507 1642 2541 μία
1660 2506 1751 2540 φύσις,
1767 2505 1849 2538 φασίν
1861 2513 1867 2519 '
1885 2506 1908 2531 εί
1922 2502 1966 2531 οὖν

341 2558 394 2587 est,
411 2561 465 2580 una
488 2560 597 2588 quoque
616 2556 715 2580 natura
730 2557 773 2580 est
787 2562 793 2580 :
809 2554 932 2588 adeoque
953 2554 975 2580 si
999 2554 1127 2582 Christus
1176 2555 1187 2582 ἒ

1117 2563 1127 2581 s
1176 2555 1204 2582 ἒν
1212 2555 1291 2587 ζῶον,
1301 2555 1347 2580 καὶ
1357 2554 1405 2588 μία
1419 2552 1518 2586 φύσιςό
1527 2551 1770 2587 Χριστός.-Ὰλλ’
1779 2552 1803 2577 εἰ
1814 2551 1963 2576 ἀποδεικτι-

342 2605 384 2628 est
399 2600 498 2631 animal
513 2608 609 2631 unum.
631 2601 691 2636 ejus
706 2608 816 2636 quoque
833 2604 930 2628 natura
946 2608 1001 2627 una
1014 2601 1079 2628 erit.
1093 2616 1128 2620 —
1177 2609 1188 2626 ν

1123 2616 1128 2620 -
1177 2599 1232 2630 κῶς
1240 2599 1362 2633 ἁπαντᾷν
1374 2598 1511 2632 βούλεσθε,
1520 2596 1556 2631 μὴ
1565 2597 1686 2629 ἀγνοεῖτε
1695 2597 1728 2622 τὰ
1737 2595 1831 2625 κοινῶς
1840 2594 1969 2628 δεδομένα

346 2646 445 2674 Verum
463 2646 485 2673 si
497 2649 571 2674 recta
585 2645 831 2674 demonstrationis
843 2646 886 2673 via
901 2646 1055 2681 procedere
1069 2647 1131 2673 vul-
1179 2655 1192 2672 τ

1123 2661 1131 2667 -
1179 2647 1246 2673 πᾶσι
1259 2646 1315 2676 τοῖς
1323 2644 1521 2674 ἀποδεικτικοῖς
1530 2643 1576 2668 καὶ
1588 2642 1782 2672 διαλεκτικοῖς
1795 2640 1849 2666 τῶν
1861 2640 1913 2674 γὰρ
1926 2640 1969 2665 ἀν-

346 2692 382 2720 lis
396 2692 424 2719 in
439 2692 642 2727 objectionibus
661 2692 770 2724 vestris,
783 2699 831 2719 vos
849 2692 935 2719 latere
950 2699 1004 2718 non
1017 2691 1130 2723 debent,
1179 2700 1192 2718 τ

1123 2712 1130 2723 ,
1179 2690 1332 2725 τιστρόφως
1346 2688 1470 2723 ἀλλήλοις
1483 2687 1738 2722 κατηγορουμένων,
1749 2685 1852 2712 τούτων
1864 2684 1969 2718 ἀνάγκη

345 2745 405 2772 qua:
418 2737 519 2772 passim
532 2745 547 2764 a
561 2736 723 2768 dialecticis,
738 2742 766 2764 et
776 2737 858 2772 hujus
873 2736 941 2764 artis
950 2736 1131 2771 prmccptori-
1184 2736 1191 2762 ί

1126 2751 1131 2756 -
1184 2736 1298 2769 Θατέροῡ
1315 2734 1447 2765 δοθέντος,
1463 2734 1509 2759 καὶ
1523 2732 1553 2759 τὸ
1567 2732 1661 2766 ἕτερον
1687 2729 1903 2763 συνεπάγεσθαι·
1918 2729 1972 2755 τῶν

346 2783 398 2810 bus
411 2782 564 2810 traduntur.
582 2782 690 2810 Etenim
707 2789 901 2810 conversorum
918 2781 1013 2808 eadem
1030 2785 1072 2808 est
1084 2789 1130 2808 ra-
1187 2781 1192 2808 Ξ

1125 2796 1130 2801 -
1187 2781 1213 2808 δὲ
1232 2780 1281 2806 οὐκ
1306 2778 1549 2813 ἀντιστρεφόντων,
1572 2777 1602 2802 οὐ
1631 2775 1710 2809 δῆτα.
1735 2775 1766 2800 Et
1786 2774 1834 2809 μὲν
1859 2772 1906 2799 οὖν
1926 2772 1971 2798 καὶ

347 2828 395 2860 tio,
410 2832 438 2855 ct
453 2836 508 2855 uno
522 2829 621 2863 posito,
633 2828 743 2856 neceésc
754 2833 796 2855 est
814 2827 888 2854 aliud
904 2835 1014 2861 quoque
1033 2827 1130 2862 sequi:
1185 2836 1193 2852 π

1127 2835 1130 2853 ι
1185 2827 1259 2853 πᾶσα
1279 2825 1358 2859 φύσις
1373 2823 1452 2857 ζῶον,
1469 2823 1563 2859 ὥσπερ
1584 2819 1630 2849 οἷν
1655 2822 1701 2848 καὶ
1716 2821 1768 2847 πᾶν
1794 2820 1861 2852 ζῶον
1878 2818 1973 2853 φύσις,

383 2910 403 2925 “'
417 2908 476 2935 Ael.
496 2916 532 2939 ιν,
549 2907 592 2934 32.
