2144 3248
355 202 423 236 1863

982 197 1140 228 LEONTII
1161 197 1227 227 BYZ
1233 197 1348 227 ANTIN
1353 197 1366 226 I

1919 195 1984 228 13M

352 260 426 293 quod
451 256 554 285 nemini
583 263 702 290 unquam
734 254 846 281 numine
872 253 966 280 divino
995 251 1189 281 aﬂ'latorumA

1140 259 1148 278 ι
1163 251 1189 281 Α
1200 253 1257 282 τοῖς
1273 251 1356 278 αὑτοῦ
1380 249 1414 278 ἂν
1439 251 1594 286 διεμάχετο·
1610 251 1678 287 ὅπερ
1693 251 1783 283 οὐδεὶς
1805 251 1834 277 ὲν
1850 252 1986 287 πνεύματι

355 300 464 328 Patrum
484 299 615 327 accidisse
631 298 766 326 credibile
780 302 832 326 est.

631 362 721 396 Magni
734 362 884 388 Athanasii.

392 428 401 444 ‹
412 418 616 446 Confltemuret
624 418 712 452 ipsum
721 425 782 444 esse
793 417 840 443 Dei
853 417 962 448 Filium,
973 415 1146 450 atqueDeum

353 465 506 492 secundum
532 465 671 500 spiritum,
686 469 713 491 et
737 464 836 491 Filium
861 463 982 490 hominis
995 463 1147 490 secundum

353 518 475 542 carnem.
504 519 558 538 non
588 515 679 538 autem
701 510 773 537 'duas
791 513 903 536 naturas
930 517 1015 536 unum
1032 509 1145 540 Filium,

355 564 437 583 unam
469 557 649 588 adorandam,
663 556 744 583 aliam
768 563 824 583 non
849 555 933 588 item;
950 555 998 582 sed
1025 563 1106 589 uuam
1119 556 1146 581 in

353 602 413 636 ipso
430 599 478 629 Dei
490 602 580 629 Verbo
598 606 725 628 naturam
741 605 922 633 incarnatam,
940 605 1022 636 atque
1035 609 1090 628 uno
1100 609 1147 628 eo-

353 647 472 682 demque
488 648 564 675 cultu
581 655 635 675 una
646 655 708 674 cum
722 648 779 682 ipsa
795 649 876 675 carn'e
892 647 1122 682 prosequendam.
1134 656 1143 672 ›

352 693 404 724 Εη,
433 693 573 727 inquiunt,
600 698 694 727 aperte
721 697 831 719 sanctus
849 693 930 719 Pater
955 693 1024 719 duas
1041 692 1075 719 de
1092 700 1146 719 uno

353 736 422 763 Filio
448 742 561 764 naturas
584 736 773 772 prmdicandas
790 741 880 772 negat.
898 752 933 758 —
949 738 1050 765 Verum
1071 737 1144 764 haud

353 781 502 814 inliciatur,
519 782 624 814 miseri,
638 782 705 808 duas
716 782 744 808 in
759 782 868 809 Christo
884 787 1008 813 naturas,
1021 782 1068 810 sed
1081 782 1144 813 hoc,

353 834 435 853 unam
451 827 558 854 scilicet
585 827 612 854 in
635 827 695 862 ipso
709 832 838 854 naturam
864 827 1042 860 adorandum,
1062 827 1143 854 aliatn

353 880 407 899 nou
429 872 510 906 item;
528 881 617 908 neque
641 878 788 908 propterea
813 873 916 905 subdit,
932 882 984 900 uno
1004 874 1145 909 eodemque

1199 294 1267 321 Θεοῦ
1281 295 1380 327 λαλῶν,
1401 295 1496 322 παθεῖν
1513 296 1706 324 ὑποπτεύεται.

1390 359 1444 386 Τοῦ
1457 340 1592 394 μεγζὶίλου
1614 360 1799 389 Ἀθανασίου.

1236 423 1245 440 ι
1272 414 1474 448 Ὁμολογοῦμεν
1494 414 1542 441 καὶ
1569 412 1639 441 εἶναι
1661 415 1742 442 αὑτὸν
1767 415 1830 446 Υίὸν
1852 417 1899 444 τοῦ
1920 418 1987 445 Θεοῦ

1198 459 1245 486 καὶ
1257 460 1323 486 Θεὸν
1338 459 1409 486 κατὰ
1423 460 1547 494 Πνεῦμα,
1564 460 1628 487 Υίὺν
1643 461 1787 496 ἀνθρώπου
1802 463 1874 489 κατὰ
1887 464 1987 498 σάρκα·

1198 505 1259 531 οὐδὲ
1272 505 1318 531 δύο
1336 504 1430 539 φύσεις
1444 504 1490 532 τὸν
1507 505 1554 532 ἕνα
1572 506 1646 538 Υἱὺν,
1659 507 1724 542 μίαν
1735 511 1928 544 προσκυνητὴν
1941 510 1989 536 καὶ

1201 551 1265 586 μίαν
1283 551 1503 586 ἀπροσκύνητον,
1520 552 1588 579 ἀλλὰ
1604 553 1668 587 μίαν
1688 554 1768 588 φύσιν
1793 554 1840 582 τοῦ
1854 556 1921 582 Θεοῦ
1935 557 1988 583 Λό-

1198 605 1246 630 γου
1262 599 1499 632 σεσαρκωμέννην
1520 599 1567 625 καὶ
1587 600 1829 635 προσκυνουμένην
1852 602 1921 636 μετὰ
1937 602 1988 636 τῆς

1199 642 1399 676 σαρκὲςαὺτοῦ
1415 643 1463 678 μιᾷ
1488 644 1685 678 προσκυνήσει,
1706 654 1715 670 ι
1740 646 1822 678 Ἰδοὺ,
1839 648 1916 680 φασὶ,
1938 647 1988 682 τὴν

1196 688 1280 714 δυάδα
1297 688 1390 722 σαφῶς
1413 690 1522 724 ἀναιρεῖ
1535 689 1588 715 τῶν
1603 691 1710 723 φύσεων
1727 691 1741 717 ό
1762 691 1856 726 Πατὴρ
1873 692 1919 719 ἐπὶ
1939 693 1987 719 τοῦ

1197 733 1256 765 ἑνὸς
1266 733 1343 760 Υίοῦ.
1358 749 1392 754 -
1410 734 1480 761 Ἀλλ’
1490 736 1520 761 οὐ
1535 736 1584 767 τὰς
1601 736 1648 762 δύο
1659 737 1766 771 φύσεις,
1784 734 1806 764 ὦ
1817 735 1900 770 οὗτοι,
1915 740 1987 766 ἀνεῖ-

1196 778 1251 811 λεν,
1272 779 1340 805 ἀλλὰ
1354 780 1383 806 τὸ
1396 781 1433 815 μὴ
1450 780 1567 816 θατέραν
1583 782 1632 816 μὲν
1649 780 1720 810 εἶναι
1734 783 1788 810 τῶν
1811 783 1858 821 δύο
1879 785 1987 819 φύσεων

1197 825 1389 860 προσκυνητὴν
1403 826 1432 852 ἐν
1446 826 1484 861 τῷ
1501 827 1569 862 rte,
1587 823 1756 862 Θατὲρανδὲ
1780 830 1987 866 ἀπροσκύνητον

1196 871 1225 895 ὲν
1239 871 1323 906 αὐτῷ·
1339 871 1382 898 διὰ
1395 873 1449 908 γάρ
1464 882 1504 899 τοι
1518 873 1577 900 τόδε
1591 876 1638 900 καὶ
1653 876 1852 910 ὲπήγαγεν,ὃτι
1875 877 1927 903 Ἐν
1934 876 1987 911 μιᾷ

351 920 425 946 cultu
442 920 520 946 unius
532 920 600 951 Filii,
621 924 801 951 nonnaturaz,
827 920 1047 954 prosequendum.
1065 919 1145 947 Acci-
1161 920 1180 947 Β

1138 933 1145 940 .
1161 920 1180 947 ι]
1197 917 1244 943 καὶ
1261 916 1340 951 αὐτῇ
1350 918 1560 952 προσκυνήσει
1575 919 1628 946 τοῦ
1641 920 1709 952 ἐνὸς
1728 921 1806 952 Υίοῦ,
1821 922 1851 948 οὐ
1867 921 1984 956 φύσεως,

353 964 395 992 dit
412 965 486 992 enim
503 973 552 1000 per
571 965 797 992 universaliorem
819 965 897 1000 quasi
913 965 1058 1000 quamdam
1074 966 1145 992 inte-

351 1019 428 1046 gram
448 1018 605 1046 personam,
626 1015 657 1037 ut
678 1011 764 1045 ipsius
782 1015 884 1044 partes,
907 1010 948 1037 hae
970 1011 1076 1037 scilicet
1096 1017 1145 1038 na-

353 1060 421 1083 tura:
437 1056 518 1082 simul
541 1055 708 1087 adorentur;
738 1055 840 1089 quippe
861 1062 924 1081 cum
941 1055 967 1082 in
978 1054 1074 1082 eodem
1096 1055 1144 1089 qui

351 1101 462 1133 colitur,
479 1101 549 1128 Filio
568 1101 697 1128 similiter
711 1101 797 1127 amba:
809 1100 1016 1127 contineantur.
1029 1100 1084 1127 Vos
1096 1108 1144 1127 au-

352 1150 406 1173 tem
416 1147 553 1174 malitiose
562 1147 644 1173 verba
654 1146 712 1173 haec
725 1154 806 1172 unum
818 1145 913 1172 Filium
923 1145 1144 1180 interpunctione

352 1192 500 1226 completa,
516 1199 582 1223 non,
601 1195 631 1218 ut
648 1198 708 1222 nos,
725 1189 844 1225 simplici
864 1195 997 1217 commate
1024 1190 1142 1223 notatis;

352 1242 434 1272 atque
452 1237 489 1264 ita
506 1244 619 1264 sensum
635 1237 771 1268 vitiando,
788 1236 881 1270 priora
899 1236 982 1263 verba
998 1237 1082 1263 menti
1096 1244 1144 1263 ve-

352 1287 414 1310 stra:
438 1284 551 1318 aptatis,
577 1283 682 1318 reliqua
704 1282 739 1309 ita
764 1282 904 1317 profertis,
926 1286 955 1309 ut
978 1282 1074 1317 integri
1092 1281 1145 1309 loci

353 1328 438 1356 me'nti
462 1329 582 1356 minime
602 1328 796 1363 respondeant.
820 1328 899 1355 Nunc
920 1327 1062 1354 videamus
1079 1335 1143 1354 num

352 1382 382 1401 re
396 1382 460 1402 vera
486 1374 654 1401 Athanasius
677 1381 709 1400 ea
732 1373 889 1408 protulerit.
909 1373 996 1400 Nemo
1011 1373 1083 1399 enim
1102 1372 1144 1399 vir

352 1423 466 1447 sanctus
482 1419 555 1446 circa
570 1418 667 1445 eadem
681 1418 793 1445 sibimet
807 1417 865 1452 ipse
876 1417 1066 1444 contradicere
1079 1424 1145 1444 con-

354 1464 456 1492 suevit.
470 1464 549 1497 Quod
567 1468 658 1490 autem
675 1471 706 1490 ea
723 1463 872 1498 protulerit
882 1462 1047 1497 Apollinaris
1058 1463 1144 1490 menti

354 1515 453 1537 vestrae
469 1510 586 1537 maxime
606 1517 737 1541 consona,
758 1513 893 1536 testantur
919 1508 945 1535 id
966 1508 992 1535 in
1010 1508 1144 1535 ecclesia-

1198 962 1284 996 λέγων
1297 970 1303 977 '
1332 963 1369 994 ὡς
1387 963 1442 999 γὰρ
1462 965 1505 991 διὰ
1524 965 1744 1001 καθολικωτέρου
1763 965 1835 997 τινος
1853 966 1900 993 τοῦ
1925 967 1987 993 ὅλου

1198 1008 1356 1042 προσώπου,
1369 1009 1426 1044 ἄμα
1437 1010 1648 1045 προσκυνεῖσθαι
1659 1011 1694 1038 τὰ
1709 1011 1780 1047 μέρη
1796 1012 1890 1045 αὑτοῦ,
1903 1013 1988 1048 ἤγουν

1197 1053 1280 1079 τάσδε
1294 1053 1345 1085 τὰς
1354 1053 1462 1088 φύσεις,
1475 1055 1631 1090 συμϐαίνει,
1646 1055 1682 1087 ὠς
1695 1057 1931 1091 ὲμπεριεχομένας
1947 1057 1987 1093 τῷ

1198 1100 1431 1135 προσκυνουμένῳ
1446 1100 1503 1136 rte;
1517 1096 1617 1136 ὁμόίως
1642 1102 1735 1137 ἄμφω·
1761 1103 1841 1139 ὑμεῖς
1861 1103 1890 1130 δὲ
1910 1113 1987 1139 σοφιη

1199 1144 1299 1175 στικῶς
1317 1144 1408 1181 τελείᾳ
1434 1145 1580 1180 στίζοντες,
1608 1147 1655 1174 καὶ
1681 1148 1730 1183 οὐχ
1748 1149 1904 1185 ὑποστιγμῇ
1926 1150 1987 1177 καθ’

1198 1190 1271 1224 ἡμᾶς
1289 1190 1342 1217 τὸν
1363 1190 1418 1218 ἕνα
1445 1192 1523 1224 Υιὸν,
1538 1192 1573 1219 τὰ
1589 1193 1686 1228 πρῶτα
1702 1194 1751 1228 μὲν
1773 1194 1827 1220 τῶν
1844 1195 1987 1230 ρησειδίων

1198 1235 1387 1263 κατὰλσκοπδν
1405 1237 1512 1269 ἑαυτοῖς
1538 1237 1717 1270 ἁποτίλαντες
1742 1240 1887 1275 διορίζετε,
1911 1242 1944 1268 τὰ
1959 1241 1987 1269 δὲ

1198 1279 1263 1315 ἑξῆς
1277 1281 1451 1316 ἀσυνάρτητα
1468 1283 1652 1317 παρέλκοντες
1664 1305 1671 1316 ,
1690 1284 1720 1310 ὲν
1744 1285 1783 1320 τῷ
1801 1286 1917 1320 νοήματι
1941 1286 1986 1312 τοῦ

1197 1325 1259 1351 ὅλου
1273 1327 1385 1361 χωρίου,
1398 1327 1580 1363 διελέγχεσθε.
1595 1328 1687 1360 οὕτως
1704 1329 1754 1364 μὲν
1771 1327 1817 1356 οὗν
1829 1330 1952 1363 νοείσθω,
1962 1332 1987 1358 εἰ

1197 1371 1281 1402 ὅντως
1305 1371 1458 1407 Ἀθανασίῳ
1481 1374 1598 1408 εῖρηται”
1620 1374 1650 1400 ού
1667 1374 1720 1409 γὰρ
1747 1375 1837 1410 ἑαυτῷ
1863 1376 1927 1410 περὶ
1953 1377 1986 1403 τὰ

1198 1417 1269 1444 αὐτά
1292 1425 1334 1449 τις
1349 1415 1478 1453 θεοφόρος
1498 1417 1648 1450 στασιάζει.
1671 1419 1733 1445 Ὀτι
1753 1419 1781 1445 δὲ
1808 1419 1987 1455 ’Δπολιναρίῳ

1198 1462 1306 1499 εἴρηται
1330 1463 1394 1490 τάδε
1417 1464 1487 1490 κατὰ
1503 1463 1551 1499 τὴν
1570 1465 1707 1500 ὑμετέραν
1723 1465 1838 1498 ἔννοιαν,
1854 1466 1986 1501 Τιμόθεός

1197 1517 1239 1540 τις
1263 1509 1359 1536 τούτου
1381 1509 1504 1545 μαθητὴς
1523 1511 1550 1537 ἐν
1570 1512 1602 1546 τῇ
1628 1511 1868 1546 ἐκκλησιαστικῇ
1891 1512 1986 1539 Ἰστοο

354 1557 423 1584 stica
436 1556 556 1583 Historia
576 1564 638 1583 cum
654 1556 816 1583 Timotheus
832 1555 942 1589 quidam
958 1554 1044 1589 ipsius
1058 1555 1143 1582 disci-
1194 1569 1200 1589 λ

1139 1570 1143 1575 -
1194 1555 1245 1589 plu
1262 1555 1345 1589 λέγει,
1361 1557 1406 1582 καὶ
1423 1556 1555 1590 Πολέμων
1565 1557 1579 1582 ὸ
1591 1556 1796 1592 συνουσιαστής,
1809 1553 1840 1583 οὗ
1853 1557 1985 1593 Κύριλλος

354 1601 444 1636 pulus,
460 1606 518 1628 tum
535 1601 665 1628 Polemon
679 1601 740 1635 ejus
748 1599 901 1631 familiaris,
917 1599 996 1634 cujus
1011 1599 1145 1626 memine-
1159 1593 1181 1623 C
1197 1612 1200 1625 ‹

1139 1614 1145 1620 -
1159 1593 1181 1623 (ἶ
1197 1601 1212 1627 ὁ
1228 1600 1321 1637 Πατὴρ
1343 1602 1390 1628 καὶ
1407 1602 1528 1638 Σεϐῆρος
1553 1603 1567 1629 ό
1593 1603 1764 1638 Πατραλοίας
1788 1603 1985 1640 μνημονεύουσι

354 1651 418 1674 runt
433 1651 543 1674 sanctus
561 1647 641 1673 Pater
657 1645 775 1681 Cyrillus
791 1645 859 1681 (15),
876 1649 903 1672 et
919 1645 1040 1672 Severus
1052 1645 1146 1672 Patra-

354 1692 415 1719 ltna:
431 1692 578 1726 episcopus
595 1699 601 1717 :
621 1690 668 1725 qui
687 1691 816 1718 Polemon
832 1690 889 1718 haec
903 1689 995 1716 habet.

396 1745 406 1761 ι
433 1735 570 1763 Eumdem
591 1735 609 1762 ii
627 1734 768 1762 Christum
793 1740 820 1762 ct
849 1735 934 1762 Deum
960 1739 987 1761 et
1007 1734 1147 1762 hominem

354 1788 414 1808 esse
445 1775 558 1812 dicunt,
583 1787 634 1807 nec
661 1787 710 1806 eos
734 1779 819 1814 pudet
842 1787 924 1806 unam
947 1786 1071 1806 asserere
1099 1779 1147 1807 Dei

355 1825 438 1852 Verbi
454 1830 580 1852 naturam
591 1824 773 1857 incarnatam,
783 1824 860 1859 quasi
869 1825 1057 1859 compositam.
1069 1823 1147 1857 Quod

360 1872 382 1898 si
399 1871 471 1898 idem
487 1871 625 1905 perfectus
640 1871 714 1899 Deus
730 1875 781 1903 est,
799 1870 937 1905 perfectus
949 1870 1031 1896 homo
1042 1879 1048 1902 ;
1059 1869 1146 1897 fatea-

358 1924 420 1942 mur
435 1920 544 1950 oportet
558 1916 626 1943 duas
640 1922 700 1942 esse
719 1915 746 1942 in
760 1915 819 1949 ipso
831 1919 954 1946 naturas,
967 1915 1146 1948 quemadmo-

356 1963 421 1990 dum
430 1970 518 1997 nuper
525 1962 672 1989 commenti
685 1966 749 1988 sunt
761 1962 947 1996 Cappadoces.
959 1967 986 1989 et
1000 1963 1147 1996 Diodorus,

355 2014 384 2036 et
394 2008 561 2035 Athanasius
579 2012 606 2034 et
624 2012 784 2042 arrogantes
798 2007 881 2034 Italiae
895 2008 1027 2042 praesules
1039 2015 1145 2037 omnes.

356 2056 444 2090 Atque
462 2055 498 2082 ita
515 2055 603 2082 nostri
625 2055 731 2090 fingunt
747 2063 776 2082 se
797 2062 859 2082 cum
877 2061 972 2082 sancto
994 2055 1146 2090 Apollinari

356 2101 476 2132 sentire,
503 2108 531 2127 re
555 2100 614 2135 ipsa
634 2105 724 2128 tamen
745 2109 808 2127 cum
824 2100 947 2135 Gregorii
965 2101 1147 2128 sectatoribus

356 2146 424 2173 duas
438 2146 470 2173 de
483 2145 592 2173 Christo
605 2150 719 2172 naturas
730 2146 889 2180 praedicant.
913 2145 967 2172 IE1
982 2145 1061 2181 paulo
1075 2151 1149 2177 post:

360 2201 369 2217 ι
387 2192 457 2225 Quid
471 2199 499 2218 se
517 2191 573 2219 divi
592 2191 760 2226 Apollinaris
775 2191 926 2224 discipulos
938 2191 1058 2225 fingunt?
1074 2192 1148 2219 llanc

357 2236 431 2263 cnim
448 2237 613 2264 sententiam
636 2236 693 2270 ipse
719 2235 794 2262 solus
823 2235 947 2269 protulit,
969 2239 998 2262 ut
1017 2235 1086 2262 duas
1099 2244 1148 2263 na-

356 2288 433 2310 turas
451 2286 605 2314 everteret;
619 2282 721 2316 quippe
733 2281 780 2315 qui
801 2280 942 2307 manifeste
957 2281 1091 2315 scriptum
1105 2289 1148 2308 re-

357 2328 449 2363 liquit,
469 2332 568 2355 etesse
581 2327 721 2354 Christum
736 2327 834 2354 Filium
849 2327 897 2354 Dei
921 2327 1073 2354 secundum
1093 2327 1147 2362 spi-

359 2374 455 2404 ritum,
477 2380 504 2400 et
518 2373 617 2400 Filium
634 2373 755 2400 hominis
776 2373 928 2400 secundum
954 2381 1075 2405 carnem,
1091 2381 1145 2400 non

357 2420 425 2447 duas
437 2424 550 2446 naturas
563 2427 649 2446 unum
659 2419 769 2447 Filium.
781 2428 862 2446 unam
875 2419 1052 2451 adorandam,
1065 2419 1146 2445 aliam

357 2473 413 2492 non
431 2466 510 2495 item;
522 2465 569 2492 sed
582 2472 663 2491 unam
678 2464 726 2491 Dei
739 2464 819 2490 Verbi
832 2469 955 2491 naturam
966 2464 1144 2496 incantatam,

358 2515 385 2538 ct
399 2519 454 2537 uno
468 2510 620 2545 eodemque
635 2510 712 2537 cultu
734 2517 786 2536 una
803 2517 865 2536 cum
881 2509 939 2544 ipsa
960 2517 1041 2536 carne
1055 2516 1147 2544 prose-

360 2555 510 2589 quendam.
532 2564 540 2580 ι

394 2601 461 2632 Quis
473 2607 554 2634 porro
569 2607 622 2626 non
640 2599 756 2626 miretur
771 2600 792 2626 si
811 2599 855 2626 his
867 2599 959 2625 omnia
974 2599 1073 2626 similia
1090 2608 1149 2634 pro-

360 2646 469 2673 tulisset
484 2645 661 2677 Athanasius,
677 2645 722 2680 qui
741 2653 802 2672 cum
820 2645 1030 2679 impioDiedm-o
1045 2646 1148 2672 sentire

359 2701 448 2728 nuper
463 2693 573 2720 crimini
589 2692 723 2719 dabatur?
745 2693 777 2719 Et
793 2693 813 2720 si
836 2690 1006 2727 protulisset,
1025 2691 1146 2726 accepis-

398 2770 453 2801 (Ην
474 2769 560 2796 Αίῖρτι
584 2769 636 2795 hoc
662 2769 733 2795 idem
755 2769 943 2796 testimonium
964 2767 1095 2795 Leontius
1119 2771 1147 2793 et

361 2804 412 2830 lib.
437 2805 474 2831 De
496 2805 580 2835 satis,
608 2811 703 2830 verum
727 2803 793 2830 illud
813 2804 955 2831 Athanasii
977 2811 1037 2830 esse
1054 2807 1144 2836 negat.

361 2839 401 2866 Al
425 2840 616 2866 auctoritatem
630 2839 723 2874 Cyrilli
748 2838 821 2872 quod
837 2839 946 2869 attinet,
964 2839 1012 2874 ait,
1032 2837 1069 2864 ibi
1087 2845 1146 2864 esse

362 2874 503 2913 tuendum,
531 2879 558 2901 et
585 2874 746 2902 Dioscorum
769 2873 862 2909 Cyrilli
888 2881 973 2909 opera
998 2873 1147 2908 depravare

363 2917 546 2936 υοηδυειίςδίι.

1199 1648 1335 1682 φήσαντος
1350 1648 1447 1681 οὕτως·

1238 1744 1247 1760 ι
1265 1735 1332 1762 Θεὸν
1344 1735 1398 1770 γὰρ
1413 1735 1537 1770 λέγοντες
1553 1738 1601 1764 καὶ
1618 1737 1760 1772 ἄνθρωπον
1775 1738 1820 1764 τὸν
1832 1739 1924 1772 αὑτὸν,
1937 1740 1987 1767 οὐκ

1199 1780 1372 1815 αἰσχύνονται
1389 1781 1454 1815 μίαν
1467 1781 1546 1815 φύσιν
1559 1781 1606 1807 τοῦ
1621 1781 1689 1808 Θεοῦ
1704 1782 1792 1816 Λόγου
1808 1784 1986 1819 σεσαρκωμέ-

1199 1835 1248 1860 νην
1264 1824 1318 1852 οἷόν
1339 1835 1400 1854 τινα
1416 1826 1543 1854 σύνθετον
1559 1828 1764 1862 ὁμολογοῦντες·
1781 1828 1808 1855 εῐ
1821 1838 1852 1864 γε
1869 1830 1935 1862 Θεὸς
1948 1831 1987 1857 τέ-

1198 1872 1269 1904 λειος
1284 1872 1330 1899 καὶ
1350 1873 1493 1908 ἄνθρωπος
1505 1873 1606 1905 τέλειος
1626 1875 1639 1900 ὁ
1657 1874 1802 1906 αὺτὸς,δύο
1823 1875 1919 1909 φύσεις
1933 1876 1987 1912 ἄρα

1198 1918 1212 1944 ὁ
1223 1918 1315 1950 αὐτὸς,
1331 1917 1456 1954 καθάπερ
1467 1919 1483 1953 ἡ
1495 1919 1549 1946 τῶν
1559 1919 1750 1948 Καππαδοκῶν
1762 1921 1914 1954 εἰσηγεῖται
1926 1929 1987 1946 και-

1199 1964 1322 1999 νοτομία,
1338 1964 1470 1999 Διοδώρου
1486 1973 1514 1991 τε
1543 1966 1590 1991 καὶ
1610 1965 1769 1992 ’Δθανασίου
1784 1965 1800 2000 ἡ
1823 1965 1922 1999 οἴησις,
1940 1966 1988 1992 καὶ

1198 2010 1253 2036 τῶν
1278 2011 1307 2037 ὲν
1327 2009 1425 2046 Ἰταλίᾳ.
1441 2011 1456 2036 ό
1473 2010 1567 2044 τύφος·
1593 2011 1640 2037 καὶ
1660 2011 1873 2045 σχηματίζονται
1896 2011 1945 2046 μὲν
1963 2012 1986 2038 ol

1199 2054 1279 2090 δῆθεν
1292 2055 1424 2090 ἡμέτεροι
1439 2056 1548 2090 φρονεῖν
1569 2054 1602 2081 τὰ
1624 2054 1670 2080 τοῦ
1691 2055 1770 2088 ἁγίου
1791 2054 1896 2089 Πατρὸς
1909 2054 1987 2089 ἡμῶν

1206 2101 1408 2135 Ἀπολιναρίου,
1424 2100 1589 2135 κηρύττουσι
1601 2100 1628 2126 δὲ
1642 2100 1767 2134 καθάπερ
1778 2100 1928 2135 Γρηγόριος
1939 2100 1986 2136 τὴν

1201 2146 1255 2172 τῶν
1281 2145 1389 2179 φύσεων
1417 2145 1510 2171 δυάδα.
1531 2154 1540 2170 ι
1558 2144 1610 2171 Καὶ
1624 2144 1699 2178 μετὰ
1725 2144 1852 2178 ,ϐραχέα
1885 2153 1894 2169 ο
1914 2145 1945 2170 Τί
1960 2144 1988 2171 δὲ

1206 2190 1385 2226 Ἀπολιναρίῳ
1419 2190 1457 2225 τῷ
1497 2189 1562 2224 Θείῳ
1591 2189 1726 2224 μαθητιᾷν
1756 2188 1986 2224 σχηματίζονταις

1200 2235 1301 2271 ταύτην
1322 2237 1377 2271 γὰρ
1395 2235 1438 2261 ἐπ’
1456 2235 1594 2270 ἀναιρέσει
1617 2235 1667 2268 τῆς
1691 2234 1744 2260 τῶν
1761 2234 1867 2268 φύσεων
1894 2234 1988 2266 δυάδος

1202 2282 1281 2316 μόνος
1291 2282 1356 2316 ἡμῖν
1372 2280 1524 2314 ἀπεκύησε,
1541 2279 1686 2314 γεγραφὼς
1702 2275 1752 2305 ὥδέ
1769 2288 1805 2313 πη
1824 2279 1926 2313 σαφῶς*
1941 2280 1988 2306 καὶ

1201 2325 1357 2354 εἶκκαιαὺτὸν
1370 2326 1434 2353 Υίὺν
1453 2326 1501 2353 τοῦ
1517 2326 1595 2357 Θεοῦ,
1612 2326 1661 2352 καὶ
1671 2325 1738 2351 Θεὸν
1753 2325 1823 2352 κατὰ
1839 2326 1939 2360 σάρκα,
1957 2326 1987 2352 οὗ

1199 2373 1244 2399 δύο
1262 2373 1355 2407 φύσεις
1367 2372 1412 2399 τὶν
1428 2372 1475 2398 ἕνα
1490 2371 1563 2404 Υίὸν,
1577 2372 1642 2406 μίαν
1659 2370 1849 2406 προσκυνητὴν
1863 2371 1910 2397 καὶ
1924 2370 1987 2405 μίαν

1201 2419 1419 2454 ἁπροσκύνητον,
1439 2418 1507 2444 ἀλλὰ
1526 2418 1589 2452 μίαν
1606 2417 1686 2452 φύσιν
1701 2416 1748 2442 τοῦ
1762 2416 1829 2442 Θεοῦ
1842 2416 1928 2449 Λόγου
1944 2424 1986 2442 σε-

1202 2465 1382 2499 σαρκωμένην
1399 2464 1445 2490 καὶ
1463 2463 1703 2498 προσκυνουμένην
1727 2462 1796 2497 μετὰ
1815 2462 1863 2497 τῆς
1887 2461 1988 2496 σαρκὸς

1201 2511 1282 2538 αὐτοῦ
1305 2511 1353 2546 μιᾷ
1372 2511 1566 2546 προσκυνήσει.
1587 2519 1594 2533 ι

1234 2599 1279 2630 Τίς
1295 2595 1341 2624 οὖν
1357 2598 1387 2624 οὺ
1406 2597 1552 2631 Θαυμάσει,
1570 2596 1593 2622 εί
1606 2596 1620 2621 ό
1634 2595 1702 2630 μετὰ
1714 2593 1846 2628 Διοδώρου
1862 2593 1908 2619 τοῦ
1925 2593 1988 2619 dce-

1198 2645 1262 2676 ϐοῦς
1288 2644 1500 2678 διαϐαλλόμενος
1522 2642 1596 2677 αύτῷ
1614 2641 1772 2672 Ἀθανάσιος
1793 2640 1827 2667 τὰ
1843 2640 1924 2674 ὅμοια
1940 2639 1988 2675 ῥή-

1200 2699 1272 2726 ματα
1288 2691 1376 2716 πάντα
1394 2690 1463 2724 ἔφης
1478 2690 1500 2715 εί
1516 2688 1544 2715 δὲ
1563 2687 1610 2714 καὶ
1627 2686 1689 2713 τάδε
1704 2686 1787 2719 ἔλεξε,
1805 2686 1863 2718 πῶς
1878 2686 1925 2712 καὶ
1941 2685 1987 2711 ἐπὶ

1237 2765 1291 2800 (15)
1312 2765 1372 2792 Lib.
1391 2773 1398 2792 ι
1412 2786 1418 2796 ,
1433 2764 1531 2792 Contra
1551 2764 1700 2794 lulianum,
1719 2763 1765 2800 ubi
1781 2767 1892 2800 sanctus
1906 2763 1988 2790 Pater

1201 2798 1295 2830 laudat
1313 2805 1421 2828 veteres
1445 2801 1515 2827 bene
1532 2800 1643 2829 multos,
1669 2799 1715 2833 qui
1739 2798 1772 2825 de
1800 2798 1890 2833 Moyse
1909 2805 1988 2825 men-

1202 2837 1304 2862 tionem
1332 2836 1468 2862 fecerunt.
1493 2835 1595 2862 Horum
1614 2835 1640 2861 in
1664 2841 1779 2860 numero
1803 2837 1933 2861 censetur
1959 2835 1990 2860 et

1202 2871 1330 2898 Polemon
1354 2871 1402 2898 lib.
1424 2870 1575 2898 Graecarum
1595 2870 1773 2896 historiarum.
