2144 3257
339 241 406 274 1867

969 243 1125 273 LEONTII
1148 245 1211 274 BYZ
1222 244 1348 274 \N‘l‘INI

1900 245 1971 277 1868

340 297 465 333 Ejusdem
486 296 551 324 Julii
567 297 679 334 episcopi
704 296 826 334 Romani.
842 305 872 324 ex
891 297 1001 327 epistola
1024 297 1080 333 (90)
1100 298 1135 325 ad
1149 300 1172 329 Α

1126 298 1172 329 ιΑ
1188 297 1245 325 ἰ’ιῦ
1266 298 1360 326 αὑτοῦ
1385 298 1508 326 Ἰουλίου
1537 298 1706 334 ἐπισκόπου
1723 298 1843 334 ῨῬώμης
1864 300 1898 326 ἐκ
1917 301 1972 334 τῆς·

614 331 769 366 Dionysium
796 332 865 366 (ξι).

376 388 384 401 ι
402 377 461 405 Una
485 383 528 405 est
550 379 577 404 in
597 377 709 405 Christo
736 383 844 409 natura,
866 379 931 414 quia
959 388 1012 407 una
1036 384 1077 407 est
1104 385 1132 408 et

337 431 464 458 persona,
481 431 542 459 qua
560 424 684 459 profecto
703 423 730 450 in
744 424 813 451 duas
823 432 879 451 non
892 424 1036 452 dividitur.
1054 426 1131 452 Haud

336 471 410 497 enim
440 477 496 498 una
517 470 642 505 corporis
667 470 779 505 propria
800 475 901 498 natura
926 476 967 499 est
984 471 1011 498 in
1027 470 1130 499 Christi

337 523 420 543 carne
432 521 584 551 assumpta,
599 516 651 543 alia
664 516 777 551 propria
793 516 949 544 divinitatis
959 539 966 550 ,
977 517 1023 545 sed
1035 525 1131 552 quem-

336 563 484 591 admodum
500 563 582 590 homo
595 568 721 590 naturam
738 570 822 590 unam
836 563 932 595 habet,
948 563 985 590 ita
1003 567 1030 590 et
1046 563 1129 590 Chri-

336 613 404 640 stus,
423 608 471 643 qui
497 608 658 635 hominibus
681 608 850 635 assimilatus
875 613 927 636 est.
952 608 1032 642 Quod
1058 609 1080 636 si
1110 608 1130 635 ii

336 662 392 681 non
418 657 572 690 agnoscunt
600 653 671 681 hanc
699 658 806 680 natura;
831 653 978 687 unitatem,
1007 661 1068 689 quae
1096 661 1130 680 ex

337 700 486 727 multorum
514 698 711 734 conjunctione
733 703 846 731 manat;
866 698 990 733 profecto
1006 699 1130 727 dividere

337 749 488 779 potuerunt
509 751 591 771 unam
617 743 771 778 quamlibet
787 751 845 771 rem
872 744 900 771 in
918 750 1010 779 partes
1025 745 1128 779 plures.

336 791 477 825 Siquidem
492 791 643 818 humanum
662 798 774 825 corpus,
790 798 833 818 ex.
850 798 904 825 ετ..
923 795 1032 818 constat
1046 791 1130 818 rebus

337 837 431 864 multis
452 836 608 864 substantia
626 836 754 869 diversis,
771 835 893 867 ossibus,
915 835 1018 869 nervis,
1040 837 1128 869 venis,

336 890 430 913 carne.
453 883 536 918 pelle,
551 882 701 917 unguibus,
720 882 795 917 pilis,
820 882 952 917 sanguine
968 887 997 909 et
1009 882 1128 917 spiritu;

335 936 397 963 quae
418 928 482 956 licet
497 928 532 955 ab
546 935 574 955 se
598 928 717 955 invicem
733 927 874 958 diﬂ‘erant,
892 935 973 954 unam
991 932 1081 955 tamen
1100 927 1128 955 in

1319 334 1393 367 πρὸς
1411 334 1570 361 Διονύσιον
1588 333 1754 366 ἐπιστολῆς
1771 334 1838 368 (25;.

1224 388 1233 404 ι
1266 379 1323 406 Μία
1345 379 1426 413 φύσις
1455 378 1541 411 ἐστὶν,
1568 378 1662 414 ἐπειδὴ
1689 379 1834 414 πράσιιιπον
1857 378 1896 412 ἓν,
1921 380 1972 406 οὐκ

1185 426 1247 461 ἔχον
1267 427 1307 457 εἰς
1322 426 1368 452 δύο
1379 425 1523 460 διαίρεσιν·
1538 425 1599 452 ἐπεὶ
1616 425 1654 460 μὴ
1670 425 1723 451 ἰδία
1740 425 1820 459 φύσις
1837 425 1867 452 τὸ
1881 425 1970 460 σῶμα,

1185 472 1233 498 καὶ
1247 471 1299 497 ἰδία
1317 469 1397 504 φύσις
1412 470 1428 505 ἡ
1445 470 1542 505 θεότης
1569 470 1640 497 κατὰ
1661 470 1710 505 τὴν
1734 471 1887 505 σάρκωσιν,
1914 470 1972 497 ἀλλ’

1184 516 1278 551 ὥσπερ
1289 515 1430 551 ἄνθρωπος
1451 516 1501 550 μία
1518 516 1610 550 φύσις,
1631 515 1716 547 οὕτως
1731 516 1779 542 καὶ
1797 517 1810 542 ὁ
1830 517 1858 542 ὲν
1872 515 1972 551 ὁμοιώ-

1186 569 1250 595 ματι
1266 561 1418 596 ἀνθρώπων
1438 561 1595 596 γενόμενος.
1615 562 1646 588 Et
1660 561 1688 588 δὲ
1700 562 1750 588 οὐκ
1762 562 1973 595 ἐπιγινώσκωσι

1183 606 1215 633 τὸ
1227 606 1288 633 καθ’
1303 607 1400 633 ἕνωσιν
1415 606 1454 639 ἓν,
1471 606 1600 634 δύνανται
1617 606 1663 633 καὶ
1688 608 1727 638 εἰς
1752 606 1838 633 πολλὰ
1853 616 1973 642 καταμε-

1184 651 1271 686 ρίζειν
1296 651 1342 678 τὸν
1360 651 1419 683 ἕνα,
1445 651 1492 678 καὶ
1517 651 1618 682 πολλὰς
1637 652 1727 686 λέγειν
1750 652 1855 686 φύσεις·
1878 653 1972 688 ἐπειδὴ

1183 697 1323 728 πολυειδὲς
1339 697 1369 724 τὸ
1387 697 1466 732 σῶμα
1485 696 1515 729 ἐξ
1527 697 1630 724 ὀστέων
1651 698 1699 724 καὶ
1720 698 1824 733 νεύρων
1843 698 1890 724 καὶ
1907 698 1973 733 φλε-

1183 742 1240 768 δῶν
1262 743 1309 768 καὶ
1324 742 1434 778 σαρκῶν
1450 743 1498 769 καὶ
1515 742 1650 778 δέρματος
1667 743 1714 769 καὶ
1728 743 1832 777 ὀνύχων
1849 744 1895 770 καὶ
1910 752 1971 777 τρι-

1183 787 1239 823 χῶν
1257 788 1305 815 καὶ
1320 788 1435 822 αἵματος
1458 788 1504 814 καὶ
1533 787 1698 822 πνεύματος,
1719 788 1790 824 ἅπερ
1808 789 1896 816 πάντα
1913 789 1972 815 δια-

1184 833 1270 869 φορὰν
1294 833 1344 868 μὲν
1369 833 1426 868 ἔχει
1454 833 1521 868 πρὸς
1540 833 1653 868 ἄλληλα,
1673 834 1722 869 μία
1743 834 1770 860 δὲ
1786 834 1866 869 φύσις
1886 834 1970 861 ἐστίν·

1183 879 1253 905 ὥστε
1269 879 1318 906 καὶ
1331 879 1348 914 ὴ
1361 879 1412 914 τῆς
1431 879 1556 914 θεότητος
1573 878 1686 913 ἀλήθεια
1699 879 1768 914 μετὰ
1782 879 1830 906 τοῦ
1846 879 1973 914 σώματσξ

1182 925 1211 952 ἒν
1226 926 1295 956 ἐστι,
1308 925 1356 951 καὶ
1371 925 1410 956 είς
1421 925 1468 951 δύο
1485 924 1580 960 φύσεις
1595 925 1625 951 οὐ
1643 925 1795 960 μερίζεται.
1811 935 1820 950 ι
1837 925 1889 952 Kal
1898 926 1974 960 μετὰ

335 974 447 1001 homine
470 978 597 1001 naturam
617 972 779 1000 conficiunt.
795 972 932 1004 Quocirca
951 978 978 1000 et
996 973 1128 1000 divinita-
1146 980 1181 1008 Β,

1125 988 1128 993 ι
1146 971 1307 1008 Ββραχέα·
1329 980 1338 996 ι
1365 971 1485 1006 Ἀνάγκη
1509 971 1563 1006 γὰρ
1580 971 1677 1002 αὐτοὺς
1703 971 1750 998 δύο
1774 971 1903 1005 λέγοντας
1926 971 1971 1006 φύ‹

335 1019 371 1046 tis
390 1019 492 1046 veritas
515 1026 579 1045 cum
596 1018 718 1045 humano
741 1025 859 1053 corpore
883 1018 1031 1053 conjuncta
1045 1025 1130 1045 unum

334 1069 388 1097 est,
412 1072 464 1092 nec
484 1064 512 1091 in
532 1067 647 1090 naturas
671 1064 768 1098 plures
788 1063 934 1090 dividitur.
953 1073 961 1088 ι
987 1063 1023 1090 Et
1050 1064 1131 1098 paulo

335 1116 392 1146 post
406 1118 415 1138 :
434 1120 442 1136 ι
460 1110 579 1138 Necesse
597 1110 671 1137 enim
684 1115 727 1138 est
738 1110 797 1144 (ait)
811 1118 859 1137 eos
872 1110 918 1145 qui
934 1114 1048 1137 naturas
1062 1110 1131 1138 duas

336 1157 513 1192 proﬁtentur,
528 1157 645 1185 adorare
662 1164 756 1189 unam,
778 1161 807 1184 et
821 1164 876 1183 non
898 1156 1025 1187 alteram,
1041 1160 1069 1182 et
1084 1163 1132 1190 per

336 1203 455 1230 divinam
480 1209 531 1229 nos
555 1201 628 1229 sacri
657 1201 742 1228 fontis
769 1201 842 1228 unda
862 1200 959 1233 lavari,
991 1208 1046 1227 non
1063 1201 1130 1228 item

334 1253 362 1276 et
383 1256 433 1284 per
457 1248 617 1275 humanam.
631 1247 709 1281 Quod
725 1247 748 1275 si
763 1255 813 1282 per
829 1254 911 1274 unam
929 1246 1038 1274 Domini
1059 1254 1131 1273 mor-

335 1298 390 1321 tem
405 1301 503 1321 omnes
516 1293 613 1321 eadem
635 1293 739 1320 salubri
762 1292 836 1320 unda
854 1292 1029 1324 mundamur,
1047 1300 1130 1319 unam

334 1339 417 1366 etiam
432 1337 569 1365 fateamur
584 1342 694 1372 oportet
708 1341 835 1365 naturam
855 1345 889 1364 ex
904 1336 1069 1372 impassibili
1084 1337 1129 1364 di-

334 1384 450 1410 vinitate
471 1388 501 1411 et
527 1383 651 1418 passibili
676 1390 759 1410 carne
775 1382 932 1415 conﬂatam,
951 1387 980 1410 ut
1001 1382 1038 1410 ita
1056 1382 1131 1409 lava-

334 1436 413 1456 crum
429 1432 557 1456 nostrum
586 1436 635 1463 per
658 1428 834 1455 divinitatem
862 1428 944 1455 simul
969 1433 998 1456 et
1017 1419 1128 1455 homini

335 1480 452 1502 mortem
474 1474 571 1510 perﬁci
589 1482 653 1502 vere
667 1474 789 1502 dicatur.
806 1484 815 1500 ι
833 1474 867 1501 Et
885 1479 942 1509 post
965 1483 1050 1510 pauca
1066 1483 1129 1501 rur-

334 1529 393 1548 sum
413 1521 468 1547 Im
480 1520 556 1547 habet
572 1528 581 1546 :
601 1529 610 1546 ι
625 1520 728 1547 Caveat
747 1527 814 1556 ergo
828 1520 877 1555 qui
895 1520 965 1547 duas
978 1520 1005 1547 in
1019 1519 1130 1547 Christo

335 1570 449 1592 naturas
465 1570 602 1597 asserunt,
617 1572 652 1592 nc
677 1565 820 1593 Christum
840 1566 929 1600 ipsum
943 1565 1131 1593 dividentibus

335 1618 432 1638 ansam
460 1610 613 1645 praebeant.
629 1610 699 1638 Nam
721 1617 813 1645 neque
838 1617 940 1646 corpus
953 1610 1065 1645 aliquod
1081 1618 1131 1645 per

1183 1025 1251 1049 σεις,
1269 1017 1318 1051 τὴν
1337 1017 1386 1051 μὲν
1413 1017 1478 1051 μίαν
1503 1017 1682 1052 προσκυνεῖν,
1697 1016 1746 1052 τὴν
1769 1017 1795 1043 δὲ
1819 1017 1916 1052 ἑτέραν
1935 1017 1973 1052 μὴ

1183 1063 1355 1096 προσκυνεῖψ
1369 1062 1409 1093 είς
1430 1062 1480 1095 μὲν
1502 1062 1550 1096 τὴν
1565 1061 1660 1097 Θεῑκὴν
1677 1062 1867 1097 βαπτίζεσθαι,
1884 1063 1924 1094 εἰς
1944 1063 1972 1089 δὲ

1181 1107 1231 1144 τὴν
1244 1107 1418 1144 ἀνθρωπίνην
1438 1108 1475 1142 μὴ
1491 1107 1680 1141 βαπτίζεσθαι.
1700 1108 1731 1134 Εἰ
1747 1108 1774 1134 δὲ
1790 1108 1831 1140 είς
1854 1109 1899 1134 τὸν
1921 1108 1968 1135 θά-

1181 1161 1261 1179 νατον
1284 1152 1331 1179 τοῦ
1355 1153 1456 1187 Κυρίου
1481 1153 1680 1188 βαπτιζόμεοα,
1698 1154 1763 1188 μίαν
1786 1154 1972 1190 ὁμολογοῦμεν

1181 1196 1262 1235 φύσιν
1278 1198 1328 1230 τῆς
1350 1196 1472 1228 ἀπαθοῦς
1489 1198 1617 1232 θεότητος
1630 1198 1677 1224 καὶ
1691 1198 1741 1234 τῆς
1758 1199 1886 1234 παθητῆς
1901 1209 1968 1235 σαρ-

1181 1241 1240 1273 κδς,
1257 1241 1301 1268 ἕνα
1314 1241 1401 1273 οὕτως
1414 1242 1453 1272 είς
1467 1242 1534 1268 Θεὸν
1579 1242 1610 1268 τὸ
1621 1242 1764 1278 βάπτισμα
1778 1244 1858 1278 ἡμῶν
1871 1245 1919 1271 καὶ
1932 1247 1972 1272 ei:

1181 1287 1226 1314 τὸν
1246 1287 1360 1314 θάνατον
1389 1287 1435 1314 τοῦ
1461 1288 1564 1322 Κυρίου
1590 1288 1759 1323 τελούμενον.
1791 1299 1799 1310 ι
1827 1290 1882 1316 Kal
1908 1292 1972 1325 μετ’

1181 1333 1269 1367 ὀλίγα
1283 1331 1387 1360 πάλιν·
1408 1342 1417 1358 ι
1438 1333 1485 1368 Μὴ
1499 1332 1546 1360 οὖν
1566 1335 1624 1366 τοῖς
1639 1334 1812 1369 διατέμνουσι
1836 1336 1972 1372 πρόφασιν

1180 1378 1300 1405 δότωσαν
1314 1379 1339 1405 οἱ
1354 1379 1400 1406 δύο
1413 1379 1539 1414 λέγοντες
1564 1379 1669 1414 φύσεις·
1685 1380 1747 1407 οὗτε
1768 1383 1823 1416 ’γὰρ
1846 1382 1876 1408 τὸ
1892 1382 1972 1416 σῶμα

1181 1424 1333 1451 καθ’ἑσυτὺ
1354 1425 1446 1459 φύσις,
1464 1425 1530 1460 μηδὲ
1559 1426 1691 1457 (mortem;
1708 1427 1769 1454 καθ’
1782 1427 1872 1459 ἑαυτὸ,
1904 1428 1972 1464 μηδὲ

1180 1469 1372 1505 διατέμνεσθαι
1387 1471 1549 1506 δυνάμενον.
1569 1472 1633 1499 ἄνευ
1649 1471 1695 1498 τοῦ
1714 1472 1858 1505 ζωοποιοῦ·
1879 1473 1940 1500 οὔτε
1959 1475 1973 1500 6

1182 1516 1269 1550 Λόγος
1284 1516 1346 1542 καθ’
1362 1517 1458 1543 ἑαυτὸν
1473 1518 1513 1549 είς
1532 1518 1600 1544 ίδὲαν
1614 1518 1756 1554 μερίζεται
1771 1519 1852 1553 φύσιν
1867 1520 1901 1555 ἢν
1915 1520 1973 1554 ἔχει

1182 1561 1252 1587 κατὰ
1275 1561 1305 1588 τὸ
1330 1562 1469 1596 ἄσαρκον·
1491 1563 1586 1598 ἐπειδὴ
1612 1564 1641 1590 ὲν
1672 1565 1753 1600 σαρκὶ
1781 1565 1901 1604 ιςύριος.
1926 1567 1973 1592 καὶ

1180 1608 1230 1634 οὐκ
1245 1607 1365 1643 ἄσαρκος
1378 1609 1533 1644 ἐπεδήμησε
1549 1608 1588 1644 τῷ
1603 1609 1699 1645 κόσμῳ
1710 1617 1717 1625 ·
1736 1609 1798 1636 οὒτε
1814 1610 1843 1636 τὸ
1864 1611 1973 1637 κτιστὶν

335 1664 364 1684 se
383 1656 540 1684 subsistens
560 1660 659 1683 natura
676 1660 730 1687 est,
757 1663 808 1683 nec
827 1656 918 1691 ipsum
938 1664 988 1691 per
1005 1663 1035 1683 se
1051 1655 1129 1687 vivit,
1144 1644 1166 1673 θ

1127 1676 1129 1685 ,
1144 1644 1166 1673 θ
1183 1653 1263 1689 σῶμα
1278 1654 1310 1690 ζῇ
1328 1654 1414 1689 χωρὶς
1435 1655 1487 1689 τῆς
1510 1654 1638 1681 ἁκτίστου
1655 1644 1793 1690 θεότητος,
1809 1656 1851 1682 ἵνα
1868 1657 1973 1692 χωρίζῃ

336 1709 426 1737 neque
443 1701 559 1728 seorsim
575 1709 591 1728 a
612 1701 688 1728 vitali
708 1701 800 1729 Verbo
814 1701 902 1729 dividi
918 1705 1020 1737 potest,
1041 1708 1131 1736 neque

336 1747 461 1774 Verbum
487 1746 609 1773 divisum
635 1753 651 1773 a
675 1753 757 1773 carne
786 1751 915 1774 naturam
936 1754 1014 1774 suam
1037 1746 1131 1777 habet.

335 1800 419 1827 quam
435 1800 451 1820 a
468 1792 561 1820 carnis
589 1796 701 1827 experte
722 1792 867 1820 divinitate
890 1792 986 1820 trahit.
1002 1792 1133 1826 Quando-

336 1838 449 1873 quidem
467 1837 602 1866 Dominus
627 1838 656 1865 in
673 1837 807 1865 mundum
831 1837 908 1865 venit
928 1845 1013 1866 carne
1032 1836 1133 1873 praedi-

337 1889 394 1916 tus,
423 1891 479 1911 non
503 1890 535 1911 ea
562 1882 725 1911 destitutus.
754 1882 851 1918 Neque
877 1887 1003 1911 creatum
1031 1889 1134 1918 corpus

346 1929 414 1956 vivit
434 1929 496 1956 sine
523 1928 647 1956 increata
667 1928 825 1961 divinitate,
848 1936 904 1963 quo
926 1934 1020 1956 creata
1034 1932 1134 1955 natura

336 1975 423 2002 dividi
447 1975 550 2010 possit;
570 1982 623 2002 nec
638 1974 792 2003 inereatum
810 1975 930 2003 Verbum
951 1975 979 2002 in
997 1974 1130 2001 mundum

337 2020 413 2049 venit
430 2020 491 2049 sine
511 2027 640 2056 corpore,
660 2028 716 2056 quo
739 2021 802 2055 quis
819 2020 935 2049 increati
954 2027 1066 2055 quoque
1081 2027 1131 2047 na-

337 2072 428 2094 turam
447 2066 573 2094 dividere
599 2070 693 2101 queat.
718 2066 746 2094 Si
775 2074 842 2094 vero
865 2070 1014 2100 utrumque
1041 2073 1127 2092 unum

336 2117 379 2140 est
403 2112 440 2140 ob
464 2112 589 2148 ipsorum
614 2117 718 2140 arctam
746 2111 970 2148 conjunctionem
997 2116 1025 2139 et
1041 2119 1129 2147 copu-

336 2160 402 2191 lam,
425 2159 712 2194 compositionemque
737 2158 856 2185 humanc
875 2156 1029 2193 composito
1050 2157 1129 2185 simi-

1179 1707 1220 1730 τις
1236 1699 1317 1733 φύσιν
1332 1700 1454 1734 κτιστήν·
1466 1699 1527 1726 οὔτε
1545 1699 1598 1736 μὴν
1611 1701 1625 1726 ὁ
1635 1700 1762 1731 ἄκτιστος
1776 1701 1862 1735 Λόγος
1874 1701 1973 1737 ἐπεδή-

1182 1753 1253 1781 μησε
1271 1745 1357 1781 χωρὶς
1373 1745 1511 1781 σώματος,
1531 1746 1575 1773 ἵνα
1595 1746 1696 1782 μερίζῃ
1710 1755 1751 1779 τις
1778 1748 1906 1775 ἀκτίστου
1920 1749 1974 1782 φύ-

1182 1791 1275 1818 σιν.Εἰ
1288 1791 1315 1817 δὲ
1328 1791 1458 1827 ἑκάτερόν
1470 1793 1527 1818 ἐστι
1542 1792 1613 1819 κατὰ
1624 1792 1674 1828 τὴν
1688 1792 1784 1819 ἕνωσιν
1793 1794 1840 1820 καὶ
1852 1794 1901 1830 τὴν
1914 1793 1977 1821 σύν-

1181 1836 1241 1863 οδον
1253 1837 1302 1864 καὶ
1315 1837 1367 1873 τὴν
1383 1837 1507 1864 σύνθεσιν
1529 1838 1580 1874 τὴν
1605 1839 1805 1874 ἀνθρωποειδῆ,
1823 1839 1853 1867 ἓν
1879 1841 1926 1867 καὶ
1945 1841 1976 1867 τδ

1187 1882 1273 1918 ὄνομα
1291 1883 1330 1918 τῷ
1355 1883 1474 1918 συνθέτῳ
1498 1885 1737 1920 προσαρμόζεται·
1768 1886 1822 1912 ἀπὸ
1849 1886 1899 1921 μὲν
1924 1886 1975 1920 τῆς

1187 1928 1314 1963 θεότητος
1330 1929 1360 1955 τὺ
1377 1929 1491 1961 ἀπαθὲς,
1509 1930 1562 1956 ἀπὸ
1578 1930 1606 1957 δὲ
1619 1929 1668 1957 τοῦ
1688 1929 1814 1965 σώματος
1834 1931 1865 1958 τὸ
1882 1932 1972 1966 παθη-

1185 1975 1241 2002 τόν.
1261 1974 1315 2001 Καὶ
1336 1974 1431 2011 ὥσπερ
1445 1975 1592 2008 ἀκούοντες
1605 1975 1652 2002 τοῦ
1670 1976 1776 2002 Παύλου
1791 1977 1836 2004 τὸν
1856 1977 1974 2012 Χριστὸν

1184 2019 1317 2055 παθητὸν,
1334 2019 1397 2046 οὔτε
1424 2020 1543 2056 μερικῶς
1567 2020 1736 2056 ἠκούσαμεν,
1754 2021 1816 2048 οὔτε
1840 2022 1889 2057 τὴν
1913 2022 1973 2048 θεό-

1182 2074 1253 2100 τητα
1267 2065 1391 2102 παθητὴν
1406 2067 1584 2101 ἐνομίσαμεν,
1597 2066 1683 2099 οὕτως
1695 2067 1742 2094 καὶ
1755 2068 1785 2094 τὸ
1801 2068 1910 2095 κτιστδν
1926 2068 1972 2095 καὶ

1182 2110 1285 2143 δοῦλον,
1304 2110 1377 2142 ,οὔτε
1409 2112 1529 2146 μερικῶς
1552 2112 1672 2146 λέγεται,
1694 2112 1756 2140 οὒτε
1784 2113 1833 2141 τὴν
1857 2114 1972 2150 θεότητα

1183 2158 1255 2183 ποιεῖ
1272 2156 1384 2192 κτιστην
1398 2156 1460 2183 οὗτε
1479 2156 1586 2192 δούλην.
1608 2167 1617 2183 t

336 2203 404 2236 lem;
421 2210 508 2230 unum
526 2210 636 2238 quoque
653 2203 808 2238 composito
823 2211 926 2231 nomen
960 2203 1049 2238 aptari
1084 2203 1167 2231 debet
1184 2203 1265 2238 eique
1290 2202 1376 2230 tribui
1404 2203 1547 2238 multiplex
1571 2203 1735 2239 proprietas,
1760 2211 1791 2231 ιιι
1813 2205 1850 2233 ob
1871 2204 1973 2232 divini-

337 2255 421 2278 tatem
449 2251 617 2283 increatum,
658 2249 695 2277 ob
715 2258 828 2278 carnem
868 2256 964 2278 contra
987 2255 1122 2284 creatum,
1142 2255 1171 2278 et
1198 2258 1248 2286 per
1260 2249 1332 2278 hanc
1351 2250 1408 2285 pati
1426 2257 1506 2285 posse
1526 2258 1592 2279 vere
1609 2251 1728 2280 dicatur.
1748 2252 1782 2280 Et
1793 2252 1971 2287 quemadmo-

337 2296 403 2324 dum
422 2303 486 2324 cum
502 2296 538 2324 ab
553 2297 679 2331 apostolo
713 2297 800 2324 Paulo
821 2296 964 2324 Christum
1001 2296 1088 2328 fuisse
1106 2304 1217 2332 passum
1243 2297 1383 2328 audimus,
1410 2296 1464 2324 hoc
1478 2297 1513 2324 de
1544 2301 1603 2325 toto
1617 2297 1740 2331 Christo,
1767 2306 1824 2326 non
1840 2298 1875 2326 de
1889 2304 1970 2334 parte

337 2341 443 2370 dictum
464 2342 627 2378 accipimus,
655 2350 747 2378 neque
775 2346 923 2377 propterea
953 2342 1128 2370 divinitatem
1148 2349 1257 2378 passam
1279 2341 1366 2369 fuisse
1407 2341 1563 2374 credimus;
1590 2342 1628 2369 ita
1653 2350 1716 2370 cum
1741 2348 1862 2375 creatus.
1887 2351 1970 2379 atque

336 2394 433 2416 servus
447 2388 520 2415 idem
535 2388 714 2423 praedicatur.
750 2388 803 2415 hoc
817 2388 852 2416 de
866 2393 935 2421 toto,
960 2396 1015 2416 non
1036 2388 1070 2416 de
1087 2388 1146 2416 sola
1164 2392 1243 2423 parte
1268 2387 1382 2418 dicitur,
1405 2395 1495 2422 neque
1518 2392 1666 2423 propterea
1690 2388 1863 2417 divinitatem
1893 2399 1970 2419 orca.

337 2439 390 2462 tam
414 2439 496 2470 atque
516 2442 626 2462 servant
637 2434 731 2462 dicere
746 2435 870 2463 videtur.
887 2445 896 2462 ι

370 2480 449 2515 Quod
460 2480 613 2508 auctoritas
629 2480 688 2508 haec
698 2488 842 2516 perperam
855 2481 929 2509 Julio
947 2481 1004 2516 (22)
1033 2480 1121 2509 ascri-
1135 2485 1163 2516 1)
1212 2480 1216 2489 ‘

1135 2485 1163 2516 Ῑ)
1212 2479 1320 2514 Ταύτην
1330 2480 1382 2515 τὴν
1393 2479 1491 2515 χρῆσιν
1502 2479 1529 2505 εἴ
1537 2488 1569 2514 γε
1580 2481 1769 2516 προσεχόντως
1780 2482 1970 2510 inteximus-1

336 2527 428 2558 batur.
446 2526 576 2562 quodque
592 2531 739 2562 propterea
751 2527 828 2555 nulla
843 2527 870 2555 vi
886 2527 998 2563 polleat,
1014 2527 1041 2555 id
1054 2535 1122 2555 con-

334 2572 468 2600 sideranti
490 2571 596 2606 liquido
612 2572 733 2606 patebit;
749 2579 802 2600 nec
815 2572 849 2599 ad
864 2579 926 2600 eam
942 2572 1121 2600 evertendam

334 2618 461 2646 futilibus
474 2618 757 2646 commentationibus
777 2626 848 2654 opus
861 2627 925 2646 esse
940 2619 1121 2646 arbitramur.

333 2664 413 2698 Quod
438 2663 512 2691 enim
533 2671 632 2691 recens
656 2664 714 2692 haec
738 2664 785 2696 sit,
808 2665 1034 2692 adversariorum
1061 2672 1121 2692 ma-

333 2710 394 2738 litia
431 2709 604 2745 excogitata,
622 2710 713 2745 quivis
735 2718 770 2738 ex
798 2718 832 2738 eo
857 2710 938 2738 facile
964 2711 1122 2746 perspicere

368 2775 425 2812 (20)
437 2775 521 2812 illanc
534 2777 660 2805 eamdem
671 2777 817 2810 epistolam
830 2778 931 2807 refellit
944 2778 1077 2807 Leontius
1094 2782 1123 2806 et

333 2810 407 2839 libro
416 2810 420 2812 ’
430 2811 469 2838 De
489 2813 578 2845 acetis,
586 2817 651 2840 sect.
678 2813 705 2841 8.

369 2846 425 2889 (Ἦ)
445 2846 582 2889 Ιηιηβηιη
597 2848 827 2889 hancepistqiam
843 2849 930 2889 legas,
945 2854 964 2877 t.
978 2849 998 2881 Ι.
1017 2858 1045 2885 p.
1063 2849 1125 2877 148.

334 2880 525 2943 Sugglement.
601 2880 736 2924 Dominici
763 2884 861 2926 Mansi.

368 2918 375 2943 l
414 2917 424 2943 l
442 2916 505 2943 the
516 2909 616 2943 levnter
623 2922 714 2943 attigit
725 2918 861 2943 Leontius

442 2916 505 2945 ﬂat:
516 2909 616 2945 ieviter
623 2909 861 2954 attigitvbeotitit—ts
870 2924 899 2947 et
908 2920 981 2948 libro
992 2921 1030 2948 De
1040 2920 1127 2954 tectis,

333 2959 400 2980 πει.
416 2959 442 2980 δ.

1168 2527 1194 2553 οἱ
1211 2526 1432 2562 ἐντυγχάνοντες.
1449 2525 1512 2552 οὔτε
1527 2526 1654 2562 διαϐολῆς
1673 2527 1787 2563 οξόμεθα
1801 2528 1915 2564 χρῄζειν
1929 2531 1969 2562 εις

1169 2573 1404 2608 ψευδεπίγραφον,
1424 2572 1486 2599 οὔτε
1509 2572 1667 2609 ἀνατροπῆς
1692 2574 1731 2605 εἰς
1756 2574 1787 2601 τὸ
1805 2575 1969 2611 ἀνίσχυρον·

1173 2620 1234 2645 ηοτι
1253 2617 1302 2652 μὲν
1313 2617 1368 2653 γὰρ
1385 2617 1540 2653 πρόσφατον
1554 2618 1570 2653 ἡ
1589 2618 1691 2652 ταύτης
1703 2619 1850 2654 σκαιωρία,
1868 2620 1969 2647 συνίδοι

1171 2672 1213 2696 τις
1229 2663 1326 2698 ῥᾷστα,
1350 2662 1390 2698 τῷ
1409 2662 1476 2698 μηδὲ
1495 2663 1635 2699 Διοσκόρῳ
1662 2664 1730 2699 μηδὲ
1760 2665 1872 2701 Σεσήρῳ
1903 2666 1970 2701 μηδὲ

1172 2711 1228 2742 τοῖς
1243 2709 1436 2745 παλαιοτέροις
1448 2709 1532 2745 τῆσδε
1546 2709 1597 2745 τῆς
1625 2709 1752 2742 ἁσεὸείας
1776 2711 1971 2747 αίρεσιάρχαις

1210 2777 1266 2839 ‘22:)
1287 2777 1366 2819 ﬁdita
1388 2776 1440 2819 fuit
1464 2777 1522 2819 haec
1545 2777 1663 2814 epistola
1680 2784 1695 2805 a
1716 2777 1755 2819 ι..
1770 2778 1923 2807 Muratorio
1942 2780 1971 2808 in

1210 2821 1246 2839 tec
1264 2818 1314 2839 otia
1344 2812 1453 2839 Grecis.
1470 2820 1518 2839 aut
1536 2817 1565 2839 et
1582 2813 1680 2839 eadem
1701 2812 1775 2839 Juho
1790 2821 1877 2839 uanae.
1899 2814 1970 2839 dum

1175 2812 1314 2849 Anecdoti:
1344 2812 1453 2849 Grecis,
1470 2814 1518 2849 qui
1536 2812 1571 2841 et‘
1582 2813 1680 2840 eadem
1701 2812 1775 2849 Julio
1790 2821 1877 2849 papae.
1899 2814 1970 2843 duce

1178 2848 1331 2886 praesertim
1355 2847 1487 2886 Leontio
1500 2848 1538 2875 De
1556 2852 1692 2886 κίκερα.
1718 2848 1745 2886 8,
1760 2847 1878 2886 prorsus
1888 2849 1970 2886 ξολυ-

1179 2883 1330 2920 dicavituin
1346 2883 1476 2920 perdocta
1501 2891 1585 2920 quam
1605 2883 1747 2920 subtexuit
1759 2883 1966 2920 rdisquisitioiie,

1180 2923 1208 2946 et
1226 2918 1394 2954 Apollinaris
1426 2919 1549 2946 haeretici
1573 2926 1636 2947 esse
1661 2919 1789 2954 pervicit.
