2144 3259
312 223 379 256 1875

947 222 1100 252 LEONTII
1123 221 1210 252 ΒΥΖᾹ
1217 223 1324 252 NTlNI

1877 223 1944 255 1876

309 284 380 309 ritus
394 281 481 309 sancti
500 287 637 316 quartam.
655 281 749 315 Neque
764 279 831 308 dicit
846 279 916 307 duas
942 281 968 306 in
986 279 1096 307 Christo
1111 280 1135 309 Α
1149 287 1155 304 ε

1111 280 1135 309 Α
1149 279 1265 310 σιάστως
1284 280 1332 315 τὴν
1356 280 1471 316 θεότητα
1495 280 1561 314 ἔχει,
1583 281 1709 316 βούλεται
1725 281 1810 314 δεῖξαι
1824 289 1830 296 '
1846 282 1859 308 ὁ
1877 282 1944 315 γοῦν

307 336 337 356 se
356 336 437 355 nosse
449 332 560 354 naturas
582 327 701 359 divinas,
724 326 773 354 sed
787 326 814 354 in
832 335 885 354 una
902 327 967 361 (non
984 326 1010 353 itt
1027 328 1095 353 dua-

307 373 370 408 bus)
396 372 516 399 naturali
545 371 640 398 divina
669 371 839 407 perfectione
863 378 927 398 eum
945 370 1097 405 perfectum

306 426 336 445 se
351 417 432 444 fateri
458 416 601 451 pracdicat.
630 416 687 443 Hoc
706 416 781 443 enim
807 415 923 442 innucre
941 415 1009 446 vult,
1029 415 1099 441 Ver-

307 465 373 490 bum
393 470 506 490 carnem
534 462 727 496 assumpsisse.
754 461 850 488 eadem
872 461 899 488 in
924 460 1099 495 simplicitate

309 514 358 534 sua
380 511 508 534 manente
528 506 682 533 divinitate.
706 504 812 532 Idcirco
839 504 911 532 idem
931 505 1012 539 paulo
1035 509 1099 532 ante

311 552 401 580 dicit:
423 561 431 577 t
451 551 519 578 Cum
545 558 610 578 caro
633 551 743 578 dolores
765 551 881 582 subiret,
902 554 931 577 et
954 550 1101 577 aﬂectibus

1150 325 1230 356 αὐτὸς
1243 326 1294 360 πρδ
1309 325 1425 361 βραχέος
1438 327 1503 362 φησί
1517 336 1523 342 ·
1547 337 1555 352 ε
1572 328 1625 353 Καὶ
1646 327 1699 354 τῶν
1712 328 1775 363 περὶ
1787 328 1876 362 σάρκα
1892 335 1946 353 πα-

1152 370 1207 396 θῶν
1223 365 1384 405 γινομένών,
1402 372 1452 406 τὴν
1480 372 1611 398 ἀπάθειαν
1637 374 1653 408 ὴ
1681 372 1796 406 δύναμις
1821 370 1877 408 εἶχε
1897 372 1946 408 τὴν

1153 415 1262 449 ἑαυτῆς.
1277 425 1284 440 ι
1304 416 1417 452 Ἀσεϐἡς
1433 417 1479 443 οὖν
1494 417 1547 444 δ’τὺ
1561 417 1646 449 πάθος
1662 418 1771 451 ἀνάγων
1786 419 1825 448 είς
1840 418 1890 453 τὴν
1903 417 1948 444 δύ-

1155 469 1236 495 ναμιν
1248 469 1254 476 ·
1272 462 1285 487 ὁ
1300 461 1354 497 γὰρ
1370 463 1418 496 τῆς
1434 462 1512 497 δόξης
1537 463 1637 498 Κύριος
1659 464 1687 489 ἐν
1701 463 1863 499 ἀνθρωπίνῳ
1878 463 1945 498 σχή-

1156 515 1220 541 ματι
1237 507 1351 543 πέφηνε,
1373 509 1422 544 τὴν
1446 509 1621 545 ἀνθρωπίνην
1640 509 1797 544 οἰκονομίαν
1814 509 1944 543 ἀναδεξά-

1156 561 1247 586 μενος.

310 598 483 629 traheretur;
513 604 632 631 superna
656 599 779 630 potestas
797 595 896 622 horum
913 595 1037 621 omnium
1070 595 1201 623 immunis
1226 597 1336 625 mansit.
1353 608 1361 624 ›
1391 598 1522 633 Quisquis
1552 606 1618 634 ergo
1634 599 1744 627 dolores
1773 604 1802 627 et
1834 603 1948 634 pertur-

310 645 388 671 batos
403 643 518 670 affectus
542 643 568 669 in
594 649 742 676 supernam
768 645 935 676 potestatem
963 640 1036 668 illam
1059 641 1176 675 inducit,
1206 642 1307 677 impius
1342 649 1402 677 est;
1436 645 1538 672 etenim
1571 645 1706 673 Dominus
1727 645 1821 681 gloria:
1838 653 1934 673 secon

311 688 485 725 spiciendum
506 687 534 715 in
558 687 678 714 humana
696 686 786 713 forma
805 686 933 721 prazbuit,
955 686 1101 712 humanam
1122 686 1311 715 conditionem
1332 688 1488 716 subeundo.

346 747 464 780 Gregorii
477 744 612 782 [Nysseni]
629 753 661 772 ex
676 752 753 780 opere
768 749 860 771 contra
874 743 1067 779 Apollinarem.

349 845 358 861 ‹
379 835 518 863 Accusant
540 843 590 862 nos
612 835 691 869 quasi
712 834 781 862 duas
801 840 925 866 naturas,
941 833 1044 861 divisas
1059 833 1101 860 vel

309 881 463 909 contrarias
483 881 709 910 introducamus.
731 885 760 908 et
783 881 1020 915 supranaturaletn
1052 879 1102 907 ad-

1242 746 1488 783 Γρηγορίουίτοῦ
1507 747 1648 783 Νύσσηγς]
1666 748 1700 774 ἐκ
1716 747 1769 774 τοῦ
1785 746 1859 774 κατὰ

1416 782 1662 816 Ἀπολιναριτῶκ.

1192 847 1200 864 ι
1216 838 1423 874 Κατηγοροῦσιν
1438 838 1516 874 ἡμῶν
1537 838 1575 870 ὡς
1593 838 1640 865 δύο
1655 838 1751 872 φύσεις
1768 838 1947 872 εἰσαγόντων,

1153 883 1351 919 ἀπηρτημένας
1378 884 1394 920 ἢ
1423 884 1595 919 μαχομένας.
1626 885 1675 911 καὶ
1706 884 1872 919 μεριζόντων
1898 884 1948 919 τὴν

312 928 522 963 mirandamque
534 929 665 955 unionem
679 928 881 955 discernamus.
894 937 903 953 ι
923 927 983 955 Jam
996 935 1072 957 vero.
1085 934 1102 953 ο
1116 939 1140 969 Β
1154 937 1158 952 1

1100 939 1140 969 ιΒ
1154 928 1282 964 ὑπερφυᾶ
1296 928 1343 954 καὶ
1368 928 1523 963 θαυμασίαν
1549 928 1657 955 ἕνωσιν.
1677 938 1686 954 ι
1707 928 1789 959 Ἀλλ’.
1814 925 1837 955 ὦ
1861 926 1946 960 οὗτοι,

311 973 388 1005 boni,
414 973 579 1001 divisionem
605 981 636 1000 ac
668 981 787 1008 pugnam
814 973 908 1000 dicere
928 973 962 999 de
983 973 1100 1004 naturis,

313 1019 460 1046 manifesto
476 1026 613 1054 nusquam
633 1024 677 1046 est
692 1023 825 1046 statutum
839 1018 909 1046 :boc
922 1018 996 1046 enim
1018 1018 1104 1044 admi-

314 1064 425 1092 randam
444 1065 551 1092 dirimit
565 1064 707 1092 unionem.
721 1063 894 1099 Oportuisset
907 1067 999 1091 autem
1016 1063 1104 1090 solutn

313 1110 394 1137 modo
411 1110 505 1137 dicere
528 1119 535 1136 :
554 1110 634 1145 quasi
663 1109 733 1137 duas
754 1114 867 1137 naturas
894 1109 1106 1137 introducamus

311 1160 339 1183 et
364 1155 556 1183 admirandam
585 1156 715 1183 unionem
732 1156 932 1184 discernamus.
952 1165 961 1181 ι

444 1211 539 1248 Cyrilli
565 1220 597 1238 ea:
617 1213 728 1247 epistola
757 1213 791 1239 ad
823 1211 979 1240 Sucensum.

350 1266 533 1302 tQuanquam
555 1267 749 1303 conjunctione
771 1267 852 1297 facta.
871 1272 900 1295 ut
928 1268 956 1294 in
977 1269 1104 1294 confesso

311 1316 363 1344 est,
381 1320 437 1340 non
453 1313 571 1347 amplius
592 1313 627 1340 ab
644 1321 674 1340 se
689 1313 806 1340 invicem
823 1313 1028 1348 disjunguntur,
1043 1321 1103 1348 qua:

311 1358 458 1393 conjuncta
477 1362 541 1385 sunt
554 1367 561 1390 ;
583 1359 631 1386 sed
645 1366 717 1386 unus
727 1363 850 1387 remanet
865 1358 961 1391 Filius,
976 1367 1031 1386 una
1043 1359 1103 1394 ejus

311 1404 359 1439 qui
376 1411 486 1432 carnem
500 1405 659 1439 assumpsit,
676 1409 783 1432 natura.
806 1414 815 1430 ι

347 1449 449 1477 Verum
472 1455 599 1477 accurate
620 1451 720 1485 pieque
736 1458 794 1478 rem
813 1450 987 1486 perpendere
1003 1451 1105 1477 volenti

311 1495 488 1530 perspicuum
502 1494 542 1526 ﬁt,
562 1503 644 1522 unam
665 1503 728 1522 eum
744 1503 868 1522 asserere
889 1495 950 1522 Filii
968 1500 1105 1527 naturam,

311 1545 448 1576 quatetttts
474 1544 572 1568 natura
590 1541 676 1568 Filius
690 1546 749 1573 est;
765 1548 827 1568 nam
852 1540 910 1568 ﬁeri
928 1549 982 1568 non
1005 1545 1105 1576 potest,

314 1591 343 1614 ut
357 1587 404 1621 qui
427 1587 514 1614 semel
531 1591 629 1613 natura
645 1587 731 1613 Filius
745 1586 807 1619 fuit,
826 1586 924 1614 eradat
942 1587 1024 1613 etiam
1039 1587 1105 1613 ado-

312 1631 415 1665 ptionis
438 1631 522 1658 Filius
541 1639 589 1666 per
604 1631 731 1666 gratiam,
749 1631 855 1658 etiamsi
870 1631 963 1658 carnis
976 1635 1101 1657 naturam

312 1677 501 1711 assumpserit,
520 1677 554 1704 ab
579 1684 608 1704 se
623 1685 764 1712 nunquam
784 1676 997 1712 segregandam;
1023 1675 1102 1710 quasi

1157 975 1240 1008 σαφὲς
1267 974 1308 1001 ὅτι
1334 974 1383 1009 τὴν
1413 974 1568 1009 ἀπάρτησιν
1595 974 1644 1001 καὶ
1673 974 1764 1010 μάχην
1790 974 1879 1008 λέγειν
1902 975 1949 1000 ἐπὶ

1154 1020 1209 1046 τῶν
1228 1019 1345 1054 φύσεων,
1363 1020 1394 1045 οὐ
1423 1019 1569 1046 συνέθετο·
1601 1020 1666 1046 τάδε
1695 1021 1749 1056 γὰρ
1776 1019 1883 1055 μερίζει
1897 1021 1949 1054 τὴν

1156 1064 1316 1100 θαυμαστὴν
1332 1064 1446 1091 ἕνωσιν·
1471 1065 1533 1091 ἐπεὶ
1563 1064 1616 1091 ἔδει
1638 1064 1728 1099 λέγειν
1754 1066 1834 1101 μόνον
1850 1065 1947 1099 οὓτως,

1155 1109 1192 1141 ὼς
1217 1109 1264 1136 δύο
1293 1109 1599 1144 φύσεις¹εἰσαγόντων,
1627 1110 1675 1137 καὶ
1703 1109 1871 1145 μεριζόντων
1897 1110 1949 1145 τὴν

1156 1154 1285 1189 ὑπερφυᾶ
1304 1154 1412 1181 ἕνωσιν.

1183 1212 1335 1245 Κυρίλλου
1350 1211 1385 1238 ἐκ
1402 1211 1454 1245 τῆς
1470 1211 1546 1246 πρὸς
1565 1214 1738 1240 Σούκενσον
1751 1211 1928 1246 ἐπιστολῆς.

1193 1277 1203 1294 ι
1228 1268 1303 1303 Πλὴν
1334 1267 1385 1302 τῆς
1418 1267 1542 1300 ἑνώσεως
1578 1268 1822 1304 ὀμολογουμένης,
1854 1268 1948 1294 οὐκετι

1154 1314 1304 1340 διίστανται
1330 1313 1454 1349 ἀλλήλων
1480 1313 1514 1340 τὰ
1534 1314 1683 1346 ἑνωθέντα,
1707 1314 1766 1340 ἀλλ’
1790 1311 1830 1346 εἷς
1854 1313 1947 1340 λοιπδν

1155 1359 1229 1390 Υιὺς,
1247 1359 1297 1393 μία
1311 1358 1393 1393 φύσις
1407 1357 1490 1385 αὑτοῦ
1503 1358 1541 1390 ὡς
1555 1359 1752 1394 σαρκωθέντος.
1771 1367 1780 1384 t

1189 1446 1247 1473 Νῦν
1257 1446 1336 1482 δῆλόν
1351 1447 1409 1474 ἔστι
1423 1447 1504 1473 παντὶ
1521 1446 1559 1481 τῷ
1571 1446 1660 1481 σοφῶς
1676 1446 1734 1481 ἅμα
1759 1446 1805 1473 καὶ
1826 1445 1949 1477 εὐσεϐῶς

1154 1492 1347 1520 ὲπισκέπτοντι
1363 1492 1405 1518 ὅτι
1428 1492 1494 1527 μίαν
1517 1492 1598 1527 φύσιν
1612 1492 1678 1519 Υἱοῦ
1702 1501 1795 1527 φησιν,
1812 1491 1850 1523 ὡς
1868 1491 1948 1526 φύσει

1155 1538 1239 1564 Υιοῦο
1254 1537 1284 1564 οὐ
1300 1538 1355 1572 γάρ
1371 1538 1429 1564 ἐστι
1451 1538 1498 1564 καὶ
1518 1538 1610 1573 χάριτι
1624 1538 1687 1570 Υίδς
1706 1538 1720 1564 δ
1744 1537 1818 1571 ἅπαξ
1835 1537 1885 1572 τὴν
1900 1537 1948 1563 τοῦ

1155 1583 1236 1618 φύσει
1254 1583 1320 1610 Υῑοῦ
1345 1583 1426 1617 φύσιν
1451 1583 1530 1618 ἔχων,
1555 1583 1580 1610 ει
1608 1583 1656 1610 καὶ
1683 1583 1732 1619 τὴν
1749 1583 1849 1618 σαρκὸς
1867 1582 1949 1618 φύσιν

1155 1630 1365 1665 προσεκτήσατο
1393 1629 1526 1664 μηδέποτε
1551 1628 1634 1656 αὑτοῦ
1658 1629 1880 1660 ἀποδιαστᾶσαν,
1904 1629 1948 1654 ἴνα

1156 1676 1203 1702 καὶ
1217 1676 1266 1710 τῆς
1279 1677 1350 1702 κατὰ
1360 1676 1442 1710 χάριν
1456 1675 1593 1706 υῐοθεσιας
1607 1674 1703 1708 δέοιτο,
1719 1675 1768 1710 τῆς
1782 1674 1853 1701 κατὰ
1866 1674 1949 1708 φύσιν

313 1727 393 1758 egeat
418 1728 446 1749 et
470 1722 626 1757 adoptionis
647 1723 746 1758 gratia,
771 1722 818 1757 qui
833 1723 890 1758 jam
905 1726 1002 1749 natura
1018 1721 1105 1748 Filius
1117 1720 1138 1751 C
1155 1731 1159 1746 ι

1101 1720 1138 1751 lC
1155 1722 1205 1748 οὐκ
1225 1721 1382 1756 ἠξιωμένη-
1401 1721 1444 1748 ἀεὶ
1472 1721 1526 1756 γὰρ
1553 1720 1583 1753 ἐξ
1605 1718 1691 1756 οὗπέρ
1720 1722 1780 1748 ἐστι
1805 1722 1839 1756 τῇ
1868 1720 1947 1754 φύσει

313 1768 411 1795 evasit.
437 1767 544 1795 Etenim
570 1775 604 1794 ex
628 1775 683 1802 quo
708 1773 847 1795 momento
872 1767 992 1795 humana
1006 1771 1104 1794 natura

315 1811 343 1838 in
359 1819 504 1846 personam
517 1811 579 1839 Filii
595 1812 729 1839 naturalis
743 1812 863 1845 transiit,
882 1820 915 1840 ea
929 1819 1038 1846 semper
1052 1811 1103 1846 ipsi

313 1858 460 1892 conjuncta
480 1858 595 1890 mansit;
613 1863 760 1893 propterea
781 1862 857 1885 tanto
873 1858 979 1885 honore
993 1857 1104 1893 dignata

314 1911 368 1929 una
383 1911 446 1930 cum
462 1904 521 1938 ipso
536 1903 636 1930 colitur
649 1904 842 1939 adoraturque.

348 1948 408 1976 1am
419 1956 496 1981 vero,
509 1956 571 1975 cum
592 1949 709 1981 nullum,
733 1954 869 1984 quatenus
893 1949 921 1976 in
948 1949 1027 1976 nobis
1050 1953 1102 1980 est.

314 1997 476 2027 przetextum
500 1993 650 2020 inimicitiae
676 2001 730 2028 qua
758 1993 796 2020 illi
813 2001 864 2020 nos
880 1997 1101 2028 persequuntur.

313 2039 451 2074 negligere
464 2039 590 2072 velimus,
605 2039 775 2074 objectiones
798 2039 833 2066 ab
863 2039 945 2066 eisin
968 2039 1102 2066 orationis

313 2083 432 2111 decursu
446 2084 592 2111 adversum
607 2091 659 2111 nos
673 2084 790 2119 proferri
807 2083 901 2112 solitas
916 2084 1102 2111 indicabimus

313 2129 366 2157 hoc
378 2129 449 2161 loco,
467 2133 549 2164 atque
560 2129 600 2156 sic
614 2129 820 2157 mendaciorum
837 2134 933 2157 contra
951 2129 1100 2156 Ecclesiam

313 2174 437 2202 fusorum
457 2174 650 2202 refutationem
670 2175 704 2202 ad
731 2175 811 2202 ﬁnem
827 2175 1005 2202 deducemus.
1028 2174 1101 2207 Quo-

313 2220 387 2247 niam
403 2220 478 2247 cnim
501 2227 591 2254 neque
614 2220 768 2247 rationibus
796 2220 830 2247 ad
853 2220 1099 2248 demonstrandum

312 2265 393 2300 aptis,
410 2273 499 2300 neque
511 2266 676 2293 testimoniis
692 2273 707 2293 e
723 2266 863 2300 Scriptura
878 2266 920 2293 vel
940 2274 955 2292 e
971 2266 1100 2293 Patribus

312 2310 484 2345 depromptis
495 2310 647 2337 doctrinam
668 2318 745 2337 suam
768 2315 894 2338 astruere
907 2311 1009 2343 valent,
1032 2319 1099 2339 cau-

311 2364 367 2388 sas,
382 2363 431 2383 cur
447 2363 462 2382 a
477 2355 558 2382 nobis
569 2355 746 2388 dissentiant,
763 2355 914 2384 aﬂ'erentes
927 2356 968 2384 sic
982 2356 1041 2384 fere
1053 2357 1097 2384 di-

311 2407 394 2429 cunt:

348 2457 357 2473 ι
374 2446 431 2474 Etsi
448 2446 491 2481 pia
509 2445 640 2473 videntur
661 2446 798 2481 dogmata,
816 2454 877 2481 qua:
894 2455 968 2474 nunc
983 2446 1102 2474 traditis,

311 2496 428 2518 vestram
445 2496 536 2518 tamen
553 2491 713 2518 societatem
728 2491 864 2526 fugimus;
878 2496 1024 2526 propterea
1038 2492 1101 2527 quia

310 2536 401 2563 colitis
426 2544 458 2563 ac
484 2536 617 2563 veremini
641 2536 866 2564 Chalcedonense
889 2538 1057 2570 concilium,
1074 2543 1102 2565 et

310 2581 403 2608 Roma:
422 2581 604 2616 patriarcltatn
617 2582 654 2616 (6)
672 2582 805 2614 Leonem,
817 2583 864 2617 qui
877 2583 987 2617 quidem
1007 2583 1047 2616 (ut
1061 2584 1099 2611 ait

309 2624 356 2659 qui
381 2631 410 2651 se
440 2625 601 2659 magistrum
635 2626 758 2661 ipsorum
777 2627 884 2662 jactitat
909 2627 1097 2655 Antioclienus

307 2670 463 2704 patriarcha
475 2670 512 2706 (7)
525 2670 662 2707 Severus)
675 2679 704 2699 se
718 2672 744 2698 in
757 2680 841 2700 unum
851 2674 1000 2700 convenire
1010 2674 1097 2701 simu-

344 2744 432 2785 (εδ-5)
445 2745 510 2779 Qua'
521 2753 679 2785 sequuntur;
688 2748 765 2785 apud
775 2748 859 2775 Mausi
875 2749 966 2776 concil.
980 2749 1040 2775 coll.
1052 2757 1096 2776 re-

311 2782 468 2813 periuntur,
486 2785 505 2807 ι.
530 2782 586 2813 Vll,
612 2790 637 2809 c.
665 2783 727 2809 7l9.

344 2814 396 2853 (6)__
410 2815 495 2853 Vetus
515 2817 743 2853 nomenclalura.
778 2826 831 2852 qua
845 2819 940 2853 primis
968 2819 1097 2846 Ecclesia:

307 2850 413 2888 sa‘cnulis
425 2851 582 2888 gaudebant
596 2852 710 2888 Romani
725 2850 867 2887 pontifices
878 2854 924 2888 qui
944 2858 972 2881 ct
988 2855 1096 2888 episco—

308 2885 334 2919 pi
351 2885 452 2922 lioque,
469 2890 496 2922 et
509 2886 708 2921 arcltiepisCopi
725 2885 954 2922 appellabantur.

344 2919 382 2954 (7)
402 2920 520 2957 Expulso
534 2929 581 2955 per
604 2919 739 2948 summam
754 2919 889 2958 vllljlll‘lnlll
917 2924 1054 2955 Flatiano,
1069 2924 1094 2950 in

1157 1767 1276 1803 υῑωμένη
1300 1767 1391 1799 οὐσία,
1412 1767 1539 1802 ἡνωμένη
1559 1767 1619 1793 ἐστὶ
1640 1767 1688 1793 καὶ
1705 1767 1738 1802 τῇ
1765 1765 1815 1800 τῆς
1829 1765 1948 1800 φυσικῆς

1156 1812 1277 1844 υἱώσεως
1304 1812 1382 1848 ἀξίᾳ.-
1410 1812 1630 1848 συντετιμημένη
1657 1811 1704 1839 οὖν
1732 1811 1874 1844 δοξάζεται
1901 1811 1949 1838 καὶ

1157 1860 1421 1894 συμπροσκυνεϊται.

1189 1947 1280 1981 Μηδὲν
1305 1947 1334 1973 δὲ
1362 1946 1550 1983 ἀθεράπευτον
1576 1947 1738 1974 καταλιπεῖν
1768 1946 1806 1978 ὡς
1836 1943 1893 1973 οἶόν
1917 1955 1948 1973 τε

1155 1992 1351 2025 σπουδάζοντες
1373 1993 1464 2025 αὐτοῖς
1484 1993 1538 2020 τῶν
1548 1993 1598 2029 τῆς
1617 1993 1686 2028 πρὸς
1702 1993 1778 2027 ἡμᾶς
1792 1992 1948 2027 φιλεχθείας

1153 2038 1400 2074 προφασισμάτων,
1418 2039 1465 2065 καὶ
1489 2039 1538 2071 τὰς
1563 2039 1592 2065 ὲν
1616 2038 1772 2074 παραϐάσει
1794 2037 1842 2064 τοῦ
1867 2038 1947 2072 λόγου

1152 2084 1279 2115 είωθυίας
1294 2085 1386 2116 αὐτοῖς
1410 2084 1614 2120 προσφέρεσθαι
1640 2084 1759 2120 μέμψεις
1784 2085 1844 2111 καθ’
1867 2084 1947 2120 ἡμῶν

1153 2131 1371 2166 παραγαγόντες,
1397 2131 1522 2158 ἐνταυθοῖ
1540 2140 1591 2158 που
1618 2131 1664 2158 τὸν
1681 2131 1791 2167 ἔλεγχον
1813 2131 1861 2158 τοῦ
1876 2131 1948 2157 κατὰ

1151 2176 1202 2208 τῆς
1220 2177 1386 2212 Ἔκκλησίας
1399 2177 1512 2212 ψεύδους
1528 2178 1801 2213 ἀποτερματίσωμεν·
1817 2178 1879 2204 ἐπεὶ
1893 2177 1948 2212 γὰρ

1153 2222 1221 2257 μήτε
1235 2222 1435 2254 ἀποδεικτικοῖς
1455 2224 1654 2259 ἐπιχειρήμασι
1671 2223 1858 2258 παραστῆσαι,
1875 2223 1946 2258 μήτε

1151 2267 1329 2304 Γραφικοίςῆ
1349 2269 1498 2303 Πατρικοῖς
1523 2270 1723 2305 μαρτυρήμασι
1749 2269 1898 2304 βεϐαιῶσαι
1913 2268 1947 2295 τὰ

1149 2313 1237 2339 οἰκεῖα
1263 2315 1427 2349 φρονήματα
1448 2314 1617 2349 δεδύνηνται,
1645 2316 1674 2341 ὲν
1699 2314 1877 2349 ἐσχατολωτίᾳ
1891 2313 1946 2340 τῶν

1150 2358 1245 2384 αἰτιῶν
1258 2359 1308 2393 τῆς
1323 2360 1371 2394 ἀφ’
1385 2359 1464 2395 ἡμῶν
1481 2361 1674 2395 ἐκφοιτήσεως,
1687 2360 1768 2394 φασιν
1785 2359 1825 2386 ἔτι
1840 2359 1944 2393 (ἳϐπῦγ

1191 2458 1200 2474 ί
1228 2450 1272 2480 Ὠς
1289 2449 1341 2476 κᾶν
1364 2449 1454 2476 τοιάδε
1478 2450 1558 2484 ὑμεῖς
1585 2449 1753 2485 εὐσεϐοφανῆ
1771 2449 1820 2476 νῦν
1840 2450 1945 2484 δογμα-

1150 2494 1250 2526 τίςετε,
1266 2495 1297 2520 οὐ
1319 2493 1612 2529 συνεκκλησιαξόμεθα
1638 2495 1720 2528 ὑμῖν·
1749 2494 1859 2529 δέχεσθε
1893 2495 1946 2529 γὰρ

1153 2540 1201 2565 καὶ
1217 2539 1313 2565 σέϐετε
1335 2539 1386 2574 τὴν
1412 2540 1442 2565 ἐν
1463 2539 1615 2573 Χαλκηδόνι
1640 2539 1760 2572 σύνοδον,
1777 2539 1824 2566 καὶ
1844 2540 1947 2566 Λέοντα

1147 2585 1194 2611 τὸν
1219 2585 1395 2620 πατριάρχην
1413 2584 1541 2620 Ῥώμης,
1572 2585 1597 2612 οἳ
1615 2585 1699 2620 (καθά
1722 2593 1805 2620 φησιν
1823 2585 1915 2617 αὐτοῖς
1933 2586 1947 2612 ὁ

1151 2629 1236 2662 λέγων
1253 2629 1313 2656 τινὰ
1336 2630 1432 2657 ἑαυτὸν
1458 2628 1528 2657 εἶναι
1552 2630 1712 2657 διδάσκαλον
1730 2630 1830 2662 αὐτῶν,
1854 2631 1868 2657 ὁ
1892 2630 1947 2658 ἀπὸ

1360 2676 1367 2686 ν

1151 2676 1330 2711 πατριαρχῶν
1360 2676 1526 2711 Ἀντιοχείας
1557 2676 1704 2712 Σεὸῆρος),
1734 2677 1871 2712 πρόφασιν
1897 2677 1947 2712 μὲν

1148 2749 1235 2784 ipsius
1275 2751 1366 2778 locutn
1397 2751 1531 2779 suil‘ectus
1545 2757 1587 2779 est
1621 2751 1741 2779 Severus
1778 2752 1944 2784 monachus,

1146 2785 1380 2822 Eutycltianorum
1395 2791 1487 2821 caput,
1502 2788 1549 2822 qui
1565 2795 1628 2814 cum
1642 2788 1849 2821 proscripsiSset
1861 2787 1944 2814 Chal-

1146 2820 1302 2857 cedonense
1317 2820 1467 2857 concilium
1492 2820 1521 2850 ei
1540 2823 1567 2849 S.
1587 2820 1718 2854 Leonem,
1734 2820 1903 2857 proscriptus
1917 2828 1945 2850 et

1146 2855 1203 2889 ipse
1215 2856 1267 2882 fuit
1278 2855 1305 2882 in
1321 2856 1439 2883 concilio
1454 2856 1510 2893 QP,
1521 2857 1675 2891 cpiscopor.
1687 2865 1723 2887 γι,
1735 2855 1771 2884 ab
1783 2857 1827 2886 J0.
1841 2855 1932 2893 Cpolit

1145 2897 1189 2925 ep,
1210 2896 1371 2926 convocato,
1388 2895 1444 2919 tom
1466 2892 1485 2919 ν
1497 2892 1600 2925 (30:10.,
1617 2901 1677 2928 pag.
1695 2893 1755 2920 170.
