2144 3234
159 195 230 230 1585

742 203 890 233 CONTRA
911 203 1209 232 MONOPHYSITAS.

1727 199 1794 233 1836

160 257 212 291 τῆς
227 256 385 289 κακοδοξίας
401 258 598 295 ἡλευθὲρωται·
617 260 648 286 οὗ
664 259 718 294 γὰρ
732 259 800 292 εῐτις
816 260 863 286 ἐπὶ
879 262 949 295 ίερο-
964 261 988 289 Α
1001 269 1006 286 l

945 275 949 280 -
964 261 988 289 Δ
1001 267 1139 287 canonum
1153 260 1316 295 praescripto
1340 268 1355 288 a
1372 267 1421 288 sua
1439 260 1574 297 dignitate
1597 260 1723 297 dejectua
1735 270 1742 295 ;
1754 267 1791 289 ob

161 302 241 336 συλίᾳ
265 303 418 336 ὲγκσλοίτο,
438 305 606 340 προτραπεὶς
621 306 649 332 δὲ
669 307 708 338 εἰς
728 306 777 342 τὴν
794 306 859 340 περὶ
874 306 949 332 τοῦδε

160 347 250 392 δίκην,
279 348 327 375 καὶ
347 349 543 385 φυγοδικήσας,
568 347 629 377 εἶτα
652 351 773 386 εὐλόγως
791 351 950 386 φυγοδικίας

161 394 349 430 κατακριθεὶς,
360 395 405 421 διὰ
419 395 468 430 τῆς
479 396 647 432 κουφοτέρας
657 397 848 432 κατακρίσεως
857 397 949 432 τῆσδε,

162 440 226 475 περὶ
236 441 286 475 τῆς
303 440 456 476 ἱεροσυλίας
468 442 519 477 τὴν
528 443 649 469 νικῶσαν
664 443 853 478 ἁπενέγχοιτο·
871 443 950 470 τούν-

161 486 255 512 αντίον
283 486 337 522 γὰρ
352 487 400 514 καὶ
419 487 574 514 ἐπιδεδαιοί
589 488 638 523 τὴν
654 488 783 524 ἔγκλησιν
797 490 848 523 τῆς
867 488 952 523 βασά-

162 539 208 558 νου
228 532 278 567 τῆς
300 532 467 564 ὑποθέσεως.
485 533 516 560 Εί
527 533 555 560 δὲ
569 533 675 568 λέγοιτε
687 535 729 561 ὃτι
742 535 773 561 οὐ
784 535 814 562 τὸ
829 535 951 567 συνειδὸς

161 576 236 610 αὐτῷ
259 576 346 604 αίτιον
361 575 395 613 ἦν
409 578 458 613 τῆς
476 578 636 613 φυγοδικίας
648 599 656 611 ,
675 578 733 606 ἀλλ’
751 580 768 614 ἡ
793 579 849 606 τῶν
871 579 950 606 δικα-

162 621 233 647 στῶν
248 621 421 649 ἀντιπάθεια’
436 622 540 658 ταύτην
562 624 616 659 ἄρα
637 624 796 659 ἐγγράφως.
817 626 865 652 καὶ
879 625 952 660 νομί-

164 676 232 702 μως,
254 668 303 694 καὶ
325 668 477 700 καπνικῶς
498 669 534 696 δι’
549 670 662 704 εὐλόγου
687 671 882 706 παραιτήσεως
897 671 951 698 ἔδει

161 712 243 740 αὑτὸν
257 713 402 748 συστῆσαι,
417 714 446 741 οὒ
467 714 521 750 μὴν
536 714 582 742 διὰ
598 716 648 752 τῆς
664 716 720 743 τῶν
744 716 863 752 ἐλέγχων
882 717 952 744 ἀπο-

160 758 293 794 δράσεωςο
308 759 389 786 τοῦτο
410 759 465 796 γὰρ
479 761 584 797 ἀπορίᾳ
607 761 736 788 παντελεῖ
749 763 799 797 τῆς
816 763 890 798 «περὶ
903 762 950 789 τοῦ

160 805 332 840 ἐγκλήματος
359 807 508 841 ἀπολογίας
533 807 648 842 γίνεται.
676 808 759 840 Τίνας
775 808 831 844 γὰρ
851 808 884 834 ἂν
904 809 951 835 καὶ

160 849 212 885 εφη
227 850 322 885 λόγους
334 852 578 888 παραγενόμενοςς
595 854 608 880 6
624 853 784 888 βουλόμενος
795 853 851 880 τῶν
866 854 952 889 ὑπερ·

161 894 316 928 αλγοὺνων
326 895 439 931 τάνδρὸς
452 897 699 924 ειδοποιείτω.”οτι
712 897 761 932 μιν
776 897 830 933 γὰρ
843 898 952 931 “(iure

160 940 282 976 Εὐτυχέα
294 961 302 974 ,
323 943 454 977 φανερόν*
471 943 512 969 δτι
533 942 562 969 δὲ
578 943 609 969 οὐ
629 942 722 974 καλῶς
734 943 845 976 ἐδέξατο
862 944 947 980 ἄνδρα

160 985 224 1020 μίαν
248 984 320 1013 εῐναι
333 987 418 1022 μόνην
433 987 482 1022 τὴν
497 987 544 1014 τοῦ
560 988 679 1023 Χριστοῦ
703 989 785 1024 φύσιν
803 990 948 1023 δοξάζοντα

160 1031 235 1058 θείαν
257 1040 288 1059 τε
306 1032 410 1066 ἁπλῶς,
426 1034 474 1060 καὶ
489 1033 569 1061 οῠδὶν
583 1034 699 1069 ἔχουσαν
717 1035 904 1072 ἀνθρώπινον,
921 1036 947 1062 τί

158 1077 192 1104 ἂν
207 1077 415 1113 ἁπελογήσατο;
435 1079 514 1113 ὑμεῖς
531 1076 579 1106 οὖν
602 1079 627 1106 οἱ
648 1080 822 1115 Διοσκορῐται
839 1081 948 1117 ianva!)-

158 1131 233 1150 σατε.

195 1265 205 1282 ε
216 1257 281 1289 Ναὶ,
299 1256 376 1292 φησί·
393 1259 599 1293 μετανοήσαντα
614 1259 669 1295 γὰρ
682 1259 764 1287 αὐτὸν
780 1260 826 1288 ἐπὶ
843 1261 947 1294 τούτοις

155 1302 274 1336 ἐδέξατο,
289 1304 336 1330 καὶ
348 1303 455 1340 ἀληθῶς
472 1304 667 1339 ὀρθοδοξοῦντα
685 1305 808 1342 ὕστερον.
826 1316 836 1333 ι

191 1396 223 1424 Ol
243 1395 310 1430 γοῦν
332 1395 397 1428 τοὺς
427 1395 554 1424 ὁπωσοῦν
583 1397 806 1430 ὑποπτευθέντος
835 1397 947 1425 πώποτε

153 1441 297 1478 Νεστορίῳ
313 1442 481 1477 συμφρονεῖν
497 1441 552 1469 τῶν
571 1442 601 1469 ιν
625 1444 659 1478 τῇ
684 1442 788 1478 συνόδῳ
806 1442 844 1479 μὴ
861 1452 946 1478 μετα-

155 1487 251 1523 στῆναι
264 1487 314 1522 τῆς
331 1487 544 1523 δεισιδαιμονίας
557 1488 725 1523 πειθόμενοι,
742 1489 801 1521 πῶς
812 1489 861 1516 νῦν
871 1489 946 1516 τόνδε

153 1534 205 1568 οὐχ
224 1533 319 1566 ἁπλῶς
339 1534 419 1568 μόνον
435 1533 665 1569 ὑποπτευόμενον,
685 1534 753 1562 ἀλλὰ
773 1534 821 1562 καὶ
842 1535 947 1570 ιγτρά-

1001 305 1028 332 id
1041 310 1132 333 tamen
1144 305 1217 332 haud
1228 305 1282 333 fuit
1291 306 1326 334 ab
1337 306 1491 341 impietatis
1504 306 1623 334 crimine
1633 307 1792 335 absolutus.

1000 351 1059 378 Non
1073 351 1158 383 enim.
1171 352 1193 378 si
1206 352 1269 387 quis
1283 352 1353 379 forte
1365 352 1399 379 de
1415 352 1561 387 sacrilegio
1577 352 1696 385 delatus,
1710 360 1792 380 voca-

1001 400 1102 431 tusque
1118 396 1286 425 detrectaret
1299 397 1446 433 judicium,
1460 403 1543 432 atque
1564 403 1712 432 propterea
1723 405 1793 425 con-

1002 439 1127 465 tumacia:
1142 439 1330 471 damnaretur,
1356 447 1405 474 per
1426 439 1497 467 hanc
1512 440 1643 466 leviorem
1659 439 1792 467 condem-

1001 485 1141 512 nationem
1163 485 1251 513 victor
1262 485 1289 512 in
1301 485 1446 520 principali
1460 493 1542 512 causa
1558 485 1729 518 discederet;
1744 485 1793 512 sed

1001 529 1089 564 magis
1104 529 1245 564 magisque
1259 528 1437 556 conﬁrmaret
1447 529 1550 564 objecti
1562 529 1689 556 criminis
1701 529 1794 564 suspi-

1001 575 1120 602 cionem.
1137 574 1166 602 Si
1177 574 1304 602 dixeritis
1315 582 1379 602 eum
1404 574 1572 602 detrectasse
1583 574 1719 610 judicium
1737 583 1792 603 non

1001 621 1176 649 conscientiae
1187 629 1244 649 suae
1255 621 1376 649 stimulis
1389 621 1528 653 adactum,
1540 621 1588 648 sed
1602 621 1728 656 judicum
1741 622 1792 649 ini-

1001 666 1107 702 quitate
1124 667 1303 702 perterritum
1317 676 1325 700 ;
1338 674 1470 702 reponam
1482 674 1546 694 eum
1560 667 1691 695 debuisse
1704 667 1792 702 scrip-

1003 712 1038 740 tis
1053 713 1080 740 id
1101 713 1267 748 signiﬁcare,
1285 717 1313 740 et
1331 713 1382 740 rile
1401 718 1531 748 recteque
1552 713 1716 748 procedere,
1737 721 1792 740 non

1002 760 1117 787 omnino
1132 767 1259 787 recusare
1272 760 1461 795 probationes.
1474 759 1531 787 lloc
1549 759 1623 787 enim
1636 767 1700 787 eum
1717 760 1792 787 omni

1002 805 1096 833 delicti
1114 806 1291 832 excusatione
1309 805 1433 832 caruisse
1457 804 1533 831 clare
1550 804 1735 832 demonstrat.
1759 804 1793 831 Et

1002 860 1069 880 sane
1094 851 1161 887 quid
1188 851 1357 886 respondere
1374 855 1492 886 poterat.
1510 850 1531 878 si
1548 850 1696 878 adfuiSset?
1716 850 1793 877 dicat

1003 897 1129 932 quisquis
1144 897 1227 932 hujus
1246 896 1299 924 viri
1315 903 1408 924 casum
1423 903 1494 931 πετο
1527 895 1591 923 fert.
1618 895 1696 929 Quod
1717 895 1792 923 enim

1001 942 1140 977 exceperit
1153 942 1344 978 Eutychetem,
1363 941 1538 968 manifestum
1553 946 1613 973 est;
1631 946 1726 968 utrum
1741 949 1793 968 au-

1000 992 1055 1014 tem
1071 991 1146 1014 recte
1167 994 1197 1014 se
1224 986 1343 1022 gesserit
1365 986 1506 1013 hominem
1533 985 1611 1012 illum
1629 985 1794 1020 excipiendo

999 1032 1057 1067 (qui
1075 1036 1202 1059 naturam
1215 1031 1271 1067 (28)
1287 1038 1369 1058 unam
1393 1030 1526 1058 duntaxat
1551 1030 1579 1057 in
1594 1030 1706 1058 Christo
1716 1037 1793 1057 mere

997 1077 1131 1110 divinam,
1140 1077 1267 1105 humanae
1280 1076 1441 1104 substantia
1453 1084 1568 1112 prorsus
1579 1080 1721 1110 expertem
1730 1082 1794 1109 pro-

999 1125 1128 1153 ﬁtebatur
1143 1123 1165 1159 ),
1179 1131 1269 1159 quave
1293 1128 1442 1158 propterea
1474 1131 1504 1150 se
1529 1122 1692 1150 defensione
1720 1122 1792 1149 tueri

998 1175 1101 1205 posset,
1118 1169 1145 1197 id
1158 1169 1237 1197 vobis
1250 1169 1319 1204 ipsis
1331 1169 1457 1197 Dioscori
1468 1169 1595 1204 patronis
1608 1168 1793 1204 judicandum

999 1217 1138 1251 relinquo.

1036 1271 1045 1288 ι
1062 1261 1138 1294 Esto,
1156 1261 1257 1296 inquit,
1274 1260 1321 1288 sed
1340 1260 1525 1296 Eutychetem
1541 1260 1661 1295 excepit,
1681 1264 1792 1295 postea-

998 1315 1079 1343 quam
1092 1307 1197 1335 erroris
1209 1314 1274 1334 eum
1288 1306 1331 1334 sui
1346 1306 1489 1342 paenituit,
1501 1310 1586 1340 atque
1599 1305 1643 1340 pie
1659 1309 1793 1340 recteque

997 1354 1101 1382 sentire
1116 1353 1212 1388 cmpit.
1233 1362 1243 1379 ι

1031 1399 1067 1426 At
1080 1397 1220 1434 quomodo
1241 1406 1302 1431 vos,
1318 1399 1365 1434 qui
1386 1406 1440 1426 non
1456 1398 1492 1425 ita
1519 1397 1600 1425 facile
1619 1396 1719 1425 adduci
1744 1405 1795 1432 po-

997 1444 1086 1476 testis,
1098 1447 1129 1471 ut
1140 1443 1261 1471 credatis
1270 1451 1349 1471 suam
1367 1448 1475 1471 mutare
1487 1443 1613 1478 potuisse
1624 1442 1794 1470 sententiam

996 1497 1045 1519 eos
1057 1489 1291 1522 concilii-Patres,
1313 1490 1361 1524 qui
1381 1497 1496 1524 quoquo
1511 1489 1595 1516 modo
1607 1488 1695 1516 semel
1711 1487 1796 1516 vobis

997 1537 1025 1564 in
1046 1535 1232 1571 suspicionem
1267 1535 1438 1563 Nestoriana:
1472 1542 1610 1562 mer-esea:
1633 1537 1793 1566 venerunt;

154 1587 217 1626 quae
229 1578 440 1626 ὁμολογήσαντα
456 1579 506 1626 τῂν
518 1578 648 1626 ἀσέϐειαν
667 1579 761 1626 αὐτοῦ,
780 1581 828 1606 καὶ
846 1580 944 1608 καθαι·
957 1594 980 1626 C
995 1593 1000 1610 ι

957 1594 980 1626 C
995 1582 1144 1619 quomodo,
1166 1583 1290 1617 inquam.
1305 1581 1350 1616 pie
1369 1585 1502 1615 recteque
1526 1587 1601 1607 nunc
1613 1579 1717 1626 sentire
1741 1587 1793 1614 pu-

155 1623 269 1660 ρεθιντα
293 1623 339 1651 hri.
360 1623 440 1659 τῷδε,
463 1623 501 1655 ὡς
524 1623 562 1659 μὴ
579 1623 738 1651 ἀποστάντα
760 1623 811 1659 τῆς
832 1624 945 1652 κακοδο-

154 1670 226 1704 ξίας,
255 1669 424 1706 μεταμαθεῖν
448 1668 499 1704 τὴν
522 1669 663 1696 εὐσέϐειαν
682 1669 944 1706 επληροφορὴθητε,

153 1716 217 1744 οὔτε
239 1715 378 1750 παρουσίᾳ
396 1715 519 1747 συνόδου,
537 1715 554 1750 ἢ
574 1714 722 1750 μαρτύρων
743 1714 824 1742 τινῶν
843 1715 946 1749 ἀξιοπί-

154 1771 237 1792 στων.
261 1761 325 1788 οὔτε
345 1761 374 1788 ιν
395 1759 554 1796 Ἐκκλησία,
581 1759 644 1787 οὔτε
666 1761 799 1796 ἐγγράφῳ
813 1761 946 1798 ὁμολογίᾳ

152 1809 209 1834 τινὶ
225 1807 274 1842 τῆς
288 1806 386 1842 πρώην
399 1806 481 1833 αὐτὸν
497 1806 652 1841 ἀποστῆναι
668 1807 830 1840 κακοδοξίας
847 1807 946 1843 ὁμολο-

150 1855 275 1890 γήσαντα
286 1862 293 1887 ;
313 1854 376 1880 Ἔτι
390 1851 444 1887 μὴν
458 1852 483 1878 εἰ
494 1851 579 1883 ὅντως
585 1851 671 1878 ταῦτα
680 1851 746 1886 ἔχει,
758 1853 805 1879 καὶ
815 1852 852 1885 ὡς
865 1861 948 1888 μετα-

150 1902 288 1936 νοήσαντα
298 1900 407 1933 ἒδέξατο
431 1900 523 1932 αὑτὸν,
552 1898 632 1933 δῆλον
647 1897 788 1931 ὅτιοῦτως
813 1899 946 1927 ἀσεϐοῦν-

149 1954 187 1972 τι
202 1945 298 1980 πρώην
306 1945 399 1975 αὐτὸν,
410 1943 453 1979 αφ’
463 1941 505 1975 οἷς
517 1943 630 1978 ἔσχατον
643 1943 712 1980 πρὸς
720 1943 865 1980 Διόσκορον
878 1953 944 1979 μετ·

152 1992 268 2026 ενόησε,
294 1990 415 2026 καθῆρεν
437 1991 451 2017 ό
475 1990 622 2022 ὁσιώτατος
638 1990 796 2022 Φλαυιανός.
821 1990 882 2022 Πῶς
898 1990 945 2017 οὖν

152 2037 301 2072 δεξάμενος
319 2036 366 2064 τόν
386 2036 415 2063 δε
433 2035 617 2071 ὁμολογοῦντα
630 2036 680 2072 τὴν
699 2036 782 2064 πάλαι
796 2036 878 2063 αὑτοῦ
897 2046 946 2063 κα-

151 2083 341 2116 κώοξέαν,τδν
356 2081 556 2118 καθαιρεθέντα
583 2081 696 2114 δικαίως
722 2082 776 2117 πρὸ
789 2082 840 2118 τῆς
859 2090 943 2118 μετα-

150 2128 237 2162 νοίας,
250 2128 398 2156 Ολαυιανὺν
413 2129 458 2155 τον
479 2127 592 2160 δικαίως
608 2128 690 2154 αὑτὸν
710 2128 870 2164 καθηραντα
889 2128 943 2155 Εὐ-

150 2175 232 2209 τυχῆ,
245 2173 323 2200 τοῦτό
329 2182 396 2209 φησι
409 2174 456 2200 καὶ
468 2173 549 2205 αὐτὸς
565 2172 667 2208 πρᾶξαι
681 2174 720 2205 εἰς
735 2174 833 2207 αὐτόν;
850 2174 885 2201 Ἦ
897 2171 944 2200 οὖν

149 2221 202 2248 οὐκ
224 2220 333 2255 ἀληθῶς
359 2220 564 2255 μετανοήσαντα
583 2219 679 2246 τοῦτον
703 2220 821 2253 tuis-ro,
847 2220 865 2255 ἦ
893 2220 945 2247 οὐκ

997 1630 1061 1657 tatis
1075 1637 1150 1661 eum,
1166 1628 1214 1664 (ιυί
1224 1635 1279 1656 non
1298 1627 1388 1654 levem
1410 1626 1530 1661 aliquam
1547 1626 1590 1653 sui
1600 1625 1726 1653 criminis
1745 1633 1794 1652 su-

996 1675 1148 1710 spicionem
1165 1673 1270 1710 injecit,
1282 1672 1330 1700 sed
1344 1679 1422 1700 suam
1436 1671 1525 1707 ipsius
1540 1671 1712 1706 impietatem
1726 1670 1801 1698 scri-

996 1720 1051 1755 ptis
1066 1725 1159 1755 aperte
1179 1719 1324 1747 confessus
1339 1723 1405 1751 est;
1422 1717 1471 1753 qui
1484 1721 1632 1752 propterea
1662 1721 1794 1751 tanquam

996 1766 1024 1793 in
1035 1773 1130 1793 errore
1153 1773 1203 1793 suo
1228 1764 1383 1800 persistens
1399 1771 1415 1791 a
1438 1763 1574 1799 dignitate
1601 1770 1650 1790 sua
1667 1762 1794 1797 dejectus

995 1811 1048 1838 fuit
1060 1811 1072 1838 2
1086 1811 1133 1846 qui
1145 1810 1258 1838 demum
1271 1817 1362 1845 neque
1386 1809 1415 1836 in
1427 1809 1525 1845 synodi
1537 1815 1683 1840 consessu,
1702 1815 1796 1842 neque

995 1864 1088 1884 coram
1108 1857 1226 1884 testibus
1238 1855 1291 1884 ﬁde
1303 1855 1405 1891 dignis,
1415 1861 1506 1889 neque
1518 1853 1546 1880 in
1555 1853 1691 1885 Ecclesia,
1703 1860 1794 1886 neque

996 1903 1113 1938 scriptis
1121 1910 1199 1930 suam
1206 1910 1236 1929 se
1243 1909 1356 1937 pravam
1365 1901 1526 1936 opinionem
1537 1903 1658 1926 mutasse
1667 1898 1794 1926 declara-

996 1948 1036 1975 vit
1052 1949 1063 1975 τ
1076 1948 1141 1976 Atsi
1152 1948 1190 1976 ita
1202 1953 1255 1979 est.
1268 1948 1290 1975 ei
1302 1947 1451 1974 Dioscorus
1465 1946 1576 1980 excepit
1587 1946 1677 1980 ipsum
1688 1943 1795 1972 erroris

994 1993 1049 2028 jam
1064 1993 1106 2020 sui
1120 1993 1312 2028 pmnitentem,
1329 1992 1455 2027 sequitur
1467 1991 1530 2019 inde
1539 1992 1613 2026 juste
1622 1999 1637 2018 a
1648 1989 1796 2018 sanctissi-

997 2046 1042 2066 mo
1051 2038 1181 2066 Flaviano
1188 2038 1326 2074 dejectum
1335 2045 1410 2068 eum,
1419 2037 1466 2072 qui
1477 2037 1554 2071 prius
1563 2036 1600 2062 ita
1612 2034 1717 2062 nefarie
1727 2042 1795 2062 sen~

998 2083 1103 2116 tiebat;
1133 2083 1243 2111 etiamsi
1273 2087 1368 2118 postea
1382 2081 1416 2109 ad
1440 2082 1603 2109 Dioscorum
1628 2080 1797 2116 confugiens

997 2130 1190 2166 paenitentiam
1212 2130 1311 2165 egerit.
1334 2128 1479 2162 Quomodo
1495 2135 1562 2163 ergo
1585 2127 1633 2162 qui
1650 2127 1794 2154 hominem

998 2176 1072 2204 hunc
1088 2176 1197 2211 excepit
1211 2179 1332 2203 veterem
1354 2182 1479 2202 errorem
1496 2182 1578 2202 suum
1599 2173 1792 2205 conﬁtentem,

996 2228 1080 2258 atque
1095 2222 1168 2258 juste
1186 2227 1249 2249 ante
1268 2226 1408 2257 peractam
1427 2220 1620 2256 penitentiam
1637 2219 1792 2254 deiectum,

151 2265 252 2298 ἀδίκως
275 2265 400 2293 καθεῖλεν
439 2266 520 2293 αὑτὸν
555 2265 715 2298 Φλαυιανὸν,
737 2267 842 2292 ικιῖνον
861 2266 942 2297 αὐτὸς
956 2267 997 2298 D:

941 2267 982 2298 ‘D
995 2274 1025 2294 se
1042 2273 1152 2301 quoque
1171 2265 1332 2292 Flavianum
1354 2265 1445 2300 ipsum
1473 2265 1520 2300 qui
1545 2272 1608 2291 eum
1634 2263 1787 2299 dcjecerat,

149 2313 252 2346 ἀδίκως
266 2312 464 2341 ἁντικαθεῖλεν.

996 2312 1070 2347 juste
1084 2311 1218 2346 dejecisse
1234 2310 1381 2338 autumat?
1399 2310 1449 2337 Vel
1469 2317 1535 2345 ergo
1551 2309 1701 2336 Dioscorus
1722 2315 1789 2335 eum

148 2360 260 2395 excepit
286 2359 360 2386 haud
390 2367 455 2387 vere
482 2359 674 2395 paenitentiam,
701 2358 745 2386 vel
780 2357 940 2386 Flavianum
959 2357 1090 2385 eumdem
1123 2364 1208 2392 aquo
1222 2357 1284 2393 jure
1317 2364 1351 2384 ac
1372 2355 1472 2383 merito
1496 2355 1635 2391 Eutycbes
1663 2354 1791 2389 deiectus

148 2409 204 2438 est,
220 2413 270 2440 per
285 2411 421 2432 summam
445 2404 573 2440 injuriam
589 2405 647 2439 ipse
664 2403 774 2438 dejecit.

191 2461 200 2477 ι
218 2451 299 2479 Ἀλλὰ
314 2450 370 2482 ναὶ,
387 2450 464 2485 φησι,
482 2449 652 2485 Νεστοριανὴ
669 2449 805 2484 πρόληψις
819 2446 853 2485 ἦν
875 2449 940 2484 περὶ

147 2496 298 2524 Φλαυιανοῦ
313 2496 361 2523 τοῦ
377 2495 692 2526 Κωνσταντινουπόλεως
712 2495 864 2522 ἐπισκόπου
874 2503 881 2510 ο
898 2495 941 2522 ἐν-

146 2543 197 2570 θεν
212 2542 259 2568 καὶ
274 2541 384 2569 ὕποπτα
402 2541 436 2568 τὰ
449 2542 489 2573 είς
506 2541 612 2577 Εὐτυχῆ
620 2541 755 2577 γενόμενα
767 2541 812 2568 ὑπ’
828 2541 939 2568 αὑτοῦ.»

187 2631 241 2658 Καὶ
260 2631 302 2663 τίς
323 2629 494 2666 ἐντυγχάνων
514 2631 548 2665 τῇ
565 2629 671 2656 ἐκθέσει
683 2629 733 2664 τῆς
745 2630 861 2661 πίστεως
873 2629 942 2656 Φλα-

143 2676 254 2710 υιανοῦ,
269 2676 338 2712 τῷδε
358 2677 537 2712 συμφήσειεν,
551 2672 574 2702 ὧ
589 2673 680 2708 οὗτοι;
697 2675 764 2710 φησὶ
781 2675 834 2710 γάρ
845 2683 851 2689 ·

188 2775 198 2792 ε
217 2764 395 2800 Κηρύσσομεν
412 2764 457 2790 τὸν
474 2763 576 2799 Κύριον
602 2762 682 2798 ἡμῶν
703 2762 808 2798 Ἰησοῦν
824 2763 941 2796 Χριστὸν

147 2811 204 2847 πρὸ
221 2811 326 2838 αἰώνων
347 2812 379 2837 ὲκ
404 2809 472 2837 θεοῦ
497 2810 603 2845 Πατρὸς
628 2809 754 2845 ἀνάρχως
774 2809 940 2844 γεννηθέντα

184 2877 240 2912 (38)
255 2878 280 2905 ls
288 2878 363 2906 enim
376 2878 459 2912 impie
472 2878 588 2906 docebat
603 2878 747 2905 Dominum
761 2882 823 2906 ante
837 2886 946 2906 carnem

147 2919 319 2948 absumptam
345 2913 474 2941 habuisse
504 2921 617 2941 naturas
645 2914 724 2946 duas,
762 2919 855 2948 postea
879 2922 943 2942 vero

1032 2456 1041 2472 ι
1059 2446 1140 2474 Fama
1153 2452 1223 2479 erat,
1245 2446 1346 2481 inquit,
1372 2445 1533 2473 Flavianum
1558 2443 1792 2479 Constantinopo.

991 2492 1050 2520 leos
1066 2492 1227 2527 episcopum
1245 2491 1363 2519 Nestorii
1380 2498 1490 2518 errores
1508 2489 1602 2516 fovere
1617 2498 1624 2522 ;
1639 2494 1791 2524 propterea

989 2543 1118 2570 suspecta
1133 2541 1198 2565 sunt
1213 2538 1316 2570 omnia,
1335 2545 1397 2572 qua:
1421 2541 1516 2564 contra
1533 2535 1715 2571 Eutychctcm
1732 2535 1792 2570 ipse

993 2587 1125 2619 gesserat.
1145 2593 1154 2609 ι

1030 2629 1141 2664 Ecquis,
1165 2629 1219 2656 heu
1235 2629 1338 2661 miseri,
1361 2628 1424 2656 ﬁdei
1447 2628 1641 2663 cxpositionia
1660 2628 1792 2656 Flaviano

994 2676 1100 2703 traditae
1128 2683 1288 2708 occurrens,
1319 2683 1415 2702 verum
1435 2675 1461 2702 id
1488 2683 1548 2702 esse
1575 2675 1719 2702 fateatur?
1754 2675 1793 2702 ait

989 2722 1066 2748 cnim
1086 2731 1092 2748 :

1030 2765 1237 2793 «Prmdieamus
1264 2765 1411 2792 Dominum
1439 2770 1566 2792 nostrum
1597 2764 1691 2792 Jesuln
1709 2763 1791 2791 Chri-

990 2815 1063 2838 stum
1072 2815 1137 2839 ante
1146 2811 1245 2839 saecula
1256 2811 1409 2838 secundum
1422 2810 1596 2838 divinitatem
1611 2818 1626 2837 a
1643 2811 1698 2838 Deo
1709 2809 1790 2837 Patre

1003 2888 1086 2907 unam
1107 2880 1239 2907 duntaxat
1255 2889 1261 2906 τ
1277 2888 1358 2915 quem
1382 2887 1506 2909 errorem
1521 2880 1623 2908 acriter
1638 2879 1789 2907 insectatur

1001 2916 1066 2947 Leo,
1084 2916 1168 2951 πρίει.
1189 2916 1222 2942 ad
1233 2915 1400 2943 Flavianum.
