  <div class='ocr_page' id='page_1' title='image "/cluster/home/n/w/nwhite01/storage/ocr_20150623/86/njp.32101064224528/087.png"; bbox 0 0 2141 3260; ppageno 0'>
   <div class='ocr_carea' id='block_1_1' title="bbox 339 241 404 275">
    <p class='ocr_par' dir='ltr' id='par_1_1' title="bbox 339 241 404 275">
     <span class='ocr_line' id='line_1_1' title="bbox 339 241 404 275; baseline -0.015 -1"><span class='ocrx_word' id='word_1_1' title='bbox 339 241 404 275; x_wconf 82' lang='grc'><strong>1891</strong></span> 
     </span>
    </p>
   </div>
   <div class='ocr_carea' id='block_1_2' title="bbox 335 295 1132 336">
    <p class='ocr_par' dir='ltr' id='par_1_2' title="bbox 335 295 1132 336">
     <span class='ocr_line' id='line_1_2' title="bbox 335 295 1132 336; baseline -0.006 -7"><span class='ocrx_word' id='word_1_2' title='bbox 335 307 365 329; x_wconf 80' lang='lat' dir='ltr'><strong>et</strong></span> <span class='ocrx_word' id='word_1_3' title='bbox 382 300 491 329; x_wconf 87' lang='lat' dir='ltr'><strong>adlecti</strong></span> <span class='ocrx_word' id='word_1_4' title='bbox 507 300 591 336; x_wconf 82' lang='lat' dir='ltr'><strong>pedes</strong></span> <span class='ocrx_word' id='word_1_5' title='bbox 604 295 703 327; x_wconf 62' lang='lat' dir='ltr'><strong>oblat!</strong></span> <span class='ocrx_word' id='word_1_6' title='bbox 720 298 857 334; x_wconf 86' lang='lat' dir='ltr'><strong>stipendia</strong></span> <span class='ocrx_word' id='word_1_7' title='bbox 880 298 933 326; x_wconf 82' lang='lat' dir='ltr'><strong>sibi</strong></span> <span class='ocrx_word' id='word_1_8' title='bbox 954 298 1132 333; x_wconf 89' lang='lat' dir='ltr'><strong>paciscuntur</strong></span> 
     </span>
    </p>
   </div>
   <div class='ocr_carea' id='block_1_3' title="bbox 335 343 1131 381">
    <p class='ocr_par' dir='ltr' id='par_1_3' title="bbox 335 343 1131 381">
     <span class='ocr_line' id='line_1_3' title="bbox 335 343 1131 381; baseline -0.005 -7"><span class='ocrx_word' id='word_1_9' title='bbox 335 346 453 381; x_wconf 73' lang='lat' dir='ltr'><strong>singulis</strong></span> <span class='ocrx_word' id='word_1_10' title='bbox 471 345 613 373; x_wconf 77' lang='lat' dir='ltr'><strong>mensibus</strong></span> <span class='ocrx_word' id='word_1_11' title='bbox 624 345 666 373; x_wconf 85' lang='lat' dir='ltr'><strong>vel</strong></span> <span class='ocrx_word' id='word_1_12' title='bbox 686 344 766 372; x_wconf 85' lang='lat' dir='ltr'><strong>annis</strong></span> <span class='ocrx_word' id='word_1_13' title='bbox 780 343 978 379; x_wconf 64' lang='lat' dir='ltr'><strong>persolvendo?</strong></span> <span class='ocrx_word' id='word_1_14' title='bbox 991 344 1131 371; x_wconf 76' lang='lat' dir='ltr'><strong>Praztcreo</strong></span> 
     </span>
    </p>
   </div>
   <div class='ocr_carea' id='block_1_4' title="bbox 336 388 1132 426">
    <p class='ocr_par' dir='ltr' id='par_1_4' title="bbox 336 388 1132 426">
     <span class='ocr_line' id='line_1_4' title="bbox 336 388 1132 426; baseline -0.005 -7"><span class='ocrx_word' id='word_1_15' title='bbox 336 393 453 426; x_wconf 79' lang='lat' dir='ltr'><strong>reliqua,</strong></span> <span class='ocrx_word' id='word_1_16' title='bbox 469 391 575 418; x_wconf 89' lang='lat' dir='ltr'><strong>veritus</strong></span> <span class='ocrx_word' id='word_1_17' title='bbox 588 398 623 418; x_wconf 88' lang='lat' dir='ltr'><strong>ne</strong></span> <span class='ocrx_word' id='word_1_18' title='bbox 633 391 677 418; x_wconf 85' lang='lat' dir='ltr'><strong>vel</strong></span> <span class='ocrx_word' id='word_1_19' title='bbox 690 389 836 425; x_wconf 89' lang='lat' dir='ltr'><strong>aprofanis</strong></span> <span class='ocrx_word' id='word_1_20' title='bbox 853 389 1016 416; x_wconf 83' lang='lat' dir='ltr'><strong>hominibus</strong></span> <span class='ocrx_word' id='word_1_21' title='bbox 1030 388 1056 415; x_wconf 92' lang='lat' dir='ltr'><strong>in</strong></span> <span class='ocrx_word' id='word_1_22' title='bbox 1074 396 1132 415; x_wconf 86' lang='lat' dir='ltr'><strong>sce-</strong></span> 
     </span>
    </p>
   </div>
   <div class='ocr_carea' id='block_1_5' title="bbox 334 435 1130 473">
    <p class='ocr_par' dir='ltr' id='par_1_5' title="bbox 334 435 1130 473">
     <span class='ocr_line' id='line_1_5' title="bbox 334 435 1130 473; baseline -0.006 -7"><span class='ocrx_word' id='word_1_23' title='bbox 334 447 397 466; x_wconf 83' lang='lat' dir='ltr'><strong>nam</strong></span> <span class='ocrx_word' id='word_1_24' title='bbox 413 438 557 470; x_wconf 77' lang='lat' dir='ltr'><strong>ducamur,</strong></span> <span class='ocrx_word' id='word_1_25' title='bbox 575 438 621 472; x_wconf 77' lang='lat' dir='ltr'><strong>qui</strong></span> <span class='ocrx_word' id='word_1_26' title='bbox 636 437 746 473; x_wconf 85' lang='lat' dir='ltr'><strong>pietatis</strong></span> <span class='ocrx_word' id='word_1_27' title='bbox 757 435 869 471; x_wconf 83' lang='lat' dir='ltr'><strong>quidem</strong></span> <span class='ocrx_word' id='word_1_28' title='bbox 886 435 996 464; x_wconf 87' lang='lat' dir='ltr'><strong>inanem</strong></span> <span class='ocrx_word' id='word_1_29' title='bbox 1011 435 1130 470; x_wconf 79' lang='lat' dir='ltr'><strong>speciem</strong></span> 
     </span>
    </p>
   </div>
   <div class='ocr_carea' id='block_1_6' title="bbox 334 481 1132 519">
    <p class='ocr_par' dir='ltr' id='par_1_6' title="bbox 334 481 1132 519">
     <span class='ocr_line' id='line_1_6' title="bbox 334 481 1132 519; baseline -0.006 -7"><span class='ocrx_word' id='word_1_30' title='bbox 334 493 392 519; x_wconf 63' lang='lat' dir='ltr'><strong>prae</strong></span> <span class='ocrx_word' id='word_1_31' title='bbox 409 484 490 511; x_wconf 90' lang='lat' dir='ltr'><strong>nobis</strong></span> <span class='ocrx_word' id='word_1_32' title='bbox 509 484 642 515; x_wconf 87' lang='lat' dir='ltr'><strong>ferimus;</strong></span> <span class='ocrx_word' id='word_1_33' title='bbox 661 483 791 518; x_wconf 81' lang='lat' dir='ltr'><strong>pietatem</strong></span> <span class='ocrx_word' id='word_1_34' title='bbox 817 489 883 509; x_wconf 84' lang='lat' dir='ltr'><strong>vero</strong></span> <span class='ocrx_word' id='word_1_35' title='bbox 908 481 994 516; x_wconf 88' lang='lat' dir='ltr'><strong>ipsam</strong></span> <span class='ocrx_word' id='word_1_36' title='bbox 1018 482 1132 516; x_wconf 76' lang='lat' dir='ltr'><strong>ejusque</strong></span> 
     </span>
    </p>
   </div>
   <div class='ocr_carea' id='block_1_7' title="bbox 335 527 1131 564">
    <p class='ocr_par' dir='ltr' id='par_1_7' title="bbox 335 527 1131 564">
     <span class='ocr_line' id='line_1_7' title="bbox 335 527 1131 564; baseline -0.003 -9"><span class='ocrx_word' id='word_1_37' title='bbox 335 530 391 557; x_wconf 83' lang='lat' dir='ltr'><strong>vim</strong></span> <span class='ocrx_word' id='word_1_38' title='bbox 400 530 513 557; x_wconf 89' lang='lat' dir='ltr'><strong>omnino</strong></span> <span class='ocrx_word' id='word_1_39' title='bbox 524 530 680 564; x_wconf 85' lang='lat' dir='ltr'><strong>spernimus</strong></span> <span class='ocrx_word' id='word_1_40' title='bbox 693 528 902 564; x_wconf 84' lang='lat' dir='ltr'><strong>rejicimusque.</strong></span> <span class='ocrx_word' id='word_1_41' title='bbox 914 528 943 554; x_wconf 89' lang='lat' dir='ltr'><strong>lu</strong></span> <span class='ocrx_word' id='word_1_42' title='bbox 955 527 1050 555; x_wconf 87' lang='lat' dir='ltr'><strong>multis</strong></span> <span class='ocrx_word' id='word_1_43' title='bbox 1057 528 1131 555; x_wconf 89' lang='lat' dir='ltr'><strong>enim</strong></span> 
     </span>
    </p>
   </div>
   <div class='ocr_carea' id='block_1_8' title="bbox 334 573 1131 609">
    <p class='ocr_par' dir='ltr' id='par_1_8' title="bbox 334 573 1131 609">
     <span class='ocr_line' id='line_1_8' title="bbox 334 573 1131 609; baseline -0.005 -5"><span class='ocrx_word' id='word_1_44' title='bbox 334 577 502 604; x_wconf 76' lang='lat' dir='ltr'><strong>offendimus</strong></span> <span class='ocrx_word' id='word_1_45' title='bbox 513 583 621 603; x_wconf 81' lang='lat' dir='ltr'><strong>omnes.</strong></span> <span class='ocrx_word' id='word_1_46' title='bbox 641 575 749 603; x_wconf 86' lang='lat' dir='ltr'><strong>Etenim</strong></span> <span class='ocrx_word' id='word_1_47' title='bbox 769 573 793 602; x_wconf 92' lang='lat' dir='ltr'><strong>si</strong></span> <span class='ocrx_word' id='word_1_48' title='bbox 810 582 860 602; x_wconf 81' lang='lat' dir='ltr'><strong>vos</strong></span> <span class='ocrx_word' id='word_1_49' title='bbox 873 574 923 609; x_wconf 79' lang='lat' dir='ltr'><strong>ipsi</strong></span> <span class='ocrx_word' id='word_1_50' title='bbox 934 574 1068 605; x_wconf 78' lang='lat' dir='ltr'><strong>fatemini,</strong></span> <span class='ocrx_word' id='word_1_51' title='bbox 1082 582 1131 600; x_wconf 89' lang='lat' dir='ltr'><strong>ne-</strong></span> 
     </span>
    </p>
   </div>
   <div class='ocr_carea' id='block_1_9' title="bbox 335 620 1132 657">
    <p class='ocr_par' dir='ltr' id='par_1_9' title="bbox 335 620 1132 657">
     <span class='ocr_line' id='line_1_9' title="bbox 335 620 1132 657; baseline -0.005 -7"><span class='ocrx_word' id='word_1_52' title='bbox 335 631 389 657; x_wconf 86' lang='lat' dir='ltr'><strong>que</strong></span> <span class='ocrx_word' id='word_1_53' title='bbox 403 629 501 657; x_wconf 85' lang='lat' dir='ltr'><strong>negare</strong></span> <span class='ocrx_word' id='word_1_54' title='bbox 514 621 628 657; x_wconf 85' lang='lat' dir='ltr'><strong>potestis</strong></span> <span class='ocrx_word' id='word_1_55' title='bbox 642 621 728 656; x_wconf 82' lang='lat' dir='ltr'><strong>accipi</strong></span> <span class='ocrx_word' id='word_1_56' title='bbox 744 621 835 648; x_wconf 88' lang='lat' dir='ltr'><strong>solere</strong></span> <span class='ocrx_word' id='word_1_57' title='bbox 851 620 1007 647; x_wconf 88' lang='lat' dir='ltr'><strong>mercedem</strong></span> <span class='ocrx_word' id='word_1_58' title='bbox 1023 627 1074 654; x_wconf 89' lang='lat' dir='ltr'><strong>pro</strong></span> <span class='ocrx_word' id='word_1_59' title='bbox 1087 628 1132 647; x_wconf 84' lang='lat' dir='ltr'><strong>sa-</strong></span> 
     </span>
    </p>
   </div>
   <div class='ocr_carea' id='block_1_10' title="bbox 333 665 1129 703">
    <p class='ocr_par' dir='ltr' id='par_1_10' title="bbox 333 665 1129 703">
     <span class='ocr_line' id='line_1_10' title="bbox 333 665 1129 703; baseline -0.005 -7"><span class='ocrx_word' id='word_1_60' title='bbox 333 670 373 696; x_wconf 88' lang='lat' dir='ltr'><strong>cri</strong></span> <span class='ocrx_word' id='word_1_61' title='bbox 391 668 446 703; x_wconf 63' lang='lat' dir='ltr'><strong>(ﬂ)</strong></span> <span class='ocrx_word' id='word_1_62' title='bbox 461 668 546 695; x_wconf 90' lang='lat' dir='ltr'><strong>fontis</strong></span> <span class='ocrx_word' id='word_1_63' title='bbox 571 667 692 698; x_wconf 84' lang='lat' dir='ltr'><strong>lavacro,</strong></span> <span class='ocrx_word' id='word_1_64' title='bbox 712 671 739 694; x_wconf 86' lang='lat' dir='ltr'><strong>et</strong></span> <span class='ocrx_word' id='word_1_65' title='bbox 754 674 803 701; x_wconf 90' lang='lat' dir='ltr'><strong>pro</strong></span> <span class='ocrx_word' id='word_1_66' title='bbox 828 666 959 701; x_wconf 86' lang='lat' dir='ltr'><strong>pretiosis</strong></span> <span class='ocrx_word' id='word_1_67' title='bbox 976 665 1031 701; x_wconf 65' lang='lat'><strong>(43)</strong></span> <span class='ocrx_word' id='word_1_68' title='bbox 1042 665 1129 692; x_wconf 76' lang='lat' dir='ltr'><strong>divini</strong></span> 
     </span>
    </p>
   </div>
   <div class='ocr_carea' id='block_1_11' title="bbox 335 712 1130 749">
    <p class='ocr_par' dir='ltr' id='par_1_11' title="bbox 335 712 1130 749">
     <span class='ocr_line' id='line_1_11' title="bbox 335 712 1130 749; baseline -0.004 -8"><span class='ocrx_word' id='word_1_69' title='bbox 335 715 401 742; x_wconf 94' lang='lat' dir='ltr'><strong>doni</strong></span> <span class='ocrx_word' id='word_1_70' title='bbox 417 714 553 749; x_wconf 88' lang='lat' dir='ltr'><strong>reliquiis,</strong></span> <span class='ocrx_word' id='word_1_71' title='bbox 577 713 643 748; x_wconf 89' lang='lat' dir='ltr'><strong>quid</strong></span> <span class='ocrx_word' id='word_1_72' title='bbox 659 713 733 740; x_wconf 88' lang='lat' dir='ltr'><strong>aliud</strong></span> <span class='ocrx_word' id='word_1_73' title='bbox 752 713 834 740; x_wconf 87' lang='lat' dir='ltr'><strong>nobis</strong></span> <span class='ocrx_word' id='word_1_74' title='bbox 853 712 1014 748; x_wconf 81' lang='lat' dir='ltr'><strong>exprobrari</strong></span> <span class='ocrx_word' id='word_1_75' title='bbox 1033 712 1130 739; x_wconf 89' lang='lat' dir='ltr'><strong>audie-</strong></span> 
     </span>
    </p>
   </div>
   <div class='ocr_carea' id='block_1_12' title="bbox 334 757 1131 792">
    <p class='ocr_par' dir='ltr' id='par_1_12' title="bbox 334 757 1131 792">
     <span class='ocr_line' id='line_1_12' title="bbox 334 757 1131 792; baseline -0.004 -6"><span class='ocrx_word' id='word_1_76' title='bbox 334 766 407 790; x_wconf 86' lang='lat' dir='ltr'><strong>mus,</strong></span> <span class='ocrx_word' id='word_1_77' title='bbox 425 759 485 785; x_wconf 92' lang='lat' dir='ltr'><strong>-nisi</strong></span> <span class='ocrx_word' id='word_1_78' title='bbox 516 757 584 784; x_wconf 93' lang='lat' dir='ltr'><strong>illud</strong></span> <span class='ocrx_word' id='word_1_79' title='bbox 602 766 608 784; x_wconf 73' lang='grc' dir='ltr'>ε</span> <span class='ocrx_word' id='word_1_80' title='bbox 623 757 724 784; x_wconf 82' lang='lat' dir='ltr'><strong>Nomen</strong></span> <span class='ocrx_word' id='word_1_81' title='bbox 745 766 832 784; x_wconf 81' lang='lat' dir='ltr'><strong>meum</strong></span> <span class='ocrx_word' id='word_1_82' title='bbox 856 758 927 792; x_wconf 82' lang='lat' dir='ltr'><strong>apud</strong></span> <span class='ocrx_word' id='word_1_83' title='bbox 952 766 996 784; x_wconf 76' lang='lat' dir='ltr'><strong>vos</strong></span> <span class='ocrx_word' id='word_1_84' title='bbox 1023 761 1131 792; x_wconf 72' lang='lat' dir='ltr'><strong>propter</strong></span> 
     </span>
    </p>
   </div>
   <div class='ocr_carea' id='block_1_13' title="bbox 334 802 1131 840">
    <p class='ocr_par' dir='ltr' id='par_1_13' title="bbox 334 802 1131 840">
     <span class='ocr_line' id='line_1_13' title="bbox 334 802 1131 840; baseline -0.001 -9"><span class='ocrx_word' id='word_1_85' title='bbox 334 809 424 840; x_wconf 67' lang='lat' dir='ltr'><strong>gente:</strong></span> <span class='ocrx_word' id='word_1_86' title='bbox 435 803 546 830; x_wconf 81' lang='lat' dir='ltr'><strong>ludibrio</strong></span> <span class='ocrx_word' id='word_1_87' title='bbox 556 803 666 830; x_wconf 83' lang='lat' dir='ltr'><strong>habetur</strong></span> <span class='ocrx_word' id='word_1_88' title='bbox 674 802 688 822; x_wconf 64' lang='grc' dir='ltr'>ιι</span> <span class='ocrx_word' id='word_1_89' title='bbox 700 802 836 838; x_wconf 87' lang='lat' dir='ltr'><strong>?0portet</strong></span> <span class='ocrx_word' id='word_1_90' title='bbox 851 804 934 838; x_wconf 81' lang='lat' dir='ltr'><strong>igitur</strong></span> <span class='ocrx_word' id='word_1_91' title='bbox 947 811 1131 838; x_wconf 83' lang='lat' dir='ltr'><strong>unumquem-</strong></span> 
     </span>
    </p>
   </div>
   <div class='ocr_carea' id='block_1_14' title="bbox 333 848 1130 884">
    <p class='ocr_par' dir='ltr' id='par_1_14' title="bbox 333 848 1130 884">
     <span class='ocr_line' id='line_1_14' title="bbox 333 848 1130 884; baseline 0 -8"><span class='ocrx_word' id='word_1_92' title='bbox 333 857 388 884; x_wconf 88' lang='lat' dir='ltr'><strong>que</strong></span> <span class='ocrx_word' id='word_1_93' title='bbox 400 855 524 877; x_wconf 87' lang='lat' dir='ltr'><strong>nostrum</strong></span> <span class='ocrx_word' id='word_1_94' title='bbox 535 849 655 876; x_wconf 84' lang='lat' dir='ltr'><strong>educere</strong></span> <span class='ocrx_word' id='word_1_95' title='bbox 665 849 771 876; x_wconf 80' lang='lat' dir='ltr'><strong>trabem</strong></span> <span class='ocrx_word' id='word_1_96' title='bbox 782 857 796 876; x_wconf 91' lang='lat' dir='ltr'><strong>a</strong></span> <span class='ocrx_word' id='word_1_97' title='bbox 807 849 927 884; x_wconf 81' lang='lat' dir='ltr'><strong>propriis</strong></span> <span class='ocrx_word' id='word_1_98' title='bbox 936 848 1033 881; x_wconf 86' lang='lat' dir='ltr'><strong>oculis,</strong></span> <span class='ocrx_word' id='word_1_99' title='bbox 1046 854 1130 884; x_wconf 85' lang='lat' dir='ltr'><strong>atque</strong></span> 
     </span>
    </p>
   </div>
   <div class='ocr_carea' id='block_1_15' title="bbox 334 893 1129 928">
    <p class='ocr_par' dir='ltr' id='par_1_15' title="bbox 334 893 1129 928">
     <span class='ocr_line' id='line_1_15' title="bbox 334 893 1129 928; baseline -0.003 -5"><span class='ocrx_word' id='word_1_100' title='bbox 334 897 372 923; x_wconf 90' lang='lat' dir='ltr'><strong>ita</strong></span> <span class='ocrx_word' id='word_1_101' title='bbox 394 900 525 923; x_wconf 84' lang='lat' dir='ltr'><strong>lestucam</strong></span> <span class='ocrx_word' id='word_1_102' title='bbox 559 895 586 921; x_wconf 89' lang='lat' dir='ltr'><strong>in</strong></span> <span class='ocrx_word' id='word_1_103' title='bbox 613 894 701 921; x_wconf 87' lang='lat' dir='ltr'><strong>oculis</strong></span> <span class='ocrx_word' id='word_1_104' title='bbox 726 894 823 921; x_wconf 80' lang='lat' dir='ltr'><strong>alienis</strong></span> <span class='ocrx_word' id='word_1_105' title='bbox 846 894 947 921; x_wconf 87' lang='lat' dir='ltr'><strong>clarius</strong></span> <span class='ocrx_word' id='word_1_106' title='bbox 973 893 1129 928; x_wconf 83' lang='lat' dir='ltr'><strong>perspicere</strong></span> 
     </span>
    </p>
   </div>
   <div class='ocr_carea' id='block_1_16' title="bbox 333 938 1129 977">
    <p class='ocr_par' dir='ltr' id='par_1_16' title="bbox 333 938 1129 977">
     <span class='ocr_line' id='line_1_16' title="bbox 333 938 1129 977; baseline -0.003 -8"><span class='ocrx_word' id='word_1_107' title='bbox 333 942 488 977; x_wconf 85' lang='lat' dir='ltr'><strong>poterimus</strong></span> <span class='ocrx_word' id='word_1_108' title='bbox 501 946 513 960; x_wconf 74' lang='grc' dir='ltr'><strong>ε</strong></span> <span class='ocrx_word' id='word_1_109' title='bbox 529 948 537 973; x_wconf 87' lang='grc'>;</span> <span class='ocrx_word' id='word_1_110' title='bbox 562 939 794 975; x_wconf 82' lang='lat' dir='ltr'><strong>quemadmodum</strong></span> <span class='ocrx_word' id='word_1_111' title='bbox 822 944 917 966; x_wconf 88' lang='lat' dir='ltr'><strong>monet</strong></span> <span class='ocrx_word' id='word_1_112' title='bbox 931 940 965 971; x_wconf 88' lang='lat' dir='ltr'><strong>is,</strong></span> <span class='ocrx_word' id='word_1_113' title='bbox 989 938 1037 974; x_wconf 89' lang='lat' dir='ltr'><strong>qui</strong></span> <span class='ocrx_word' id='word_1_114' title='bbox 1053 939 1129 967; x_wconf 89' lang='lat' dir='ltr'><strong>solus</strong></span> 
     </span>
    </p>
   </div>
   <div class='ocr_carea' id='block_1_17' title="bbox 334 986 603 1020">
    <p class='ocr_par' dir='ltr' id='par_1_17' title="bbox 334 986 603 1020">
     <span class='ocr_line' id='line_1_17' title="bbox 334 986 603 1020; baseline -0.007 -6"><span class='ocrx_word' id='word_1_115' title='bbox 334 991 412 1014; x_wconf 80' lang='lat' dir='ltr'><strong>caret</strong></span> <span class='ocrx_word' id='word_1_116' title='bbox 422 986 496 1013; x_wconf 89' lang='lat' dir='ltr'><strong>omni</strong></span> <span class='ocrx_word' id='word_1_117' title='bbox 511 986 603 1020; x_wconf 90' lang='lat' dir='ltr'><strong>culpa.</strong></span> 
     </span>
    </p>
   </div>
   <div class='ocr_carea' id='block_1_18' title="bbox 382 1030 1128 1065">
    <p class='ocr_par' dir='ltr' id='par_1_18' title="bbox 382 1030 1128 1065">
     <span class='ocr_line' id='line_1_18' title="bbox 382 1030 1128 1065; baseline -0.003 -5"><span class='ocrx_word' id='word_1_118' title='bbox 382 1032 446 1060; x_wconf 59' lang='lat' dir='ltr'><strong>Haec</strong></span> <span class='ocrx_word' id='word_1_119' title='bbox 463 1040 527 1060; x_wconf 90' lang='lat' dir='ltr'><strong>cum</strong></span> <span class='ocrx_word' id='word_1_120' title='bbox 540 1032 634 1059; x_wconf 84' lang='lat' dir='ltr'><strong>divina</strong></span> <span class='ocrx_word' id='word_1_121' title='bbox 657 1030 835 1058; x_wconf 76' lang='lat' dir='ltr'><strong>Providentia</strong></span> <span class='ocrx_word' id='word_1_122' title='bbox 853 1036 952 1065; x_wconf 61' lang='lat' dir='ltr'><strong>praesto</strong></span> <span class='ocrx_word' id='word_1_123' title='bbox 970 1031 1026 1058; x_wconf 88' lang='lat' dir='ltr'><strong>sint</strong></span> <span class='ocrx_word' id='word_1_124' title='bbox 1040 1031 1128 1058; x_wconf 89' lang='lat' dir='ltr'><strong>omni-</strong></span> 
     </span>
    </p>
   </div>
   <div class='ocr_carea' id='block_1_19' title="bbox 334 1076 1130 1112">
    <p class='ocr_par' dir='ltr' id='par_1_19' title="bbox 334 1076 1130 1112">
     <span class='ocr_line' id='line_1_19' title="bbox 334 1076 1130 1112; baseline -0.004 -6"><span class='ocrx_word' id='word_1_125' title='bbox 334 1079 388 1106; x_wconf 92' lang='lat' dir='ltr'><strong>bus</strong></span> <span class='ocrx_word' id='word_1_126' title='bbox 407 1078 442 1105; x_wconf 91' lang='lat' dir='ltr'><strong>ad</strong></span> <span class='ocrx_word' id='word_1_127' title='bbox 465 1081 541 1105; x_wconf 90' lang='lat' dir='ltr'><strong>recte</strong></span> <span class='ocrx_word' id='word_1_128' title='bbox 561 1076 751 1112; x_wconf 77' lang='lat' dir='ltr'><strong>iudicandum,</strong></span> <span class='ocrx_word' id='word_1_129' title='bbox 769 1076 1041 1112; x_wconf 85' lang='lat' dir='ltr'><strong>dignoscendamque</strong></span> <span class='ocrx_word' id='word_1_130' title='bbox 1056 1076 1130 1103; x_wconf 81' lang='lat' dir='ltr'><strong>veri-</strong></span> 
     </span>
    </p>
   </div>
   <div class='ocr_carea' id='block_1_20' title="bbox 336 1122 1129 1157">
    <p class='ocr_par' dir='ltr' id='par_1_20' title="bbox 336 1122 1129 1157">
     <span class='ocr_line' id='line_1_20' title="bbox 336 1122 1129 1157; baseline -0.001 -6"><span class='ocrx_word' id='word_1_131' title='bbox 336 1128 439 1157; x_wconf 82' lang='lat' dir='ltr'><strong>tatem;</strong></span> <span class='ocrx_word' id='word_1_132' title='bbox 465 1131 516 1150; x_wconf 88' lang='lat' dir='ltr'><strong>nos</strong></span> <span class='ocrx_word' id='word_1_133' title='bbox 550 1127 641 1150; x_wconf 92' lang='lat' dir='ltr'><strong>tamen</strong></span> <span class='ocrx_word' id='word_1_134' title='bbox 676 1123 760 1157; x_wconf 81' lang='lat' dir='ltr'><strong>pudet</strong></span> <span class='ocrx_word' id='word_1_135' title='bbox 790 1130 883 1150; x_wconf 82' lang='lat' dir='ltr'><strong>coram</strong></span> <span class='ocrx_word' id='word_1_136' title='bbox 915 1122 977 1157; x_wconf 90' lang='lat' dir='ltr'><strong>ipso</strong></span> <span class='ocrx_word' id='word_1_137' title='bbox 1003 1123 1129 1150; x_wconf 84' lang='lat' dir='ltr'><strong>veritatis</strong></span> 
     </span>
    </p>
   </div>
   <div class='ocr_carea' id='block_1_21' title="bbox 335 1169 1129 1203">
    <p class='ocr_par' dir='ltr' id='par_1_21' title="bbox 335 1169 1129 1203">
     <span class='ocr_line' id='line_1_21' title="bbox 335 1169 1129 1203; baseline -0.005 -5"><span class='ocrx_word' id='word_1_138' title='bbox 335 1170 437 1200; x_wconf 83' lang='lat' dir='ltr'><strong>Verbo.</strong></span> <span class='ocrx_word' id='word_1_139' title='bbox 449 1177 515 1196; x_wconf 90' lang='lat' dir='ltr'><strong>vero</strong></span> <span class='ocrx_word' id='word_1_140' title='bbox 528 1169 673 1196; x_wconf 73' lang='lat' dir='ltr'><strong>verborum</strong></span> <span class='ocrx_word' id='word_1_141' title='bbox 686 1169 808 1196; x_wconf 92' lang='lat' dir='ltr'><strong>omnium</strong></span> <span class='ocrx_word' id='word_1_142' title='bbox 822 1173 849 1195; x_wconf 86' lang='lat' dir='ltr'><strong>et</strong></span> <span class='ocrx_word' id='word_1_143' title='bbox 864 1176 977 1203; x_wconf 91' lang='lat' dir='ltr'><strong>operum</strong></span> <span class='ocrx_word' id='word_1_144' title='bbox 990 1172 1072 1203; x_wconf 84' lang='lat' dir='ltr'><strong>atque</strong></span> <span class='ocrx_word' id='word_1_145' title='bbox 1083 1176 1129 1195; x_wconf 88' lang='lat' dir='ltr'><strong>co-</strong></span> 
     </span>
    </p>
   </div>
   <div class='ocr_carea' id='block_1_22' title="bbox 335 1214 1129 1251">
    <p class='ocr_par' dir='ltr' id='par_1_22' title="bbox 335 1214 1129 1251">
     <span class='ocr_line' id='line_1_22' title="bbox 335 1214 1129 1251; baseline -0.003 -8"><span class='ocrx_word' id='word_1_146' title='bbox 335 1215 500 1251; x_wconf 81' lang='lat' dir='ltr'><strong>gitationum</strong></span> <span class='ocrx_word' id='word_1_147' title='bbox 517 1214 621 1250; x_wconf 83' lang='lat' dir='ltr'><strong>judice,</strong></span> <span class='ocrx_word' id='word_1_148' title='bbox 641 1218 747 1242; x_wconf 85' lang='lat' dir='ltr'><strong>mutare</strong></span> <span class='ocrx_word' id='word_1_149' title='bbox 760 1222 841 1249; x_wconf 82' lang='lat' dir='ltr'><strong>quam</strong></span> <span class='ocrx_word' id='word_1_150' title='bbox 863 1215 949 1241; x_wconf 86' lang='lat' dir='ltr'><strong>semel</strong></span> <span class='ocrx_word' id='word_1_151' title='bbox 968 1214 1129 1242; x_wconf 89' lang='lat' dir='ltr'><strong>imbibimus</strong></span> 
     </span>
    </p>
   </div>
   <div class='ocr_carea' id='block_1_23' title="bbox 334 1259 1128 1297">
    <p class='ocr_par' dir='ltr' id='par_1_23' title="bbox 334 1259 1128 1297">
     <span class='ocr_line' id='line_1_23' title="bbox 334 1259 1128 1297; baseline -0.003 -8"><span class='ocrx_word' id='word_1_152' title='bbox 334 1261 506 1297; x_wconf 84' lang='lat' dir='ltr'><strong>opinionem,</strong></span> <span class='ocrx_word' id='word_1_153' title='bbox 522 1261 566 1288; x_wconf 86' lang='lat' dir='ltr'><strong>vel</strong></span> <span class='ocrx_word' id='word_1_154' title='bbox 588 1260 621 1287; x_wconf 90' lang='lat' dir='ltr'><strong>ab</strong></span> <span class='ocrx_word' id='word_1_155' title='bbox 636 1260 733 1287; x_wconf 83' lang='lat' dir='ltr'><strong>amicis</strong></span> <span class='ocrx_word' id='word_1_156' title='bbox 746 1259 789 1287; x_wconf 78' lang='lat' dir='ltr'><strong>vel</strong></span> <span class='ocrx_word' id='word_1_157' title='bbox 804 1260 838 1287; x_wconf 89' lang='lat' dir='ltr'><strong>ab</strong></span> <span class='ocrx_word' id='word_1_158' title='bbox 856 1259 976 1287; x_wconf 90' lang='lat' dir='ltr'><strong>inimicis</strong></span> <span class='ocrx_word' id='word_1_159' title='bbox 986 1260 1063 1296; x_wconf 90' lang='lat' dir='ltr'><strong>quasi</strong></span> <span class='ocrx_word' id='word_1_160' title='bbox 1078 1260 1128 1287; x_wconf 91' lang='lat' dir='ltr'><strong>do-</strong></span> 
     </span>
    </p>
   </div>
   <div class='ocr_carea' id='block_1_24' title="bbox 335 1306 1129 1342">
    <p class='ocr_par' dir='ltr' id='par_1_24' title="bbox 335 1306 1129 1342">
     <span class='ocr_line' id='line_1_24' title="bbox 335 1306 1129 1342; baseline -0.001 -7"><span class='ocrx_word' id='word_1_161' title='bbox 335 1307 458 1336; x_wconf 90' lang='lat' dir='ltr'><strong>mesticis</strong></span> <span class='ocrx_word' id='word_1_162' title='bbox 468 1311 619 1341; x_wconf 81' lang='lat' dir='ltr'><strong>acceptam.</strong></span> <span class='ocrx_word' id='word_1_163' title='bbox 629 1313 842 1341; x_wconf 87' lang='lat' dir='ltr'><strong>recusamusque</strong></span> <span class='ocrx_word' id='word_1_164' title='bbox 848 1306 958 1334; x_wconf 84' lang='lat' dir='ltr'><strong>sincero</strong></span> <span class='ocrx_word' id='word_1_165' title='bbox 966 1307 1060 1334; x_wconf 90' lang='lat' dir='ltr'><strong>animo</strong></span> <span class='ocrx_word' id='word_1_166' title='bbox 1066 1315 1129 1342; x_wconf 90' lang='lat' dir='ltr'><strong>per-</strong></span> 
     </span>
    </p>
   </div>
   <div class='ocr_carea' id='block_1_25' title="bbox 334 1351 1129 1387">
    <p class='ocr_par' dir='ltr' id='par_1_25' title="bbox 334 1351 1129 1387">
     <span class='ocr_line' id='line_1_25' title="bbox 334 1351 1129 1387; baseline -0.003 -7"><span class='ocrx_word' id='word_1_167' title='bbox 334 1353 468 1385; x_wconf 78' lang='lat' dir='ltr'><strong>pendere,</strong></span> <span class='ocrx_word' id='word_1_168' title='bbox 485 1360 546 1387; x_wconf 65' lang='lat' dir='ltr'><strong>quaa</strong></span> <span class='ocrx_word' id='word_1_169' title='bbox 560 1351 717 1383; x_wconf 78' lang='lat' dir='ltr'><strong>traduntur,</strong></span> <span class='ocrx_word' id='word_1_170' title='bbox 736 1351 890 1386; x_wconf 82' lang='lat' dir='ltr'><strong>cadentque</strong></span> <span class='ocrx_word' id='word_1_171' title='bbox 912 1356 964 1378; x_wconf 89' lang='lat' dir='ltr'><strong>tam</strong></span> <span class='ocrx_word' id='word_1_172' title='bbox 981 1351 1129 1387; x_wconf 82' lang='lat' dir='ltr'><strong>diligenter</strong></span> 
     </span>
    </p>
   </div>
   <div class='ocr_carea' id='block_1_26' title="bbox 334 1397 1128 1433">
    <p class='ocr_par' dir='ltr' id='par_1_26' title="bbox 334 1397 1128 1433">
     <span class='ocr_line' id='line_1_26' title="bbox 334 1397 1128 1433; baseline -0.003 -7"><span class='ocrx_word' id='word_1_173' title='bbox 334 1398 465 1431; x_wconf 76' lang='lat' dir='ltr'><strong>scrutari,</strong></span> <span class='ocrx_word' id='word_1_174' title='bbox 480 1405 563 1433; x_wconf 88' lang='lat' dir='ltr'><strong>quam</strong></span> <span class='ocrx_word' id='word_1_175' title='bbox 582 1405 615 1425; x_wconf 89' lang='lat' dir='ltr'><strong>ea</strong></span> <span class='ocrx_word' id='word_1_176' title='bbox 633 1404 683 1432; x_wconf 88' lang='lat' dir='ltr'><strong>par</strong></span> <span class='ocrx_word' id='word_1_177' title='bbox 694 1400 746 1428; x_wconf 82' lang='lat' dir='ltr'><strong>est,</strong></span> <span class='ocrx_word' id='word_1_178' title='bbox 762 1404 823 1431; x_wconf 62' lang='lat' dir='ltr'><strong>qua:</strong></span> <span class='ocrx_word' id='word_1_179' title='bbox 837 1397 872 1424; x_wconf 87' lang='lat' dir='ltr'><strong>ab</strong></span> <span class='ocrx_word' id='word_1_180' title='bbox 886 1397 1049 1425; x_wconf 79' lang='lat' dir='ltr'><strong>hominibus</strong></span> <span class='ocrx_word' id='word_1_181' title='bbox 1067 1405 1128 1424; x_wconf 85' lang='lat' dir='ltr'><strong>om-</strong></span> 
     </span>
    </p>
   </div>
   <div class='ocr_carea' id='block_1_27' title="bbox 333 1443 1129 1480">
    <p class='ocr_par' dir='ltr' id='par_1_27' title="bbox 333 1443 1129 1480">
     <span class='ocr_line' id='line_1_27' title="bbox 333 1443 1129 1480; baseline -0.004 -7"><span class='ocrx_word' id='word_1_182' title='bbox 333 1444 402 1473; x_wconf 85' lang='lat' dir='ltr'><strong>nino</strong></span> <span class='ocrx_word' id='word_1_183' title='bbox 416 1444 516 1480; x_wconf 74' lang='lat' dir='ltr'><strong>ignotis</strong></span> <span class='ocrx_word' id='word_1_184' title='bbox 533 1443 699 1472; x_wconf 86' lang='lat' dir='ltr'><strong>traduntur:</strong></span> <span class='ocrx_word' id='word_1_185' title='bbox 724 1451 880 1480; x_wconf 82' lang='lat' dir='ltr'><strong>quanquam</strong></span> <span class='ocrx_word' id='word_1_186' title='bbox 898 1443 974 1471; x_wconf 93' lang='lat' dir='ltr'><strong>omni</strong></span> <span class='ocrx_word' id='word_1_187' title='bbox 1007 1444 1129 1478; x_wconf 88' lang='lat' dir='ltr'><strong>partium</strong></span> 
     </span>
    </p>
   </div>
   <div class='ocr_carea' id='block_1_28' title="bbox 334 1489 1129 1523">
    <p class='ocr_par' dir='ltr' id='par_1_28' title="bbox 334 1489 1129 1523">
     <span class='ocr_line' id='line_1_28' title="bbox 334 1489 1129 1523; baseline -0.003 -5"><span class='ocrx_word' id='word_1_188' title='bbox 334 1489 429 1518; x_wconf 76' lang='lat' dir='ltr'><strong>studio</strong></span> <span class='ocrx_word' id='word_1_189' title='bbox 454 1493 571 1519; x_wconf 88' lang='lat' dir='ltr'><strong>remoto.</strong></span> <span class='ocrx_word' id='word_1_190' title='bbox 588 1489 708 1523; x_wconf 82' lang='lat' dir='ltr'><strong>simplici</strong></span> <span class='ocrx_word' id='word_1_191' title='bbox 725 1490 828 1518; x_wconf 89' lang='lat' dir='ltr'><strong>mentis</strong></span> <span class='ocrx_word' id='word_1_192' title='bbox 847 1489 950 1516; x_wconf 87' lang='lat' dir='ltr'><strong>intuitu</strong></span> <span class='ocrx_word' id='word_1_193' title='bbox 963 1489 1037 1516; x_wconf 80' lang='lat' dir='ltr'><strong>dicta</strong></span> <span class='ocrx_word' id='word_1_194' title='bbox 1061 1497 1129 1516; x_wconf 89' lang='lat' dir='ltr'><strong>con-</strong></span> 
     </span>
    </p>
   </div>
   <div class='ocr_carea' id='block_1_29' title="bbox 334 1533 1130 1570">
    <p class='ocr_par' dir='ltr' id='par_1_29' title="bbox 334 1533 1130 1570">
     <span class='ocr_line' id='line_1_29' title="bbox 334 1533 1130 1570; baseline -0.003 -7"><span class='ocrx_word' id='word_1_195' title='bbox 334 1535 500 1570; x_wconf 81' lang='lat' dir='ltr'><strong>templantes</strong></span> <span class='ocrx_word' id='word_1_196' title='bbox 513 1553 520 1565; x_wconf 87' lang='lat'><strong><em>.</em></strong></span> <span class='ocrx_word' id='word_1_197' title='bbox 555 1534 673 1562; x_wconf 61' lang='lat' dir='ltr'><strong>meliuv</strong></span> <span class='ocrx_word' id='word_1_198' title='bbox 688 1542 721 1562; x_wconf 88' lang='lat' dir='ltr'><strong>ac</strong></span> <span class='ocrx_word' id='word_1_199' title='bbox 751 1533 856 1562; x_wconf 88' lang='lat' dir='ltr'><strong>rectius</strong></span> <span class='ocrx_word' id='word_1_200' title='bbox 885 1534 1012 1569; x_wconf 79' lang='lat' dir='ltr'><strong>judicare</strong></span> <span class='ocrx_word' id='word_1_201' title='bbox 1031 1554 1038 1566; x_wconf 86' lang='lat'><strong>,</strong></span> <span class='ocrx_word' id='word_1_202' title='bbox 1056 1535 1130 1562; x_wconf 76' lang='lat' dir='ltr'><strong>veri-</strong></span> 
     </span>
    </p>
   </div>
   <div class='ocr_carea' id='block_1_30' title="bbox 336 1580 1129 1616">
    <p class='ocr_par' dir='ltr' id='par_1_30' title="bbox 336 1580 1129 1616">
     <span class='ocr_line' id='line_1_30' title="bbox 336 1580 1129 1616; baseline 0.001 -9"><span class='ocrx_word' id='word_1_203' title='bbox 336 1584 476 1616; x_wconf 84' lang='lat' dir='ltr'><strong>tatemque</strong></span> <span class='ocrx_word' id='word_1_204' title='bbox 503 1580 605 1608; x_wconf 88' lang='lat' dir='ltr'><strong>clarius</strong></span> <span class='ocrx_word' id='word_1_205' title='bbox 644 1580 801 1615; x_wconf 82' lang='lat' dir='ltr'><strong>perspicere</strong></span> <span class='ocrx_word' id='word_1_206' title='bbox 841 1581 994 1615; x_wconf 82' lang='lat' dir='ltr'><strong>poterimus</strong></span> <span class='ocrx_word' id='word_1_207' title='bbox 1022 1590 1030 1614; x_wconf 85' lang='lat'><strong>-,</strong></span> <span class='ocrx_word' id='word_1_208' title='bbox 1067 1588 1129 1608; x_wconf 89' lang='lat' dir='ltr'><strong>cum</strong></span> 
     </span>
    </p>
   </div>
   <div class='ocr_carea' id='block_1_31' title="bbox 334 1627 1129 1663">
    <p class='ocr_par' dir='ltr' id='par_1_31' title="bbox 334 1627 1129 1663">
     <span class='ocr_line' id='line_1_31' title="bbox 334 1627 1129 1663; baseline 0 -8"><span class='ocrx_word' id='word_1_209' title='bbox 334 1627 405 1656; x_wconf 84' lang='lat' dir='ltr'><strong>alias</strong></span> <span class='ocrx_word' id='word_1_210' title='bbox 428 1628 532 1656; x_wconf 87' lang='lat' dir='ltr'><strong>nostris</strong></span> <span class='ocrx_word' id='word_1_211' title='bbox 546 1628 590 1654; x_wconf 88' lang='lat' dir='ltr'><strong>his</strong></span> <span class='ocrx_word' id='word_1_212' title='bbox 600 1627 729 1655; x_wconf 84' lang='lat' dir='ltr'><strong>hostibus</strong></span> <span class='ocrx_word' id='word_1_213' title='bbox 741 1628 859 1656; x_wconf 84' lang='lat' dir='ltr'><strong>nimium</strong></span> <span class='ocrx_word' id='word_1_214' title='bbox 883 1628 1028 1663; x_wconf 83' lang='lat' dir='ltr'><strong>indulgere</strong></span> <span class='ocrx_word' id='word_1_215' title='bbox 1041 1628 1129 1655; x_wconf 89' lang='lat' dir='ltr'><strong>solea-</strong></span> 
     </span>
    </p>
   </div>
   <div class='ocr_carea' id='block_1_32' title="bbox 333 1672 1128 1706">
    <p class='ocr_par' dir='ltr' id='par_1_32' title="bbox 333 1672 1128 1706">
     <span class='ocr_line' id='line_1_32' title="bbox 333 1672 1128 1706; baseline -0.001 -6"><span class='ocrx_word' id='word_1_216' title='bbox 333 1681 407 1700; x_wconf 81' lang='lat' dir='ltr'><strong>mus.</strong></span> <span class='ocrx_word' id='word_1_217' title='bbox 422 1672 509 1706; x_wconf 87' lang='lat' dir='ltr'><strong>Quam</strong></span> <span class='ocrx_word' id='word_1_218' title='bbox 533 1672 569 1700; x_wconf 89' lang='lat' dir='ltr'><strong>ob</strong></span> <span class='ocrx_word' id='word_1_219' title='bbox 588 1680 646 1700; x_wconf 83' lang='lat' dir='ltr'><strong>rem</strong></span> <span class='ocrx_word' id='word_1_220' title='bbox 662 1672 794 1700; x_wconf 81' lang='lat' dir='ltr'><strong>audacter</strong></span> <span class='ocrx_word' id='word_1_221' title='bbox 814 1672 951 1700; x_wconf 82' lang='lat' dir='ltr'><strong>affirmare</strong></span> <span class='ocrx_word' id='word_1_222' title='bbox 976 1680 1030 1700; x_wconf 92' lang='lat' dir='ltr'><strong>non</strong></span> <span class='ocrx_word' id='word_1_223' title='bbox 1045 1673 1128 1699; x_wconf 89' lang='lat' dir='ltr'><strong>dubi-</strong></span> 
     </span>
    </p>
   </div>
   <div class='ocr_carea' id='block_1_33' title="bbox 335 1718 1129 1753">
    <p class='ocr_par' dir='ltr' id='par_1_33' title="bbox 335 1718 1129 1753">
     <span class='ocr_line' id='line_1_33' title="bbox 335 1718 1129 1753; baseline 0 -8"><span class='ocrx_word' id='word_1_224' title='bbox 335 1723 436 1751; x_wconf 88' lang='lat' dir='ltr'><strong>tamus,</strong></span> <span class='ocrx_word' id='word_1_225' title='bbox 455 1725 504 1745; x_wconf 86' lang='lat' dir='ltr'><strong>eos</strong></span> <span class='ocrx_word' id='word_1_226' title='bbox 529 1718 576 1753; x_wconf 83' lang='lat' dir='ltr'><strong>qui</strong></span> <span class='ocrx_word' id='word_1_227' title='bbox 606 1718 673 1753; x_wconf 87' lang='lat' dir='ltr'><strong>ipsis</strong></span> <span class='ocrx_word' id='word_1_228' title='bbox 702 1718 854 1749; x_wconf 61' lang='lat' dir='ltr'><strong>adhaerent.</strong></span> <span class='ocrx_word' id='word_1_229' title='bbox 886 1722 1032 1752; x_wconf 88' lang='lat' dir='ltr'><strong>propterea</strong></span> <span class='ocrx_word' id='word_1_230' title='bbox 1065 1718 1129 1753; x_wconf 87' lang='lat' dir='ltr'><strong>quia</strong></span> 
     </span>
    </p>
   </div>
   <div class='ocr_carea' id='block_1_34' title="bbox 334 1762 1130 1797">
    <p class='ocr_par' dir='ltr' id='par_1_34' title="bbox 334 1762 1130 1797">
     <span class='ocr_line' id='line_1_34' title="bbox 334 1762 1130 1797; baseline 0.001 -8"><span class='ocrx_word' id='word_1_231' title='bbox 334 1765 442 1789; x_wconf 88' lang='lat' dir='ltr'><strong>rectum</strong></span> <span class='ocrx_word' id='word_1_232' title='bbox 462 1769 559 1789; x_wconf 88' lang='lat' dir='ltr'><strong>eorum</strong></span> <span class='ocrx_word' id='word_1_233' title='bbox 583 1762 682 1797; x_wconf 80' lang='lat' dir='ltr'><strong>dogma</strong></span> <span class='ocrx_word' id='word_1_234' title='bbox 708 1766 816 1797; x_wconf 87' lang='lat' dir='ltr'><strong>putant,</strong></span> <span class='ocrx_word' id='word_1_235' title='bbox 830 1762 941 1789; x_wconf 83' lang='lat' dir='ltr'><strong>etiamsi</strong></span> <span class='ocrx_word' id='word_1_236' title='bbox 961 1770 1057 1790; x_wconf 88' lang='lat' dir='ltr'><strong>revera</strong></span> <span class='ocrx_word' id='word_1_237' title='bbox 1073 1771 1130 1790; x_wconf 88' lang='lat' dir='ltr'><strong>ma-</strong></span> 
     </span>
    </p>
   </div>
   <div class='ocr_carea' id='block_1_35' title="bbox 333 1807 1131 1844">
    <p class='ocr_par' dir='ltr' id='par_1_35' title="bbox 333 1807 1131 1844">
     <span class='ocr_line' id='line_1_35' title="bbox 333 1807 1131 1844; baseline 0.003 -10"><span class='ocrx_word' id='word_1_238' title='bbox 333 1807 390 1835; x_wconf 93' lang='lat' dir='ltr'><strong>lum</strong></span> <span class='ocrx_word' id='word_1_239' title='bbox 404 1807 440 1835; x_wconf 84' lang='lat' dir='ltr'><strong>sit</strong></span> <span class='ocrx_word' id='word_1_240' title='bbox 453 1815 486 1835; x_wconf 88' lang='lat' dir='ltr'><strong>ac</strong></span> <span class='ocrx_word' id='word_1_241' title='bbox 499 1808 569 1836; x_wconf 85' lang='lat' dir='ltr'><strong>male</strong></span> <span class='ocrx_word' id='word_1_242' title='bbox 587 1809 728 1836; x_wconf 88' lang='lat' dir='ltr'><strong>sentiant:</strong></span> <span class='ocrx_word' id='word_1_243' title='bbox 744 1809 893 1844; x_wconf 85' lang='lat' dir='ltr'><strong>impietatis</strong></span> <span class='ocrx_word' id='word_1_244' title='bbox 909 1813 1002 1836; x_wconf 91' lang='lat' dir='ltr'><strong>notam</strong></span> <span class='ocrx_word' id='word_1_245' title='bbox 1020 1809 1131 1837; x_wconf 85' lang='lat' dir='ltr'><strong>subitu-</strong></span> 
     </span>
    </p>
   </div>
   <div class='ocr_carea' id='block_1_36' title="bbox 333 1855 1130 1886">
    <p class='ocr_par' dir='ltr' id='par_1_36' title="bbox 333 1855 1130 1886">
     <span class='ocr_line' id='line_1_36' title="bbox 333 1855 1130 1886; baseline 0.005 -6"><span class='ocrx_word' id='word_1_246' title='bbox 333 1861 381 1881; x_wconf 86' lang='lat' dir='ltr'><strong>ros</strong></span> <span class='ocrx_word' id='word_1_247' title='bbox 397 1861 452 1881; x_wconf 90' lang='lat' dir='ltr'><strong>non</strong></span> <span class='ocrx_word' id='word_1_248' title='bbox 471 1861 532 1882; x_wconf 84' lang='lat' dir='ltr'><strong>esse</strong></span> <span class='ocrx_word' id='word_1_249' title='bbox 547 1873 555 1886; x_wconf 93' lang='lat'><strong>,</strong></span> <span class='ocrx_word' id='word_1_250' title='bbox 577 1861 639 1882; x_wconf 92' lang='lat' dir='ltr'><strong>cum</strong></span> <span class='ocrx_word' id='word_1_251' title='bbox 659 1855 732 1883; x_wconf 88' lang='lat' dir='ltr'><strong>Deus</strong></span> <span class='ocrx_word' id='word_1_252' title='bbox 755 1856 848 1884; x_wconf 89' lang='lat' dir='ltr'><strong>cordis</strong></span> <span class='ocrx_word' id='word_1_253' title='bbox 866 1856 962 1883; x_wconf 88' lang='lat' dir='ltr'><strong>intima</strong></span> <span class='ocrx_word' id='word_1_254' title='bbox 977 1861 1006 1884; x_wconf 91' lang='lat' dir='ltr'><strong>et</strong></span> <span class='ocrx_word' id='word_1_255' title='bbox 1021 1856 1130 1884; x_wconf 88' lang='lat' dir='ltr'><strong>occulta</strong></span> 
     </span>
    </p>
   </div>
   <div class='ocr_carea' id='block_1_37' title="bbox 332 1898 1130 1937">
    <p class='ocr_par' dir='ltr' id='par_1_37' title="bbox 332 1898 1130 1937">
     <span class='ocr_line' id='line_1_37' title="bbox 332 1898 1130 1937; baseline 0.005 -11"><span class='ocrx_word' id='word_1_256' title='bbox 332 1898 507 1936; x_wconf 73' lang='lat' dir='ltr'><strong>iudicaturus</strong></span> <span class='ocrx_word' id='word_1_257' title='bbox 519 1900 644 1928; x_wconf 84' lang='lat' dir='ltr'><strong>accedet.</strong></span> <span class='ocrx_word' id='word_1_258' title='bbox 662 1910 672 1927; x_wconf 76' lang='grc' dir='ltr'><strong>ι</strong></span> <span class='ocrx_word' id='word_1_259' title='bbox 687 1901 755 1929; x_wconf 90' lang='lat' dir='ltr'><strong>Cum</strong></span> <span class='ocrx_word' id='word_1_260' title='bbox 770 1902 862 1935; x_wconf 87' lang='lat' dir='ltr'><strong>enim,</strong></span> <span class='ocrx_word' id='word_1_261' title='bbox 886 1902 941 1935; x_wconf 85' lang='lat' dir='ltr'><strong>ait,</strong></span> <span class='ocrx_word' id='word_1_262' title='bbox 955 1910 1047 1930; x_wconf 91' lang='lat' dir='ltr'><strong>coram</strong></span> <span class='ocrx_word' id='word_1_263' title='bbox 1070 1903 1130 1937; x_wconf 88' lang='lat' dir='ltr'><strong>ipso</strong></span> 
     </span>
    </p>
   </div>
   <div class='ocr_carea' id='block_1_38' title="bbox 332 1946 1130 1983">
    <p class='ocr_par' dir='ltr' id='par_1_38' title="bbox 332 1946 1130 1983">
     <span class='ocr_line' id='line_1_38' title="bbox 332 1946 1130 1983; baseline 0.005 -11"><span class='ocrx_word' id='word_1_264' title='bbox 332 1952 495 1980; x_wconf 88' lang='lat' dir='ltr'><strong>persuasum</strong></span> <span class='ocrx_word' id='word_1_265' title='bbox 510 1946 596 1973; x_wconf 86' lang='lat' dir='ltr'><strong>fuerit</strong></span> <span class='ocrx_word' id='word_1_266' title='bbox 609 1954 658 1975; x_wconf 89' lang='lat' dir='ltr'><strong>cor</strong></span> <span class='ocrx_word' id='word_1_267' title='bbox 683 1952 819 1980; x_wconf 88' lang='lat' dir='ltr'><strong>nostrum,</strong></span> <span class='ocrx_word' id='word_1_268' title='bbox 840 1956 930 1983; x_wconf 90' lang='lat' dir='ltr'><strong>neque</strong></span> <span class='ocrx_word' id='word_1_269' title='bbox 957 1948 1130 1976; x_wconf 87' lang='lat' dir='ltr'><strong>conscientia</strong></span> 
     </span>
    </p>
   </div>
   <div class='ocr_carea' id='block_1_39' title="bbox 332 1992 1128 2030">
    <p class='ocr_par' dir='ltr' id='par_1_39' title="bbox 332 1992 1128 2030">
     <span class='ocr_line' id='line_1_39' title="bbox 332 1992 1128 2030; baseline 0.006 -13"><span class='ocrx_word' id='word_1_270' title='bbox 332 1996 429 2018; x_wconf 89' lang='lat' dir='ltr'><strong>nostra</strong></span> <span class='ocrx_word' id='word_1_271' title='bbox 442 1999 493 2019; x_wconf 90' lang='lat' dir='ltr'><strong>nos</strong></span> <span class='ocrx_word' id='word_1_272' title='bbox 512 1992 623 2020; x_wconf 82' lang='lat' dir='ltr'><strong>mordet</strong></span> <span class='ocrx_word' id='word_1_273' title='bbox 637 2001 644 2026; x_wconf 91' lang='lat'><strong>;</strong></span> <span class='ocrx_word' id='word_1_274' title='bbox 658 1993 731 2021; x_wconf 85' lang='lat' dir='ltr'><strong>Deus</strong></span> <span class='ocrx_word' id='word_1_275' title='bbox 749 1994 836 2030; x_wconf 86' lang='lat' dir='ltr'><strong>major</strong></span> <span class='ocrx_word' id='word_1_276' title='bbox 858 2000 902 2022; x_wconf 88' lang='lat' dir='ltr'><strong>est</strong></span> <span class='ocrx_word' id='word_1_277' title='bbox 919 1995 1003 2023; x_wconf 88' lang='lat' dir='ltr'><strong>corde</strong></span> <span class='ocrx_word' id='word_1_278' title='bbox 1020 1999 1128 2027; x_wconf 82' lang='lat' dir='ltr'><strong>nostro,</strong></span> 
     </span>
    </p>
   </div>
   <div class='ocr_carea' id='block_1_40' title="bbox 333 2037 1128 2072">
    <p class='ocr_par' dir='ltr' id='par_1_40' title="bbox 333 2037 1128 2072">
     <span class='ocr_line' id='line_1_40' title="bbox 333 2037 1128 2072; baseline 0.006 -9"><span class='ocrx_word' id='word_1_279' title='bbox 333 2037 521 2072; x_wconf 87' lang='lat' dir='ltr'><strong>perspicitque</strong></span> <span class='ocrx_word' id='word_1_280' title='bbox 539 2039 645 2066; x_wconf 90' lang='lat' dir='ltr'><strong>omnia.</strong></span> <span class='ocrx_word' id='word_1_281' title='bbox 660 2048 670 2064; x_wconf 71' lang='grc' dir='ltr'><strong>ι</strong></span> <span class='ocrx_word' id='word_1_282' title='bbox 693 2039 727 2066; x_wconf 85' lang='lat' dir='ltr'><strong>At</strong></span> <span class='ocrx_word' id='word_1_283' title='bbox 747 2040 770 2067; x_wconf 89' lang='lat' dir='ltr'><strong>si</strong></span> <span class='ocrx_word' id='word_1_284' title='bbox 787 2040 913 2068; x_wconf 83' lang='lat' dir='ltr'><strong>veritatis</strong></span> <span class='ocrx_word' id='word_1_285' title='bbox 928 2041 1049 2068; x_wconf 72' lang='lat' dir='ltr'><strong>Verbum</strong></span> <span class='ocrx_word' id='word_1_286' title='bbox 1067 2048 1128 2069; x_wconf 89' lang='lat' dir='ltr'><strong>sese</strong></span> 
     </span>
    </p>
   </div>
   <div class='ocr_carea' id='block_1_41' title="bbox 332 2081 1128 2119">
    <p class='ocr_par' dir='ltr' id='par_1_41' title="bbox 332 2081 1128 2119">
     <span class='ocr_line' id='line_1_41' title="bbox 332 2081 1128 2119; baseline 0.006 -11"><span class='ocrx_word' id='word_1_287' title='bbox 332 2081 407 2109; x_wconf 81' lang='lat' dir='ltr'><strong>clare</strong></span> <span class='ocrx_word' id='word_1_288' title='bbox 427 2082 510 2110; x_wconf 89' lang='lat' dir='ltr'><strong>nobis</strong></span> <span class='ocrx_word' id='word_1_289' title='bbox 525 2083 675 2117; x_wconf 88' lang='lat' dir='ltr'><strong>patefacit,</strong></span> <span class='ocrx_word' id='word_1_290' title='bbox 700 2089 866 2119; x_wconf 89' lang='lat' dir='ltr'><strong>nostrasque</strong></span> <span class='ocrx_word' id='word_1_291' title='bbox 889 2091 998 2114; x_wconf 82' lang='lat' dir='ltr'><strong>mentes</strong></span> <span class='ocrx_word' id='word_1_292' title='bbox 1022 2086 1128 2114; x_wconf 86' lang='lat' dir='ltr'><strong>lumine</strong></span> 
     </span>
    </p>
   </div>
   <div class='ocr_carea' id='block_1_42' title="bbox 332 2129 1129 2167">
    <p class='ocr_par' dir='ltr' id='par_1_42' title="bbox 332 2129 1129 2167">
     <span class='ocr_line' id='line_1_42' title="bbox 332 2129 1129 2167; baseline 0.008 -12"><span class='ocrx_word' id='word_1_293' title='bbox 332 2136 384 2156; x_wconf 83' lang='lat' dir='ltr'><strong>suo</strong></span> <span class='ocrx_word' id='word_1_294' title='bbox 399 2129 542 2164; x_wconf 80' lang='lat' dir='ltr'><strong>perfundit</strong></span> <span class='ocrx_word' id='word_1_295' title='bbox 555 2138 624 2162; x_wconf 86' lang='lat' dir='ltr'><strong>;nos</strong></span> <span class='ocrx_word' id='word_1_296' title='bbox 634 2136 732 2158; x_wconf 91' lang='lat' dir='ltr'><strong>contra</strong></span> <span class='ocrx_word' id='word_1_297' title='bbox 752 2132 908 2160; x_wconf 87' lang='lat' dir='ltr'><strong>claudimns</strong></span> <span class='ocrx_word' id='word_1_298' title='bbox 919 2133 1026 2166; x_wconf 90' lang='lat' dir='ltr'><strong>oculos,</strong></span> <span class='ocrx_word' id='word_1_299' title='bbox 1039 2133 1129 2167; x_wconf 88' lang='lat' dir='ltr'><strong>_obtu-</strong></span> 
     </span>
    </p>
   </div>
   <div class='ocr_carea' id='block_1_43' title="bbox 332 2178 1129 2212">
    <p class='ocr_par' dir='ltr' id='par_1_43' title="bbox 332 2178 1129 2212">
     <span class='ocr_line' id='line_1_43' title="bbox 332 2178 1129 2212; baseline 0.006 -11"><span class='ocrx_word' id='word_1_300' title='bbox 332 2182 484 2209; x_wconf 83' lang='lat' dir='ltr'><strong>ramusque</strong></span> <span class='ocrx_word' id='word_1_301' title='bbox 514 2180 624 2203; x_wconf 82' lang='lat' dir='ltr'><strong>nostras</strong></span> <span class='ocrx_word' id='word_1_302' title='bbox 650 2183 732 2204; x_wconf 87' lang='lat' dir='ltr'><strong>aures</strong></span> <span class='ocrx_word' id='word_1_303' title='bbox 761 2183 859 2212; x_wconf 89' lang='lat' dir='ltr'><strong>sponte</strong></span> <span class='ocrx_word' id='word_1_304' title='bbox 882 2178 959 2206; x_wconf 92' lang='lat' dir='ltr'><strong>surdi</strong></span> <span class='ocrx_word' id='word_1_305' title='bbox 985 2178 1129 2206; x_wconf 73' lang='lat' dir='ltr'><strong>evadendo</strong></span> 
     </span>
    </p>
   </div>
   <div class='ocr_carea' id='block_1_44' title="bbox 950 236 1330 267">
    <p class='ocr_par' dir='ltr' id='par_1_44' title="bbox 950 236 1330 267">
     <span class='ocr_line' id='line_1_44' title="bbox 950 236 1330 267; baseline -0.003 0"><span class='ocrx_word' id='word_1_306' title='bbox 950 237 1106 267; x_wconf 73' lang='lat' dir='ltr'><strong>LEONTIl</strong></span> <span class='ocrx_word' id='word_1_307' title='bbox 1126 236 1330 266; x_wconf 68' lang='lat' dir='ltr'><strong>BYZANTINI</strong></span> 
     </span>
    </p>
   </div>
   <div class='ocr_carea' id='block_1_45' title="bbox 1909 234 1978 267">
    <p class='ocr_par' dir='ltr' id='par_1_45' title="bbox 1909 234 1978 267">
     <span class='ocr_line' id='line_1_45' title="bbox 1909 234 1978 267; baseline 0 -1"><span class='ocrx_word' id='word_1_308' title='bbox 1909 234 1978 267; x_wconf 76' lang='lat'><strong>1892</strong></span> 
     </span>
    </p>
   </div>
   <div class='ocr_carea' id='block_1_46' title="bbox 1146 293 1976 332">
    <p class='ocr_par' dir='ltr' id='par_1_46' title="bbox 1146 293 1976 332">
     <span class='ocr_line' id='line_1_46' title="bbox 1146 293 1976 332; baseline -0.004 -9"><span class='ocrx_word' id='word_1_309' title='bbox 1146 296 1171 325; x_wconf 84' lang='grc' dir='ltr'><strong>Λ</strong></span> <span class='ocrx_word' id='word_1_310' title='bbox 1186 296 1261 332; x_wconf 79' lang='grc' dir='ltr'>παρὰ</span> <span class='ocrx_word' id='word_1_311' title='bbox 1279 295 1364 327; x_wconf 74' lang='grc' dir='ltr'>πόδας</span> <span class='ocrx_word' id='word_1_312' title='bbox 1383 295 1431 331; x_wconf 82' lang='grc' dir='ltr'>τῆς</span> <span class='ocrx_word' id='word_1_313' title='bbox 1453 294 1547 330; x_wconf 76' lang='grc' dir='ltr'>κλίνης</span> <span class='ocrx_word' id='word_1_314' title='bbox 1565 293 1732 329; x_wconf 72' lang='grc' dir='ltr'><strong>τελουμένης</strong></span> <span class='ocrx_word' id='word_1_315' title='bbox 1747 293 1840 326; x_wconf 75' lang='grc' dir='ltr'>αὖτοῖς</span> <span class='ocrx_word' id='word_1_316' title='bbox 1866 295 1976 329; x_wconf 78' lang='grc' dir='ltr'>ἱερουρ-</span> 
     </span>
    </p>
   </div>
   <div class='ocr_carea' id='block_1_47' title="bbox 1183 340 1975 377">
    <p class='ocr_par' dir='ltr' id='par_1_47' title="bbox 1183 340 1975 377">
     <span class='ocr_line' id='line_1_47' title="bbox 1183 340 1975 377; baseline -0.003 -8"><span class='ocrx_word' id='word_1_317' title='bbox 1183 343 1246 377; x_wconf 83' lang='grc' dir='ltr'>γίας</span> <span class='ocrx_word' id='word_1_318' title='bbox 1260 343 1323 374; x_wconf 71' lang='grc' dir='ltr'>τοὺς</span> <span class='ocrx_word' id='word_1_319' title='bbox 1339 341 1451 377; x_wconf 70' lang='grc' dir='ltr'>μισθοὺς</span> <span class='ocrx_word' id='word_1_320' title='bbox 1466 340 1680 373; x_wconf 74' lang='grc' dir='ltr'>ἀποϐλέποντες,</span> <span class='ocrx_word' id='word_1_321' title='bbox 1698 340 1813 371; x_wconf 74' lang='grc' dir='ltr'>καὶτοῖς</span> <span class='ocrx_word' id='word_1_322' title='bbox 1828 340 1975 375; x_wconf 80' lang='grc' dir='ltr'>μηνιαίοις,</span> 
     </span>
    </p>
   </div>
   <div class='ocr_carea' id='block_1_48' title="bbox 1183 386 1976 425">
    <p class='ocr_par' dir='ltr' id='par_1_48' title="bbox 1183 386 1976 425">
     <span class='ocr_line' id='line_1_48' title="bbox 1183 386 1976 425; baseline -0.004 -9"><span class='ocrx_word' id='word_1_323' title='bbox 1183 389 1231 416; x_wconf 76' lang='grc' dir='ltr'>καὶ</span> <span class='ocrx_word' id='word_1_324' title='bbox 1245 389 1363 425; x_wconf 77' lang='grc' dir='ltr'><strong>ἐτησίοις</strong></span> <span class='ocrx_word' id='word_1_325' title='bbox 1379 388 1486 423; x_wconf 74' lang='grc' dir='ltr'>ἐράνοις</span> <span class='ocrx_word' id='word_1_326' title='bbox 1503 387 1697 420; x_wconf 74' lang='grc' dir='ltr'>ἐπελπίζουσι;</span> <span class='ocrx_word' id='word_1_327' title='bbox 1711 387 1823 414; x_wconf 79' lang='grc' dir='ltr'>Δέδοικα</span> <span class='ocrx_word' id='word_1_328' title='bbox 1838 386 1927 421; x_wconf 84' lang='grc' dir='ltr'>λέγειν</span> <span class='ocrx_word' id='word_1_329' title='bbox 1943 387 1976 414; x_wconf 70' lang='grc' dir='ltr'><strong>τὰ</strong></span> 
     </span>
    </p>
   </div>
   <div class='ocr_carea' id='block_1_49' title="bbox 1183 433 1977 470">
    <p class='ocr_par' dir='ltr' id='par_1_49' title="bbox 1183 433 1977 470">
     <span class='ocr_line' id='line_1_49' title="bbox 1183 433 1977 470; baseline -0.003 -9"><span class='ocrx_word' id='word_1_330' title='bbox 1183 435 1281 466; x_wconf 78' lang='grc' dir='ltr'>πλείω,</span> <span class='ocrx_word' id='word_1_331' title='bbox 1301 435 1337 469; x_wconf 79' lang='grc' dir='ltr'><strong>μή</strong></span> <span class='ocrx_word' id='word_1_332' title='bbox 1358 443 1418 465; x_wconf 84' lang='grc' dir='ltr'>πως</span> <span class='ocrx_word' id='word_1_333' title='bbox 1437 434 1483 460; x_wconf 80' lang='grc' dir='ltr'>καὶ</span> <span class='ocrx_word' id='word_1_334' title='bbox 1503 433 1628 470; x_wconf 77' lang='grc' dir='ltr'>βεὸή).οις</span> <span class='ocrx_word' id='word_1_335' title='bbox 1647 433 1876 469; x_wconf 76' lang='grc' dir='ltr'>θριαμϐευθῶμεν</span> <span class='ocrx_word' id='word_1_336' title='bbox 1891 433 1977 468; x_wconf 74' lang='grc' dir='ltr'>οίτῆν</span> 
     </span>
    </p>
   </div>
   <div class='ocr_carea' id='block_1_50' title="bbox 1184 479 1976 516">
    <p class='ocr_par' dir='ltr' id='par_1_50' title="bbox 1184 479 1976 516">
     <span class='ocr_line' id='line_1_50' title="bbox 1184 479 1976 516; baseline -0.001 -9"><span class='ocrx_word' id='word_1_337' title='bbox 1184 481 1321 516; x_wconf 80' lang='grc' dir='ltr'>μόρφησιν</span> <span class='ocrx_word' id='word_1_338' title='bbox 1337 480 1446 515; x_wconf 74' lang='grc' dir='ltr'>ἔχοντες</span> <span class='ocrx_word' id='word_1_339' title='bbox 1459 480 1508 514; x_wconf 82' lang='grc' dir='ltr'>τῆς</span> <span class='ocrx_word' id='word_1_340' title='bbox 1525 479 1679 511; x_wconf 71' lang='grc' dir='ltr'>εὐσεϐείας,</span> <span class='ocrx_word' id='word_1_341' title='bbox 1693 479 1743 514; x_wconf 80' lang='grc' dir='ltr'>τὴν</span> <span class='ocrx_word' id='word_1_342' title='bbox 1755 479 1782 506; x_wconf 82' lang='grc' dir='ltr'>δὲ</span> <span class='ocrx_word' id='word_1_343' title='bbox 1796 479 1911 514; x_wconf 77' lang='grc' dir='ltr'>δύναμιν</span> <span class='ocrx_word' id='word_1_344' title='bbox 1924 480 1976 515; x_wconf 77' lang='grc' dir='ltr'><strong>ἡρ-</strong></span> 
     </span>
    </p>
   </div>
   <div class='ocr_carea' id='block_1_51' title="bbox 1182 525 1977 563">
    <p class='ocr_par' dir='ltr' id='par_1_51' title="bbox 1182 525 1977 563">
     <span class='ocr_line' id='line_1_51' title="bbox 1182 525 1977 563; baseline -0.003 -9"><span class='ocrx_word' id='word_1_345' title='bbox 1182 527 1315 563; x_wconf 66' lang='grc' dir='ltr'>νημένου</span> <span class='ocrx_word' id='word_1_346' title='bbox 1343 527 1431 553; x_wconf 82' lang='grc' dir='ltr'>πολλὰ</span> <span class='ocrx_word' id='word_1_347' title='bbox 1456 525 1511 562; x_wconf 79' lang='grc' dir='ltr'><strong>γὰρ</strong></span> <span class='ocrx_word' id='word_1_348' title='bbox 1535 527 1668 561; x_wconf 73' lang='grc' dir='ltr'><strong>πταίομεν</strong></span> <span class='ocrx_word' id='word_1_349' title='bbox 1690 527 1820 558; x_wconf 74' lang='grc' dir='ltr'>ἅπαντες.</span> <span class='ocrx_word' id='word_1_350' title='bbox 1846 527 1901 553; x_wconf 79' lang='grc' dir='ltr'><strong>Καὶ</strong></span> <span class='ocrx_word' id='word_1_351' title='bbox 1923 526 1977 561; x_wconf 75' lang='grc' dir='ltr'><strong>γὰρ</strong></span> 
     </span>
    </p>
   </div>
   <div class='ocr_carea' id='block_1_52' title="bbox 1184 573 1976 610">
    <p class='ocr_par' dir='ltr' id='par_1_52' title="bbox 1184 573 1976 610">
     <span class='ocr_line' id='line_1_52' title="bbox 1184 573 1976 610; baseline -0.003 -9"><span class='ocrx_word' id='word_1_352' title='bbox 1184 574 1279 610; x_wconf 80' lang='grc' dir='ltr'>μισθὸς</span> <span class='ocrx_word' id='word_1_353' title='bbox 1293 573 1340 600; x_wconf 69' lang='grc' dir='ltr'>τοῦ</span> <span class='ocrx_word' id='word_1_354' title='bbox 1356 573 1471 610; x_wconf 77' lang='grc' dir='ltr'><strong>λουτροῦ</strong></span> <span class='ocrx_word' id='word_1_355' title='bbox 1487 573 1540 607; x_wconf 77' lang='grc' dir='ltr'>τῆς</span> <span class='ocrx_word' id='word_1_356' title='bbox 1561 573 1683 608; x_wconf 79' lang='grc' dir='ltr'>χάριτος,</span> <span class='ocrx_word' id='word_1_357' title='bbox 1703 574 1750 599; x_wconf 82' lang='grc' dir='ltr'>καὶ</span> <span class='ocrx_word' id='word_1_358' title='bbox 1767 574 1822 600; x_wconf 77' lang='grc' dir='ltr'><strong>ἀπὸ</strong></span> <span class='ocrx_word' id='word_1_359' title='bbox 1845 573 1929 608; x_wconf 75' lang='grc' dir='ltr'>τιμῆς</span> <span class='ocrx_word' id='word_1_360' title='bbox 1944 573 1976 599; x_wconf 81' lang='grc' dir='ltr'>ἐκ</span> 
     </span>
    </p>
   </div>
   <div class='ocr_carea' id='block_1_53' title="bbox 1185 618 1975 656">
    <p class='ocr_par' dir='ltr' id='par_1_53' title="bbox 1185 618 1975 656">
     <span class='ocr_line' id='line_1_53' title="bbox 1185 618 1975 656; baseline -0.004 -9"><span class='ocrx_word' id='word_1_361' title='bbox 1185 621 1235 647; x_wconf 80' lang='grc' dir='ltr'>τῶν</span> <span class='ocrx_word' id='word_1_362' title='bbox 1258 619 1393 655; x_wconf 70' lang='grc' dir='ltr'>λειψᾰνων</span> <span class='ocrx_word' id='word_1_363' title='bbox 1415 621 1464 656; x_wconf 73' lang='grc' dir='ltr'>τῆς</span> <span class='ocrx_word' id='word_1_364' title='bbox 1489 619 1563 650; x_wconf 82' lang='grc' dir='ltr'>θείας</span> <span class='ocrx_word' id='word_1_365' title='bbox 1592 620 1701 656; x_wconf 79' lang='grc' dir='ltr'>δωρεᾶς</span> <span class='ocrx_word' id='word_1_366' title='bbox 1717 621 1741 646; x_wconf 88' lang='grc' dir='ltr'>εἱ</span> <span class='ocrx_word' id='word_1_367' title='bbox 1758 618 1975 654; x_wconf 79' lang='grc' dir='ltr'>συμπεφώνηταί</span> 
     </span>
    </p>
   </div>
   <div class='ocr_carea' id='block_1_54' title="bbox 1183 662 1976 703">
    <p class='ocr_par' dir='ltr' id='par_1_54' title="bbox 1183 662 1976 703">
     <span class='ocr_line' id='line_1_54' title="bbox 1183 662 1976 703; baseline -0.006 -8"><span class='ocrx_word' id='word_1_368' title='bbox 1183 676 1221 702; x_wconf 85' lang='grc' dir='ltr'>πη</span> <span class='ocrx_word' id='word_1_369' title='bbox 1236 667 1269 694; x_wconf 79' lang='grc' dir='ltr'>δι’</span> <span class='ocrx_word' id='word_1_370' title='bbox 1282 668 1372 702; x_wconf 81' lang='grc' dir='ltr'>ὑμῶν,</span> <span class='ocrx_word' id='word_1_371' title='bbox 1390 669 1417 694; x_wconf 86' lang='grc' dir='ltr'><strong>τί</strong></span> <span class='ocrx_word' id='word_1_372' title='bbox 1429 668 1526 703; x_wconf 68' lang='grc' dir='ltr'>’ἕτερον</span> <span class='ocrx_word' id='word_1_373' title='bbox 1542 665 1728 700; x_wconf 76' lang='grc' dir='ltr'>ἀκουσόμεθα,</span> <span class='ocrx_word' id='word_1_374' title='bbox 1740 665 1756 701; x_wconf 86' lang='grc' dir='ltr'>ἦ</span> <span class='ocrx_word' id='word_1_375' title='bbox 1770 665 1811 691; x_wconf 83' lang='grc' dir='ltr'>ὅτι</span> <span class='ocrx_word' id='word_1_376' title='bbox 1827 664 1863 691; x_wconf 85' lang='grc' dir='ltr'><strong>Τὸ</strong></span> <span class='ocrx_word' id='word_1_377' title='bbox 1881 662 1976 699; x_wconf 76' lang='grc' dir='ltr'>ὄνομά</span> 
     </span>
    </p>
   </div>
   <div class='ocr_carea' id='block_1_55' title="bbox 1180 710 1975 749">
    <p class='ocr_par' dir='ltr' id='par_1_55' title="bbox 1180 710 1975 749">
     <span class='ocr_line' id='line_1_55' title="bbox 1180 710 1975 749; baseline -0.006 -8"><span class='ocrx_word' id='word_1_378' title='bbox 1180 722 1239 748; x_wconf 78' lang='grc' dir='ltr'>μου</span> <span class='ocrx_word' id='word_1_379' title='bbox 1263 714 1398 749; x_wconf 52' lang='lat' dir='ltr'><strong>atoma»-</strong></span> <span class='ocrx_word' id='word_1_380' title='bbox 1424 713 1648 748; x_wconf 65' lang='grc' dir='ltr'><strong>βλασφημεῖται</strong></span> <span class='ocrx_word' id='word_1_381' title='bbox 1675 712 1710 738; x_wconf 77' lang='grc' dir='ltr'><strong>ἐν</strong></span> <span class='ocrx_word' id='word_1_382' title='bbox 1740 711 1803 744; x_wconf 78' lang='grc' dir='ltr'>τοῖς</span> <span class='ocrx_word' id='word_1_383' title='bbox 1833 710 1975 741; x_wconf 78' lang='grc' dir='ltr'><strong>ἐθνεσιν;</strong></span> 
     </span>
    </p>
   </div>
   <div class='ocr_carea' id='block_1_56' title="bbox 1188 756 1975 795">
    <p class='ocr_par' dir='ltr' id='par_1_56' title="bbox 1188 756 1975 795">
     <span class='ocr_line' id='line_1_56' title="bbox 1188 756 1975 795; baseline -0.008 -8"><span class='ocrx_word' id='word_1_384' title='bbox 1188 760 1314 795; x_wconf 76' lang='grc' dir='ltr'>Ἀρκέσει</span> <span class='ocrx_word' id='word_1_385' title='bbox 1334 760 1401 795; x_wconf 65' lang='grc' dir='ltr'>γοῦν</span> <span class='ocrx_word' id='word_1_386' title='bbox 1426 760 1534 795; x_wconf 77' lang='grc' dir='ltr'>ἑκάστῳ</span> <span class='ocrx_word' id='word_1_387' title='bbox 1551 760 1583 785; x_wconf 84' lang='grc' dir='ltr'>ὲκ</span> <span class='ocrx_word' id='word_1_388' title='bbox 1606 759 1651 786; x_wconf 80' lang='grc' dir='ltr'>τοῦ</span> <span class='ocrx_word' id='word_1_389' title='bbox 1677 758 1743 784; x_wconf 81' lang='grc' dir='ltr'><strong>ἰδίου</strong></span> <span class='ocrx_word' id='word_1_390' title='bbox 1758 756 1902 791; x_wconf 77' lang='grc' dir='ltr'>ὀφθαλμοῦ</span> <span class='ocrx_word' id='word_1_391' title='bbox 1926 756 1975 792; x_wconf 80' lang='grc' dir='ltr'>τὴν</span> 
     </span>
    </p>
   </div>
   <div class='ocr_carea' id='block_1_57' title="bbox 1180 792 1976 842">
    <p class='ocr_par' dir='ltr' id='par_1_57' title="bbox 1180 792 1976 842">
     <span class='ocr_line' id='line_1_57' title="bbox 1180 792 1976 842; baseline -0.006 -9"><span class='ocrx_word' id='word_1_392' title='bbox 1180 792 1257 833; x_wconf 70' lang='grc' dir='ltr'>δοκὸν</span> <span class='ocrx_word' id='word_1_393' title='bbox 1270 792 1402 842; x_wconf 72' lang='grc' dir='ltr'>ἐξαιρεέν,</span> <span class='ocrx_word' id='word_1_394' title='bbox 1418 806 1465 832; x_wconf 72' lang='grc' dir='ltr'>καὶ</span> <span class='ocrx_word' id='word_1_395' title='bbox 1478 792 1539 832; x_wconf 61' lang='grc' dir='ltr'>τότε</span> <span class='ocrx_word' id='word_1_396' title='bbox 1554 804 1718 840; x_wconf 72' lang='grc' dir='ltr'><strong>τρανότερον</strong></span> <span class='ocrx_word' id='word_1_397' title='bbox 1731 804 1761 829; x_wconf 79' lang='grc' dir='ltr'>τὸ</span> <span class='ocrx_word' id='word_1_398' title='bbox 1777 804 1805 829; x_wconf 83' lang='grc' dir='ltr'><strong>ἐν</strong></span> <span class='ocrx_word' id='word_1_399' title='bbox 1821 803 1860 838; x_wconf 81' lang='grc' dir='ltr'><strong>τῷ</strong></span> <span class='ocrx_word' id='word_1_400' title='bbox 1874 801 1976 836; x_wconf 77' lang='grc' dir='ltr'>ὀφθαλ-</span> 
     </span>
    </p>
   </div>
   <div class='ocr_carea' id='block_1_58' title="bbox 1183 849 1976 888">
    <p class='ocr_par' dir='ltr' id='par_1_58' title="bbox 1183 849 1976 888">
     <span class='ocr_line' id='line_1_58' title="bbox 1183 849 1976 888; baseline -0.006 -8"><span class='ocrx_word' id='word_1_401' title='bbox 1183 852 1225 887; x_wconf 88' lang='grc' dir='ltr'>μῷ</span> <span class='ocrx_word' id='word_1_402' title='bbox 1240 853 1346 888; x_wconf 76' lang='grc' dir='ltr'>κάρφος</span> <span class='ocrx_word' id='word_1_403' title='bbox 1363 852 1596 886; x_wconf 81' lang='grc' dir='ltr'>κατανοεῖν,καοἀ</span> <span class='ocrx_word' id='word_1_404' title='bbox 1611 860 1692 886; x_wconf 75' lang='grc' dir='ltr'>φησιν</span> <span class='ocrx_word' id='word_1_405' title='bbox 1710 851 1776 886; x_wconf 83' lang='grc' dir='ltr'>ἡμῖν</span> <span class='ocrx_word' id='word_1_406' title='bbox 1790 850 1804 876; x_wconf 83' lang='grc' dir='ltr'>ὁ</span> <span class='ocrx_word' id='word_1_407' title='bbox 1817 849 1897 884; x_wconf 85' lang='grc' dir='ltr'>μόνος</span> <span class='ocrx_word' id='word_1_408' title='bbox 1909 849 1976 876; x_wconf 86' lang='grc' dir='ltr'><strong>ἀνα-</strong></span> 
     </span>
    </p>
   </div>
   <div class='ocr_carea' id='block_1_59' title="bbox 1182 900 1329 936">
    <p class='ocr_par' dir='ltr' id='par_1_59' title="bbox 1182 900 1329 936">
     <span class='ocr_line' id='line_1_59' title="bbox 1182 900 1329 936; baseline 0 -10"><span class='ocrx_word' id='word_1_409' title='bbox 1182 900 1329 936; x_wconf 79' lang='grc' dir='ltr'>μάρτητος.</span> 
     </span>
    </p>
   </div>
   <div class='ocr_carea' id='block_1_60' title="bbox 1142 964 1166 994">
    <p class='ocr_par' dir='ltr' id='par_1_60' title="bbox 1142 964 1166 994">
     <span class='ocr_line' id='line_1_60' title="bbox 1142 964 1166 994; baseline 0 0"><span class='ocrx_word' id='word_1_410' title='bbox 1142 964 1166 994; x_wconf 91' lang='grc' dir='ltr'>Β</span> 
     </span>
    </p>
   </div>
   <div class='ocr_carea' id='block_1_61' title="bbox 1217 1026 1974 1066">
    <p class='ocr_par' dir='ltr' id='par_1_61' title="bbox 1217 1026 1974 1066">
     <span class='ocr_line' id='line_1_61' title="bbox 1217 1026 1974 1066; baseline 0.001 -12"><span class='ocrx_word' id='word_1_411' title='bbox 1217 1026 1326 1054; x_wconf 78' lang='grc' dir='ltr'><strong>Τούτων</strong></span> <span class='ocrx_word' id='word_1_412' title='bbox 1338 1027 1438 1063; x_wconf 83' lang='grc' dir='ltr'>δὲήμῖν</span> <span class='ocrx_word' id='word_1_413' title='bbox 1452 1030 1501 1055; x_wconf 80' lang='grc' dir='ltr'><strong>σὺν</strong></span> <span class='ocrx_word' id='word_1_414' title='bbox 1511 1028 1570 1063; x_wconf 79' lang='grc' dir='ltr'><strong>Θεῷ</strong></span> <span class='ocrx_word' id='word_1_415' title='bbox 1589 1029 1800 1065; x_wconf 63' lang='grc' dir='ltr'>προιτε]οἑντων</span> <span class='ocrx_word' id='word_1_416' title='bbox 1818 1033 1858 1061; x_wconf 74' lang='grc' dir='ltr'>εἰς</span> <span class='ocrx_word' id='word_1_417' title='bbox 1871 1029 1974 1066; x_wconf 77' lang='grc' dir='ltr'>κρίσιν,</span> 
     </span>
    </p>
   </div>
   <div class='ocr_carea' id='block_1_62' title="bbox 1181 1070 1974 1110">
    <p class='ocr_par' dir='ltr' id='par_1_62' title="bbox 1181 1070 1974 1110">
     <span class='ocr_line' id='line_1_62' title="bbox 1181 1070 1974 1110; baseline 0.001 -10"><span class='ocrx_word' id='word_1_418' title='bbox 1181 1070 1228 1100; x_wconf 66' lang='grc' dir='ltr'>καὶ</span> <span class='ocrx_word' id='word_1_419' title='bbox 1245 1074 1387 1108; x_wconf 65' lang='grc' dir='ltr'>διὰτκεψιν</span> <span class='ocrx_word' id='word_1_420' title='bbox 1406 1076 1489 1101; x_wconf 77' lang='grc' dir='ltr'>πᾶσιν</span> <span class='ocrx_word' id='word_1_421' title='bbox 1512 1075 1681 1110; x_wconf 75' lang='grc' dir='ltr'>ἀνθρώποις.</span> <span class='ocrx_word' id='word_1_422' title='bbox 1713 1075 1894 1110; x_wconf 72' lang='grc' dir='ltr'>δυσοιποῦμεν</span> <span class='ocrx_word' id='word_1_423' title='bbox 1929 1077 1974 1103; x_wconf 78' lang='grc' dir='ltr'><strong>ὲν-</strong></span> 
     </span>
    </p>
   </div>
   <div class='ocr_carea' id='block_1_63' title="bbox 1180 1119 1975 1156">
    <p class='ocr_par' dir='ltr' id='par_1_63' title="bbox 1180 1119 1975 1156">
     <span class='ocr_line' id='line_1_63' title="bbox 1180 1119 1975 1156; baseline 0.003 -11"><span class='ocrx_word' id='word_1_424' title='bbox 1180 1119 1266 1146; x_wconf 82' lang='grc' dir='ltr'>ώπιον</span> <span class='ocrx_word' id='word_1_425' title='bbox 1277 1120 1324 1146; x_wconf 80' lang='grc' dir='ltr'>τοῦ</span> <span class='ocrx_word' id='word_1_426' title='bbox 1340 1121 1390 1156; x_wconf 84' lang='grc' dir='ltr'>τῆς</span> <span class='ocrx_word' id='word_1_427' title='bbox 1405 1121 1536 1156; x_wconf 78' lang='grc' dir='ltr'><strong>ἀληθείας</strong></span> <span class='ocrx_word' id='word_1_428' title='bbox 1548 1121 1634 1156; x_wconf 76' lang='grc' dir='ltr'>Λόγου</span> <span class='ocrx_word' id='word_1_429' title='bbox 1644 1121 1690 1148; x_wconf 80' lang='grc' dir='ltr'>τοῦ</span> <span class='ocrx_word' id='word_1_430' title='bbox 1705 1121 1789 1153; x_wconf 66' lang='lat' dir='ltr'><strong>liv-rw;</strong></span> <span class='ocrx_word' id='word_1_431' title='bbox 1800 1121 1896 1156; x_wconf 83' lang='grc' dir='ltr'><strong>κριτοῦ</strong></span> <span class='ocrx_word' id='word_1_432' title='bbox 1906 1130 1975 1148; x_wconf 80' lang='grc' dir='ltr'>παν-</span> 
     </span>
    </p>
   </div>
   <div class='ocr_carea' id='block_1_64' title="bbox 1180 1165 1973 1203">
    <p class='ocr_par' dir='ltr' id='par_1_64' title="bbox 1180 1165 1973 1203">
     <span class='ocr_line' id='line_1_64' title="bbox 1180 1165 1973 1203; baseline 0.001 -12"><span class='ocrx_word' id='word_1_433' title='bbox 1180 1165 1225 1197; x_wconf 77' lang='grc' dir='ltr'><strong>τὸς</strong></span> <span class='ocrx_word' id='word_1_434' title='bbox 1251 1165 1341 1200; x_wconf 68' lang='grc' dir='ltr'>λόγου,</span> <span class='ocrx_word' id='word_1_435' title='bbox 1359 1167 1406 1194; x_wconf 68' lang='grc' dir='ltr'>καὶ</span> <span class='ocrx_word' id='word_1_436' title='bbox 1431 1167 1525 1202; x_wconf 69' lang='grc' dir='ltr'>ἔργον.</span> <span class='ocrx_word' id='word_1_437' title='bbox 1544 1168 1591 1194; x_wconf 67' lang='grc' dir='ltr'>καὶ</span> <span class='ocrx_word' id='word_1_438' title='bbox 1610 1169 1747 1202; x_wconf 65' lang='grc' dir='ltr'>νοήματος</span> <span class='ocrx_word' id='word_1_439' title='bbox 1763 1167 1853 1203; x_wconf 80' lang='grc' dir='ltr'>ήμῶν,</span> <span class='ocrx_word' id='word_1_440' title='bbox 1871 1167 1973 1194; x_wconf 79' lang='grc' dir='ltr'>αποοέ-</span> 
     </span>
    </p>
   </div>
   <div class='ocr_carea' id='block_1_65' title="bbox 1182 1212 1974 1249">
    <p class='ocr_par' dir='ltr' id='par_1_65' title="bbox 1182 1212 1974 1249">
     <span class='ocr_line' id='line_1_65' title="bbox 1182 1212 1974 1249; baseline 0.001 -11"><span class='ocrx_word' id='word_1_441' title='bbox 1182 1212 1245 1238; x_wconf 88' lang='grc' dir='ltr'>σοαι</span> <span class='ocrx_word' id='word_1_442' title='bbox 1268 1213 1386 1240; x_wconf 75' lang='grc' dir='ltr'>ἕκαστον</span> <span class='ocrx_word' id='word_1_443' title='bbox 1408 1213 1614 1249; x_wconf 72' lang='grc' dir='ltr'>ἐντευξόμενον,</span> <span class='ocrx_word' id='word_1_444' title='bbox 1639 1214 1689 1241; x_wconf 75' lang='grc' dir='ltr'><strong>κᾶν</strong></span> <span class='ocrx_word' id='word_1_445' title='bbox 1704 1223 1734 1241; x_wconf 83' lang='grc' dir='ltr'><strong>τε</strong></span> <span class='ocrx_word' id='word_1_446' title='bbox 1746 1214 1796 1249; x_wconf 79' lang='grc' dir='ltr'>τῆς</span> <span class='ocrx_word' id='word_1_447' title='bbox 1823 1213 1974 1249; x_wconf 76' lang='grc' dir='ltr'>ἡμετέρας,</span> 
     </span>
    </p>
   </div>
   <div class='ocr_carea' id='block_1_66' title="bbox 1182 1257 1974 1296">
    <p class='ocr_par' dir='ltr' id='par_1_66' title="bbox 1182 1257 1974 1296">
     <span class='ocr_line' id='line_1_66' title="bbox 1182 1257 1974 1296; baseline 0 -12"><span class='ocrx_word' id='word_1_448' title='bbox 1182 1257 1233 1284; x_wconf 70' lang='grc' dir='ltr'><strong>κάν</strong></span> <span class='ocrx_word' id='word_1_449' title='bbox 1247 1266 1278 1284; x_wconf 82' lang='grc' dir='ltr'><strong>τε</strong></span> <span class='ocrx_word' id='word_1_450' title='bbox 1291 1257 1342 1292; x_wconf 85' lang='grc' dir='ltr'>τῆς</span> <span class='ocrx_word' id='word_1_451' title='bbox 1362 1258 1506 1293; x_wconf 76' lang='grc' dir='ltr'><strong>ἀλλοτρίας</strong></span> <span class='ocrx_word' id='word_1_452' title='bbox 1552 1259 1632 1294; x_wconf 79' lang='grc' dir='ltr'>δόξης</span> <span class='ocrx_word' id='word_1_453' title='bbox 1641 1260 1690 1295; x_wconf 78' lang='grc' dir='ltr'>τὴν</span> <span class='ocrx_word' id='word_1_454' title='bbox 1705 1259 1744 1291; x_wconf 85' lang='grc' dir='ltr'>ὡς</span> <span class='ocrx_word' id='word_1_455' title='bbox 1764 1259 1828 1295; x_wconf 82' lang='grc' dir='ltr'>παρ’</span> <span class='ocrx_word' id='word_1_456' title='bbox 1852 1259 1974 1290; x_wconf 75' lang='grc' dir='ltr'>οἰκείων,</span> 
     </span>
    </p>
   </div>
   <div class='ocr_carea' id='block_1_67' title="bbox 1181 1302 1974 1340">
    <p class='ocr_par' dir='ltr' id='par_1_67' title="bbox 1181 1302 1974 1340">
     <span class='ocr_line' id='line_1_67' title="bbox 1181 1302 1974 1340; baseline 0.001 -12"><span class='ocrx_word' id='word_1_457' title='bbox 1181 1302 1229 1329; x_wconf 74' lang='grc' dir='ltr'>καὶ</span> <span class='ocrx_word' id='word_1_458' title='bbox 1243 1302 1381 1338; x_wconf 84' lang='grc' dir='ltr'>πολεμίων</span> <span class='ocrx_word' id='word_1_459' title='bbox 1396 1303 1530 1338; x_wconf 71' lang='grc' dir='ltr'>ἀκρόασιν</span> <span class='ocrx_word' id='word_1_460' title='bbox 1546 1304 1601 1331; x_wconf 87' lang='grc' dir='ltr'>τῶν</span> <span class='ocrx_word' id='word_1_461' title='bbox 1621 1305 1785 1340; x_wconf 74' lang='grc' dir='ltr'><strong>εἰρημένων,</strong></span> <span class='ocrx_word' id='word_1_462' title='bbox 1806 1304 1853 1331; x_wconf 68' lang='grc' dir='ltr'><strong>καὶ</strong></span> <span class='ocrx_word' id='word_1_463' title='bbox 1868 1304 1974 1340; x_wconf 84' lang='grc' dir='ltr'>κρίνειν</span> 
     </span>
    </p>
   </div>
   <div class='ocr_carea' id='block_1_68' title="bbox 1179 1349 1977 1386">
    <p class='ocr_par' dir='ltr' id='par_1_68' title="bbox 1179 1349 1977 1386">
     <span class='ocr_line' id='line_1_68' title="bbox 1179 1349 1977 1386; baseline 0.003 -11"><span class='ocrx_word' id='word_1_464' title='bbox 1179 1349 1214 1376; x_wconf 84' lang='grc' dir='ltr'><strong>τὰ</strong></span> <span class='ocrx_word' id='word_1_465' title='bbox 1230 1349 1359 1384; x_wconf 79' lang='grc' dir='ltr'>ρηθέντα,</span> <span class='ocrx_word' id='word_1_466' title='bbox 1378 1349 1417 1382; x_wconf 81' lang='grc' dir='ltr'>ὡς</span> <span class='ocrx_word' id='word_1_467' title='bbox 1437 1350 1514 1384; x_wconf 79' lang='grc' dir='ltr'>παρά</span> <span class='ocrx_word' id='word_1_468' title='bbox 1529 1359 1611 1376; x_wconf 84' lang='grc' dir='ltr'>τινων</span> <span class='ocrx_word' id='word_1_469' title='bbox 1628 1350 1718 1386; x_wconf 81' lang='grc' dir='ltr'><strong>πάντῃ</strong></span> <span class='ocrx_word' id='word_1_470' title='bbox 1735 1351 1884 1385; x_wconf 78' lang='grc' dir='ltr'><strong>ἀγνώστων</strong></span> <span class='ocrx_word' id='word_1_471' title='bbox 1898 1349 1977 1384; x_wconf 80' lang='grc' dir='ltr'>αὐτῷ</span> 
     </span>
    </p>
   </div>
   <div class='ocr_carea' id='block_1_69' title="bbox 1180 1395 1974 1431">
    <p class='ocr_par' dir='ltr' id='par_1_69' title="bbox 1180 1395 1974 1431">
     <span class='ocr_line' id='line_1_69' title="bbox 1180 1395 1974 1431; baseline 0.001 -10"><span class='ocrx_word' id='word_1_472' title='bbox 1180 1395 1236 1421; x_wconf 80' lang='grc' dir='ltr'>τῶν</span> <span class='ocrx_word' id='word_1_473' title='bbox 1261 1395 1396 1431; x_wconf 78' lang='grc' dir='ltr'>ἑκατέρου</span> <span class='ocrx_word' id='word_1_474' title='bbox 1423 1395 1537 1431; x_wconf 73' lang='grc' dir='ltr'>μέρους·</span> <span class='ocrx_word' id='word_1_475' title='bbox 1560 1396 1606 1423; x_wconf 60' lang='grc' dir='ltr'>καὶ</span> <span class='ocrx_word' id='word_1_476' title='bbox 1627 1396 1726 1422; x_wconf 77' lang='grc' dir='ltr'>οὔποτε</span> <span class='ocrx_word' id='word_1_477' title='bbox 1752 1396 1867 1431; x_wconf 80' lang='grc' dir='ltr'>Θατέρου</span> <span class='ocrx_word' id='word_1_478' title='bbox 1892 1396 1974 1431; x_wconf 74' lang='grc' dir='ltr'>λόγου</span> 
     </span>
    </p>
   </div>
   <div class='ocr_carea' id='block_1_70' title="bbox 1181 1440 1973 1478">
    <p class='ocr_par' dir='ltr' id='par_1_70' title="bbox 1181 1440 1973 1478">
     <span class='ocr_line' id='line_1_70' title="bbox 1181 1440 1973 1478; baseline 0.004 -12"><span class='ocrx_word' id='word_1_479' title='bbox 1181 1440 1451 1476; x_wconf 77' lang='grc' dir='ltr'>προθεματισθέντος</span> <span class='ocrx_word' id='word_1_480' title='bbox 1478 1442 1547 1468; x_wconf 75' lang='grc' dir='ltr'>κατᾶ</span> <span class='ocrx_word' id='word_1_481' title='bbox 1570 1441 1620 1477; x_wconf 83' lang='grc' dir='ltr'>τὴν</span> <span class='ocrx_word' id='word_1_482' title='bbox 1644 1442 1765 1469; x_wconf 80' lang='grc' dir='ltr'>διάνοιαν</span> <span class='ocrx_word' id='word_1_483' title='bbox 1785 1441 1871 1478; x_wconf 82' lang='grc' dir='ltr'>αὐτῷ,</span> <span class='ocrx_word' id='word_1_484' title='bbox 1889 1443 1936 1469; x_wconf 70' lang='grc' dir='ltr'>καὶ</span> <span class='ocrx_word' id='word_1_485' title='bbox 1950 1442 1973 1468; x_wconf 72' lang='grc' dir='ltr'><strong>εί</strong></span> 
     </span>
    </p>
   </div>
   <div class='ocr_carea' id='block_1_71' title="bbox 1180 1487 1975 1525">
    <p class='ocr_par' dir='ltr' id='par_1_71' title="bbox 1180 1487 1975 1525">
     <span class='ocr_line' id='line_1_71' title="bbox 1180 1487 1975 1525; baseline 0.001 -12"><span class='ocrx_word' id='word_1_486' title='bbox 1180 1487 1266 1520; x_wconf 74' lang='grc' dir='ltr'>ὅντως</span> <span class='ocrx_word' id='word_1_487' title='bbox 1292 1487 1390 1523; x_wconf 80' lang='grc' dir='ltr'><strong>γυμνῷ</strong></span> <span class='ocrx_word' id='word_1_488' title='bbox 1415 1488 1454 1524; x_wconf 85' lang='grc' dir='ltr'>τῷ</span> <span class='ocrx_word' id='word_1_489' title='bbox 1481 1489 1616 1525; x_wconf 81' lang='grc' dir='ltr'>κριτηρίῳ</span> <span class='ocrx_word' id='word_1_490' title='bbox 1640 1489 1745 1516; x_wconf 80' lang='grc' dir='ltr'>ἑαυτῶν</span> <span class='ocrx_word' id='word_1_491' title='bbox 1764 1489 1850 1525; x_wconf 64' lang='grc' dir='ltr'>χωρὶς</span> <span class='ocrx_word' id='word_1_492' title='bbox 1874 1488 1975 1520; x_wconf 69' lang='grc' dir='ltr'>παντὸς</span> 
     </span>
    </p>
   </div>
   <div class='ocr_carea' id='block_1_72' title="bbox 1181 1533 1973 1569">
    <p class='ocr_par' dir='ltr' id='par_1_72' title="bbox 1181 1533 1973 1569">
     <span class='ocr_line' id='line_1_72' title="bbox 1181 1533 1973 1569; baseline 0.001 -11"><span class='ocrx_word' id='word_1_493' title='bbox 1181 1533 1368 1568; x_wconf 71' lang='grc' dir='ltr'>προσπαοοῦς,</span> <span class='ocrx_word' id='word_1_494' title='bbox 1389 1534 1435 1560; x_wconf 77' lang='grc' dir='ltr'><strong>καὶ</strong></span> <span class='ocrx_word' id='word_1_495' title='bbox 1461 1533 1627 1566; x_wconf 52' lang='grc' dir='ltr'>ἱντιπαθοῦς</span> <span class='ocrx_word' id='word_1_496' title='bbox 1653 1534 1885 1569; x_wconf 80' lang='grc' dir='ltr'>ὲπισκοτίσματος</span> <span class='ocrx_word' id='word_1_497' title='bbox 1905 1533 1973 1569; x_wconf 85' lang='grc' dir='ltr'>ἀλη-</span> 
     </span>
    </p>
   </div>
   <div class='ocr_carea' id='block_1_73' title="bbox 1181 1576 1974 1614">
    <p class='ocr_par' dir='ltr' id='par_1_73' title="bbox 1181 1576 1974 1614">
     <span class='ocr_line' id='line_1_73' title="bbox 1181 1576 1974 1614; baseline 0.005 -12"><span class='ocrx_word' id='word_1_498' title='bbox 1181 1576 1300 1612; x_wconf 74' lang='grc' dir='ltr'>θέστερα</span> <span class='ocrx_word' id='word_1_499' title='bbox 1313 1577 1461 1613; x_wconf 84' lang='grc' dir='ltr'>κρίνωμεν,</span> <span class='ocrx_word' id='word_1_500' title='bbox 1479 1579 1527 1605; x_wconf 75' lang='grc' dir='ltr'>καὶ</span> <span class='ocrx_word' id='word_1_501' title='bbox 1537 1579 1721 1614; x_wconf 72' lang='grc' dir='ltr'>εὐλογώτερα,</span> <span class='ocrx_word' id='word_1_502' title='bbox 1735 1579 1783 1606; x_wconf 73' lang='grc' dir='ltr'>καὶ</span> <span class='ocrx_word' id='word_1_503' title='bbox 1797 1579 1974 1614; x_wconf 75' lang='grc' dir='ltr'>ἰσχυρότερα,</span> 
     </span>
    </p>
   </div>
   <div class='ocr_carea' id='block_1_74' title="bbox 1140 1624 1975 1665">
    <p class='ocr_par' dir='ltr' id='par_1_74' title="bbox 1140 1624 1975 1665">
     <span class='ocr_line' id='line_1_74' title="bbox 1140 1624 1975 1665; baseline 0.004 -16"><span class='ocrx_word' id='word_1_504' title='bbox 1140 1633 1163 1665; x_wconf 75' lang='lat' dir='ltr'>C</span> <span class='ocrx_word' id='word_1_505' title='bbox 1181 1624 1228 1650; x_wconf 73' lang='grc' dir='ltr'>καὶ</span> <span class='ocrx_word' id='word_1_506' title='bbox 1252 1624 1394 1660; x_wconf 74' lang='grc' dir='ltr'>σοφώτερα</span> <span class='ocrx_word' id='word_1_507' title='bbox 1416 1625 1452 1651; x_wconf 76' lang='grc' dir='ltr'><strong>τὰ</strong></span> <span class='ocrx_word' id='word_1_508' title='bbox 1476 1625 1540 1660; x_wconf 82' lang='grc' dir='ltr'>παρ’</span> <span class='ocrx_word' id='word_1_509' title='bbox 1556 1625 1647 1652; x_wconf 79' lang='grc' dir='ltr'>αὐτῶν</span> <span class='ocrx_word' id='word_1_510' title='bbox 1668 1626 1692 1652; x_wconf 79' lang='grc' dir='ltr'>οἱ</span> <span class='ocrx_word' id='word_1_511' title='bbox 1710 1626 1798 1652; x_wconf 83' lang='grc' dir='ltr'>τοῖσδε</span> <span class='ocrx_word' id='word_1_512' title='bbox 1817 1627 1874 1657; x_wconf 82' lang='grc' dir='ltr'>τοῖς</span> <span class='ocrx_word' id='word_1_513' title='bbox 1893 1627 1975 1653; x_wconf 74' lang='grc' dir='ltr'>ἐναν-</span> 
     </span>
    </p>
   </div>
   <div class='ocr_carea' id='block_1_75' title="bbox 1181 1669 1973 1707">
    <p class='ocr_par' dir='ltr' id='par_1_75' title="bbox 1181 1669 1973 1707">
     <span class='ocr_line' id='line_1_75' title="bbox 1181 1669 1973 1707; baseline 0.004 -12"><span class='ocrx_word' id='word_1_514' title='bbox 1181 1669 1250 1701; x_wconf 83' lang='grc' dir='ltr'>τίοις</span> <span class='ocrx_word' id='word_1_515' title='bbox 1270 1670 1336 1705; x_wconf 86' lang='grc' dir='ltr'>ήμίν</span> <span class='ocrx_word' id='word_1_516' title='bbox 1358 1671 1563 1706; x_wconf 80' lang='grc' dir='ltr'>προσκείμενοι.</span> <span class='ocrx_word' id='word_1_517' title='bbox 1581 1671 1676 1704; x_wconf 74' lang='grc' dir='ltr'>Οὕτως</span> <span class='ocrx_word' id='word_1_518' title='bbox 1697 1672 1844 1707; x_wconf 82' lang='grc' dir='ltr'>τολμῶμεν</span> <span class='ocrx_word' id='word_1_519' title='bbox 1871 1672 1973 1706; x_wconf 77' lang='grc' dir='ltr'>λέγειν,</span> 
     </span>
    </p>
   </div>
   <div class='ocr_carea' id='block_1_76' title="bbox 1180 1714 1974 1753">
    <p class='ocr_par' dir='ltr' id='par_1_76' title="bbox 1180 1714 1974 1753">
     <span class='ocr_line' id='line_1_76' title="bbox 1180 1714 1974 1753; baseline 0.004 -11"><span class='ocrx_word' id='word_1_520' title='bbox 1180 1714 1219 1746; x_wconf 81' lang='grc' dir='ltr'>ὡς</span> <span class='ocrx_word' id='word_1_521' title='bbox 1230 1715 1255 1742; x_wconf 78' lang='grc' dir='ltr'>ει</span> <span class='ocrx_word' id='word_1_522' title='bbox 1270 1716 1317 1742; x_wconf 77' lang='grc' dir='ltr'>καὶ</span> <span class='ocrx_word' id='word_1_523' title='bbox 1332 1716 1427 1749; x_wconf 83' lang='grc' dir='ltr'>κακῶς</span> <span class='ocrx_word' id='word_1_524' title='bbox 1441 1717 1528 1744; x_wconf 76' lang='grc' dir='ltr'>ταῦτα</span> <span class='ocrx_word' id='word_1_525' title='bbox 1545 1719 1645 1745; x_wconf 76' lang='grc' dir='ltr'>ἐκεῖνοι</span> <span class='ocrx_word' id='word_1_526' title='bbox 1666 1719 1790 1753; x_wconf 76' lang='grc' dir='ltr'>φρονοῖεν</span> <span class='ocrx_word' id='word_1_527' title='bbox 1809 1719 1834 1745; x_wconf 69' lang='grc' dir='ltr'>οἱ</span> <span class='ocrx_word' id='word_1_528' title='bbox 1850 1727 1974 1745; x_wconf 64' lang='lat' dir='ltr'><strong>coxaru-</strong></span> 
     </span>
    </p>
   </div>
   <div class='ocr_carea' id='block_1_77' title="bbox 1181 1762 1974 1800">
    <p class='ocr_par' dir='ltr' id='par_1_77' title="bbox 1181 1762 1974 1800">
     <span class='ocr_line' id='line_1_77' title="bbox 1181 1762 1974 1800; baseline 0.005 -13"><span class='ocrx_word' id='word_1_529' title='bbox 1181 1762 1294 1796; x_wconf 85' lang='grc' dir='ltr'>γόμενοι</span> <span class='ocrx_word' id='word_1_530' title='bbox 1304 1762 1407 1795; x_wconf 81' lang='grc' dir='ltr'>αὐτοῖς,</span> <span class='ocrx_word' id='word_1_531' title='bbox 1423 1763 1469 1790; x_wconf 78' lang='grc' dir='ltr'><strong>διὰ</strong></span> <span class='ocrx_word' id='word_1_532' title='bbox 1482 1763 1512 1790; x_wconf 79' lang='grc' dir='ltr'><strong>τὺ</strong></span> <span class='ocrx_word' id='word_1_533' title='bbox 1528 1763 1602 1797; x_wconf 77' lang='grc' dir='ltr'>δόξαι</span> <span class='ocrx_word' id='word_1_534' title='bbox 1616 1764 1722 1796; x_wconf 82' lang='grc' dir='ltr'>τούτοις</span> <span class='ocrx_word' id='word_1_535' title='bbox 1738 1764 1974 1800; x_wconf 74' lang='grc' dir='ltr'>θεοπρεπέστερον</span> 
     </span>
    </p>
   </div>
   <div class='ocr_carea' id='block_1_78' title="bbox 1181 1805 1974 1846">
    <p class='ocr_par' dir='ltr' id='par_1_78' title="bbox 1181 1805 1974 1846">
     <span class='ocr_line' id='line_1_78' title="bbox 1181 1805 1974 1846; baseline 0.005 -12"><span class='ocrx_word' id='word_1_536' title='bbox 1181 1805 1252 1834; x_wconf 76' lang='grc' dir='ltr'>εἶναι</span> <span class='ocrx_word' id='word_1_537' title='bbox 1278 1807 1367 1843; x_wconf 76' lang='grc' dir='ltr'>δόγμα</span> <span class='ocrx_word' id='word_1_538' title='bbox 1393 1809 1423 1835; x_wconf 79' lang='grc' dir='ltr'>τὸ</span> <span class='ocrx_word' id='word_1_539' title='bbox 1448 1810 1508 1836; x_wconf 82' lang='grc' dir='ltr'>κατ’</span> <span class='ocrx_word' id='word_1_540' title='bbox 1524 1810 1632 1843; x_wconf 76' lang='grc' dir='ltr'>αὐτοὺς,</span> <span class='ocrx_word' id='word_1_541' title='bbox 1658 1810 1689 1837; x_wconf 78' lang='grc' dir='ltr'>οὗ</span> <span class='ocrx_word' id='word_1_542' title='bbox 1722 1810 1974 1846; x_wconf 82' lang='grc' dir='ltr'>κατακριθήσονται</span> 
     </span>
    </p>
   </div>
   <div class='ocr_carea' id='block_1_79' title="bbox 1181 1853 1976 1892">
    <p class='ocr_par' dir='ltr' id='par_1_79' title="bbox 1181 1853 1976 1892">
     <span class='ocr_line' id='line_1_79' title="bbox 1181 1853 1976 1892; baseline 0.004 -13"><span class='ocrx_word' id='word_1_543' title='bbox 1181 1853 1312 1880; x_wconf 74' lang='grc' dir='ltr'>ἀσέϐειαν</span> <span class='ocrx_word' id='word_1_544' title='bbox 1341 1855 1370 1881; x_wconf 80' lang='grc' dir='ltr'><strong>ἐν</strong></span> <span class='ocrx_word' id='word_1_545' title='bbox 1396 1855 1500 1890; x_wconf 79' lang='grc' dir='ltr'>ἡμέρᾳ,</span> <span class='ocrx_word' id='word_1_546' title='bbox 1524 1857 1568 1882; x_wconf 80' lang='grc' dir='ltr'>ὅτε</span> <span class='ocrx_word' id='word_1_547' title='bbox 1591 1857 1680 1892; x_wconf 81' lang='grc' dir='ltr'>κρινεῖ</span> <span class='ocrx_word' id='word_1_548' title='bbox 1696 1857 1710 1884; x_wconf 82' lang='grc' dir='ltr'><strong><em>ὁ</em></strong></span> <span class='ocrx_word' id='word_1_549' title='bbox 1726 1857 1792 1889; x_wconf 66' lang='grc' dir='ltr'>Θεὸς</span> <span class='ocrx_word' id='word_1_550' title='bbox 1809 1857 1844 1884; x_wconf 80' lang='grc' dir='ltr'><strong>τὰ</strong></span> <span class='ocrx_word' id='word_1_551' title='bbox 1863 1857 1976 1891; x_wconf 65' lang='grc' dir='ltr'>κρυπτὰ</span> 
     </span>
    </p>
   </div>
   <div class='ocr_carea' id='block_1_80' title="bbox 1181 1900 1974 1940">
    <p class='ocr_par' dir='ltr' id='par_1_80' title="bbox 1181 1900 1974 1940">
     <span class='ocr_line' id='line_1_80' title="bbox 1181 1900 1974 1940; baseline 0.005 -13"><span class='ocrx_word' id='word_1_552' title='bbox 1181 1901 1236 1927; x_wconf 89' lang='grc' dir='ltr'><strong>τῶν</strong></span> <span class='ocrx_word' id='word_1_553' title='bbox 1263 1900 1392 1936; x_wconf 80' lang='grc' dir='ltr'>καρδιῶν.</span> <span class='ocrx_word' id='word_1_554' title='bbox 1418 1911 1428 1927; x_wconf 86' lang='grc' dir='ltr'><strong>ι</strong></span> <span class='ocrx_word' id='word_1_555' title='bbox 1447 1901 1510 1929; x_wconf 81' lang='grc' dir='ltr'>Ἐὰν</span> <span class='ocrx_word' id='word_1_556' title='bbox 1524 1902 1589 1937; x_wconf 86' lang='grc' dir='ltr'>γὰρ,</span> <span class='ocrx_word' id='word_1_557' title='bbox 1609 1903 1701 1938; x_wconf 74' lang='grc' dir='ltr'>φησὶν,</span> <span class='ocrx_word' id='word_1_558' title='bbox 1716 1903 1872 1940; x_wconf 77' lang='grc' dir='ltr'>ἔμπροσθεν</span> <span class='ocrx_word' id='word_1_559' title='bbox 1890 1904 1974 1931; x_wconf 81' lang='grc' dir='ltr'>αὐτοῦ</span> 
     </span>
    </p>
   </div>
   <div class='ocr_carea' id='block_1_81' title="bbox 1182 1946 1976 1986">
    <p class='ocr_par' dir='ltr' id='par_1_81' title="bbox 1182 1946 1976 1986">
     <span class='ocr_line' id='line_1_81' title="bbox 1182 1946 1976 1986; baseline 0.006 -13"><span class='ocrx_word' id='word_1_560' title='bbox 1182 1946 1322 1982; x_wconf 79' lang='grc' dir='ltr'>πείσωμεν</span> <span class='ocrx_word' id='word_1_561' title='bbox 1338 1947 1388 1978; x_wconf 75' lang='grc' dir='ltr'><strong>τὰς</strong></span> <span class='ocrx_word' id='word_1_562' title='bbox 1406 1948 1522 1983; x_wconf 77' lang='grc' dir='ltr'>καρδίας</span> <span class='ocrx_word' id='word_1_563' title='bbox 1544 1948 1631 1983; x_wconf 78' lang='grc' dir='ltr'>ἡμῶν,</span> <span class='ocrx_word' id='word_1_564' title='bbox 1651 1949 1699 1976; x_wconf 78' lang='grc' dir='ltr'>καὶ</span> <span class='ocrx_word' id='word_1_565' title='bbox 1725 1950 1742 1984; x_wconf 87' lang='grc' dir='ltr'>ἡ</span> <span class='ocrx_word' id='word_1_566' title='bbox 1773 1950 1873 1986; x_wconf 86' lang='grc' dir='ltr'>καρδία</span> <span class='ocrx_word' id='word_1_567' title='bbox 1896 1951 1976 1986; x_wconf 71' lang='grc' dir='ltr'>ἡμῶν</span> 
     </span>
    </p>
   </div>
   <div class='ocr_carea' id='block_1_82' title="bbox 1181 1992 1975 2031">
    <p class='ocr_par' dir='ltr' id='par_1_82' title="bbox 1181 1992 1975 2031">
     <span class='ocr_line' id='line_1_82' title="bbox 1181 1992 1975 2031; baseline 0.006 -13"><span class='ocrx_word' id='word_1_568' title='bbox 1181 1992 1377 2028; x_wconf 78' lang='grc' dir='ltr'><strong>καταγινώσκῃ</strong></span> <span class='ocrx_word' id='word_1_569' title='bbox 1390 1992 1479 2028; x_wconf 84' lang='grc' dir='ltr'>ήμῶν.</span> <span class='ocrx_word' id='word_1_570' title='bbox 1494 1993 1509 2019; x_wconf 75' lang='grc' dir='ltr'><strong><em>ὁ</em></strong></span> <span class='ocrx_word' id='word_1_571' title='bbox 1524 1993 1590 2025; x_wconf 82' lang='grc' dir='ltr'>Θεὸς</span> <span class='ocrx_word' id='word_1_572' title='bbox 1607 1993 1709 2029; x_wconf 83' lang='grc' dir='ltr'>μείζων</span> <span class='ocrx_word' id='word_1_573' title='bbox 1723 1995 1783 2022; x_wconf 70' lang='grc' dir='ltr'>ἐστὶ</span> <span class='ocrx_word' id='word_1_574' title='bbox 1797 1995 1847 2030; x_wconf 81' lang='grc' dir='ltr'>τῆς</span> <span class='ocrx_word' id='word_1_575' title='bbox 1861 1995 1975 2031; x_wconf 83' lang='grc' dir='ltr'>καρδίας</span> 
     </span>
    </p>
   </div>
   <div class='ocr_carea' id='block_1_83' title="bbox 1180 2036 1974 2078">
    <p class='ocr_par' dir='ltr' id='par_1_83' title="bbox 1180 2036 1974 2078">
     <span class='ocr_line' id='line_1_83' title="bbox 1180 2036 1974 2078; baseline 0.006 -15"><span class='ocrx_word' id='word_1_576' title='bbox 1180 2036 1271 2072; x_wconf 83' lang='grc' dir='ltr'>ἡμῶν,</span> <span class='ocrx_word' id='word_1_577' title='bbox 1287 2037 1335 2064; x_wconf 75' lang='grc' dir='ltr'>καὶ</span> <span class='ocrx_word' id='word_1_578' title='bbox 1353 2038 1484 2072; x_wconf 73' lang='grc' dir='ltr'>γινώσκει</span> <span class='ocrx_word' id='word_1_579' title='bbox 1508 2038 1608 2067; x_wconf 82' lang='grc' dir='ltr'>πάντα,</span> <span class='ocrx_word' id='word_1_580' title='bbox 1623 2048 1631 2065; x_wconf 78' lang='grc' dir='ltr'><strong>ι</strong></span> <span class='ocrx_word' id='word_1_581' title='bbox 1649 2039 1680 2066; x_wconf 82' lang='grc' dir='ltr'><strong>Εἰ</strong></span> <span class='ocrx_word' id='word_1_582' title='bbox 1693 2039 1721 2067; x_wconf 72' lang='grc' dir='ltr'>δὲ</span> <span class='ocrx_word' id='word_1_583' title='bbox 1735 2041 1750 2067; x_wconf 84' lang='grc' dir='ltr'><strong>ὀ</strong></span> <span class='ocrx_word' id='word_1_584' title='bbox 1772 2040 1822 2075; x_wconf 74' lang='grc' dir='ltr'>μὲν</span> <span class='ocrx_word' id='word_1_585' title='bbox 1836 2041 1886 2076; x_wconf 81' lang='grc' dir='ltr'>τῆς</span> <span class='ocrx_word' id='word_1_586' title='bbox 1905 2041 1974 2078; x_wconf 81' lang='grc' dir='ltr'>ἀλη-</span> 
     </span>
    </p>
   </div>
   <div class='ocr_carea' id='block_1_84' title="bbox 1180 2082 1973 2124">
    <p class='ocr_par' dir='ltr' id='par_1_84' title="bbox 1180 2082 1973 2124">
     <span class='ocr_line' id='line_1_84' title="bbox 1180 2082 1973 2124; baseline 0.006 -14"><span class='ocrx_word' id='word_1_587' title='bbox 1180 2082 1257 2115; x_wconf 79' lang='grc' dir='ltr'>θείας</span> <span class='ocrx_word' id='word_1_588' title='bbox 1275 2084 1362 2118; x_wconf 78' lang='grc' dir='ltr'>Λόγος</span> <span class='ocrx_word' id='word_1_589' title='bbox 1380 2084 1537 2120; x_wconf 77' lang='grc' dir='ltr'>φαιδράζων</span> <span class='ocrx_word' id='word_1_590' title='bbox 1566 2086 1664 2113; x_wconf 80' lang='grc' dir='ltr'>ἑαυτὸν</span> <span class='ocrx_word' id='word_1_591' title='bbox 1687 2087 1875 2115; x_wconf 72' lang='grc' dir='ltr'>ἐπιδείκνυσιν</span> <span class='ocrx_word' id='word_1_592' title='bbox 1889 2089 1973 2124; x_wconf 79' lang='grc' dir='ltr'>ἡμῖν’</span> 
     </span>
    </p>
   </div>
   <div class='ocr_carea' id='block_1_85' title="bbox 1181 2129 1976 2168">
    <p class='ocr_par' dir='ltr' id='par_1_85' title="bbox 1181 2129 1976 2168">
     <span class='ocr_line' id='line_1_85' title="bbox 1181 2129 1976 2168; baseline 0.009 -13"><span class='ocrx_word' id='word_1_593' title='bbox 1181 2130 1259 2165; x_wconf 77' lang='grc' dir='ltr'>ἡμεῖς</span> <span class='ocrx_word' id='word_1_594' title='bbox 1273 2129 1301 2157; x_wconf 85' lang='grc' dir='ltr'>δὲ</span> <span class='ocrx_word' id='word_1_595' title='bbox 1317 2139 1380 2162; x_wconf 88' lang='grc' dir='ltr'>τους</span> <span class='ocrx_word' id='word_1_596' title='bbox 1394 2139 1423 2157; x_wconf 85' lang='grc' dir='ltr'><strong>τε</strong></span> <span class='ocrx_word' id='word_1_597' title='bbox 1437 2131 1595 2167; x_wconf 73' lang='grc' dir='ltr'>ὀφθαλμοὺς</span> <span class='ocrx_word' id='word_1_598' title='bbox 1609 2133 1784 2168; x_wconf 80' lang='grc' dir='ltr'>καμμύομεν,</span> <span class='ocrx_word' id='word_1_599' title='bbox 1801 2133 1849 2160; x_wconf 77' lang='grc' dir='ltr'>καὶ</span> <span class='ocrx_word' id='word_1_600' title='bbox 1858 2135 1913 2166; x_wconf 78' lang='grc' dir='ltr'><strong>τοίς</strong></span> <span class='ocrx_word' id='word_1_601' title='bbox 1921 2135 1976 2162; x_wconf 70' lang='grc' dir='ltr'>ὠσὶ</span> 
     </span>
    </p>
   </div>
   <div class='ocr_carea' id='block_1_86' title="bbox 1181 2174 1975 2211">
    <p class='ocr_par' dir='ltr' id='par_1_86' title="bbox 1181 2174 1975 2211">
     <span class='ocr_line' id='line_1_86' title="bbox 1181 2174 1975 2211; baseline 0.008 -10"><span class='ocrx_word' id='word_1_602' title='bbox 1181 2174 1286 2210; x_wconf 77' lang='grc' dir='ltr'>βαρέως</span> <span class='ocrx_word' id='word_1_603' title='bbox 1302 2174 1441 2210; x_wconf 77' lang='grc' dir='ltr'>ἀκούομεν</span> <span class='ocrx_word' id='word_1_604' title='bbox 1465 2176 1549 2203; x_wconf 79' lang='grc' dir='ltr'>αὑτοῦ</span> <span class='ocrx_word' id='word_1_605' title='bbox 1567 2176 1815 2211; x_wconf 70' lang='grc' dir='ltr'>ὲθελοκωφοῦντος,</span> <span class='ocrx_word' id='word_1_606' title='bbox 1836 2180 1885 2206; x_wconf 86' lang='grc' dir='ltr'>καὶ</span> <span class='ocrx_word' id='word_1_607' title='bbox 1906 2179 1975 2207; x_wconf 80' lang='grc' dir='ltr'>ἀπο-</span> 
     </span>
    </p>
   </div>
   <div class='ocr_carea' id='block_1_87' title="bbox 332 2219 1177 2260">
    <p class='ocr_par' dir='ltr' id='par_1_87' title="bbox 332 2219 1127 2258">
     <span class='ocr_line' id='line_1_87' title="bbox 332 2219 1127 2258; baseline 0.008 -12"><span class='ocrx_word' id='word_1_608' title='bbox 332 2219 541 2256; x_wconf 85' lang='lat' dir='ltr'><strong>rejiciendoque</strong></span> <span class='ocrx_word' id='word_1_609' title='bbox 556 2221 699 2249; x_wconf 77' lang='lat' dir='ltr'><strong>veritatem</strong></span> <span class='ocrx_word' id='word_1_610' title='bbox 716 2222 822 2258; x_wconf 89' lang='lat' dir='ltr'><strong>ipsam:</strong></span> <span class='ocrx_word' id='word_1_611' title='bbox 838 2223 962 2258; x_wconf 88' lang='lat' dir='ltr'><strong>profecto</strong></span> <span class='ocrx_word' id='word_1_612' title='bbox 977 2224 1127 2252; x_wconf 88' lang='lat' dir='ltr'><strong>miserrimi</strong></span> 
     </span>
    </p>
   </div>
   <div class='ocr_carea' id='block_1_88' title="bbox 1129 2219 1974 2260">
    <p class='ocr_par' dir='ltr' id='par_1_88' title="bbox 1180 2221 1974 2260">
     <span class='ocr_line' id='line_1_88' title="bbox 1180 2221 1974 2260; baseline 0.006 -12"><span class='ocrx_word' id='word_1_613' title='bbox 1180 2221 1354 2256; x_wconf 72' lang='grc' dir='ltr'>στρεφόμεθα</span> <span class='ocrx_word' id='word_1_614' title='bbox 1364 2222 1455 2255; x_wconf 75' lang='grc' dir='ltr'>αὐτὸν,</span> <span class='ocrx_word' id='word_1_615' title='bbox 1469 2222 1554 2254; x_wconf 84' lang='grc' dir='ltr'>δντως</span> <span class='ocrx_word' id='word_1_616' title='bbox 1570 2224 1671 2256; x_wconf 77' lang='grc' dir='ltr'>παντὸς</span> <span class='ocrx_word' id='word_1_617' title='bbox 1686 2224 1786 2260; x_wconf 76' lang='grc' dir='ltr'>θρήνου</span> <span class='ocrx_word' id='word_1_618' title='bbox 1800 2224 1892 2258; x_wconf 78' lang='grc' dir='ltr'>ἀξίους</span> <span class='ocrx_word' id='word_1_619' title='bbox 1907 2227 1974 2253; x_wconf 74' lang='grc' dir='ltr'><strong>ἐαυ-</strong></span> 
     </span>
    </p>
   </div>
   <div class='ocr_carea' id='block_1_89' title="bbox 328 2265 1173 2308">
    <p class='ocr_par' dir='ltr' id='par_1_89' title="bbox 328 2265 1129 2304">
     <span class='ocr_line' id='line_1_89' title="bbox 328 2265 1129 2304; baseline 0.007 -12"><span class='ocrx_word' id='word_1_620' title='bbox 328 2265 455 2293; x_wconf 91' lang='lat' dir='ltr'><strong>omnium</strong></span> <span class='ocrx_word' id='word_1_621' title='bbox 470 2266 722 2302; x_wconf 83' lang='lat' dir='ltr'><strong>deprchendemur,</strong></span> <span class='ocrx_word' id='word_1_622' title='bbox 751 2269 931 2304; x_wconf 80' lang='lat' dir='ltr'><strong>omniumque</strong></span> <span class='ocrx_word' id='word_1_623' title='bbox 949 2270 1129 2298; x_wconf 88' lang='lat' dir='ltr'><strong>commisera-</strong></span> 
     </span>
    </p>
   </div>
   <div class='ocr_carea' id='block_1_90' title="bbox 1130 2265 1975 2308">
    <p class='ocr_par' dir='ltr' id='par_1_90' title="bbox 1178 2267 1975 2308">
     <span class='ocr_line' id='line_1_90' title="bbox 1178 2267 1975 2308; baseline 0.009 -16"><span class='ocrx_word' id='word_1_624' title='bbox 1178 2267 1242 2298; x_wconf 73' lang='grc' dir='ltr'>τοὺς</span> <span class='ocrx_word' id='word_1_625' title='bbox 1258 2268 1468 2303; x_wconf 71' lang='grc' dir='ltr'>καταστήσομεν</span> <span class='ocrx_word' id='word_1_626' title='bbox 1480 2268 1529 2304; x_wconf 85' lang='grc' dir='ltr'>τὴν</span> <span class='ocrx_word' id='word_1_627' title='bbox 1544 2268 1677 2305; x_wconf 72' lang='grc' dir='ltr'>αἰσχύνην</span> <span class='ocrx_word' id='word_1_628' title='bbox 1694 2271 1744 2305; x_wconf 86' lang='grc' dir='ltr'>τῆς</span> <span class='ocrx_word' id='word_1_629' title='bbox 1762 2270 1915 2308; x_wconf 85' lang='grc' dir='ltr'>μελλούσης</span> <span class='ocrx_word' id='word_1_630' title='bbox 1927 2271 1975 2299; x_wconf 80' lang='grc' dir='ltr'><strong>ἁλ-</strong></span> 
     </span>
    </p>
   </div>
   <div class='ocr_carea' id='block_1_91' title="bbox 330 2309 1175 2353">
    <p class='ocr_par' dir='ltr' id='par_1_91' title="bbox 330 2309 1165 2349">
     <span class='ocr_line' id='line_1_91' title="bbox 330 2309 1165 2349; baseline 0.007 -10"><span class='ocrx_word' id='word_1_631' title='bbox 330 2311 408 2340; x_wconf 87' lang='lat' dir='ltr'><strong>tione</strong></span> <span class='ocrx_word' id='word_1_632' title='bbox 420 2316 504 2347; x_wconf 88' lang='lat' dir='ltr'><strong>atque</strong></span> <span class='ocrx_word' id='word_1_633' title='bbox 515 2312 593 2340; x_wconf 86' lang='lat' dir='ltr'><strong>luctu</strong></span> <span class='ocrx_word' id='word_1_634' title='bbox 604 2313 692 2349; x_wconf 89' lang='lat' dir='ltr'><strong>digni,</strong></span> <span class='ocrx_word' id='word_1_635' title='bbox 706 2314 777 2342; x_wconf 88' lang='lat' dir='ltr'><strong>nihil</strong></span> <span class='ocrx_word' id='word_1_636' title='bbox 794 2315 871 2342; x_wconf 93' lang='lat' dir='ltr'><strong>illum</strong></span> <span class='ocrx_word' id='word_1_637' title='bbox 885 2315 1038 2344; x_wconf 86' lang='lat' dir='ltr'><strong>verendum</strong></span> <span class='ocrx_word' id='word_1_638' title='bbox 1051 2316 1124 2344; x_wconf 91' lang='lat' dir='ltr'><strong>diem</strong></span> <span class='ocrx_word' id='word_1_639' title='bbox 1139 2309 1165 2340; x_wconf 87' lang='grc' dir='ltr'><strong>Ῑ)</strong></span> 
     </span>
    </p>
   </div>
   <div class='ocr_carea' id='block_1_92' title="bbox 1129 2309 1974 2353">
    <p class='ocr_par' dir='ltr' id='par_1_92' title="bbox 1139 2309 1974 2353">
     <span class='ocr_line' id='line_1_92' title="bbox 1139 2309 1974 2353; baseline 0.008 -14"><span class='ocrx_word' id='word_1_640' title='bbox 1139 2309 1165 2340; x_wconf 89' lang='grc' dir='ltr'><strong>Ι)</strong></span> <span class='ocrx_word' id='word_1_641' title='bbox 1176 2313 1359 2348; x_wconf 78' lang='grc' dir='ltr'>λοτριώσεως.</span> <span class='ocrx_word' id='word_1_642' title='bbox 1371 2314 1420 2341; x_wconf 76' lang='grc' dir='ltr'>καὶ</span> <span class='ocrx_word' id='word_1_643' title='bbox 1436 2314 1580 2351; x_wconf 81' lang='grc' dir='ltr'>ἀρνήσεως</span> <span class='ocrx_word' id='word_1_644' title='bbox 1603 2316 1735 2351; x_wconf 78' lang='grc' dir='ltr'>Χριστοῦ,</span> <span class='ocrx_word' id='word_1_645' title='bbox 1757 2316 1873 2345; x_wconf 64' lang='grc' dir='ltr'>ἐνώπιον</span> <span class='ocrx_word' id='word_1_646' title='bbox 1890 2319 1974 2353; x_wconf 58' lang='grc' dir='ltr'>ἀγγέ-</span> 
     </span>
    </p>
   </div>
   <div class='ocr_carea' id='block_1_93' title="bbox 330 2357 1175 2398">
    <p class='ocr_par' dir='ltr' id='par_1_93' title="bbox 330 2357 1126 2396">
     <span class='ocr_line' id='line_1_93' title="bbox 330 2357 1126 2396; baseline 0.008 -12"><span class='ocrx_word' id='word_1_647' title='bbox 330 2357 518 2392; x_wconf 79' lang='lat' dir='ltr'><strong>l‘ormidando,</strong></span> <span class='ocrx_word' id='word_1_648' title='bbox 529 2366 585 2394; x_wconf 90' lang='lat' dir='ltr'><strong>quo</strong></span> <span class='ocrx_word' id='word_1_649' title='bbox 600 2366 694 2386; x_wconf 88' lang='lat' dir='ltr'><strong>coram</strong></span> <span class='ocrx_word' id='word_1_650' title='bbox 706 2360 812 2395; x_wconf 75' lang='lat' dir='ltr'><strong>angelis</strong></span> <span class='ocrx_word' id='word_1_651' title='bbox 827 2369 859 2388; x_wconf 87' lang='lat' dir='ltr'><strong>ac</strong></span> <span class='ocrx_word' id='word_1_652' title='bbox 872 2361 1067 2396; x_wconf 78' lang='lat' dir='ltr'><strong>potestatibus,</strong></span> <span class='ocrx_word' id='word_1_653' title='bbox 1082 2366 1126 2390; x_wconf 87' lang='lat' dir='ltr'><strong>to-</strong></span> 
     </span>
    </p>
   </div>
   <div class='ocr_carea' id='block_1_94' title="bbox 1127 2357 1972 2398">
    <p class='ocr_par' dir='ltr' id='par_1_94' title="bbox 1175 2359 1972 2398">
     <span class='ocr_line' id='line_1_94' title="bbox 1175 2359 1972 2398; baseline 0.006 -12"><span class='ocrx_word' id='word_1_654' title='bbox 1175 2359 1239 2391; x_wconf 85' lang='grc' dir='ltr'>λων,</span> <span class='ocrx_word' id='word_1_655' title='bbox 1266 2361 1314 2388; x_wconf 81' lang='grc' dir='ltr'>καὶ</span> <span class='ocrx_word' id='word_1_656' title='bbox 1341 2360 1483 2394; x_wconf 68' lang='grc' dir='ltr'><strong>ὶξουσιῶν,</strong></span> <span class='ocrx_word' id='word_1_657' title='bbox 1510 2362 1612 2393; x_wconf 80' lang='grc' dir='ltr'>παντός</span> <span class='ocrx_word' id='word_1_658' title='bbox 1628 2371 1659 2388; x_wconf 87' lang='grc' dir='ltr'><strong>τε</strong></span> <span class='ocrx_word' id='word_1_659' title='bbox 1673 2362 1721 2389; x_wconf 76' lang='grc' dir='ltr'>τοῦ</span> <span class='ocrx_word' id='word_1_660' title='bbox 1743 2363 1905 2398; x_wconf 76' lang='grc' dir='ltr'>κρινομένου</span> <span class='ocrx_word' id='word_1_661' title='bbox 1927 2364 1972 2390; x_wconf 81' lang='grc' dir='ltr'><strong>κό-</strong></span> 
     </span>
    </p>
   </div>
   <div class='ocr_carea' id='block_1_95' title="bbox 329 2405 1174 2447">
    <p class='ocr_par' dir='ltr' id='par_1_95' title="bbox 329 2405 1126 2442">
     <span class='ocr_line' id='line_1_95' title="bbox 329 2405 1126 2442; baseline 0.006 -11"><span class='ocrx_word' id='word_1_662' title='bbox 329 2408 416 2439; x_wconf 81' lang='lat' dir='ltr'><strong>toque</strong></span> <span class='ocrx_word' id='word_1_663' title='bbox 443 2408 579 2432; x_wconf 88' lang='lat' dir='ltr'><strong>terrarum</strong></span> <span class='ocrx_word' id='word_1_664' title='bbox 618 2405 686 2433; x_wconf 92' lang='lat' dir='ltr'><strong>orbe</strong></span> <span class='ocrx_word' id='word_1_665' title='bbox 713 2406 762 2433; x_wconf 85' lang='lat' dir='ltr'><strong>Dei</strong></span> <span class='ocrx_word' id='word_1_666' title='bbox 795 2406 931 2442; x_wconf 76' lang='lat' dir='ltr'><strong>judicium</strong></span> <span class='ocrx_word' id='word_1_667' title='bbox 953 2407 1094 2436; x_wconf 84' lang='lat' dir='ltr'><strong>subeunte</strong></span> <span class='ocrx_word' id='word_1_668' title='bbox 1111 2415 1126 2435; x_wconf 89' lang='lat' dir='ltr'><strong>a</strong></span> 
     </span>
    </p>
   </div>
   <div class='ocr_carea' id='block_1_96' title="bbox 1126 2405 1971 2447">
    <p class='ocr_par' dir='ltr' id='par_1_96' title="bbox 1176 2407 1971 2447">
     <span class='ocr_line' id='line_1_96' title="bbox 1176 2407 1971 2447; baseline 0.006 -13"><span class='ocrx_word' id='word_1_669' title='bbox 1176 2416 1257 2441; x_wconf 79' lang='grc' dir='ltr'>σμου,</span> <span class='ocrx_word' id='word_1_670' title='bbox 1268 2408 1299 2434; x_wconf 87' lang='grc' dir='ltr'>οὐ</span> <span class='ocrx_word' id='word_1_671' title='bbox 1312 2407 1522 2442; x_wconf 78' lang='grc' dir='ltr'>προῡπιδόμενοι</span> <span class='ocrx_word' id='word_1_672' title='bbox 1531 2417 1537 2423; x_wconf 94' lang='grc'><strong>·</strong></span> <span class='ocrx_word' id='word_1_673' title='bbox 1551 2410 1596 2436; x_wconf 79' lang='grc' dir='ltr'>ὅτε</span> <span class='ocrx_word' id='word_1_674' title='bbox 1608 2409 1685 2436; x_wconf 76' lang='grc' dir='ltr'>οὐδὲν</span> <span class='ocrx_word' id='word_1_675' title='bbox 1701 2411 1776 2445; x_wconf 73' lang='grc' dir='ltr'>ἡμᾶς</span> <span class='ocrx_word' id='word_1_676' title='bbox 1788 2411 1892 2447; x_wconf 78' lang='grc' dir='ltr'>ὀνήσει,</span> <span class='ocrx_word' id='word_1_677' title='bbox 1909 2411 1971 2439; x_wconf 72' lang='grc' dir='ltr'>οὔτε</span> 
     </span>
    </p>
   </div>
   <div class='ocr_carea' id='block_1_97' title="bbox 328 2449 1173 2493">
    <p class='ocr_par' dir='ltr' id='par_1_97' title="bbox 328 2449 1128 2489">
     <span class='ocr_line' id='line_1_97' title="bbox 328 2449 1128 2489; baseline 0.006 -12"><span class='ocrx_word' id='word_1_678' title='bbox 328 2449 442 2478; x_wconf 86' lang='lat' dir='ltr'><strong>Christo</strong></span> <span class='ocrx_word' id='word_1_679' title='bbox 453 2450 622 2486; x_wconf 76' lang='lat' dir='ltr'><strong>rejiciemnr.</strong></span> <span class='ocrx_word' id='word_1_680' title='bbox 641 2451 702 2486; x_wconf 84' lang='lat' dir='ltr'><strong>Quo</strong></span> <span class='ocrx_word' id='word_1_681' title='bbox 712 2460 778 2480; x_wconf 87' lang='lat' dir='ltr'><strong>sane</strong></span> <span class='ocrx_word' id='word_1_682' title='bbox 793 2453 838 2481; x_wconf 81' lang='lat' dir='ltr'><strong>die</strong></span> <span class='ocrx_word' id='word_1_683' title='bbox 852 2453 920 2481; x_wconf 91' lang='lat' dir='ltr'><strong>nihil</strong></span> <span class='ocrx_word' id='word_1_684' title='bbox 934 2454 1014 2482; x_wconf 85' lang='lat' dir='ltr'><strong>nobis</strong></span> <span class='ocrx_word' id='word_1_685' title='bbox 1026 2454 1128 2489; x_wconf 41' lang='lat' dir='ltr'><strong>prode‘</strong></span> 
     </span>
    </p>
   </div>
   <div class='ocr_carea' id='block_1_98' title="bbox 1127 2449 1972 2493">
    <p class='ocr_par' dir='ltr' id='par_1_98' title="bbox 1127 2454 1972 2493">
     <span class='ocr_line' id='line_1_98' title="bbox 1127 2454 1972 2493; baseline 0.006 -13"><span class='ocrx_word' id='word_1_686' title='bbox 1127 2469 1128 2472; x_wconf 61' lang='grc' dir='ltr'><strong>η</strong></span> <span class='ocrx_word' id='word_1_687' title='bbox 1174 2456 1191 2489; x_wconf 80' lang='grc' dir='ltr'>ἡ</span> <span class='ocrx_word' id='word_1_688' title='bbox 1211 2454 1280 2489; x_wconf 74' lang='grc' dir='ltr'>πρὸς</span> <span class='ocrx_word' id='word_1_689' title='bbox 1299 2455 1362 2486; x_wconf 72' lang='grc' dir='ltr'>τοὺς</span> <span class='ocrx_word' id='word_1_690' title='bbox 1376 2455 1559 2490; x_wconf 76' lang='grc' dir='ltr'>αἱρεσιάρχας</span> <span class='ocrx_word' id='word_1_691' title='bbox 1574 2455 1760 2491; x_wconf 73' lang='grc' dir='ltr'>προσπάθιια,</span> <span class='ocrx_word' id='word_1_692' title='bbox 1777 2456 1840 2484; x_wconf 79' lang='grc' dir='ltr'>οὔτε</span> <span class='ocrx_word' id='word_1_693' title='bbox 1857 2458 1874 2493; x_wconf 87' lang='grc' dir='ltr'><strong>ή</strong></span> <span class='ocrx_word' id='word_1_694' title='bbox 1897 2466 1972 2492; x_wconf 88' lang='grc' dir='ltr'>γονι-</span> 
     </span>
    </p>
   </div>
   <div class='ocr_carea' id='block_1_99' title="bbox 330 2495 1175 2543">
    <p class='ocr_par' dir='ltr' id='par_1_99' title="bbox 330 2495 1127 2543">
     <span class='ocr_line' id='line_1_99' title="bbox 330 2495 1127 2543; baseline 0.006 -21"><span class='ocrx_word' id='word_1_695' title='bbox 330 2495 381 2528; x_wconf 68' lang='lat' dir='ltr'><strong>rit,</strong></span> <span class='ocrx_word' id='word_1_696' title='bbox 397 2503 489 2532; x_wconf 79' lang='lat' dir='ltr'><strong>neque</strong></span> <span class='ocrx_word' id='word_1_697' title='bbox 506 2500 633 2525; x_wconf 81' lang='lat' dir='ltr'><strong>nostrum</strong></span> <span class='ocrx_word' id='word_1_698' title='bbox 645 2498 672 2525; x_wconf 90' lang='lat' dir='ltr'><strong>iu</strong></span> <span class='ocrx_word' id='word_1_699' title='bbox 687 2498 887 2543; x_wconf 69' lang='lat' dir='ltr'><strong>haeresiarchas</strong></span> <span class='ocrx_word' id='word_1_700' title='bbox 902 2499 1056 2535; x_wconf 86' lang='lat' dir='ltr'><strong>impensum</strong></span> <span class='ocrx_word' id='word_1_701' title='bbox 1070 2504 1127 2527; x_wconf 88' lang='lat' dir='ltr'><strong>stu-</strong></span> 
     </span>
    </p>
   </div>
   <div class='ocr_carea' id='block_1_100' title="bbox 1127 2495 1972 2543">
    <p class='ocr_par' dir='ltr' id='par_1_100' title="bbox 1176 2500 1972 2538">
     <span class='ocr_line' id='line_1_100' title="bbox 1176 2500 1972 2538; baseline 0.005 -12"><span class='ocrx_word' id='word_1_702' title='bbox 1176 2500 1222 2535; x_wconf 83' lang='grc' dir='ltr'><strong>κὴ,</strong></span> <span class='ocrx_word' id='word_1_703' title='bbox 1240 2500 1256 2536; x_wconf 87' lang='grc' dir='ltr'><strong>ἧ</strong></span> <span class='ocrx_word' id='word_1_704' title='bbox 1272 2500 1408 2536; x_wconf 81' lang='grc' dir='ltr'>φιλικὴ.ἢ</span> <span class='ocrx_word' id='word_1_705' title='bbox 1424 2501 1524 2536; x_wconf 81' lang='grc' dir='ltr'>τοπικὴ</span> <span class='ocrx_word' id='word_1_706' title='bbox 1542 2502 1683 2537; x_wconf 81' lang='grc' dir='ltr'>συνήῠεια,</span> <span class='ocrx_word' id='word_1_707' title='bbox 1699 2502 1768 2538; x_wconf 82' lang='grc' dir='ltr'>πρὸς</span> <span class='ocrx_word' id='word_1_708' title='bbox 1779 2503 1828 2538; x_wconf 80' lang='grc' dir='ltr'>τὴν</span> <span class='ocrx_word' id='word_1_709' title='bbox 1842 2504 1972 2530; x_wconf 75' lang='grc' dir='ltr'>ἀσέϐειαν</span> 
     </span>
    </p>
   </div>
   <div class='ocr_carea' id='block_1_101' title="bbox 328 2541 1173 2585">
    <p class='ocr_par' dir='ltr' id='par_1_101' title="bbox 328 2541 1121 2580">
     <span class='ocr_line' id='line_1_101' title="bbox 328 2541 1121 2580; baseline 0.006 -12"><span class='ocrx_word' id='word_1_710' title='bbox 328 2541 420 2574; x_wconf 79' lang='lat' dir='ltr'><strong>dium,</strong></span> <span class='ocrx_word' id='word_1_711' title='bbox 429 2550 521 2578; x_wconf 79' lang='lat' dir='ltr'><strong>neque</strong></span> <span class='ocrx_word' id='word_1_712' title='bbox 529 2543 672 2578; x_wconf 74' lang='lat' dir='ltr'><strong>sanguinis</strong></span> <span class='ocrx_word' id='word_1_713' title='bbox 683 2541 826 2580; x_wconf 56' lang='lat' dir='ltr'><strong>cognatio,</strong></span> <span class='ocrx_word' id='word_1_714' title='bbox 834 2553 924 2580; x_wconf 88' lang='lat' dir='ltr'><strong>neque</strong></span> <span class='ocrx_word' id='word_1_715' title='bbox 933 2545 1121 2578; x_wconf 80' lang='lat' dir='ltr'><strong>familiarium,</strong></span> 
     </span>
    </p>
   </div>
   <div class='ocr_carea' id='block_1_102' title="bbox 1127 2541 1972 2585">
    <p class='ocr_par' dir='ltr' id='par_1_102' title="bbox 1179 2546 1972 2585">
     <span class='ocr_line' id='line_1_102' title="bbox 1179 2546 1972 2585; baseline 0.004 -12"><span class='ocrx_word' id='word_1_716' title='bbox 1179 2546 1286 2578; x_wconf 77' lang='grc' dir='ltr'>ἀλύτως</span> <span class='ocrx_word' id='word_1_717' title='bbox 1299 2546 1375 2578; x_wconf 81' lang='grc' dir='ltr'>τινὰς</span> <span class='ocrx_word' id='word_1_718' title='bbox 1395 2547 1648 2582; x_wconf 77' lang='grc' dir='ltr'>καταδετμεὺουσα.</span> <span class='ocrx_word' id='word_1_719' title='bbox 1667 2548 1731 2575; x_wconf 72' lang='grc' dir='ltr'>οὔτε</span> <span class='ocrx_word' id='word_1_720' title='bbox 1755 2549 1890 2585; x_wconf 76' lang='grc' dir='ltr'>πορισμὸς</span> <span class='ocrx_word' id='word_1_721' title='bbox 1904 2558 1972 2585; x_wconf 83' lang='grc' dir='ltr'>χρη-</span> 
     </span>
    </p>
   </div>
   <div class='ocr_carea' id='block_1_103' title="bbox 329 2588 1174 2630">
    <p class='ocr_par' dir='ltr' id='par_1_103' title="bbox 329 2588 1123 2625">
     <span class='ocr_line' id='line_1_103' title="bbox 329 2588 1123 2625; baseline 0.006 -11"><span class='ocrx_word' id='word_1_722' title='bbox 329 2591 379 2614; x_wconf 88' lang='lat' dir='ltr'><strong>aut</strong></span> <span class='ocrx_word' id='word_1_723' title='bbox 392 2588 479 2622; x_wconf 83' lang='lat' dir='ltr'><strong>patria</strong></span> <span class='ocrx_word' id='word_1_724' title='bbox 499 2589 675 2617; x_wconf 84' lang='lat' dir='ltr'><strong>consuetudo</strong></span> <span class='ocrx_word' id='word_1_725' title='bbox 685 2589 757 2625; x_wconf 85' lang='lat' dir='ltr'><strong>(qua</strong></span> <span class='ocrx_word' id='word_1_726' title='bbox 769 2590 882 2624; x_wconf 88' lang='lat' dir='ltr'><strong>quidam</strong></span> <span class='ocrx_word' id='word_1_727' title='bbox 895 2591 1036 2618; x_wconf 88' lang='lat' dir='ltr'><strong>insolubili</strong></span> <span class='ocrx_word' id='word_1_728' title='bbox 1049 2591 1123 2619; x_wconf 91' lang='lat' dir='ltr'><strong>nodo</strong></span> 
     </span>
    </p>
   </div>
   <div class='ocr_carea' id='block_1_104' title="bbox 1127 2588 1972 2630">
    <p class='ocr_par' dir='ltr' id='par_1_104' title="bbox 1181 2591 1972 2630">
     <span class='ocr_line' id='line_1_104' title="bbox 1181 2591 1972 2630; baseline 0.004 -12"><span class='ocrx_word' id='word_1_729' title='bbox 1181 2592 1286 2627; x_wconf 75' lang='grc' dir='ltr'>μάτων,</span> <span class='ocrx_word' id='word_1_730' title='bbox 1305 2591 1321 2628; x_wconf 78' lang='grc' dir='ltr'>ἢ</span> <span class='ocrx_word' id='word_1_731' title='bbox 1334 2592 1419 2628; x_wconf 79' lang='grc' dir='ltr'>κέρδη</span> <span class='ocrx_word' id='word_1_732' title='bbox 1438 2592 1500 2620; x_wconf 74' lang='grc' dir='ltr'>τινὰ</span> <span class='ocrx_word' id='word_1_733' title='bbox 1514 2593 1629 2629; x_wconf 79' lang='grc' dir='ltr'>βιωτικὰ</span> <span class='ocrx_word' id='word_1_734' title='bbox 1643 2593 1887 2626; x_wconf 66' lang='grc' dir='ltr'>δυσαποσπάστως</span> <span class='ocrx_word' id='word_1_735' title='bbox 1899 2595 1972 2630; x_wconf 73' lang='grc' dir='ltr'>ἡμᾶς</span> 
     </span>
    </p>
   </div>
   <div class='ocr_carea' id='block_1_105' title="bbox 361 2664 1158 2701">
    <p class='ocr_par' dir='ltr' id='par_1_105' title="bbox 361 2664 1158 2701">
     <span class='ocr_line' id='line_1_105' title="bbox 361 2664 1158 2701; baseline 0.003 -7"><span class='ocrx_word' id='word_1_736' title='bbox 361 2664 376 2685; x_wconf 68' lang='grc' dir='ltr'><strong>δ</strong></span> <span class='ocrx_word' id='word_1_737' title='bbox 391 2665 493 2694; x_wconf 80' lang='lat' dir='ltr'><strong>Ezech.</strong></span> <span class='ocrx_word' id='word_1_738' title='bbox 522 2675 613 2701; x_wconf 79' lang='lat' dir='ltr'><strong>xxxvr,</strong></span> <span class='ocrx_word' id='word_1_739' title='bbox 632 2666 689 2700; x_wconf 62' lang='lat'><strong>20;</strong></span> <span class='ocrx_word' id='word_1_740' title='bbox 720 2667 800 2695; x_wconf 79' lang='lat' dir='ltr'><strong>Rom.</strong></span> <span class='ocrx_word' id='word_1_741' title='bbox 813 2675 843 2701; x_wconf 77' lang='grc' dir='ltr'>ιι,</span> <span class='ocrx_word' id='word_1_742' title='bbox 858 2667 902 2696; x_wconf 75' lang='grc'><strong>24,</strong></span> <span class='ocrx_word' id='word_1_743' title='bbox 946 2673 958 2687; x_wconf 76' lang='grc' dir='ltr'><strong>ε</strong></span> <span class='ocrx_word' id='word_1_744' title='bbox 970 2668 1038 2695; x_wconf 87' lang='lat' dir='ltr'><strong>Luc.</strong></span> <span class='ocrx_word' id='word_1_745' title='bbox 1061 2676 1098 2700; x_wconf 80' lang='lat' dir='ltr'><strong>vx,</strong></span> <span class='ocrx_word' id='word_1_746' title='bbox 1113 2669 1158 2696; x_wconf 69' lang='grc' dir='ltr'><strong>ΔΞ.</strong></span> 
     </span>
    </p>
   </div>
   <div class='ocr_carea' id='block_1_106' title="bbox 328 2744 1116 2781">
    <p class='ocr_par' dir='ltr' id='par_1_106' title="bbox 328 2744 1116 2781">
     <span class='ocr_line' id='line_1_106' title="bbox 328 2744 1116 2781; baseline 0 -8"><span class='ocrx_word' id='word_1_747' title='bbox 328 2744 444 2781; x_wconf 25' lang='grc' dir='ltr'>ιυςγζιιῑι.</span> <span class='ocrx_word' id='word_1_748' title='bbox 456 2749 487 2772; x_wconf 84' lang='lat' dir='ltr'><strong>ut</strong></span> <span class='ocrx_word' id='word_1_749' title='bbox 496 2744 523 2772; x_wconf 94' lang='lat' dir='ltr'><strong>in</strong></span> <span class='ocrx_word' id='word_1_750' title='bbox 533 2745 594 2781; x_wconf 81' lang='lat' dir='ltr'><strong>ejus</strong></span> <span class='ocrx_word' id='word_1_751' title='bbox 602 2745 685 2781; x_wconf 84' lang='lat' dir='ltr'><strong>domo</strong></span> <span class='ocrx_word' id='word_1_752' title='bbox 695 2745 861 2774; x_wconf 77' lang='lat' dir='ltr'><strong>sacriﬁcium</strong></span> <span class='ocrx_word' id='word_1_753' title='bbox 871 2746 996 2774; x_wconf 79' lang='lat' dir='ltr'><strong>oﬂ&#39;erret.</strong></span> <span class='ocrx_word' id='word_1_754' title='bbox 1007 2745 1116 2773; x_wconf 81' lang='lat' dir='ltr'><strong>Paulin.</strong></span> 
     </span>
    </p>
   </div>
   <div class='ocr_carea' id='block_1_107' title="bbox 326 2780 640 2813">
    <p class='ocr_par' dir='ltr' id='par_1_107' title="bbox 326 2780 640 2813">
     <span class='ocr_line' id='line_1_107' title="bbox 326 2780 640 2813; baseline 0.003 -6"><span class='ocrx_word' id='word_1_755' title='bbox 326 2782 356 2808; x_wconf 78' lang='lat' dir='ltr'><strong>in</strong></span> <span class='ocrx_word' id='word_1_756' title='bbox 372 2780 430 2808; x_wconf 75' lang='lat' dir='ltr'><strong>Vita</strong></span> <span class='ocrx_word' id='word_1_757' title='bbox 444 2780 535 2813; x_wconf 59' lang='lat' dir='ltr'><strong>Ambr.</strong></span> <span class='ocrx_word' id='word_1_758' title='bbox 550 2780 579 2808; x_wconf 81' lang='lat' dir='ltr'><strong>ir.</strong></span> <span class='ocrx_word' id='word_1_759' title='bbox 595 2780 640 2808; x_wconf 79' lang='grc'><strong>10.</strong></span> 
     </span>
    </p>
   </div>
   <div class='ocr_carea' id='block_1_108' title="bbox 362 2815 1118 2852">
    <p class='ocr_par' dir='ltr' id='par_1_108' title="bbox 362 2815 1118 2852">
     <span class='ocr_line' id='line_1_108' title="bbox 362 2815 1118 2852; baseline 0 -8"><span class='ocrx_word' id='word_1_760' title='bbox 362 2815 420 2852; x_wconf 69' lang='lat'><strong>(52)</strong></span> <span class='ocrx_word' id='word_1_761' title='bbox 433 2815 548 2851; x_wconf 83' lang='lat' dir='ltr'><strong>Vigebat</strong></span> <span class='ocrx_word' id='word_1_762' title='bbox 559 2821 588 2844; x_wconf 90' lang='lat' dir='ltr'><strong>et</strong></span> <span class='ocrx_word' id='word_1_763' title='bbox 597 2817 625 2843; x_wconf 89' lang='lat' dir='ltr'><strong>in</strong></span> <span class='ocrx_word' id='word_1_764' title='bbox 640 2815 772 2844; x_wconf 83' lang='lat' dir='ltr'><strong>Ecclesiis</strong></span> <span class='ocrx_word' id='word_1_765' title='bbox 781 2815 1007 2844; x_wconf 85' lang='lat' dir='ltr'><strong>Occidentalibus</strong></span> <span class='ocrx_word' id='word_1_766' title='bbox 1016 2817 1118 2845; x_wconf 69' lang='lat' dir='ltr'><strong>saeculo</strong></span> 
     </span>
    </p>
   </div>
   <div class='ocr_carea' id='block_1_109' title="bbox 327 2851 1119 2887">
    <p class='ocr_par' dir='ltr' id='par_1_109' title="bbox 327 2851 1119 2887">
     <span class='ocr_line' id='line_1_109' title="bbox 327 2851 1119 2887; baseline 0.003 -9"><span class='ocrx_word' id='word_1_767' title='bbox 327 2851 411 2887; x_wconf 82' lang='lat' dir='ltr'><strong>tertio</strong></span> <span class='ocrx_word' id='word_1_768' title='bbox 436 2858 496 2878; x_wconf 89' lang='lat' dir='ltr'><strong>mos</strong></span> <span class='ocrx_word' id='word_1_769' title='bbox 522 2851 643 2886; x_wconf 90' lang='lat' dir='ltr'><strong>ponendi</strong></span> <span class='ocrx_word' id='word_1_770' title='bbox 671 2856 809 2879; x_wconf 87' lang='lat' dir='ltr'><strong>monetam</strong></span> <span class='ocrx_word' id='word_1_771' title='bbox 840 2852 959 2887; x_wconf 88' lang='lat' dir='ltr'><strong>aliquam</strong></span> <span class='ocrx_word' id='word_1_772' title='bbox 980 2852 1008 2880; x_wconf 91' lang='lat' dir='ltr'><strong>in</strong></span> <span class='ocrx_word' id='word_1_773' title='bbox 1039 2861 1119 2880; x_wconf 85' lang='lat' dir='ltr'><strong>sacro</strong></span> 
     </span>
    </p>
   </div>
   <div class='ocr_carea' id='block_1_110' title="bbox 326 2886 1119 2921">
    <p class='ocr_par' dir='ltr' id='par_1_110' title="bbox 326 2886 1119 2921">
     <span class='ocr_line' id='line_1_110' title="bbox 326 2886 1119 2921; baseline 0.001 -8"><span class='ocrx_word' id='word_1_774' title='bbox 326 2886 412 2918; x_wconf 83' lang='lat' dir='ltr'><strong>fonte,</strong></span> <span class='ocrx_word' id='word_1_775' title='bbox 431 2894 514 2921; x_wconf 86' lang='lat' dir='ltr'><strong>quam</strong></span> <span class='ocrx_word' id='word_1_776' title='bbox 531 2887 671 2920; x_wconf 83' lang='lat' dir='ltr'><strong>sacerdos,</strong></span> <span class='ocrx_word' id='word_1_777' title='bbox 683 2887 784 2914; x_wconf 84' lang='lat' dir='ltr'><strong>collato</strong></span> <span class='ocrx_word' id='word_1_778' title='bbox 799 2886 982 2917; x_wconf 71' lang='lat' dir='ltr'><strong>sacramento.</strong></span> <span class='ocrx_word' id='word_1_779' title='bbox 1003 2887 1055 2916; x_wconf 91' lang='lat' dir='ltr'><strong>sibi</strong></span> <span class='ocrx_word' id='word_1_780' title='bbox 1070 2895 1119 2914; x_wconf 86' lang='lat' dir='ltr'><strong>su-</strong></span> 
     </span>
    </p>
   </div>
   <div class='ocr_carea' id='block_1_111' title="bbox 326 2921 1117 2956">
    <p class='ocr_par' dir='ltr' id='par_1_111' title="bbox 326 2921 1117 2956">
     <span class='ocr_line' id='line_1_111' title="bbox 326 2921 1117 2956; baseline 0.003 -8"><span class='ocrx_word' id='word_1_781' title='bbox 326 2928 403 2948; x_wconf 85' lang='lat' dir='ltr'><strong>mere</strong></span> <span class='ocrx_word' id='word_1_782' title='bbox 415 2921 529 2949; x_wconf 82' lang='lat' dir='ltr'><strong>solebat.</strong></span> <span class='ocrx_word' id='word_1_783' title='bbox 548 2921 635 2956; x_wconf 81' lang='lat' dir='ltr'><strong>Quem</strong></span> <span class='ocrx_word' id='word_1_784' title='bbox 663 2929 767 2949; x_wconf 86' lang='lat' dir='ltr'><strong>morem</strong></span> <span class='ocrx_word' id='word_1_785' title='bbox 796 2922 936 2950; x_wconf 85' lang='lat' dir='ltr'><strong>damnavit</strong></span> <span class='ocrx_word' id='word_1_786' title='bbox 967 2923 1117 2950; x_wconf 83' lang='lat' dir='ltr'><strong>concilium</strong></span> 
     </span>
    </p>
   </div>
   <div class='ocr_carea' id='block_1_112' title="bbox 325 2956 1118 2991">
    <p class='ocr_par' dir='ltr' id='par_1_112' title="bbox 325 2956 1118 2991">
     <span class='ocr_line' id='line_1_112' title="bbox 325 2956 1118 2991; baseline 0.003 -7"><span class='ocrx_word' id='word_1_787' title='bbox 325 2956 539 2991; x_wconf 73' lang='lat' dir='ltr'><strong>Eliberilanum,</strong></span> <span class='ocrx_word' id='word_1_788' title='bbox 554 2965 615 2986; x_wconf 88' lang='lat' dir='ltr'><strong>can.</strong></span> <span class='ocrx_word' id='word_1_789' title='bbox 645 2957 690 2991; x_wconf 75' lang='grc'><strong>48,</strong></span> <span class='ocrx_word' id='word_1_790' title='bbox 706 2965 740 2985; x_wconf 84' lang='lat' dir='ltr'><strong>ne</strong></span> <span class='ocrx_word' id='word_1_791' title='bbox 753 2957 884 2985; x_wconf 81' lang='lat' dir='ltr'><strong>sacerdos</strong></span> <span class='ocrx_word' id='word_1_792' title='bbox 907 2958 1026 2986; x_wconf 85' lang='lat' dir='ltr'><strong>vendere</strong></span> <span class='ocrx_word' id='word_1_793' title='bbox 1041 2958 1118 2986; x_wconf 86' lang='lat' dir='ltr'><strong>vidc-</strong></span> 
     </span>
    </p>
   </div>
   <div class='ocr_carea' id='block_1_113' title="bbox 1173 2745 1670 2790">
    <p class='ocr_par' dir='ltr' id='par_1_113' title="bbox 1173 2745 1670 2790">
     <span class='ocr_line' id='line_1_113' title="bbox 1173 2745 1670 2790; baseline 0.002 -16"><span class='ocrx_word' id='word_1_794' title='bbox 1173 2752 1261 2790; x_wconf 38' lang='lat' dir='ltr'><strong>re‘tn&#39;r‘,</strong></span> <span class='ocrx_word' id='word_1_795' title='bbox 1282 2747 1355 2790; x_wconf 68' lang='lat' dir='ltr'><strong>quod</strong></span> <span class='ocrx_word' id='word_1_796' title='bbox 1374 2748 1433 2790; x_wconf 70' lang='lat' dir='ltr'><strong>ipse</strong></span> <span class='ocrx_word' id='word_1_797' title='bbox 1448 2745 1670 2790; x_wconf 46' lang='lat' dir='ltr'><strong>.gratis&#39;accepip.</strong></span> 
     </span>
    </p>
   </div>
   <div class='ocr_carea' id='block_1_114' title="bbox 1201 2783 1971 2820">
    <p class='ocr_par' dir='ltr' id='par_1_114' title="bbox 1201 2783 1971 2820">
     <span class='ocr_line' id='line_1_114' title="bbox 1201 2783 1971 2820; baseline 0.004 -11"><span class='ocrx_word' id='word_1_798' title='bbox 1201 2783 1256 2820; x_wconf 51' lang='grc' dir='ltr'><strong>(ᾧ)</strong></span> <span class='ocrx_word' id='word_1_799' title='bbox 1285 2783 1368 2811; x_wconf 84' lang='lat' dir='ltr'><strong>Panis</strong></span> <span class='ocrx_word' id='word_1_800' title='bbox 1382 2783 1511 2820; x_wconf 78' lang='lat' dir='ltr'><strong>videlicet</strong></span> <span class='ocrx_word' id='word_1_801' title='bbox 1533 2784 1700 2820; x_wconf 82' lang='lat' dir='ltr'><strong>consecrati,</strong></span> <span class='ocrx_word' id='word_1_802' title='bbox 1726 2791 1809 2820; x_wconf 87' lang='lat' dir='ltr'><strong>quem</strong></span> <span class='ocrx_word' id='word_1_803' title='bbox 1833 2784 1860 2812; x_wconf 94' lang='lat' dir='ltr'><strong>in</strong></span> <span class='ocrx_word' id='word_1_804' title='bbox 1883 2784 1971 2812; x_wconf 84' lang='lat' dir='ltr'><strong>frusta</strong></span> 
     </span>
    </p>
   </div>
   <div class='ocr_carea' id='block_1_115' title="bbox 1173 2817 1971 2848">
    <p class='ocr_par' dir='ltr' id='par_1_115' title="bbox 1173 2817 1971 2848">
     <span class='ocr_line' id='line_1_115' title="bbox 1173 2817 1971 2848; baseline 0.003 -3"><span class='ocrx_word' id='word_1_805' title='bbox 1173 2817 1300 2846; x_wconf 70' lang='lat' dir='ltr'><strong>dividere</strong></span> <span class='ocrx_word' id='word_1_806' title='bbox 1323 2822 1352 2846; x_wconf 81' lang='lat' dir='ltr'><strong>et</strong></span> <span class='ocrx_word' id='word_1_807' title='bbox 1375 2819 1533 2846; x_wconf 84' lang='lat' dir='ltr'><strong>astantibus</strong></span> <span class='ocrx_word' id='word_1_808' title='bbox 1569 2817 1742 2847; x_wconf 79' lang='lat' dir='ltr'><strong>distribuere</strong></span> <span class='ocrx_word' id='word_1_809' title='bbox 1775 2825 1971 2848; x_wconf 79' lang='lat' dir='ltr'><strong>consueverat.</strong></span> 
     </span>
    </p>
   </div>
   <div class='ocr_carea' id='block_1_116' title="bbox 1172 2853 1971 2890">
    <p class='ocr_par' dir='ltr' id='par_1_116' title="bbox 1172 2853 1971 2890">
     <span class='ocr_line' id='line_1_116' title="bbox 1172 2853 1971 2890; baseline 0.004 -11"><span class='ocrx_word' id='word_1_810' title='bbox 1172 2853 1258 2890; x_wconf 68' lang='lat' dir='ltr'><strong>Cujus</strong></span> <span class='ocrx_word' id='word_1_811' title='bbox 1279 2855 1364 2890; x_wconf 82' lang='lat' dir='ltr'><strong>panis</strong></span> <span class='ocrx_word' id='word_1_812' title='bbox 1379 2853 1511 2889; x_wconf 87' lang='lat' dir='ltr'><strong>reliquias</strong></span> <span class='ocrx_word' id='word_1_813' title='bbox 1529 2854 1604 2889; x_wconf 87' lang='lat' dir='ltr'><strong>quod</strong></span> <span class='ocrx_word' id='word_1_814' title='bbox 1627 2854 1723 2882; x_wconf 78' lang='lat' dir='ltr'><strong>nefarii</strong></span> <span class='ocrx_word' id='word_1_815' title='bbox 1741 2855 1855 2890; x_wconf 90' lang='lat' dir='ltr'><strong>quidam</strong></span> <span class='ocrx_word' id='word_1_816' title='bbox 1879 2863 1971 2882; x_wconf 62' lang='lat' dir='ltr'><strong>sacer.</strong></span> 
     </span>
    </p>
   </div>
   <div class='ocr_carea' id='block_1_117' title="bbox 1173 2888 1969 2931">
    <p class='ocr_par' dir='ltr' id='par_1_117' title="bbox 1173 2888 1969 2931">
     <span class='ocr_line' id='line_1_117' title="bbox 1173 2888 1969 2931; baseline 0.001 -16"><span class='ocrx_word' id='word_1_817' title='bbox 1173 2888 1493 2931; x_wconf 64' lang='lat' dir='ltr'><strong>dotes_pecptriae_gratia</strong></span> <span class='ocrx_word' id='word_1_818' title='bbox 1517 2888 1679 2920; x_wconf 76' lang='lat' dir='ltr'><strong>venderent.</strong></span> <span class='ocrx_word' id='word_1_819' title='bbox 1694 2888 1790 2918; x_wconf 59' lang='lat' dir='ltr'><strong>hac&#39;de</strong></span> <span class='ocrx_word' id='word_1_820' title='bbox 1805 2898 1835 2918; x_wconf 89' lang='lat' dir='ltr'><strong>re</strong></span> <span class='ocrx_word' id='word_1_821' title='bbox 1868 2890 1969 2918; x_wconf 84' lang='lat' dir='ltr'><strong>merito</strong></span> 
     </span>
    </p>
   </div>
   <div class='ocr_carea' id='block_1_118' title="bbox 1172 2924 1453 2958">
    <p class='ocr_par' dir='ltr' id='par_1_118' title="bbox 1172 2924 1453 2958">
     <span class='ocr_line' id='line_1_118' title="bbox 1172 2924 1453 2958; baseline 0.011 -9"><span class='ocrx_word' id='word_1_822' title='bbox 1172 2924 1300 2958; x_wconf 88' lang='lat' dir='ltr'><strong>queritur</strong></span> <span class='ocrx_word' id='word_1_823' title='bbox 1320 2924 1453 2953; x_wconf 84' lang='lat' dir='ltr'><strong>Leontius</strong></span> 
     </span>
    </p>
   </div>
  </div>
