2162 3240
330 204 408 239 2559

943 205 1102 236 EVAGRII
1122 204 1366 235 SCHOLASTICI

1897 204 1968 237 2560

334 272 419 294 voces
431 263 563 299 quasdam
576 271 638 299 quas
654 262 681 290 in
695 262 801 298 synodo
817 268 883 290 tunc
897 267 1061 298 congregata
1078 261 1129 288 mi-
1144 265 1167 292 Α
1182 271 1187 279 π

1117 275 1129 281 -
1144 265 1167 292 Α
1182 262 1230 294 νὰς
1246 261 1283 297 μὴ
1297 261 1446 297 εἰρημένας
1459 262 1491 297 τῇ
1509 261 1539 288 τδ
1553 261 1705 297 τηνικαῦτα
1713 262 1854 299 ἁλισθεισῃ
1868 264 1969 298 συνόδῳ

336 311 412 338 nime
427 310 508 338 dictae
518 315 623 342 essent,
633 317 648 336 a
663 309 796 336 Dioscoro
811 308 881 336 actis
894 308 1012 335 insertas
1026 307 1128 335 fuisse:

337 362 451 384 curasse
467 359 600 390 praeterea
617 355 745 382 eumdem
761 355 921 381 Dioscorum
933 374 940 385 ,
957 358 985 380 ut
1005 353 1129 389 episcopi

338 403 364 429 in
387 402 483 429 charta
514 409 583 436 pura
609 400 830 428 subscriberent.
862 399 1070 434 Postulavitque
1100 404 1131 426 ut

337 452 397 475 aeta
415 447 507 475 omnia
518 446 646 474 secunda:
657 446 756 482 synodi
771 446 926 481 Ephesime.
937 445 1129 480 episcoporum

337 494 383 529 qui
410 493 567 529 congregati
583 497 664 520 erant
678 493 782 527 judicio
805 492 1021 523 inlirmarentur,
1045 496 1130 526 utque

338 540 390 574 ipsi
405 539 569 574 dignitatem
582 540 730 567 sacerdotii
757 543 966 573 recuperarent,
982 543 1069 574 utque
1083 546 1132 566 nc-

338 586 435 613 l'arium
449 586 515 613 illud
533 586 631 621 dogma
646 586 821 612 anathemate
842 585 1030 612 damnaretur.
1048 584 1131 612 Pctiit

336 631 421 658 etiam
432 636 494 665 post
511 631 700 658 recitationem
713 629 799 657 libelli
817 629 877 661 sui,
902 633 932 656 ut
954 629 1131 657 adversarius

336 674 456 702 adesset.
472 675 597 709 Cumque
614 674 738 709 episcopi
753 674 902 709 iussissent
928 678 959 701 ut
974 673 1062 706 ﬂeret.
1079 674 1132 702 Ae-

338 720 393 748 tius
405 720 617 748 archidiaconus
629 724 656 747 et
671 720 847 754 primicerius
863 720 1035 747 notariorum
1062 719 1131 747 dixit

337 765 491 800 profectum
503 773 532 793 se
548 773 609 793 eSse
623 765 658 792 ad
675 765 849 797 Dioscorum.
872 765 1022 799 itidemque
1037 764 1071 792 ad
1088 772 1131 792 re-

336 812 446 847 liquos:
463 812 625 839 Dioscorum
642 819 709 838 vero
727 811 914 846 respondisse,
943 810 1087 846 prohiberi
1100 818 1131 839 se

336 865 351 885 a
366 858 528 885 custodibus
543 865 579 885 ne
593 857 627 885 ad
645 857 794 884 concilium
811 857 916 885 veniat.

372 902 452 930 Facta
468 903 567 929 iterum
583 901 910 936 interloculionejussum
932 905 986 934 est,
1020 907 1052 929 ut
1067 901 1131 929 Dio-

335 956 433 976 scorus
448 956 498 983 pro
514 948 621 975 foribus
633 948 744 976 concilii
757 952 938 983 quaereretur.
957 948 992 975 Et
1007 955 1070 975 cum
1085 955 1130 975 re-

336 998 430 1028 pertus
455 1001 509 1020 non
522 997 606 1025 esset.
622 993 765 1021 Anatolius
782 993 1040 1028 Constantinopolis
1067 994 1129 1028 epi-

335 1047 436 1074 scopas
456 1038 644 1073 interloquens
663 1038 742 1069 dixit.
765 1038 869 1066 debere
891 1038 967 1065 illum
980 1039 1088 1065 evocari
1102 1043 1130 1065 et

335 1085 453 1113 concilio
470 1085 614 1112 interesse.
628 1083 707 1117 Quod
721 1091 785 1111 cum
792 1083 1129 1111 exsecutionimandatum

336 1131 445 1163 luis<et,
462 1131 611 1158 redeuntes
628 1130 647 1157 ii
660 1130 707 1165 qui
734 1130 809 1156 missi
823 1129 933 1156 fuerant
959 1128 993 1156 ad
1018 1126 1131 1156 Diosco-

335 1185 406 1207 rum.
427 1176 621 1204 renuntiarunt
633 1183 697 1203 eum
708 1175 811 1203 dixisse
824 1183 830 1201 :
847 1175 904 1202 Sub
915 1174 1042 1202 custodia
1057 1182 1128 1201 sum.

335 1222 432 1250 Dicant
451 1221 587 1254 custodes.
614 1221 699 1248 velint
714 1229 749 1248 ne
773 1221 840 1248 mihi
855 1220 1019 1255 permittere
1046 1223 1078 1247 ut
1092 1219 1127 1246 ad

333 1267 480 1295 concilium
498 1274 620 1301 pergam.
644 1266 767 1301 Cumque
781 1266 864 1301 legati
880 1265 991 1293 concilii
1013 1272 1130 1300 respon-

334 1313 439 1340 dissent
449 1321 478 1340 se
486 1313 520 1340 ad
535 1313 612 1339 illum
627 1312 727 1339 missos
736 1319 807 1343 esse,
831 1319 886 1338 non
902 1318 967 1338 vero
982 1310 1015 1337 ad
1044 1310 1130 1345 magi-

334 1358 463 1386 str-ianos:
478 1357 634 1384 retulerunt
644 1357 804 1384 Dioscorum
818 1356 876 1384 haec
883 1356 1004 1383 dixisse:
1017 1356 1132 1383 Paratus

334 1411 395 1431 sum
413 1403 507 1430 venire
518 1402 552 1429 ad
568 1409 675 1429 sacrant
690 1405 719 1427 et
729 1401 884 1428 universale
898 1401 1049 1428 concilium
1065 1399 1130 1427 :sed

334 1449 494 1483 prohibeor.
516 1447 622 1480 Quibus
640 1447 740 1482 adjecit
765 1447 915 1479 llimerius,
940 1446 1124 1473 redeuntibus

335 1495 402 1530 ipsis
413 1495 567 1522 aDioscoro
592 1493 747 1520 occurrisse
761 1493 916 1528 adiutorem
938 1492 1061 1527 magistri
1088 1499 1131 1519 sa-

334 1549 448 1568 crorum
462 1541 626 1571 olliciorum,
643 1544 672 1567 et
684 1539 832 1574 episcopos
849 1547 903 1566 una
927 1546 992 1566 cum
1011 1538 1060 1565 i-llo
1086 1545 1130 1565 re-

1182 306 1376 343 προστέθεικεν
1390 307 1420 334 ἐν
1434 309 1490 339 τοῖς
1502 307 1695 343 ὑπομνήμασι,
1713 309 1762 336 καὶ
1777 307 1815 341 ὥς
1827 309 1971 344 ἀγράφους

1182 353 1284 388 χάρτας
1307 352 1514 387 παρεσκεύασεν
1533 353 1632 385 αὐτοὺς
1647 353 1892 390 ὕποσημήνασθαι.
1914 355 1978 388 Καὶν

1181 399 1278 434 ἐδεήθη
1296 399 1366 426 ὥστε
1380 400 1412 425 ἐκ
1421 399 1512 434 ψήφου
1523 399 1577 426 τῶν
1593 400 1811 436 συνειλεγμένων
1823 401 1971 436 ἀκυρωθῆ-

1181 454 1225 471 νλι
1243 445 1331 473 πάντα
1353 445 1387 472 τὰ
1409 446 1438 472 ὲν
1462 446 1495 480 τῇ
1515 445 1629 481 δευτέρᾳ
1645 446 1746 480 συνόδῳ
1759 448 1793 482 τῇ
1814 447 1843 473 ὲν
1863 446 1971 481 Ἐφέσῳ

1181 491 1380 526 πεπραγμένα,
1395 491 1442 518 καὶ
1466 491 1540 526 ἔχειν
1560 492 1660 524 αὐτοὺς
1676 493 1725 528 τὴν
1743 493 1904 529 ἱερωσύνην.
1921 493 1972 521 καὶ

1181 537 1471 572 ἀναθεματισθῆναιτὸ
1485 538 1583 573 μιαρὸν
1598 539 1686 565 ἐκεῖνο
1703 538 1802 574 δόγμα.
1819 540 1873 566 Καὶ
1886 539 1971 574 ἠξίω-

1182 591 1212 608 σε
1231 582 1301 616 μετὰ
1311 582 1361 618 τὴν
1372 583 1536 617 ἀνάγνωσιν,
1558 583 1604 610 καὶ
1619 583 1665 610 τὸν
1678 584 1813 610 ἀντίδικον
1828 586 1969 619 παρεῖναι.

1182 626 1219 656 Ub
1232 629 1263 663 δὴ
1282 629 1489 665 διαλαληθέντος
1505 629 1645 664 γενέσθαι,
1668 630 1780 665 εἴρηκεν
1806 630 1907 661 Ἀέτιος
1922 631 1959 666 ἀρ

1181 675 1333 710 χιδιάκονος
1344 676 1392 702 καὶ
1402 678 1585 711 πριμικήριος
1600 676 1743 712 νοταρεων,
1758 677 1797 709 ὼς
1811 677 1887 713 διέϐη
1904 679 1971 714 πρὸς

1180 723 1338 757 Διόσκορον,
1367 722 1472 757 ὥσπερ.
1493 721 1540 749 οὖν
1567 723 1697 758 καὶπρὸς
1717 723 1781 755 τοὺς
1799 723 1908 756 ἄλλους,
1923 725 1971 751 καὶ

1181 766 1240 795 εἶπε
1255 768 1289 798 ³³.
1302 767 1340 803 μὴ
1356 768 1558 804 συγχωρεῖσθαι
1578 768 1632 795 ὑπὸ
1649 768 1703 796 τῶν
1719 769 1910 804 φυλαττόντων
1921 771 1970 796 αὺ-

1180 814 1224 841 τὸν
1241 814 1456 850 παραγενέσθαι.

1217 903 1272 930 Kal.
1285 902 1431 937 δωλαλήθη
1446 901 1601 938 ζητηθῆναι
1614 902 1661 930 τδν
1677 903 1822 938 Διόσκορον
1848 903 1901 937 πρὸ
1922 903 1971 931 τοῦ

1182 949 1330 984 συνεδρίου.
1360 948 1416 975 Kal.
1445 948 1482 982 μὴ
1503 947 1664 982 εὑρεθέντος
1688 948 1782 980 αὑτοῦ,
1817 949 1971 982 Ἀνατόλιος

1180 994 1327 1026 ἐπίσκοπος
1339 994 1652 1026 Κωνσταντινουπὸλεως
1666 994 1836 1028 διελάλησεν,
1853 995 1972 1030 docilem

1180 1039 1261 1065 αὐτὸν
1282 1038 1496 1074 μετακληθῆναι,
1520 1039 1569 1066 καὶ
1585 1040 1614 1066 ὲν
1638 1041 1672 1074 τῇ
1690 1040 1792 1076 συνόδῳ
1815 1041 1971 1075 παραγενέ-

1181 1084 1254 1112 σθαι.
1273 1084 1328 1110 Καὶ
1342 1084 1439 1110 τούτου
1453 1085 1615 1119 γενομένου,
1632 1086 1852 1121 παραγενόμενοι
1865 1087 1890 1112 oi
1905 1087 1973 1113 ἀπο-

1182 1129 1336 1162 σταλέντες,
1356 1130 1484 1165 εἰρήκασι
1504 1129 1592 1156 εἰπεῖν
1610 1130 1704 1164 αὑτὸν,
1716 1132 1889 1166 Φυλάττομαι
1903 1133 1970 1166 ἐγώ.

1182 1175 1213 1202 El
1232 1175 1261 1202 δὲ
1284 1175 1455 1211 συγχωροῦσι
1477 1184 1525 1210 μοι
1549 1175 1703 1208 κατελθεῖν,
1732 1177 1898 1204 εἰπάτωσαν.
1915 1179 1972 1204 Και

1181 1220 1312 1248 εἰπόντων
1328 1219 1404 1256 αὐτῷ
1419 1221 1476 1247 τῶν
1487 1220 1715 1256 ἀπεσταλμένων.
1736 1223 1774 1254 ὡς
1794 1223 1863 1257 πρὺς
1878 1223 1970 1255 αὑτὸν,

1180 1267 1210 1294 οὐ
1225 1266 1293 1302 πρὸς
1307 1267 1370 1297 τοὺς
1387 1268 1601 1302 μαγιστριανοὺς
1615 1267 1820 1306 ἀπεστάλησαν,
1832 1266 1973 1302 διεξῆλθον

1181 1313 1270 1339 εἰπεῖν
1295 1312 1387 1344 αὐτὸν,
1403 1313 1532 1348 Ἔτοιμός
1548 1314 1606 1348 εἰμι
1627 1314 1834 1348 παραγενέσθαι
1860 1314 1900 1346 εις
1922 1314 1972 1349 τὴν

1182 1359 1263 1392 ἁγίαν
1283 1359 1331 1386 καὶ
1353 1359 1548 1393 οἱκουμενικὴν
1573 1359 1699 1386 σύνοδον·
1727 1359 1796 1386 ἀλλὰ
1817 1359 1970 1394 κωλύομαι.

1182 1402 1230 1436 οἷς
1256 1404 1452 1439 προστέθεικεν
1471 1403 1601 1439 Ἱμέριος,
1623 1405 1660 1436 ὡς
1680 1405 1867 1432 κατελθόντων
1883 1405 1973 1433 αὐτῶν

1182 1449 1258 1484 παρὰ
1283 1449 1441 1484 Διοσκόρου,
1476 1449 1631 1484 ὑπήντησεν
1656 1451 1671 1477 ὁ
1699 1450 1796 1485 βοηθὸς
1822 1450 1870 1478 τοῦ
1893 1451 1975 1486 μαγί-

1183 1503 1264 1530 στρου
1280 1499 1286 1523 ί
1292 1494 1336 1530 14)
1353 1495 1407 1521 τῶν
1421 1494 1501 1521 θείων
1525 1495 1670 1529 ὀφφικίων,
1684 1497 1733 1522 καὶ
1749 1496 1809 1530 μετ’
1824 1496 1906 1523 αὑτοῦ
1918 1498 1973 1524 πά-

1181 1540 1222 1567 λιν
1236 1540 1367 1574 γεγόνασι
1384 1540 1452 1575 πρὸς
1469 1541 1616 1578 Διόσκορον
1628 1542 1652 1568 oi
1670 1541 1828 1574 ἐπίσκοποι,
1847 1543 1894 1570 καὶ
1907 1543 1975 1578 περὶ

335 1593 430 1614 versos
443 1593 503 1614 esse
528 1585 562 1612 ad
577 1585 751 1617 Dioscorum,
768 1585 859 1620 deque
881 1585 935 1612 illis
960 1584 1085 1619 quaedam
1102 1591 1131 1611 sc
1145 1596 1168 1626 ο
1182 1594 1188 1602 ι

1118 1591 1131 1611 (‘-
1145 1596 1168 1626 ο
1182 1585 1284 1612 τούτων
1299 1586 1328 1612 ὲν
1341 1587 1464 1621 σημείοις
1476 1587 1537 1613 τινὰ
1552 1586 1632 1622 ἔχειν.
1649 1587 1741 1622 Ἀπερ
1751 1588 1971 1622 ἀναγνωσθέντα,

335 1631 439 1659 habere
450 1639 512 1666 qua:
535 1631 609 1658 notis
618 1631 780 1665 excepisset.
793 1630 831 1657 Ea
840 1629 959 1665 perlecta
973 1629 1130 1656 indicabant

335 1677 495 1705 Dioscorum
519 1677 578 1704 lizec
592 1677 626 1704 ad
647 1677 762 1704 verbum
779 1676 881 1703 dixisse
897 1684 903 1702 :
920 1675 1069 1710 Postquam
1085 1682 1129 1702 me

335 1723 394 1758 ipse
409 1724 547 1759 recollegi,
565 1728 594 1751 et
618 1724 685 1759 quid
699 1724 766 1750 mihi
787 1723 932 1758 expediret
943 1723 1128 1755 considerari,

336 1770 374 1798 ita
381 1770 545 1805 respondeo.
556 1769 785 1804 Quandoquidem
797 1769 823 1796 in
832 1769 974 1804 superiore
983 1777 1127 1802 concessu,

337 1815 601 1851 magniﬁcentissimi
620 1815 803 1856 judicespost
816 1815 917 1842 multas
938 1814 1071 1850 cujusque
1086 1814 1130 1841 in-

336 1862 534 1889 tcrlocutioncs
552 1861 636 1888 multa
654 1861 854 1892 decreverunt;
868 1868 944 1888 nunc
956 1868 1021 1888 vero
1034 1861 1069 1888 ad
1084 1869 1128 1888 se»-

335 1908 456 1935 cundum
468 1916 627 1936 consessum
637 1916 731 1944 vocor,
747 1914 777 1937 ut
795 1909 924 1944 praedicta
941 1909 1127 1940 inlirmentur.

336 1961 402 1988 rogo
415 1957 445 1980 ut
458 1955 721 1989 magniﬁcentissimi
739 1955 848 1990 iudices
867 1959 895 1982 et
909 1955 1071 1989 amplissimi
1084 1963 1128 1982 se-

337 2002 461 2031 natores.
488 2000 534 2034 qui
555 2000 641 2034 priori
659 2001 805 2028 conventui
829 2001 1030 2031 interlueruut,
1054 2008 1129 2028 nunc

335 2051 446 2078 quoque
467 2044 596 2072 intersint
609 2052 664 2080 quo
681 2045 777 2072 eadem
796 2045 896 2072 iterum
912 2045 1102 2072 examinentur
1117 2054 1123 2072 :

335 2090 386 2116 Cui
400 2090 526 2120 Aeacius.
555 2090 621 2117 utin
638 2090 734 2118 iisdem
753 2091 823 2118 actis
839 2090 968 2122 refertur,
985 2091 1129 2125 respondit

337 2135 380 2165 his
390 2135 481 2163 verbis
496 2145 503 2162 :
516 2136 617 2164 Sancta
627 2141 656 2164 et
669 2145 763 2171 magna
776 2136 898 2172 synodus
907 2142 961 2163 non
992 2137 1055 2164 ideo
1066 2145 1128 2164 san-

335 2181 458 2210 ctitatem
475 2187 548 2209 tuam
566 2182 661 2210 adesse
674 2183 765 2217 jussit.
783 2187 813 2209 ut
823 2190 855 2210 ea
866 2190 927 2218 quae
948 2190 1041 2210 coram
1069 2191 1128 2210 ma-

335 2226 569 2262 gniﬁcentissimis
582 2228 720 2263 iudicibus
729 2233 758 2256 et
769 2236 848 2255 sacro
861 2233 956 2256 senatu
966 2233 1040 2264 gesta
1053 2234 1126 2261 sunt,

1183 1631 1319 1666 ἐδήλωσεν
1333 1632 1381 1658 ἐπὶ
1395 1632 1495 1664 λέξεως
1519 1632 1565 1659 τὸν
1587 1632 1734 1668 Διόσκορον
1759 1634 1846 1660 εἰπεῖν
1869 1634 1972 1661 ταῦτα·

1184 1676 1351 1710 Συναγαγὼν
1376 1678 1504 1712 ἐμαυτὸν.
1522 1679 1569 1704 καὶ
1592 1678 1673 1713 γνοὺς
1697 1679 1728 1704 τὺ
1743 1679 1894 1714 συμφέρον,
1909 1679 1974 1706 τάδε

1182 1722 1384 1757 ἁποκρίνομαι’
1407 1723 1517 1758 Ἐπειδὴ
1537 1723 1567 1749 ἐν
1596 1725 1628 1758 τῇ
1658 1724 1711 1758 πρὸ
1736 1724 1840 1760 ταύτης
1870 1725 1974 1759 συνόδῳ

1182 1768 1362 1803 καθεζόμενοι
1378 1769 1402 1795 ol
1431 1769 1723 1805 μεγαλοπρεπέστατοι
1748 1770 1889 1805 ἄρχοντες,
1907 1770 1975 1805 ὡρι-

1183 1822 1233 1840 σαν
1259 1814 1345 1841 πολλὰ
1374 1814 1442 1849 μετὰ
1467 1814 1568 1850 πολλὴν
1583 1815 1700 1841 ἑκάστου
1714 1815 1863 1848 διαλαλιὰν,
1882 1815 1929 1842 νῦν
1945 1816 1974 1843 δὲ

1182 1861 1222 1890 εις
1237 1859 1367 1895 δευτέραν
1386 1861 1522 1895 καλοῦμαι
1540 1860 1659 1890 σύνοδον.
1675 1861 1716 1892 εἰς
1735 1861 1782 1887 τὸν
1807 1861 1862 1887 τῶν
1880 1870 1975 1897 προει-

1184 1906 1310 1942 ρημένων
1328 1907 1492 1941 ἁνασκευὴν,
1517 1906 1670 1942 παρακαλῶ
1694 1907 1758 1938 τοὺς
1773 1906 1869 1942 πρώην
1894 1907 1924 1934 ἑν
1940 1909 1973 1943 τῇ

1183 1951 1285 1986 συνόδῳ
1310 1952 1553 1987 παραγενομένους
1585 1952 1896 1988 μεγαλοπρεπεστάτους
1922 1954 1974 1989 ἄρ-

1182 2006 1292 2032 χοντας,
1305 1998 1352 2024 καὶ
1376 1998 1426 2033 τὴν
1451 1999 1472 2024 is
1479 1999 1527 2033 ρὰν
1550 1998 1712 2033 σύγκλητον,
1727 1999 1774 2025 καὶ
1785 1999 1832 2025 νῦν
1848 2001 1975 2034 παρεῖναι

1183 2043 1228 2069 ἵνα.
1258 2043 1341 2070 πάλιν
1367 2045 1400 2070 τὰ
1424 2044 1493 2071 αὐτὰ
1521 2044 1677 2080 γυμνασθῇ.
1704 2045 1774 2080 Πρὸς
1796 2044 1825 2071 δν
1844 2043 1976 2071 ’Δκάκιον

1181 2090 1257 2125 δηλοί
1277 2089 1312 2117 τὰ
1331 2091 1516 2126 πεπραγμένα
1540 2091 1685 2123 διεξελθεῖν
1707 2091 1756 2117 ἐπὶ
1776 2091 1877 2124 λέξεως
1908 2091 1976 2117 ταῦ-

1182 2145 1226 2163 τα·
1239 2137 1296 2172 Οὐχ
1311 2136 1398 2168 οὕτως
1413 2137 1556 2164 ἐκέλευσεν
1584 2138 1601 2172 ἡ
1627 2137 1694 2172 ἁγία
1709 2137 1755 2164 καὶ
1778 2137 1887 2173 μεγάλη
1913 2137 1977 2164 σύν-

1182 2183 1240 2214 οδος
1250 2183 1298 2218 τὴν
1308 2183 1443 2218 ὑμετέραν
1450 2183 1581 2218 ἁγιότητα
1590 2184 1727 2219 παρεῖναι,
1737 2183 1809 2210 ὥστε
1822 2184 1975 2210 ἀνασκευα-

1183 2229 1281 2264 σθῆναι
1301 2229 1335 2255 τὰ
1356 2228 1404 2255 ἐπὶ
1421 2228 1475 2255 τῶν
1502 2229 1808 2263 μεγαλοπρεπεστάτων
1835 2229 1978 2265 ἀρχόντων

336 2272 511 2302 inllrmentur
533 2274 601 2301 :sed
623 2282 673 2301 nos
697 2274 773 2302 misit
787 2274 820 2302 ad
836 2279 872 2306 te,
896 2275 1030 2302 mandans
1047 2279 1078 2302 ut
1096 2275 1131 2302 ad
1148 2269 1189 2300 υτ

1123 2275 1131 2302 l
1148 2269 1171 2298 Ι)
1185 2275 1231 2301 καὶ
1244 2275 1291 2301 ἐπὶ
1305 2275 1354 2310 τῆς
1373 2275 1449 2310 ἱερᾶς
1464 2274 1616 2310 συγκλήτου
1640 2275 1797 2311 πραχθέντα
1809 2284 1817 2292 ·
1830 2275 1888 2302 ἀλλ’
1901 2276 1976 2311 ἡμᾶς

335 2327 497 2347 consessum
517 2319 622 2352 venias,
639 2327 690 2347 nec
712 2319 784 2347 absit
822 2319 856 2347 ab
872 2327 906 2347 eo
920 2320 1052 2348 sanctitas
1073 2325 1129 2348 tua.

335 2364 386 2392 Cui
399 2365 547 2393 Dioscorus
568 2365 605 2392 ita
624 2367 777 2400 respondit,
793 2371 824 2392 ut
840 2365 867 2392 in
880 2365 978 2393 iisdem
999 2366 1068 2393 actis
1083 2366 1132 2393 ha-

342 2410 442 2438 betur:
457 2411 537 2438 Modo
549 2411 657 2439 dixistis
677 2411 745 2438 mihi
769 2411 917 2439 Eusebium
939 2412 1048 2439 libellos
1066 2420 1130 2447 por-

338 2458 453 2485 rexisse.
466 2457 568 2485 lterum
580 2458 689 2493 postqu
700 2462 729 2485 ut
740 2465 834 2485 coram
839 2458 978 2494 iudicibus
986 2467 1018 2486 ac
1031 2463 1129 2486 senatu

1185 2319 1356 2351 ἀπέστειλεν,
1375 2319 1446 2347 ὥστε
1472 2320 1638 2348 καταλαῦεῖν
1655 2329 1685 2347 σε
1706 2321 1737 2348 τὸ
1760 2322 1912 2357 συνέδριον.
1927 2322 1976 2348 καὶ

1185 2366 1223 2402 μὴ
1238 2366 1436 2402 ἀπολειφθῆναι
1459 2367 1543 2393 αὐτοῦ
1567 2367 1618 2402 τὴν
1635 2368 1685 2403 σὴν
1699 2367 1839 2403 ὁσιότητα.
1861 2368 1932 2404 Πρὸς
1945 2367 1976 2394 ὃν

1188 2412 1333 2448 Διόσκορος
1345 2413 1465 2448 εἴρηκεν,
1477 2413 1515 2444 ὠς
1527 2413 1561 2440 τὰ
1574 2414 1760 2448 ὑπομνήματα
1779 2413 1915 2449 λέγουσιν’
1929 2414 1974 2440 Ei-

1184 2458 1288 2493 ρὴκατέ
1301 2466 1348 2493 μοι
1367 2457 1415 2485 νῦν
1431 2459 1473 2485 ὅτι
1487 2458 1626 2490 λιϐέλλους
1647 2459 1813 2487 ἐπιδέδωκεν
1831 2459 1974 2491 Εὐσέϐιος.

337 2511 397 2532 mea
413 2511 495 2532 causa
511 2504 694 2533 examinetur.
713 2505 747 2532 Et
761 2509 824 2540 post
836 2505 890 2533 alia
907 2505 1031 2542 ejusdem
1053 2505 1127 2533 modi
1179 2505 1190 2531 ῐ

1122 2505 1127 2532 i
1179 2504 1336 2539 Παρακαλῶ
1349 2505 1430 2532 πάλιν
1446 2505 1588 2541 παρόντων
1605 2505 1743 2541 ἀρχόντων
1749 2502 1773 2523 ’λ
1788 2507 1834 2533 καὶ
1848 2506 1899 2541 τῆς
1908 2514 1975 2540 συγ-

991 2585 1108 2614 VARIAS
1124 2585 1325 2614 LECTIONES.

373 2643 396 2658 ¹²
409 2643 441 2670 C.
457 2642 489 2670 C.
510 2641 597 2669 εἷπον.
636 2643 659 2659 ⁸⁸
672 2643 748 2679 παρά
760 2643 808 2671 τοῦ
823 2643 878 2671 τῶν
893 2644 1041 2680 ἁρχῦντων.

939 2713 1074 2742 VALESII
1091 2713 1369 2744 ANNOTATIONES.

376 2769 432 2787 Ib“.
449 2769 560 2787 nni-9AA
581 2768 620 2787 τιτι
645 2769 794 2787 ηηυΙι-ννιυδ
829 2770 937 2787 lgna-Ia
960 2774 985 2787 ΔΙ
1003 2770 1084 2787 [Ws-ie

375 2769 432 2804 (l4)
448 2769 560 2802 Βοηθὸς
581 2769 620 2800 τῷ
640 2769 802 2804 μαγίστρφ.
829 2770 939 2805 Langus
960 2774 988 2797 et
1003 2770 1126 2797 Christm

339 2804 498 2837 phorsunus
511 2803 639 2831 Bocthum
655 2804 828 2839 interpretati
842 2810 919 2837 sunt,
934 2805 1013 2840 quasi
1034 2805 1061 2832 id
1077 2814 1128 2833 no-

340 2847 404 2881 men
421 2841 564 2881 proprium
582 2843 665 2881 esset.
681 2840 763 2881 _Atqui
780 2840 876 2881 βοηθὸς
895 2847 995 2881 nonteu
1018 2841 1126 2881 εει-οἷς

341 2874 410 2912 Ιίςξίἶ
421 2873 732 2912 5ἰδοιιίηιλ1ἰνοικιιιιιί
746 2873 876 2912 princeps
897 2875 992 2912 cilicii?
1005 2876 1126 2912 magistri

338 2908 504 2941 ciliciorum,
525 2910 572 2947 qui
593 2914 653 2938 c-at
667 2918 698 2937 ex
716 2910 809 2938 schola
825 2908 965 2945 agentium
987 2911 1014 2938 in
1033 2908 1126 2943 rc'hus,

1182 2777 1212 2799 ut
1226 2772 1307 2809 docet
1317 2773 1420 2809 Nomia
1431 2773 1536 2809 imperii
1549 2773 1674 2800 Romani.
1691 2774 1778 2801 Porro
1796 2773 1906 2809 adiutor
1922 2775 1976 2802 isto

1182 2808 1305 2844 magistri
1323 2808 1664 2839 olliciorum.£leusinius
1678 2810 1790 2844 proprio
1804 2810 1914 2837 nomine
1929 2810 1974 2836 dA—

1181 2843 1306 2907 ἓιῖικῖιιιῖι.
1334 2844 1521 2882 adscribitur
1546 2844 1573 2871 in
1609 2843 1831 2873 actione’tertia
1862 2844 1973 2873 concilii

1213 2887 1236 2906 ia
1250 2887 1281 2907 cc
1304 2899 1311 2907 .
