2162 3242
323 199 392 234 2571

934 195 1092 228 EVAGRII
1109 194 1352 225 SCHOLASTECI

1884 192 1955 226 2572

323 256 427 284 dicitur
466 259 561 290 utpote
586 254 634 290 qui
664 253 756 281 carnis
784 261 840 282 sua
864 253 1039 288 nativitatem
1061 250 1113 279 sibi
1129 252 1176 284 Δγ

1099 250 1113 277 υἱ
1129 252 1151 281 Α
1166 250 1293 285 γέννησιν
1318 249 1515 285 οίκειούμενος.
1534 248 1612 276 Οὕτω
1641 247 1731 284 φαμὲν
1752 247 1833 277 αὐτὸν
1846 247 1952 280 παθεῖν,

323 301 465 338 propriam
483 299 609 332 asciseat.
630 300 734 328 Eodem
747 299 828 327 modo
841 299 918 327 illum
930 305 1040 334 passum
1053 304 1114 325 esse

325 345 444 375 dicimus
455 349 484 374 et
497 345 692 381 resurrexisse,
715 353 770 373 non
789 345 867 380 quasi
893 345 968 372 Deus
992 343 1113 371 Verbum

322 392 355 420 in
374 400 424 420 sua
445 396 544 420 natura
574 392 667 428 plagas
694 399 792 427 passus
819 392 864 425 sit,
891 397 939 419 aut
972 390 1114 418 clavorum

325 437 534 470 transﬁxiones,
560 441 608 465 aut
630 436 683 465 alia
713 437 843 472 qualibet
873 436 1015 464 vulnera:
1041 435 1115 464 Deus

325 485 402 513 enim
421 483 609 520 perpessionis
624 491 724 520 expers
750 488 802 516 est,
828 486 924 518 utpote
945 482 994 518 qui
1023 486 1116 510 careat

326 537 453 566 corpore.
475 529 528 558 Sed
540 529 670 565 quoniam
681 536 782 564 corpus
795 527 864 556 illud
876 526 949 564 quod
972 527 1115 562 proprium

327 576 388 612 ejus
401 578 469 608 erat,
486 582 597 610 passum
611 579 664 607 est,
678 573 781 602 idcirco
801 581 899 608 passus
918 573 991 601 idem
1012 572 1116 600 dicitur

326 628 389 649 esse
400 629 452 657 pro
467 620 558 648 nobis.
570 620 637 648 Nam
662 620 690 651 in
714 626 830 654 c0rpore
850 619 924 655 quod
947 618 1115 655 patiebatur,

321 667 418 696 Inerat
436 667 509 695 Deus
520 666 691 703 impatihilis.

362 713 457 741 Altera
472 717 564 739 autem
576 710 670 746 Cyrilli
682 710 809 746 epistola,
827 711 932 746 majore
957 708 1069 745 quidem
1082 716 1117 736 ex

328 756 470 792 parteiam
486 755 573 784 relata
590 760 632 783 est
646 755 674 782 in
689 754 779 791 primo
791 755 874 790 hujus
885 755 1009 783 historiae
1031 753 1116 781 libro.

328 802 424 830 Exstat
438 806 530 830 autem
543 801 571 828 in
583 808 616 829 ca
631 799 739 828 dictum
751 800 901 836 quoddam,
915 799 988 835 quod
997 799 1118 827 Joannes

328 847 441 884 quidem
453 847 648 879 Antiochensis
659 847 806 883 cpiscopus
817 846 844 874 in
853 847 954 874 litteris
963 845 1021 874 suis
1031 853 1116 881 expo-

326 899 424 923 suerat
435 903 442 928 ;
454 893 572 930 Cyrillus
583 900 652 921 vero
659 893 790 921 omnibus
797 892 935 927 suﬂragiis
943 890 1116 927 approbavit.

328 940 361 968 Id
375 940 415 968 sic
430 939 532 967 habet:
549 939 722 968 Conﬁtuuur
746 943 870 966 sanctam
890 938 1039 973 Virginem,
1055 937 1119 965 Dei-

328 993 435 1022 param.
451 988 599 1020 propterea
613 983 688 1020 quod
700 984 774 1011 Deus
785 983 906 1011 Verbum
918 990 951 1011 ex
965 990 998 1010 ea
1007 990 1119 1010 carnem

327 1031 481 1066 sumpserit
496 1034 524 1058 ct
538 1030 622 1057 homo
637 1029 727 1057 factus
741 1028 788 1063 sit,
799 1033 827 1056 et
841 1028 876 1056 ab
888 1028 948 1064 ipso
961 1027 1121 1063 conceptio-

328 1077 374 1105 nis
388 1075 505 1105 exordio
515 1075 648 1111 templum
662 1083 696 1102 ex
711 1082 743 1103 ea
757 1078 928 1109 assumptum
938 1073 993 1103 sibi
1022 1073 1120 1101 unive-

327 1123 376 1151 rit.
391 1119 572 1157 Evangelicas
584 1125 676 1149 autem
691 1125 720 1148 et
734 1120 901 1156 apostolicas
911 1126 994 1148 voces
1011 1127 1072 1155 quae
1086 1119 1121 1147 de

327 1169 448 1198 Domino
463 1168 606 1201 dicuntur,
620 1167 724 1195 scimus
739 1166 849 1194 divinos
867 1166 929 1193 illos
951 1165 1026 1193 viros
1053 1165 1121 1193 alias

331 1214 444 1251 quidem
459 1213 645 1242 communiter
655 1212 791 1247 accipere,
812 1216 843 1238 ut
868 1211 903 1239 de
922 1218 981 1241 una
1002 1218 1121 1246 persona

331 1261 434 1292 dictas:
464 1259 532 1287 alias
557 1266 625 1286 vero
647 1257 783 1290 dividere,
811 1262 841 1286 ut
864 1265 925 1292 quae
944 1256 988 1284 de
1012 1256 1120 1284 duabus

330 1306 441 1335 naturis
462 1305 651 1341 proferantur.
682 1305 717 1332 Et
732 1304 781 1331 has
801 1303 913 1339 quidem
935 1303 992 1332 Deo
1013 1302 1120 1338 dignas,

328 1353 407 1388 juxta
418 1351 549 1380 deitatem
565 1350 669 1379 Christi
689 1358 696 1377 :
713 1349 781 1382 alias
805 1357 872 1377 vero
894 1349 1013 1377 humiles
1038 1353 1121 1383 atque

331 1396 465 1432 abjectas,
483 1396 562 1431 juxta
588 1395 710 1431 ejusdem
741 1394 938 1422 humanitatem
965 1394 1120 1422 tradidisse.

331 1442 439 1476 Quibus
452 1442 512 1469 haec
525 1441 814 1477 subjungitCyrillus:
831 1441 880 1469 His
903 1440 990 1468 sacris
1006 1440 1123 1468 vocibus

331 1490 434 1516 vestris
446 1487 588 1523 perlectis,
603 1494 665 1517 cum
677 1494 729 1515 nos
749 1487 825 1522 ipsos
840 1487 912 1514 idem
924 1487 1028 1515 sentire
1039 1486 1123 1514 intel—

331 1534 500 1569 ligeremus:
517 1541 526 1558 ι
542 1532 620 1561 Unus
633 1532 708 1559 enim
721 1531 864 1564 Domin’us,
874 1539 928 1559 una
939 1531 1016 1564 ﬁdes,
1035 1538 1121 1559 unum

1166 295 1213 322 καὶ
1229 294 1389 330 ἀναστῆναι,
1404 294 1454 329 οὐχ
1467 294 1505 326 ὡς
1520 293 1566 320 τοῦ
1582 292 1651 320 Θεοῦ
1666 293 1754 327 Λόγου
1772 292 1903 325 παθόντος
1915 292 1955 324 εις

1168 341 1236 369 ίδίαν
1266 336 1357 375 φύσιν,
1377 340 1394 376 ἢ
1412 339 1531 376 πληγὰς,
1546 339 1733 376 ἢδιατρὴσεις
1748 338 1832 375 ἥλων,
1846 339 1862 374 ἢ
1888 338 1956 373 γοῦν

1165 387 1201 414 τὰ
1243 387 1327 423 ἕτερα
1371 386 1427 413 τῶν
1473 385 1648 421 τραυμάτων.
1683 384 1801 417 ‘Amet;
1839 384 1894 420 γὰρ
1924 385 1957 412 τὸ

1165 432 1254 465 Θεϊον,
1271 432 1313 459 ὅτι
1328 431 1376 459 καὶ
1388 430 1546 467 ἀσώματον.
1570 429 1683 465 Ἐπειδὴ
1697 430 1725 456 δὲ
1738 429 1770 457 τὸ
1783 429 1896 465 γεγονὸς
1907 428 1958 456 αύ-

1167 477 1216 505 τοῦ
1231 477 1297 505 ἴδιον
1311 477 1392 513 σῶμα
1406 476 1536 508 πέπονθε,
1548 474 1635 503 ταῦτα
1650 476 1732 503 πάλιν
1753 475 1835 508 αὐτὸς
1847 475 1958 509 λέγεται

1166 523 1264 551 παθεῖν
1278 522 1349 559 ὑπὲρ
1366 522 1455 558 ἡμῶν.
1470 519 1525 549 Ἦν
1541 522 1596 557 γὰρ
1614 521 1629 548 ὁ
1652 521 1771 558 ἀπαθὴς,
1787 520 1817 549 ιν
1844 519 1884 556 τῷ
1905 518 1958 549 πάι-

1168 577 1258 605 σχοντι
1272 568 1389 605 σώματι.

1203 703 1260 738 Τῆς
1271 702 1299 729 δέ
1311 709 1341 736 γε
1352 700 1451 736 ἑτέρας
1463 699 1498 727 τὰ
1512 699 1600 727 πολλὰ
1616 699 1666 734 μὲν
1676 697 1749 726 κατὰ
1762 697 1812 732 τὴν
1822 695 1958 732 προτέραν

1168 748 1292 783 ἱστορίαν
1305 747 1460 783 ἐνήνεκται.
1481 746 1559 773 Ἐστι
1575 745 1605 772 δὲ
1620 746 1650 772 ἓν
1669 744 1738 779 αὐτῇ
1762 742 1841 779 ῥῆσις
1857 741 1958 773 τοιάδε,

1168 794 1201 830 ἢν
1224 794 1348 828 γέγραφε
1377 792 1427 828 μὲν
1447 791 1574 827 Ἰωάννης
1586 791 1601 817 ὀ
1614 790 1664 825 τῆς
1687 789 1856 824 Ἀντιοχέων,
1873 795 1960 824 προσ-

1168 840 1255 875 ήκατο
1269 839 1298 866 δὲ
1313 839 1413 870 πάσαις
1427 837 1530 873 ψήφοις
1544 836 1689 872 Κύριλλος.
1701 835 1900 870 ὐμο).ογοῦμεν
1911 833 1962 870 τὴν

1169 886 1250 921 ἁγίαν
1281 885 1420 921 Παρθένον
1445 883 1588 916 Θεοτόκον,
1601 882 1645 910 διὰ
1673 882 1702 908 τὸ
1717 881 1762 908 τὸν
1785 881 1852 908 Θεὸν
1874 881 1962 915 Λόγον

1172 924 1350 967 σαρχωθῆναι
1360 931 1390 964 ἐξ
1400 929 1486 965 αὐτῆς
1502 929 1549 956 καὶ
1563 926 1774 963 ἑνανθρωπῆσαι
1783 945 1791 959 ,
1808 926 1856 952 καὶ
1869 925 1899 958 ἐξ
1913 925 1963 952 αὑ-

1170 977 1221 1012 τῆς
1238 976 1288 1012 τῆς
1303 975 1460 1010 συλλήψεως
1474 974 1573 1001 ἑνῶσαι
1588 973 1678 1008 ἑαυτῷ
1691 972 1737 999 τδν
1757 971 1786 1004 ἐξ
1810 971 1894 1006 αὐτῆς
1912 970 1962 1006 λη-

1171 1022 1272 1057 φθέντα
1284 1021 1416 1052 ναόν.Τάς
1429 1021 1458 1048 δὲ
1468 1019 1648 1054 εὐαγγελικὰς
1663 1019 1712 1046 καὶ
1723 1018 1907 1049 ἁποστολικὰς
1916 1017 1964 1044 ἐπὶ

1170 1068 1218 1097 τοῦ
1233 1068 1336 1103 Κυρίου
1351 1067 1453 1102 φωνὰς,
1468 1067 1548 1102 ἴσμεν
1562 1066 1626 1097 τοὺς
1639 1064 1786 1100 θεοφόρους
1799 1063 1900 1099 ἄνδρας
1914 1063 1964 1093 τὰς

1173 1113 1223 1149 μὲν
1237 1111 1467 1143 κόινοποιοῦντας,
1482 1112 1521 1143 ὡς
1534 1111 1576 1145 ἐφ’
1591 1109 1650 1142 ἑνὸς
1675 1108 1823 1144 προσώπου
1837 1116 1844 1123 ⁸
1860 1107 1911 1139 τὰς
1935 1107 1963 1134 δὲ

1171 1158 1354 1194 διαιροῦντας,
1365 1158 1403 1190 ὡς
1421 1157 1468 1183 ἐπὶ
1485 1156 1532 1183 δύο
1547 1156 1655 1191 φύσεων
1670 1163 1677 1170 ⁸
1692 1155 1741 1182 καὶ
1755 1154 1806 1186 τὰς
1825 1154 1874 1189 μὲν
1901 1153 1962 1180 θεο-

1172 1204 1300 1238 πρεπεϊς,
1317 1202 1388 1229 κατὰ
1415 1202 1468 1237 τὴν
1492 1201 1606 1235 θεότητα
1632 1199 1680 1226 τοῦ
1703 1198 1823 1235 Χριστοῦ
1837 1207 1844 1214 ·
1869 1198 1918 1229 τὰς
1935 1198 1965 1224 δὲ

1172 1247 1317 1279 ταπεινὰς,
1335 1247 1405 1273 κατὰ
1426 1245 1626 1281 ἁνθρωπότητα
1653 1243 1738 1273 αὑτοῦ
1760 1243 1962 1278 παρσδιοοντος.

1172 1290 1220 1325 Οἷς
1248 1293 1387 1329 ἐπήγαγεν
1398 1300 1405 1307 θ
1420 1291 1540 1323 Ταύταις
1567 1290 1644 1326 ὑμῶν
1659 1291 1718 1321 ταῖς
1734 1290 1820 1325 ίεραῖς
1841 1288 1966 1323 ἐντυχόν-

1173 1347 1219 1370 τες
1252 1339 1372 1374 φωναῖς,
1387 1337 1475 1369 οὕτως
1501 1337 1550 1372 μὲν
1575 1337 1623 1363 καὶ
1650 1336 1748 1367 αὐτοὺς
1760 1335 1781 1351 ⁸¹
1799 1334 1965 1370 φρονοῦντας

1174 1386 1348 1420 εὑρίσκομεν.
1365 1394 1374 1410 ι
1387 1381 1434 1415 Εἷς
1447 1384 1501 1419 γὰρ
1517 1382 1630 1417 Κύριος,
1644 1382 1695 1417 μία
1708 1381 1809 1414 πίστις,
1824 1380 1853 1408 ἒν
1869 1380 1964 1415 βάπτι-

1174 1440 1241 1467 σμα.
1258 1441 1267 1457 ι
1278 1431 1460 1465 Ἑδοξάσαμεν
1474 1428 1521 1457 οὖν
1537 1429 1581 1456 τὸν
1595 1428 1649 1455 τῶν
1662 1428 1730 1454 ὅλων
1752 1427 1867 1463 Σωτῆρα
1879 1426 1946 1453 Θεὸν
1956 1444 1966 1459 ,

1173 1477 1300 1513 ἀλλήλοις
1319 1476 1522 1511 συγχαίροντες.
1537 1475 1579 1502 ὅτι
1603 1474 1664 1504 ταῖς
1688 1472 1878 1504 θεοπνεύστοις
1896 1473 1966 1508 Γρα-

1174 1524 1238 1558 φαῖς
1267 1522 1314 1549 καὶ
1339 1523 1372 1557 τῇ
1399 1521 1547 1556 παραδόσει
1562 1520 1617 1546 τῶν
1637 1519 1723 1553 ἁγίων
1740 1518 1820 1554 ἡμῶν
1837 1518 1967 1553 Πατέρων

332 1577 485 1613 baptisma:
499 1586 509 1603 ι
531 1576 706 1605 Servatorem
719 1576 842 1604 omnium
860 1577 945 1604 Deum
954 1575 1122 1612 gloriﬁcavi-
1136 1587 1158 1615 ο
1176 1576 1185 1593 ε

1114 1591 1122 1596 ,
1136 1587 1158 1615 C
1176 1566 1377 1601 συμϐαίνουσαν
1392 1566 1483 1600 ἔχουσι
1495 1565 1589 1615 Ζτίστιν
1607 1563 1637 1590 αῑ
1651 1571 1680 1590 τε
1699 1562 1764 1597 παρ’
1778 1563 1844 1598 ἡμῖν
1867 1563 1915 1589 καὶ
1938 1563 1967 1589 αι

332 1631 405 1656 mus,
418 1623 538 1651 invicem
550 1622 728 1658 gratulantes.
744 1621 817 1657 quod
834 1625 888 1649 tam
914 1626 1025 1654 nostrae,
1041 1621 1121 1657 321

333 1676 416 1705 quam
436 1672 535 1696 vestra:
561 1667 682 1703 regionis
701 1663 841 1699 Ecclesize,
864 1667 946 1696 ﬁdem
969 1675 1032 1696 cum
1052 1666 1126 1695 Scri-

333 1714 424 1750 pturis
436 1713 570 1741 divinitus
580 1713 721 1749 inspiratis
736 1718 765 1740 et
779 1720 841 1741 cum
854 1713 1001 1742 traditione
1013 1719 1123 1741 sancto-

334 1767 396 1787 rum
416 1759 530 1788 Patrum
557 1759 776 1788 consentientem
801 1759 993 1794 proﬁteantur.
1017 1758 1125 1793 Quibus

333 1803 482 1839 perlectis,
499 1802 622 1838 episcopi
649 1803 697 1838 qui
726 1803 841 1835 aderant
867 1803 1055 1831 exclamarunt
1080 1803 1126 1831 his

335 1849 443 1877 verbis:
460 1848 587 1876 Universi
605 1849 641 1875 ita
653 1848 807 1876 credimus:
820 1849 876 1876 Leo
891 1856 961 1884 papa
979 1848 1016 1875 ita
1027 1847 1125 1876 credit.

336 1894 490 1922 Anathema
503 1892 585 1929 eiqui
599 1892 709 1926 dividit,
722 1898 751 1921 et
774 1893 800 1921 ei
815 1893 862 1928 qui
883 1893 1038 1921 confundit.
1063 1892 1127 1920 Hac

337 1945 380 1968 est
394 1940 461 1968 ﬁdes
473 1939 574 1967 Leonis
588 1938 804 1976 archiepiscopi;
819 1939 875 1967 Leo
903 1939 943 1967 sic
956 1938 1057 1972 credit;
1072 1939 1128 1967 Leo

335 1992 366 2016 et
376 1987 522 2015 Anatolius
537 1986 575 2014 ita
596 1984 732 2018 credunt;
758 1985 881 2012 universi
909 1985 946 2012 ita
971 1984 1127 2017 credimus;

338 2037 369 2060 ut
385 2032 515 2068 Cyrillus,
533 2030 573 2058 sic
583 2037 635 2057 nos
650 2029 808 2062 credimus;
825 2028 921 2065 Cyrilli
944 2034 1047 2057 aeterna
1068 2037 1128 2056 mc-

335 2079 443 2111 rnoria;
461 2081 491 2104 ut
505 2077 629 2112 epistolae
656 2075 751 2112 Cyrilli
767 2076 881 2108 habent,
909 2076 951 2103 sic
975 2075 1127 2108 sentimus;

338 2125 377 2152 ita
390 2122 570 2155 credidimus,
590 2122 629 2149 ita
646 2121 799 2149 credimus.
825 2121 880 2149 Leo
905 2120 1130 2156 archiepiscopus

339 2169 377 2196 ita
387 2168 482 2200 sentit,
499 2167 535 2194 ita
552 2166 653 2199 credit,
666 2166 704 2194 ita
717 2166 842 2202 scripsit.

373 2214 471 2242 Postea
487 2220 549 2240 cum
563 2213 739 2241 interlocutio
750 2213 856 2249 prolata
866 2216 950 2245 esset,
965 2216 995 2240 ut
1015 2211 1130 2248 epistola

1176 1612 1241 1648 παρ’
1251 1612 1316 1647 ὑμῖν
1323 1607 1545 1646 Ἐχκλησίαι.Ὧν
1555 1609 1780 1643 ἀνεγνωσμένων,
1787 1608 1813 1635 oi.
1822 1608 1871 1642 τῆς
1881 1607 1968 1642 αὐτῆς

1175 1658 1328 1694 ἐπεϐόησαν
1349 1658 1459 1684 συνόδου
1475 1656 1579 1691 ῥήμασι
1593 1654 1742 1686 τοιούτοις·
1758 1653 1864 1684 Πάντες
1881 1652 1970 1684 οὕτως

1175 1703 1342 1740 πιστεύομεν
1355 1711 1362 1719 ·
1377 1703 1392 1729 ὁ
1407 1702 1501 1733 πάπας
1519 1701 1594 1728 Λέων
1605 1701 1692 1732 οὕτως
1708 1699 1842 1728 πιστεύει.
1860 1699 1969 1726 Ἀνάθε-

1178 1759 1217 1786 μα
1232 1749 1272 1785 τῷ
1290 1748 1441 1785 μερίζοντι,
1456 1748 1504 1774 καὶ
1520 1747 1559 1782 τῷ
1575 1747 1737 1781 συγχέοντι·
1755 1745 1825 1781 αῦτη
1836 1747 1854 1781 ἠ
1877 1745 1969 1777 πίστις

1177 1795 1292 1827 Λέοντος
1304 1793 1350 1821 τοῦ
1368 1793 1601 1830 ἀρχιεπισχὸπου·
1620 1792 1696 1819 Λέων
1721 1791 1809 1823 οὕτως
1833 1789 1968 1823 πιστεύει,

1179 1843 1256 1876 Λέων
1271 1842 1320 1869 καὶ
1336 1840 1491 1872 Ἀνατόλιος
1503 1838 1590 1876 οὕτως
1604 1838 1761 1864 πιστεύουσι
1773 1846 1780 1853 ·
1806 1836 1906 1868 πάντες
1926 1836 1971 1862 οὗ·

1178 1897 1241 1920 τως
1255 1887 1421 1922 πιστεύομεν
1431 1894 1438 1901 ·
1455 1885 1493 1917 ὡς
1508 1884 1653 1920 Κύριλλος,
1676 1882 1765 1914 οὓτως
1777 1882 1943 1916 πιστεύομεν
1961 1889 1969 1896 ·

1180 1933 1311 1968 αἰωνίαγή
1326 1933 1422 1968 μνήμη
1439 1930 1576 1966 Κυρίλλου
1590 1937 1597 1944 ’
1613 1929 1652 1961 ὡς
1668 1929 1697 1956 αι
1709 1928 1849 1955 ἐπιστολαὶ
1865 1927 1969 1962 Κυρίλ-

1180 1978 1227 2005 λου
1244 1977 1313 2004 είσὶν
1328 1976 1396 2013 (9.6),
1410 1975 1498 2007 οὕτως
1513 1973 1683 2010 φρονοῦμεν
1703 1972 1791 2004 οὕτως
1807 1972 1971 1999 ἐπιστεύσα-

1182 2033 1244 2060 μεν,
1261 2023 1347 2054 οὕτως
1359 2021 1537 2056 πιστεύομεν.
1555 2020 1632 2047 Λέων
1654 2020 1668 2046 ὀ
1685 2019 1900 2054 ἀρχιεπίσκοπος
1922 2016 1971 2044 οῦ-

1179 2077 1234 2102 τως
1250 2067 1354 2104 φρονεῖ,
1365 2065 1452 2098 οὕτως
1465 2064 1600 2097 πιστεύει,
1615 2063 1703 2095 οὕτως
1713 2063 1829 2098 ἔγραψε.

1217 2210 1365 2241 Διαλαλιᾶς
1384 2209 1413 2236 δὲ
1430 2207 1589 2244 ἐνεχθείσης
1606 2206 1654 2235 καὶ
1669 2207 1720 2244 τὴν
1734 2207 1849 2239 Λέοντος
1865 2208 1973 2235 ἐπιστο-

337 2266 449 2296 quoque
465 2258 568 2286 Leonis
583 2259 756 2292 recitaretur,
782 2258 811 2286 in
831 2258 956 2286 Grecum
978 2266 1132 2286 sermonem
1148 2257 1190 2294 Di

1119 2266 1132 2285 ιι
1148 2264 1171 2294 ο
1184 2257 1233 2293 λὴν
1245 2256 1464 2292 ἀναγνωσθῆναι,
1484 2253 1707 2290 μεταφρασθιϊσα
1721 2254 1771 2288 τῆς
1792 2253 1972 2288 ἀναγνώσεως

339 2313 472 2333 conversa
480 2304 590 2339 publice
599 2304 709 2332 recitata
718 2309 770 2337 est,
779 2304 998 2332 etmonumentis
1005 2308 1130 2332 actorum

302 2363 303 2368 η
340 2351 443 2379 inserta
457 2349 585 2378 habetur.
597 2349 652 2379 Hac
666 2350 781 2386 cpistola
791 2350 922 2386 perlecta,
935 2357 996 2378 cum
1007 2350 1130 2386 episcopi

340 2398 537 2425 acclamassent
551 2395 631 2424 :lizec
642 2397 710 2424 ﬁdes
728 2397 838 2424 Patrum
849 2404 859 2424 :
868 2397 926 2424 haec
941 2396 1009 2425 ﬁdes
1020 2401 1130 2432 aposto-

341 2443 449 2476 lorum;
461 2449 556 2470 omnes
571 2442 606 2470 ita
620 2442 770 2476 credimus;
786 2442 931 2470 orthodoxi
949 2442 985 2470 ita
997 2442 1130 2476 credunt;

341 2489 487 2517 anathema
499 2488 524 2517 ei
533 2489 580 2524 qui
596 2488 636 2516 sic
649 2496 705 2516 non
716 2488 820 2522 credit;
838 2489 936 2517 Petrus
945 2497 994 2524 per
1010 2489 1130 2516 Leonem

343 2535 394 2565 ista
423 2534 535 2565 locutus
553 2537 596 2562 cst
613 2534 759 2570 :Apostoli
784 2535 821 2562 ita
843 2534 1014 2567 docuerunt;
1037 2535 1081 2570 pie
1099 2542 1132 2562 ac

341 2587 406 2608 vere
424 2579 518 2607 docuit
530 2576 603 2614 Leo;
618 2579 737 2616 Cyrillus
751 2580 790 2607 ita
806 2580 909 2608 docuit.
926 2580 982 2608 Leo
995 2585 1023 2608 et
1044 2579 1132 2616 Cyril-

342 2626 385 2654 lus
413 2626 541 2654 similiter
569 2627 772 2662 praedicarunt;
790 2627 937 2654 anathema
968 2627 994 2654 ei
1018 2627 1066 2662 qui
1093 2627 1133 2654 sic

342 2680 398 2701 non
430 2673 532 2708 credit;
562 2674 620 2702 haec
642 2682 707 2703 vera
731 2674 816 2708 ﬁdes;
831 2673 977 2702 orthodoxi
1004 2673 1042 2701 ita
1068 2681 1132 2701 scn-

1183 2305 1278 2339 ἔτυχεν
1294 2311 1301 2318 ·
1317 2303 1378 2338 ἥτις
1393 2303 1449 2333 τοῖς
1465 2300 1627 2336 πραχθεῖσιν
1638 2299 1801 2334 ἐμφέρεται.
1814 2299 1892 2326 Μετὰ
1907 2299 1972 2332 γοῦν

1181 2350 1233 2386 τὴν
1248 2349 1401 2384 ἀνάγνωσιν
1413 2347 1468 2374 τῶν
1480 2347 1639 2374 ἐπισκόπων
1652 2345 1858 2380 ἐπιϐοησάντων
1871 2353 1879 2360 ⁴
1895 2344 1973 2378 Αὕτη

1181 2397 1199 2430 ἡ
1214 2395 1305 2426 πίστις
1324 2393 1379 2420 τῶν
1393 2392 1523 2428 Πατέρων
1536 2411 1543 2424 ,
1559 2390 1630 2426 αὕτη
1645 2391 1662 2426 ὴ
1679 2391 1770 2421 πίστις
1786 2391 1841 2418 τῶν
1862 2391 1971 2418 ἀποστῶ

1183 2445 1237 2470 λων
1249 2449 1256 2457 °
1274 2442 1374 2472 πάντες
1397 2439 1483 2470 οὕτως
1496 2438 1662 2473 πιστεύομεν
1674 2446 1682 2453 ·
1697 2438 1723 2465 οί
1735 2437 1870 2473 ὀρθόδοξοι
1886 2437 1973 2468 οὕτως

1185 2488 1352 2522 πιστεύομεν
1364 2494 1371 2501 ·
1387 2484 1511 2520 ἀνάθεμα
1526 2484 1564 2519 τῷ
1579 2484 1617 2520 μὴ
1627 2483 1715 2516 οὕτως
1731 2483 1886 2511 πιστεύοντι
1897 2491 1904 2499 ”
1919 2482 1974 2509 Πέ-

1183 2543 1249 2570 τρος
1274 2533 1318 2560 διὰ
1336 2532 1450 2563 Λέοντος
1475 2530 1563 2558 ταῦτα
1581 2530 1753 2565 ἐξεφώνησεν
1764 2538 1772 2546 ·
1786 2529 1811 2556 οί
1828 2528 1972 2556 ἀπόστολοι

1184 2581 1270 2612 οὕτως
1284 2579 1408 2611 ἐδίδαξαν
1421 2586 1428 2593 ο
1444 2577 1564 2608 εὐσεϐῶς
1581 2578 1627 2603 καὶ
1644 2575 1751 2610 ἀληθῶς
1768 2575 1844 2602 Λέων
1856 2573 1972 2605 ἐδίδαξε·

1186 2625 1319 2662 Κύρι).λο;
1333 2623 1422 2654 οὕτως
1436 2621 1538 2654 ἐδίδαξε
1550 2630 1556 2637 ·
1571 2621 1646 2648 Λέων
1658 2621 1704 2647 καὶ
1719 2619 1853 2654 Κύριλλος
1872 2617 1974 2652 ὁμοίως

1186 2669 1466 2704 ἑδίδαξαν.’Λνάθεμα
1476 2666 1516 2702 τῷ
1532 2666 1570 2703 μὴ
1585 2666 1671 2698 οὕτως
1687 2663 1843 2692 πιστεύοντι
1853 2671 1860 2680 ·
1873 2662 1944 2697 αὕτη
1955 2662 1974 2697 ἡ

986 2744 1107 2773 VAIUE
1135 2741 1340 2772 LECTlONES.

377 2781 398 2797 ⁶¹
418 2780 541 2813 ἑαυτούς.

942 2825 1076 2855 VALESII
1093 2823 1372 2853 ANNOTATIONES.

377 2875 434 2911 (86)
453 2876 500 2912 Ὧς
515 2877 544 2904 al
559 2875 715 2904 ἐπιστολαὶ
727 2876 880 2912 Κυρίλλου
897 2876 985 2903 εισίν.
998 2874 1027 2902 In
1039 2873 1146 2901 actione
1165 2879 1229 2900 secu

1122 2879 1146 2899 ne
1165 2871 1286 2900 secunda
1305 2867 1539 2900 Chalcedonensis
1556 2865 1678 2902 concilii,
1706 2871 1768 2902 pag.
1790 2863 1852 2898 161,
1875 2869 1925 2899 pro
1939 2859 1975 2890 ιι·

346 2911 386 2940 σίν
397 2911 529 2946 scribitur
543 2911 660 2949 ἔχουσιν.
