2162 3247
350 216 416 248 2591

946 219 1101 248 EVAGRII
1121 206 1364 248 SCIIOLASTICI

1900 213 1970 245 2392

352 272 445 300 Acacii
479 272 643 300 seditionem
676 273 841 305 movissent,
873 273 970 299 timore
999 273 1205 307 perculsusA:

1118 281 1140 300 IS
1156 275 1176 302 Α
1191 280 1254 303 των,
1285 271 1413 307 φοϐηθεὶς
1440 272 1454 297 ὁ
1483 270 1641 300 Βασιλίτκος
1655 269 1761 296 ἐναντία
1784 269 1822 305 τῷ
1841 269 1971 305 πρότερον

350 316 502 345 contrarias
530 316 670 351 prioribus
704 317 849 353 encyclicis
878 317 983 345 litteras
1011 317 1134 352 promul-

349 362 433 397 gavit.

387 407 453 435 VIII.
468 408 507 435 De
521 408 610 436 reditu
624 407 752 436 Zenonis.

385 461 430 490 IX.
450 462 592 496 Quomodo
617 467 821 498 postlrnortem
846 463 984 495 Basilisci.
1012 463 1134 498 episcopi

349 509 420 536 Asia
436 513 466 536 ut
479 509 607 536 Acacium
623 511 772 544 placarent,
789 509 911 536 libellum
928 509 1095 543 ptenitenttte
1108 517 1134 537 et

349 558 541 588 porrexerunt,
558 555 666 582 veniam
688 560 812 590 petentes
833 554 907 589 quod
928 554 1134 582 Chalcedonen-

350 606 406 627 sem
424 600 557 635 synodum
579 600 766 628 damnassent.

385 643 418 670 Χ.
440 644 478 671 De
498 645 531 671 iis
546 645 592 679 qui
610 645 760 672 Antiochia:
774 644 960 679 episcopatum
977 651 1098 679 gessere.

384 688 430 716 XI.
445 688 588 722 Quomodo
612 690 685 717 Zeno
705 698 766 717 cum
784 689 912 717 Ailurum
934 690 1061 724 persequi
1086 697 1134 716 vo-

348 733 459 767 luisset,
475 735 510 762 ob
532 740 701 762 senectutem
719 743 781 762 eum
804 736 950 762 miseratus
970 735 1086 763 dimisit.
1101 735 1135 761 Et

349 782 380 806 ut
393 784 455 814 post
476 784 592 808 mortem
612 781 732 816 ejusdem
748 778 845 812 ᾹΞΙυι-ἱ,
860 781 958 808 Petrus
972 779 1084 814 Mongus
1100 779 1134 806 ab

347 825 539 854 Alexandrinis
562 827 706 854 ordinatus
728 831 786 859 est;
805 827 966 853 Timotheus
987 833 1052 853 vero
1070 833 1134 852 suc-

349 878 441 899 cessor
458 872 586 904 Proterii,
608 873 685 907 jussu
709 873 882 907 imperatoris
906 872 998 899 sedem
1015 871 1135 898 Alexan-

349 917 457 944 drinam
472 918 612 945 obtinuit.

382 963 440 991 XII.
456 965 494 992 De
508 965 613 992 Joanne
624 965 671 1000 qui
686 965 873 999 episcopatum
889 964 1060 991 Alexandriae
1073 969 1134 999 post

348 1009 521 1037 Timotheum
546 1010 716 1045 gubernavit.
741 1009 883 1043 Quomodo
901 1017 962 1036 eum
980 1009 1053 1037 Zeno
1073 1013 1133 1036 tan-

347 1065 428 1092 quam
451 1059 591 1093 perjurum
611 1058 707 1094 eiecit.
732 1062 760 1084 et
786 1057 867 1084 Petro
890 1057 985 1092 Mongo
1008 1056 1134 1084 eamdem

348 1103 440 1131 sedem
460 1103 589 1131 restituit.

382 1157 453 1185 XIII.
470 1158 613 1191 Quomodo
636 1159 733 1186 Petrus
756 1158 871 1193 Mongus
895 1157 1056 1184 Henoticum
1082 1157 1133 1184 Ze-

347 1204 428 1231 nonis
443 1204 583 1237 amplexus
599 1208 651 1235 est,
668 1209 695 1231 et
715 1203 883 1231 Proterianis
901 1211 929 1230 se
946 1203 1097 1237 conjunxit.

381 1248 460 1284 331
477 1248 545 1275 XIV.
576 1248 694 1276 Zenonis
725 1248 885 1276 Ilenoticum
915 1248 971 1275 sive
994 1247 1134 1275 Unitivum

347 1292 479 1320 edictum.

383 1337 440 1365 XV.
471 1337 614 1372 Quomodo
640 1338 758 1366 Joannes
785 1338 956 1366 Alexandria:
984 1338 1133 1373 episcopus

347 1387 461 1415 Romam
476 1387 601 1419 veniens,
623 1387 758 1422 persuasit
775 1386 917 1421 Simplicio
940 1390 969 1413 ut
991 1386 1024 1413 ad
1047 1385 1134 1413 Zeno-

347 1441 410 1460 nem
423 1433 557 1460 scriberet
570 1432 604 1460 de
621 1432 655 1460 iis
668 1441 729 1468 quae
744 1432 900 1460 acciderant
915 1440 922 1458 :
938 1437 965 1459 et
980 1431 1046 1466 quid
1061 1431 1135 1459 Zeno

348 1478 530 1512 rescripserit.

382 1521 452 1550 XVI.
474 1523 512 1550 De
528 1522 696 1550 Calendione
717 1523 870 1551 Antiochia:
892 1522 1031 1557 episcopo,
1049 1527 1134 1558 utque

348 1568 443 1596 exsilio
457 1568 603 1596 damnatus
617 1568 654 1596 sit
667 1568 702 1595 ob
713 1568 860 1595 amicitiam
872 1575 954 1602 quam
968 1575 1030 1595 cum
1045 1568 1094 1595 Ilio
1107 1573 1134 1596 et

1187 317 1294 351 γράψας
1307 315 1496 349 ἐξαπέστειλεν
1511 314 1704 348 ἀντεγκύκλια.

1222 404 1262 430 H'.
1279 403 1346 438 Περὶ
1360 403 1409 438 τῆς
1423 402 1552 428 ἐπανόδου
1564 402 1694 436 Ζήνωνος.

1221 459 1258 486 Θ¹.
1277 460 1322 491 Ὠς
1341 458 1409 494 μετὰ
1421 459 1465 484 τὸν
1477 458 1589 485 θάνατον
1601 458 1775 490 Βασιλισκου,
1787 459 1811 485 οἱ
1823 459 1969 494 τῆςἎσίας

1186 505 1329 532 ὲτίσκοποι
1345 505 1391 530 τὸν
1411 505 1536 531 Ἀκάκιον
1563 504 1755 539 ἡμερούμενοι,
1769 504 1911 539 μετανοίας
1926 505 1966 540 βι-

1186 550 1258 576 6λίον
1271 549 1475 581 ὲπιδεδώκασιν,
1490 547 1529 581 οἷς
1541 549 1694 584 ἐξήμαρτον
1709 549 1759 586 τὴν
1775 550 1804 577 δν
1820 549 1972 586 Καλχηδόνι

1187 594 1295 620 σύνοδον
1303 594 1493 628 ἁθετήσαντες.

1221 642 1249 667 ι’.
1271 639 1338 675 Περὶ⁹
1355 640 1410 666 τῶν
1427 641 1454 666 ὲν
1468 639 1618 676 Ἀντιοχείᾳ
1631 639 1884 676 ὲπισκοπησὰντων.

1222 687 1273 713 IA’.
1295 686 1339 717 Ὠς
1353 687 1367 712 ὁ
1383 685 1509 720 βασιλεὺς
1522 686 1614 720 Ζήνων
1628 685 1761 720 ἐϐουλήθη
1783 685 1829 711 τὸν
1839 685 1968 720 Δῖλουρον

1185 730 1297 763 διῶξαι·
1324 730 1368 756 διὰ
1381 729 1411 755 δὲ
1426 730 1455 756 τὸ
1473 730 1560 764 γῆρας
1584 729 1664 756 αὑτὸν
1693 729 1861 762 κατελεήσας
1876 729 1949 754 εἴασε
1961 735 1968 742 ·

1187 774 1231 800 καὶ
1247 773 1284 804 ὡς
1292 772 1373 800 αὐτοῦ
1391 773 1610 808 τελευτήσαντος,
1625 773 1727 808 Πέτρος
1741 774 1755 799 6
1775 773 1883 806 Μογγδς
1900 773 1968 807 πρὸς

1185 820 1238 846 τῶν
1258 819 1456 855 Ἀλεξανδρέων
1482 820 1719 855 κεχειροτόνηται·
1749 819 1882 854 Τιμόθεος
1906 819 1935 845 δὲ
1955 820 1969 846 6

1187 865 1255 900 μετὰ
1271 866 1417 900 Προτέρων
1428 865 1541 900 νεύματι
1555 864 1602 892 τοῦ
1618 865 1758 900 βασιλέως,
1768 864 1813 891 τὸν
1822 865 1871 899 τῆς
1879 863 1969 897 Ἀλεξ-

1188 911 1306 945 ανδρὲων
1316 911 1410 946 θρόνον
1420 911 1552 945 κατέσχεν

1150 944 1172 971 Β
1221 944 1270 983 IB’.
1284 944 1353 992 Περὶ
1373 955 1493 982 Ἰωάννου
1509 955 1555 982 τοῦ
1575 956 1643 990 μετὰ
1666 955 1797 990 Τιμόθεον
1812 956 1861 990 τῆς
1896 955 1970 982 Ἀλε-

1187 1002 1319 1039 ξανδρὲων
1334 1002 1397 1033 τοὺς
1420 1002 1515 1033 οἴακας
1537 1002 1729 1037 κατασχόντος,
1745 1002 1819 1033 ὅπως
1844 1009 1874 1027 τε
1908 1000 1970 1027 τοῦ·

1183 1057 1230 1074 ξιον
1246 1049 1260 1074 ὁ
1277 1049 1370 1083 Ζήνων
1384 1048 1422 1080 ὡς
1436 1050 1640 1083 ὲπιορκήκαντα
1657 1047 1817 1080 ἀπελαύνει,
1832 1047 1927 1082 Πέτρῳ
1941 1046 1969 1073 δι

1185 1090 1222 1125 τῷ
1235 1090 1338 1126 Μογγῷ
1351 1090 1400 1126 τὴν
1422 1091 1618 1127 Ἀλεξανδρέων
1635 1092 1791 1128 ἐγχειρίζει.

1222 1148 1272 1175 II".
1296 1148 1340 1180 Ὠς
1361 1148 1460 1184 Πέτρος
1476 1150 1490 1175 6
1513 1149 1622 1183 Μογγδς
1651 1149 1758 1184 δέχεται
1775 1150 1805 1177 τὸ
1825 1151 1970 1180 Ἐνωτικδν

1186 1193 1319 1228 Ζήνωνος,
1337 1195 1450 1226 καὶτοῖς
1467 1195 1519 1222 ἀπὸ
1533 1196 1680 1231 Προτεριου
1705 1198 1881 1226 συνάπτεται.

1220 1240 1268 1266 IA'.
1290 1241 1357 1276 Περὶ
1366 1240 1413 1267 τοῦ
1428 1241 1573 1276 λεγομένου
1590 1242 1734 1270 Ἐνωτικοῦ
1748 1243 1794 1270 τοῦ
1809 1245 1942 1279 Ζήνωνος.

1220 1329 1269 1356 ιε’.
1294 1330 1336 1361 Ὠς
1353 1329 1479 1365 Ἰωάννης
1506 1332 1520 1358 6
1546 1331 1750 1367 ’Δλεξανδρειας
1780 1334 1919 1362 κατελθὼν
1941 1335 1971 1362 δν

1192 1375 1397 1411 Ῥὡμῃ,πείοει
1415 1377 1576 1412 Σιμπλὶκιον
1604 1378 1672 1413 πρὸς
1695 1379 1806 1414 Ζήνωνα
1833 1381 1897 1415 περὶ
1917 1380 1972 1407 τῶν

1187 1421 1347 1457 συμϐάντων
1358 1422 1461 1458 γράψαι
1477 1423 1591 1458 Ζήνωνι.

1221 1514 1278 1546 ις’.
1299 1512 1366 1548 Περὶ
1380 1513 1569 1545 Καλανδέωνος
1583 1513 1631 1540 τοῦ
1654 1514 1828 1549 Ἀντιοχείας,
1854 1515 1901 1542 καὶ
1929 1514 1972 1542 ὅτι

1185 1557 1278 1594 ὲξορῐᾳ
1296 1559 1480 1594 κατεδικάσθη
1491 1559 1536 1585 διὰ
1551 1559 1600 1594 τὴν
1621 1559 1690 1594 πρὸς
1707 1560 1812 1587 Ἷλλουν
1831 1561 1879 1588 καὶ
1892 1561 1972 1588 Λεόν-

347 1613 463 1640 Leontio
478 1613 607 1640 habuisse
621 1613 794 1641 credebatur.
807 1613 874 1640 Item
887 1613 1025 1648 quomodo
1038 1614 1136 1642 Petrus
1149 1609 1172 1640 C
1187 1615 1200 1632 τ

1118 1622 1136 1642 ‘5
1149 1609 1172 1640 (ζ
1187 1614 1243 1632 τιον
1259 1605 1454 1640 ὑπονοηθεῖσαν
1473 1605 1580 1639 φιλίαν·
1597 1605 1645 1632 καὶ
1659 1605 1697 1638 ὡς
1711 1605 1812 1642 Πέτρος
1828 1608 1842 1633 6
1853 1608 1971 1641 κναφεὺς

348 1658 427 1686 Fullo
445 1658 542 1693 Mongo
557 1662 584 1686 et
601 1657 736 1693 episcopis
753 1658 1008 1694 Constantinopolis
1025 1663 1053 1687 et
1072 1659 1135 1687 Hie-

349 1705 548 1740 rosolymorum
568 1705 688 1732 sociatus
707 1705 800 1732 fuerit.

383 1750 464 1778 XVII.
482 1751 519 1778 De
544 1751 587 1778 his
606 1759 667 1786 qua:
689 1751 786 1778 Petrus
802 1751 913 1786 scripsit
929 1751 964 1779 ad
987 1753 1134 1786 Acacium,

349 1797 396 1831 qui
410 1795 660 1824 Chalcedonensem
676 1795 809 1831 synodum
826 1800 993 1831 susceperat.

384 1852 478 1880 XVIII.
493 1852 635 1886 Quomodo
648 1852 768 1879 Joannes
778 1851 979 1879 Alexandrinus
990 1853 1136 1888 episcopus

352 1899 433 1927 Felici
458 1906 534 1933 papae
550 1897 734 1933 persuaserit,
759 1901 789 1924 ut
813 1897 992 1932 depositionis
1013 1898 1136 1926 libellum

350 1945 473 1972 mitteret
487 1944 586 1971 Acacio
599 1943 914 1977 Constantinopolitano.

386 1989 457 2017 XIX.
482 1989 520 2016 De
536 1987 638 2024 Cyrillo
665 1989 812 2023 przeposito
836 1988 993 2016 monasterii
1020 1989 1138 2017 Acremi-

352 2035 469 2062 tensium
487 2042 494 2060 :
509 2033 645 2068 quomodo
665 2033 778 2060 Romam
805 2032 837 2059 ad
861 2033 980 2060 Felicem
1004 2035 1136 2068 quosdam

351 2080 491 2111 direxerit,
509 2079 625 2106 incitans
641 2079 716 2105 illum
737 2083 766 2105 ut
787 2087 819 2106 ea
832 2086 893 2114 qua!
908 2079 1039 2106 adversus
1056 2079 1136 2107 iidem

351 2127 497 2154 commissa
512 2129 600 2157 erant,
614 2125 805 2153 ulcisceretur.

386 2172 445 2200 XX.
462 2172 499 2199 De
521 2171 555 2198 iis
570 2179 630 2206 qum
647 2170 722 2198 Felix
744 2170 778 2197 ad
802 2171 950 2204 Zenonem,
964 2176 992 2198 et
1007 2171 1080 2199 Zeno
1103 2173 1136 2199 ad

352 2218 469 2246 Felicem
491 2216 611 2251 scripsit.

387 2263 457 2290 XXI.
472 2262 614 2296 Quomodo
635 2262 782 2297 Symeones
803 2263 954 2290 monachus
970 2263 1137 2291 Acmmiten-
1151 2277 1175 2306 ο

352 2311 399 2342 sis,
419 2310 532 2337 Romam
555 2308 678 2340 veniens,
704 2308 808 2343 legatos
833 2309 962 2336 Ecclesiae
987 2309 1065 2336 Item.
1090 2310 1136 2344 qui

351 2355 616 2390 Constantinopolim
630 2358 772 2386 venerant,
787 2355 910 2389 coarguit
922 2355 994 2389 quod
1009 2363 1070 2382 cum
1084 2356 1138 2383 ha:-

353 2404 446 2431 reticis
463 2402 711 2430 communicassent
726 2410 733 2427 :
749 2406 777 2428 et
790 2401 926 2435 quomodo
943 2402 1023 2437 legati
1038 2406 1066 2429 et
1079 2410 1138 2429 om-

352 2457 402 2477 nes
435 2448 682 2476 eommunicatores
715 2447 787 2474 Petri
817 2455 832 2474 a
862 2447 990 2475 Romanis
1020 2448 1137 2482 depositi

352 2495 417 2521 sint.

387 2550 472 2578 XXII.
497 2551 536 2578 De
563 2550 650 2578 turbis
675 2558 734 2585 qua:
758 2550 929 2578 Alexandria:
955 2556 982 2578 et
1009 2552 1092 2579 variis
1110 2553 1137 2579 in

352 2597 420 2624 Iocis
436 2596 560 2624 excitata:
574 2600 638 2624 sunt
653 2596 688 2623 ob
702 2595 926 2624 Chalcedonense
942 2597 1101 2625 concilium.

388 2683 468 2719 332
488 2683 583 2710 XXIII.
603 2683 640 2710 Dc
663 2683 769 2711 Fravita
794 2689 821 2712 et
838 2684 989 2718 Euphcmio
1005 2686 1139 2714 Constan—

353 2729 482 2763 tinopolis
513 2728 650 2763 episcopis
674 2737 680 2756 :
703 2734 730 2756 et
759 2730 793 2757 de
812 2730 961 2757 Athanasio
979 2739 1010 2758 ac
1033 2731 1138 2760 Joanne

353 2773 544 2802 Alexandrinis
561 2782 568 2800 :
583 2773 656 2801 etde
671 2774 790 2801 Palladio
805 2782 836 2802 ac
851 2775 978 2802 Flaviano
992 2776 1144 2806 Antioche-

354 2818 416 2851 nis;
430 2818 495 2846 item
511 2818 544 2845 de
557 2817 618 2845 aliis
633 2818 807 2853 quibusdam.

389 2861 482 2891 XXIV.
496 2864 534 2892 De
549 2864 622 2893 aede
637 2864 739 2892 Armati
755 2864 801 2900 qui
820 2869 949 2901 cognatus
964 2866 1015 2894 t‘uit
1034 2868 1139 2896 Verinze

356 2906 432 2942 Angu
436 2913 482 2937 sta!
489 2925 496 2934 .

1187 1652 1278 1688 ήνώθη
1290 1653 1328 1688 τῷ
1343 1652 1455 1688 Μογγῷ,
1469 1654 1515 1680 καὶ
1532 1652 1570 1688 τῷ
1586 1653 1908 1686 Κωνσταντινουπόλεως,
1924 1655 1973 1682 καὶ

1185 1697 1224 1730 τῷ
1244 1697 1448 1733 Ἰεροτολύμων.

1223 1743 1271 1772 IZ’.
1297 1745 1363 1780 Περὶ
1380 1741 1418 1771 ὧν
1445 1744 1548 1780 ἔγραψα
1575 1744 1678 1780 Πέτρος
1699 1745 1818 1782 Ἀκακῐῳ
1834 1746 1974 1782 δεξαμένῳ

1185 1790 1234 1827 τὴν
1250 1790 1278 1817 ὲν
1293 1790 1446 1825 Καλχηδόνι
1461 1789 1580 1817 σύνοδον.

1221 1847 1275 1874 Iﬂ’.
1295 1847 1388 1879 Ὅπως
1403 1847 1530 1883 Ἰωάννης
1556 1848 1569 1874 6
1585 1846 1788 1881 Ἄλεξανδρείας
1813 1847 1900 1874 πείθει
1917 1849 1971 1883 Φή-

1186 1892 1242 1919 λικι
1259 1892 1297 1927 τῷ
1311 1892 1390 1928 πάπα
1409 1891 1516 1927 Ῥώμης
1531 1892 1689 1928 καθαίρεσιν
1705 1893 1824 1929 Ἀκακίῳ
1839 1892 1878 1928 τῷ
1895 1894 1973 1920 Κων-

1188 1938 1433 1969 σταντινουπόλεως
1448 1939 1567 1973 πέμψαι.

1222 1984 1272 2010 ΙΘ’.
1287 1984 1353 2018 Περὶ
1364 1983 1497 2018 Κυρίλλου
1515 1984 1666 2019 ἡγουμένου
1677 1984 1761 2019 μονῆς
1778 1984 1831 2011 τῶν
1844 1985 1974 2020 ’Ᾱκοιμὴ-

1187 2037 1250 2058 των.
1276 2029 1350 2060 ὅπως
1376 2029 1443 2063 πρὸς
1468 2029 1577 2063 Ῥώμην
1601 2029 1745 2055 ἀπέστειλε
1771 2028 1840 2064 πρὸς
1869 2028 1974 2063 Φήλικα

1186 2083 1272 2105 τινας,
1282 2074 1385 2108 ὲνάγων
1397 2068 1478 2101 αὑτδν
1493 2074 1560 2108 πρὸς
1575 2075 1714 2110 ἐκδίκησιν
1728 2074 1782 2101 τῶν
1790 2075 1974 2110 τολμωμένων

1187 2119 1257 2146 κατὰ
1270 2119 1321 2153 τῆς
1334 2120 1461 2152 πὶστεως.

1222 2166 1265 2192 ις’.
1284 2165 1351 2200 Περὶ
1365 2162 1401 2192 ὧν
1426 2165 1530 2201 ἔγραψε
1553 2166 1635 2201 Φῆλιξ
1653 2166 1719 2202 πρὸς
1732 2167 1854 2202 Ζήνωνα,
1877 2169 1921 2195 zu‘:
1937 2165 1971 2195 αὗ

1188 2210 1268 2237 πάλιν
1280 2211 1370 2245 Ζήνων
1388 2211 1456 2245 πρὸς
1471 2211 1584 2246 Φήλικα.

1224 2256 1288 2282 KA’.
1312 2255 1355 2286 Ὠς
1368 2255 1515 2290 Συμεὼνης
1543 2254 1657 2290 μοναχδς
1672 2256 1755 2290 μονῆς
1772 2255 1826 2282 τῶν
1844 2256 1970 2291 Ἀκοιμή-

1187 2310 1240 2328 των
1255 2302 1294 2333 εἰς
1317 2301 1425 2336 Ῥώμην
1449 2300 1679 2333 κατελθὼν,τοὺς
1704 2301 1733 2328 ἐν
1760 2302 1974 2328 Κωνοταντινου·

1190 2347 1264 2374 πόλει
1285 2347 1485 2378 ἀποσταλέντας
1497 2347 1662 2378 ἐπισκόπους
1677 2347 1751 2382 παρὰ
1774 2347 1915 2381 Ῥωμαίων
1933 2348 1973 2374 δι-

1189 2392 1285 2428 ήλεγξε
1300 2393 1516 2427 κοινωνήσαντας
1534 2394 1590 2424 τοῖς
1608 2393 1770 2427 αἱρετικοῖς·
1785 2393 1831 2420 καὶ
1846 2393 1883 2424 ὡς
1899 2393 1974 2420 αὺτοὶ

1188 2447 1217 2464 τε
1247 2438 1294 2464 καὶ
1313 2439 1338 2464 οι
1354 2439 1567 2473 κοινωνήσαντες
1597 2439 1703 2474 Πέτρῳ,
1731 2438 1806 2474 παρὰ
1831 2439 1974 2474 Ῥωμαίων

1189 2483 1388 2519 καθῃρέθησαν.

1225 2543 1288 2571 ΚΒ’.
1312 2544 1379 2578 Περὶ
1393 2543 1447 2570 τῶν
1481 2543 1509 2569 ὲν
1526 2543 1717 2578 ’Λλεξανδρεὶα
1738 2543 1903 2578 κινηθέντων
1926 2544 1974 2570 καὶ

1189 2591 1217 2617 ἐν
1233 2590 1370 2626 διαςρόροις
1389 2589 1491 2621 τόποις,
1512 2589 1591 2624 χάριν
1619 2589 1668 2624 τῆς
1688 2589 1717 2615 ὲν
1734 2589 1885 2624 Καλχηδόνι
1910 2599 1973 2616 συν-

1189 2637 1259 2663 ὁδου.

1225 2683 1288 2709 KI".
1311 2683 1378 2716 Περὶ
1391 2682 1437 2708 τοῦ
1453 2682 1586 2716 Φραυῖτοο
1616 2682 1663 2708 καὶ
1680 2682 1810 2716 Εὺςςήμου
1833 2682 1886 2708 τῶν
1898 2683 1974 2710 Κων-

1191 2728 1461 2758 σταντινουπολιτῶν,
1478 2728 1524 2754 καὶ
1544 2727 1705 2754 Ἀθαναείου
1717 2728 1764 2754 καὶ
1784 2729 1906 2755 Ἰωάννου
1921 2730 1974 2756 τῶν

1196 2773 1402 2807 Ἀλεξανδρέων,
1429 2773 1476 2798 καὶ
1506 2771 1656 2798 Παλλαδίου
1679 2773 1728 2798 καὶ
1749 2771 1899 2799 Φλαὸιανοΰ
1920 2773 1974 2800 τῶν

1190 2819 1358 2854 Ἀντιοχέων,
1377 2818 1423 2844 καὶ
1434 2817 1534 2852 ἑτέρων
1547 2818 1638 2845 τινῶν.

1227 2865 1289 2892 KA’.
1311 2864 1379 2899 Περὶ
1409 2863 1457 2896 τῆς
1480 2863 1646 2898 ἁναιρέιεως
1667 2863 1802 2898 ’Λρμάτου
1828 2864 1975 2899 συγγενοῦς

1191 2910 1302 2946 Περῐνης
1323 2910 1370 2944 τῆς
1387 2909 1529 2944 βασιλίδος.
