2162 3278
187 230 256 263 Ε’ξδ93

643 225 834 255 HISTORIA!
855 223 1149 254 ECCLESIASTICJS
1168 223 1282 253 LIBER
1299 224 1356 254 Ill.

1745 223 1815 256 2594

222 289 286 316 κε’.
309 287 433 323 Περὶτῆς
450 286 662 316 ἐπαναστάσεως
675 285 833 320 Θεοδερίχου
843 285 890 311 τοῦ
907 284 976 311 Σκύ-
992 290 1014 317 Α
1064 295 1075 322 1

964 299 976 304 '
992 290 1014 317 Α
1064 295 1146 322 XXV.
1164 296 1202 323 De
1225 294 1388 322 Theoderici
1413 293 1519 329 Scytha:
1543 293 1703 325 rebellione,
1725 293 1814 328 deque

187 338 244 368 Oou.
257 337 305 363 καὶ
319 336 368 371 τῆς
381 335 476 362 rati-.09
490 334 630 368 τελευτῆς.

222 383 294 415 KG’.
311 381 377 416 Περὶ
389 382 438 416 τῆς
454 379 615 414 Μαρκιανοῦ
636 377 856 410 ἐπαναστάσεως,
875 377 921 404 καὶ
933 376 976 404 οἷα

187 427 252 463 περὶ
262 427 355 453 τοῦτον
375 424 484 459 συνέϐη.

224 473 287 500 KZ‘.
307 473 374 507 Περὶ
388 473 440 506 τῆς
455 470 612 506 τυραννίδος
624 470 711 496 Ἱλλου
725 470 771 497 καὶ
783 470 921 497 Λεοντίου.

223 519 291 547 KH’.
310 519 378 554 Περὶ
395 509 574 553 Μαμμιανοῦ,
592 517 640 544 καὶ
656 517 710 544 τῶν
725 517 813 553 ἔργων
829 516 923 543 αὑτοῦ.

223 608 288 635 ΚΘ¹,
307 607 373 641 Περὶ
384 606 433 640 τῆς
448 605 576 641 τελευτῆς
590 606 724 640 Ζήνωνος,
735 604 842 638 καὶτῆς
854 603 978 639 ἀναρρή-

188 663 258 686 σεως
274 653 462 680 Ἀναστασίου.

224 701 264 726 Δ’.
283 699 351 734 Περὶ
367 698 545 725 ’Δναστασίου
558 697 605 725 τοῦ
623 697 767 732 βασιλέως,
786 696 832 724 καὶ
845 696 883 728 ὡς
897 695 940 722 διὰ
948 695 978 722 τὸ

192 746 228 780 μὴ
245 744 388 780 βούλεσθαι
405 743 503 770 τοῦτον.
514 744 687 778 καινοτομεῖν
701 752 726 769 τι
744 743 808 778 περὶ
819 742 868 778 τὴν
882 741 980 776 ἐκκλη-

191 790 332 826 σιαστικὴν
348 790 525 821 κατάστασιν,
542 789 646 825 μυρίων
661 789 789 824 ταραχῶν
805 789 833 815 al
853 788 905 815 ἀνὰ
929 787 979 823 τὴν

189 837 350 872 οἰκουμένην
365 835 524 870 Ἐκκλησίαι
540 835 747 871 ἐνεπλήσθησαν
757 843 763 849 ⁸
779 834 871 862 πολλοί
884 843 913 860 τε
925 834 980 860 τῶν

191 883 346 911 ἐπισκόπων
360 881 406 909 διὰ
416 881 496 908 τοῦτο
511 881 707 916 ἐξεϐλήθησαν.

225 929 287 955 AA'.
307 927 451 962 Ἐπιστολὴ
476 927 530 954 τῶν
548 927 672 962 μοναχῶν
698 926 888 953 Παλαιστινῶν
910 926 979 961 πρὸς

191 976 341 1002 ’Δλκίσωνα
355 974 419 1010 περὶ
431 974 549 1010 μοναχοῦ
563 973 676 1000 Ξεναίου
691 973 737 1000 καὶ
749 974 850 1007 ἑτέρων
863 972 954 998 τινῶν.

224 1022 285 1048 AB'.
299 1020 367 1056 Περὶ
379 1020 428 1055 τῆς
439 1019 553 1055 ἐκϐολῆς
568 1019 736 1046 Μακεδονίου
753 1018 801 1045 τοῦ
827 1017 981 1044 Κωνσταν-

191 1067 378 1098 τινουπὸλεως,
393 1067 441 1093 καὶ
452 1065 603 1093 Φλαϐιανοῦ
624 1065 804 1099 ’Δντὶοχείας.

227 1111 287 1139 ΔΓ.
307 1113 374 1148 Περὶ
387 1112 508 1148 Σεϐήρου
524 1110 680 1138 ἐπισκόπου
697 1110 874 1145 Ἀντιοχείας.

228 1157 287 1186 ΔΔ’.
308 1158 376 1194 Περὶ⁸
394 1158 444 1193 τῆς
456 1156 629 1193 πεμφθείσης
639 1155 715 1191 αύτῷ
732 1155 920 1191 καθαιρέσεως
930 1155 982 1182 ὑπὸ

192 1205 290 1240 Κοσμᾶ
301 1205 348 1232 καὶ
359 1203 538 1240 Σεϐηριανοῦ.

228 1251 290 1279 ΔΕ’.
300 1251 367 1286 Περὶ
374 1250 423 1285 τῆς
432 1249 485 1276 τῶν
497 1249 635 1286 τυράννων
643 1248 774 1284 Ἰσαύρων
785 1248 982 1284 καθαιρέσεως.

229 1298 299 1331 A6,".
311 1296 380 1332 Περὶ
389 1296 443 1322 τῶν
453 1295 599 1331 Σκηνητῶν
608 1294 765 1330 βαρϐάρων,
777 1294 814 1326 ὡς
823 1294 983 1322 ἐσπείσαντο

195 1343 262 1379 πρὸς
280 1342 443 1378 Ῥωμαίους.

230 1389 289 1416 AZ‘.
309 1387 377 1424 Περὶ
394 1387 444 1423 τῆς
461 1387 489 1414 ιν
504 1385 598 1423 Ἀμεδῃ
611 1386 783 1423 πολιορκίας,
799 1385 846 1413 καὶ
867 1385 983 1417 κτίσεως

194 1433 240 1461 τοῦ
255 1433 356 1469 Δάρας,

229 1480 294 1506 AH'.
311 1477 379 1514 Περὶ
390 1477 438 1504 τοῦ
454 1477 563 1513 μακροῦ
576 1478 693 1512 τείχους.

229 1525 291 1552 ΔΘ.
305 1524 374 1560 Περὶ
386 1523 435 1550 τοῦ
448 1523 595 1559 λεγομένου
614 1521 832 1558 Χρυσαρτύρου,
856 1521 894 1552 ὡς
910 1521 984 1547 ἀνει-

195 1572 242 1598 λιν
253 1571 334 1598 αὐτὸν
352 1571 540 1602 Ἀναστάσιος.

1027 340 1151 375 ejusdem
1168 340 1293 368 interitu.

1051 382 1156 413 XXVI.
1179 386 1217 413 De
1242 386 1395 413 rebellione
1420 384 1568 416 Marciani,
1591 389 1619 411 et
1635 384 1702 419 quid
1726 383 1815 411 cidem

1027 431 1169 459 acciderit.

1064 477 1170 504 XXVII.
1187 477 1225 504 De
1241 475 1399 512 Tyrannide
1415 476 1455 503 Illi
1472 483 1504 504 ac
1520 475 1639 503 Leontii.

1063 519 1184 547 XXVIII.
1212 520 1249 547 De
1272 520 1452 552 Mammiauo,
1469 525 1497 547 et
1519 519 1554 547 de
1579 519 1709 555 operibus
1726 519 1760 546 ab
1784 525 1818 546 eo

1028 567 1203 594 constructis.

1064 611 1162 639 XXIX.
1179 612 1217 639 De
1235 611 1354 639 Zenonis
1376 611 1465 644 obitu,
1481 615 1509 638 et
1523 610 1558 638 de
1575 610 1710 638 Anastasii
1733 610 1821 646 impe-

1029 658 1128 685 ratoris
1148 658 1364 693 nuncupatione.

1070 703 1156 731 XXX.
1175 704 1214 731 De
1231 703 1375 731 Anastasio
1398 702 1564 738 imperatore
1589 711 1595 728 :
1615 705 1644 729 et
1667 700 1819 736 quomodo.

1030 756 1093 776 cum
1117 749 1163 776 ille
1184 748 1252 776 nihil
1275 748 1302 775 in
1327 747 1514 775 ecclesiastico
1530 750 1601 774 statu
1619 747 1721 774 sineret
1742 746 1821 774 inno-

1030 794 1100 826 vari,
1118 794 1203 821 totius
1223 793 1300 821 orbis
1312 792 1444 822 Ecclesiae
1463 793 1616 820 innumeris
1635 792 1823 827 perturbatio-

1030 839 1114 867 nibus
1129 839 1241 874 repletae
1260 843 1334 871 suntl
1351 838 1482 873 multique
1496 838 1618 873 episcopi
1632 845 1692 865 eam
1707 837 1744 864 ob
1759 844 1821 864 eau-

1031 892 1088 912 sam
1101 885 1220 920 expulsi.

1067 929 1164 958 XXXI.
1180 929 1304 964 Epistola
1319 929 1516 956 monachorum
1537 928 1689 956 Palaestina:
1701 927 1735 955 ad
1751 927 1824 954 Alei-

1033 983 1128 1003 sonem
1145 975 1180 1004 de
1194 975 1299 1003 Xenaia
1315 975 1462 1006 monacho.
1479 979 1508 1002 et
1521 974 1555 1002 de
1570 974 1632 1001 aliis
1646 973 1822 1009 quibusdam.

1067 1014 1176 1049 XXXII.
1194 1021 1232 1049 De
1248 1021 1408 1056 expulsionc
1425 1019 1576 1047 Macedonii
1591 1019 1824 1053 Constantinopo-

1032 1068 1111 1096 litani
1127 1067 1261 1102 episcopi,
1275 1071 1303 1094 et
1320 1066 1441 1094 Flaviani
1455 1065 1631 1093 Antioelieni.

1069 1112 1190 1140 XXXIII.
1209 1113 1248 1140 De
1266 1112 1369 1140 Severo
1379 1112 1510 1147 episcopo
1525 1109 1687 1138 Antiochiet.

1068 1160 1190 1188 XXXIV.
1206 1160 1245 1188 De
1259 1160 1355 1188 libello
1369 1159 1553 1195 depositionis
1573 1159 1606 1187 ad
1631 1159 1759 1187 eumdem
1777 1158 1827 1187 Se-

1033 1214 1129 1234 verum
1145 1206 1230 1233 misso
1243 1213 1259 1233 a
1273 1205 1371 1233 Cosma
1387 1209 1416 1232 et
1429 1204 1588 1233 Severiano.

1069 1250 1177 1279 XXXV.
1194 1251 1231 1278 De
1246 1251 1380 1279 exstincta
1395 1251 1552 1284 Isaurorum
1567 1250 1723 1286 tyrannide.

1068 1297 1189 1325 XXXVI.
1208 1296 1352 1330 Quomodo
1366 1296 1496 1324 Saraceni
1508 1303 1604 1331 pacem
1619 1304 1682 1331 cum
1697 1296 1828 1324 Romanis

1034 1343 1171 1371 fecerunt.

1070 1388 1203 1417 XXXVII.
1220 1389 1259 1416 De
1275 1389 1478 1425 expugnatione
1492 1388 1608 1421 Amida.
1621 1393 1649 1416 et
1666 1388 1701 1416 de
1714 1387 1828 1416 conditu

1037 1435 1116 1463 urbis
1131 1435 1226 1463 Daras.

1071 1480 1216 1508 XXXVIII.
1233 1481 1271 1508 De
1284 1481 1368 1516 longo
1385 1488 1474 1508 muro.

1072 1526 1194 1554 XXXIX.
1211 1527 1249 1554 De
1262 1527 1388 1561 vectigali
1403 1527 1477 1561 quod
1489 1526 1705 1562 Chrysargyruln
1719 1527 1830 1557 vocant,

1036 1577 1065 1599 et
1076 1571 1217 1606 quomodo
1231 1572 1368 1599 sublatum
1382 1572 1419 1599 sit
1431 1571 1466 1598 ab
1479 1571 1634 1598 Anastasio.

231 1617 275 1644 Μ’.
294 1614 363 1651 Περὶ
371 1612 408 1642 ὧν
426 1615 552 1651 ἱστόρησα
569 1614 694 1650 Ζώσιμος
707 1614 787 1650 χάριν
797 1613 845 1640 τοῦ
858 1613 986 1648 Χρυσαρ-
1000 1623 1022 1652 c
1073 1617 1084 1644 ι

977 1626 986 1632 ·
1000 1623 1022 1652 c
1073 1617 1130 1644 XL.
1147 1618 1186 1645 De
1201 1617 1244 1645 his
1257 1625 1318 1652 quae
1332 1617 1460 1645 Zosimus
1475 1617 1586 1652 scripsit
1600 1615 1830 1652 deCIIrysargyro

196 1660 291 1696 γύρου,
306 1660 353 1687 καὶ
367 1660 575 1686 Κωνσταντίνου
594 1659 641 1686 τοῦ
655 1659 796 1694 βασιλέως.

233 1706 301 1733 MA'.
328 1705 492 1737 ’Δπόστασις
517 1704 586 1741 πρὸς
599 1704 727 1739 Ζὼσιμον
742 1704 785 1738 ιφ’
797 1701 838 1736 οἷς
852 1703 990 1740 ιϐλασφή-

199 1759 269 1787 μησε
286 1751 492 1778 Κωνσταντῖνον
509 1751 555 1777 καὶ
572 1749 769 1786 Χριστιανούς.

234 1797 300 1825 KB'.
317 1797 386 1832 Περὶ
394 1797 443 1832 τῆς
455 1796 656 1833 χρυσοτεὶείας.

235 1844 302 1872 ΜΡ.
320 1844 387 1880 Περὶ
402 1843 452 1878 τῆς
467 1843 629 1879 τυραννίδος
641 1842 814 1870 Βιταλιανοῦ.

235 1889 301 1917 ω’.
321 1890 365 1922 Ὠς
380 1889 560 1917 ’Λναστασίου
583 1890 612 1916 tv
625 1889 665 1924 τῷ
677 1889 813 1925 τρισαγίῳ
832 1889 931 1924 Ὕμνῳ
947 1888 987 1922 τδ,

205 1935 236 1963 '0
245 1934 413 1972 σταυρωθεὶς
422 1935 457 1961 δι’
466 1935 550 1971 ἡμᾶς,
561 1934 738 1970 βουληθέντος
749 1935 919 1969 προσθεῖναι,
929 1935 994 1961 στά-

202 1990 244 2013 σις
257 1983 285 2009 ἐν
295 1981 334 2017 τῷ
344 1981 423 2017 δήμῳ
438 1981 485 2008 καὶ
499 1981 607 2018 ταραχὴ
622 1981 734 2017 γέγονεν
743 1988 752 1996 ⁶
771 1981 840 2017 ὅπερ
851 1980 992 2017 φοϐηθεὶς,

204 2029 420 2063 ὑποκρινάμενος
444 2027 621 2061 ταπείνωσιν,
653 2027 723 2069 ταχὺ
751 2027 800 2059 τὰς
821 2026 933 2062 γνώμας
946 2026 993 2054 τοῦ

202 2074 289 2109 δήμου
306 2072 450 2108 μετέϐαλε.

240 2210 306 2238 ME'.
321 2209 390 2245 Πιρὶ
400 2210 448 2237 τοῦ
467 2210 585 2238 θανάτου
609 2210 796 2238 Ἀναστασίου.

498 2246 627 2273 ΚΕΦΔΔ.
653 2246 694 2274 Δ¹.

205 2305 273 2340 Περὶ
282 2305 337 2340 τῆς
347 2304 511 2338 βασιλείας
521 2304 662 2339 Ζήνωνος
684 2303 733 2331 καὶ
745 2302 799 2330 τοῦ
805 2303 877 2336 ,ϐίον
888 2302 993 2330 αὐτοῦ.

241 2373 334 2408 Ζήνων
353 2373 393 2405 δὲ,
407 2373 469 2399 ἐπεὶ
496 2372 546 2407 τὴν
561 2372 708 2407 βασιλείαν,
730 2371 777 2398 τοῦ
799 2371 893 2403 παιδός
912 2371 937 2397 οἱ
951 2379 995 2397 τε-

205 2418 396 2451 λευτήσαντος,
416 2418 497 2453 μόνος
519 2417 714 2453 περιεϐάλετο,
729 2417 824 2452 ὥσπερ
839 2417 889 2444 οὐκ
906 2417 996 2453 οἰόμε-

206 2472 252 2494 νος
267 2463 290 2480 ⁷⁸
304 2463 359 2490 τῶν
374 2463 445 2490 ὅλων
460 2463 597 2498 ἐγκρατὴς
618 2463 757 2497 γενέσθαι)
771 2463 796 2489 εί
818 2462 856 2498 μὴ
873 2462 921 2489 καὶ
940 2463 996 2490 πά-

210 2518 272 2539 σαις
288 2510 348 2541 ταῖς
367 2508 510 2540 ἐπιούσαις
536 2509 644 2544 ἡδοναῖς
662 2509 721 2544 μετ’
741 2508 865 2542 ἐξουσίας
886 2507 998 2541 ἐπεξέλ-

208 2555 264 2587 θοι,
287 2555 413 2582 τοσοῦτον
429 2555 462 2581 ὲκ
482 2555 634 2590 προοιμίων
658 2555 754 2581 ἑαυτὸν
774 2556 833 2586 ταῖς
857 2554 999 2581 ὲπιθέσεσι

207 2601 262 2628 τῶν
279 2600 431 2636 ἐπιθυμιῶν
447 2600 605 2632 ἐκδέδωκεν,
621 2600 658 2632 ὡς
683 2600 767 2635 μηδὲν
781 2600 862 2627 αὑτὸν
876 2601 1000 2635 ἐπισχεῖν

207 2647 263 2674 τῶν
278 2647 411 2682 ἀπρεπῶν
440 2655 470 2673 τε
493 2647 541 2673 καὶ
567 2647 704 2682 ἀθέσμων⁸
719 2646 776 2673 ἀλλ’
790 2646 877 2678 οὕτως
895 2646 1002 2677 τούτοις

211 2692 450 2728 ἐμπολιτεύεσθαι,
468 2693 507 2725 ὼς
521 2693 552 2719 τὸ
572 2693 692 2725 σκοτίως-
700 2693 786 2720 ταῦτα
807 2693 854 2719 καὶ
870 2693 899 2719 ἐν
911 2701 1001 2729 παρα-

213 2739 305 2774 ϐύστῳ
320 2738 475 2774 γίγνεσθαι,
487 2738 632 2774 χαμερπὲς
647 2737 718 2765 εἶναι
733 2738 867 2773 νομίζειν·
881 2738 912 2764 τὸ
929 2738 957 2765 δέ
971 2746 1003 2772 γε

211 2785 364 2820 ἀναφανδὸν
377 2785 426 2812 καὶ
448 2785 543 2820 ὥσπερ
572 2785 602 2817 ἐξ
621 2785 756 2816 ἀπόπτου,
780 2783 919 2818 βασιλικὸν
931 2804 939 2816 ,
955 2785 1003 2811 καὶ

212 2830 396 2866 αὐτοκράτορι
410 2831 483 2866 μόνῳ
503 2830 619 2864 πρέπονι
636 2829 730 2862 κακῶς
749 2830 794 2858 καὶ
809 2829 1001 2865 ἰουλοπρεπῶς

1040 1667 1068 1691 et
1080 1664 1115 1691 de
1126 1663 1309 1691 Constantino
1322 1662 1499 1698 imperatore.

1074 1708 1143 1736 XLI.
1160 1709 1299 1736 lnvectiva
1316 1708 1343 1736 in
1360 1708 1500 1736 Zosimum
1523 1708 1559 1736 ob
1574 1708 1635 1744 ejus
1650 1707 1679 1734 in
1694 1705 1833 1735 Constan-

1041 1755 1129 1782 tinum
1147 1758 1176 1782 et
1188 1753 1361 1782 Christianos
1376 1754 1532 1781 maledicta.

1076 1800 1158 1827 XLII.
1173 1800 1212 1827 De
1225 1800 1336 1827 auraria
1353 1800 1496 1835 pensione.

1076 1846 1168 1873 XLIII.
1186 1846 1223 1873 De
1238 1846 1367 1873 Vitaliani
1383 1846 1551 1882 Tyrannide.

1077 1890 1169 1919 XLIV.
1188 1890 1333 1924 Quomodo
1354 1891 1451 1927 ingens
1466 1891 1567 1919 seditio
1587 1890 1615 1918 in
1636 1890 1740 1926 popqu
1759 1890 1835 1918 exci-

1043 1940 1099 1963 tata
1121 1936 1172 1968 sit,
1191 1943 1254 1963 cum
1279 1935 1441 1964 Anastasius
1463 1936 1492 1963 in
1515 1936 1622 1972 Hymno
1640 1935 1764 1972 Trisagio
1784 1935 1836 1963 hu

1042 1987 1127 2008 voces
1149 1980 1250 2008 addere
1275 1980 1409 2009 voluisset
1431 1989 1438 2008 :
1461 1981 1508 2017 qui
1541 1981 1689 2009 cruciﬁxus
1717 1985 1760 2009 est
1784 1989 1836 2017 pro

1046 2026 1137 2054 nobis.
1151 2025 1229 2060 Quod
1245 2032 1372 2054 metuens
1384 2027 1555 2060 Anastasius,
1569 2027 1745 2055 simulatione
1757 2034 1835 2060 usus,

1053 2072 1146 2100 statim
1170 2071 1258 2107 plebis
1278 2073 1385 2100 animos
1412 2073 1602 2100 commutavit.

1009 2199 1033 2229 1)
1081 2209 1161 2238 XLV.
1178 2224 1212 2229 —
1228 2208 1297 2238 Item
1307 2211 1342 2239 de
1353 2211 1429 2238 obitu
1441 2208 1567 2244 ejusdem
1577 2209 1726 2238 Anastasii.

1332 2246 1412 2282 333
1435 2244 1511 2273 CAP.
1532 2245 1554 2273 I.

1137 2303 1175 2330 De
1189 2304 1299 2339 imperio
1312 2303 1425 2330 Zenonis
1453 2302 1536 2338 deque
1550 2302 1667 2337 ejusdem
1687 2303 1751 2330 vita.

1086 2371 1121 2398 At
1136 2371 1223 2404 Zeno,
1242 2371 1324 2399 simul
1342 2374 1435 2406 atque,
1452 2373 1562 2397 mortuo
1577 2368 1664 2399 iusius
1683 2368 1750 2400 lilio,
1767 2369 1843 2397 solus

1051 2420 1198 2456 imperium
1225 2419 1365 2452 obtinuit,
1390 2418 1468 2454 quasi
1497 2424 1660 2453 persuasum
1684 2417 1791 2445 habens
1813 2425 1843 2445 se

1052 2473 1224 2501 nequaquam
1243 2473 1351 2494 summo
1367 2463 1484 2499 imperio
1500 2463 1646 2498 praeditum
1661 2470 1732 2493 esse.
1747 2462 1800 2490 nisi
1816 2462 1845 2490 in

1052 2519 1134 2540 omne
1157 2520 1244 2548 genus
1268 2509 1608 2545 libidinisuquodcunque
1627 2508 1740 2536 obvium
1757 2512 1844 2540 esset,

1053 2565 1160 2585 summa
1183 2565 1246 2585 cum
1264 2557 1375 2584 licentia
1393 2555 1605 2583 eﬂ'underetur-z
1621 2553 1712 2581 statim
1728 2553 1764 2581 ab
1786 2553 1846 2588 ipso

1053 2603 1167 2630 exordio
1184 2602 1323 2630 illecebris
1334 2601 1516 2637 cupiditatum
1533 2600 1571 2627 ita
1585 2607 1614 2627 se
1627 2603 1715 2632 totum
1729 2597 1845 2630 dedidit.

1057 2652 1086 2676 ut
1105 2648 1176 2676 nihil
1197 2653 1270 2676 esset
1293 2652 1347 2675 tam
1364 2652 1445 2683 turpe
1469 2651 1578 2681 tamque
1602 2645 1747 2677 illicitum,
1772 2643 1847 2678 quod

1053 2695 1186 2730 impetum
1199 2696 1260 2731 ejus
1275 2695 1436 2727 cohiberet;
1453 2694 1501 2722 sed
1516 2693 1557 2721 sic
1574 2693 1601 2720 in
1617 2691 1726 2727 ﬂagitiis
1740 2690 1848 2718 voluta-

1052 2741 1143 2774 batur,
1162 2745 1192 2769 ut
1205 2741 1275 2769 clam
1292 2741 1405 2776 quidem
1426 2747 1459 2767 ac
1472 2738 1586 2766 remotis
1600 2736 1712 2765 arbitris
1725 2743 1756 2763 ea
1770 2742 1851 2763 com-

1053 2785 1173 2819 mittere,
1189 2786 1244 2814 vile
1267 2794 1299 2814 ac
1314 2786 1455 2821 plebeium
1472 2785 1642 2812 existimaret
1656 2791 1663 2810 :
1677 2782 1766 2818 palam
1781 2788 1848 2808 vero

1052 2836 1081 2859 et
1093 2831 1146 2861 sub
1159 2832 1249 2860 oculis
1263 2832 1386 2860 omnium
1408 2839 1440 2859 ea
1462 2835 1581 2866 patrare,
1596 2829 1702 2865 regium
1716 2826 1847 2864 quiddam

872 2885 986 2915 VARle
1007 2883 1211 2916 LECTIONES.

248 2934 270 2950 "
286 2934 335 2961 οὐκ
353 2933 546 2969 οἰκειούμενος.
