2162 3253
347 214 417 246 2599

944 209 1101 240 EVAGRII
1121 208 1320 238 SCHOLASTl
1327 209 1361 238 Cl

1901 207 1974 240 ποθ

345 269 479 298 mitteret,
492 270 520 294 et
534 273 566 293 ea
579 273 638 300 (ποτε
661 263 834 292 Chalcedone
863 268 938 299 gesta
963 263 1083 295 fuerant,
1107 267 1135 290 et
1149 265 1170 292 Δ
1185 271 1198 288 τ

1120 267 1135 290 ηι
1149 265 1170 292 Α
1185 271 1215 288 τε
1247 263 1401 297 περιῦαλεῐν
1418 263 1452 290 τὰ
1473 263 1499 288 ἐν
1527 263 1678 298 Καλχηδόνι
1698 263 1900 297 πεπραγμένα,
1926 264 1973 292 καὶ

344 313 446 342 Leonis
458 311 560 339 librum
573 309 740 338 anathemati
750 309 908 345 subiiceret.
922 308 1032 337 Littera:
1041 313 1132 336 autem

341 360 384 386 sic
396 357 500 386 habent
511 365 519 383 :

534 411 673 448 Encyclica
685 411 795 446 epistola
809 411 940 438 Basiliam.

375 469 525 504 Imperator
538 464 634 496 Caesar
643 468 802 498 Basiliscus,
820 468 893 499 Pius,
902 468 1005 499 Victor,
1018 467 1130 494 Trium-

342 514 451 550 phator,
467 514 612 547 Maximus,
625 522 734 549 semper
744 515 883 549 Augustus
896 522 903 540 :
916 518 943 540 et
958 513 1066 540 Marcus
1074 513 1130 540 Νο-

343 560 496 587 bilissimus
531 560 632 595 Cmsar,
668 560 813 587 Timotheo
841 559 1072 587 rcverendissimo
1103 564 1132 587 et

342 605 389 633 Dei
400 606 588 642 amantissimo
602 606 808 640 archiepiscopo
816 613 919 640 magna:
930 605 1006 632 urbis
1014 605 1132 632 Alexan-

342 650 494 678 drinorum.
530 651 670 685 Quotquot
689 651 762 686 leges
788 659 838 685 pro
868 656 942 678 recta
960 655 1042 686 atque
1065 658 1130 685 apo-

340 696 437 723 stolica
461 695 515 722 ﬁde
533 700 681 723 sanxerunt
709 696 907 731 religiosissimi
926 696 973 731 qui
993 699 1057 722 ante
1070 703 1130 722 -nos

341 741 452 769 fuerunt
468 741 657 776 imperatores,
670 742 828 776 quicunque
846 745 966 768 sanctam
978 745 1006 768 et
1022 741 1129 768 beatam

342 791 369 814 et
385 787 566 814 immortalem
593 795 625 814 ac
650 788 786 815 viviﬁeam
803 787 967 814 Trinitatem
994 791 1129 822 perpetuo

341 831 452 859 coluere
481 841 487 858 :
518 840 584 865 eas,
608 837 703 867 utpote
730 840 791 867 quae
816 831 944 859 universo
970 832 1032 859 orbi
1056 831 1129 860 salu~

341 882 413 904 lares
442 884 552 912 semper
567 878 737 909 exstiterint,
769 877 846 904 nullo
863 885 982 912 unquam
1005 882 1128 912 tempore

1183 309 1229 334 τὸν
1243 309 1325 343 τόμον
1338 308 1462 340 Λέοντοςθ
1479 307 1514 335 ὢν
1533 310 1549 343 ἡ
1565 308 1687 344 συνθήκη
1702 309 1777 343 λέγει
1789 306 1864 336 τάδε*

1382 408 1562 443 Ἐγκύκλιον
1576 408 1776 435 Βασιλίσκου.

1218 465 1402 501 Αὐτοκράτωρ
1424 466 1532 500 Καῖσαρ
1556 465 1736 497 Βασιλίσκος,
1759 464 1893 501 Εὐσεϐὴς,
1920 467 1970 494 Νι·

1182 513 1281 548 κητὴς,
1297 511 1494 548 Τροπαιοῦχος,
1517 513 1664 545 Μέγιστος,
1691 512 1888 546 ’Λεισέεαστος,
1913 513 1971 540 Δῦ-

1181 567 1305 592 γουστοςι
1321 559 1369 585 καὶ
1383 558 1497 592 Μάρκος
1508 559 1522 584 ὸ
1544 558 1774 591 Ἐπιφανέστατος
1789 559 1909 594 Καῖσαρ,
1924 559 1972 585 Τι-

1183 603 1273 637 μοθέῳ
1291 602 1330 637 τῷ
1349 602 1542 637 εὐλαϐεστάτῳ
1560 602 1607 628 καὶ
1622 601 1822 638 θεοφιλεστὰτῳ
1844 604 1971 638 ἁρχιεπι-

1182 647 1276 683 σκόπῳ
1290 648 1340 683 τῆς
1369 647 1566 682 Ἀλεξανδρέων
1597 647 1815 682 μιγαλοτιὸλεως.
1839 648 1971 682 ὀτοόσους

1183 693 1232 728 μὲν
1247 693 1318 728 ὑπὲρ
1338 692 1388 726 τῆς
1406 693 1490 728 ὀρθῆς
1517 693 1564 719 καὶ
1582 693 1768 729 ἀποπολικῆς
1782 693 1899 726 πίστεως
1911 695 1972 722 ἐθέ-

1181 747 1280 765 σπισαν
1295 739 1392 774 νόμους
1413 740 1438 765 οἱ
1458 739 1512 774 πρὸ
1527 739 1605 774 ἡμῶν
1624 739 1817 766 εὐσεϐεστατοι
1836 740 1968 775 βασιλεῖς,

1180 785 1237 811 ὅσοι
1250 784 1300 820 τὴν
1318 785 1455 819 μακαρίαν
1473 785 1521 811 κα)⁸
1535 785 1632 820 ἀγήρω
1653 785 1701 812 καὶ
1717 785 1849 817 ζωοποιδν
1863 786 1969 822 Τριάδα

1180 828 1378 864 θεραπεύοντες
1389 829 1478 865 ὀρθῶς
1488 829 1653 863 διετέλεσαν,
1669 830 1780 861 τούτους
1794 831 1831 862 ὡς
1845 831 1884 866 τῷ
1897 840 1967 858 παν-

1179 876 1207 902 τὶ
1234 876 1330 911 κόσμῳ
1353 876 1505 910 σωτηρίους
1525 876 1568 902 ἀεί
1598 884 1664 902 ποτε
1694 877 1850 910 γεγονότας,
1872 877 1968 904 οὐδένα

340 921 434 950 irritas
444 930 504 950 esse
517 923 644 951 volumus
657 932 664 949 :
679 923 727 950 sed
740 924 831 958 potius
844 928 971 958 tanquam
983 923 1057 958 leges
1067 930 1130 958 pro—
1146 932 1166 960 Β
1180 931 1193 956 χ

1114 935 1130 946 ι-
1146 932 1166 960 B
1180 922 1275 957 χρόνον
1290 923 1386 956 ἀργεῖν
1406 922 1545 957 ἐθέλομεν·
1561 922 1664 958 μᾶλλον
1680 923 1709 949 δὲ
1725 923 1763 955 ὡς
1782 922 1899 955 οἰκείους
1917 924 1967 950 αὒ-

339 967 413 1003 prias
427 969 640 1003 promulgamus.
654 969 710 996 Nos
720 977 785 996 vero
800 969 847 1009 qui
859 970 987 1004 pietatem
996 977 1027 996 ac
1039 969 1127 996 zelum

337 1019 390 1049 pro
405 1013 460 1040 Deo
471 1021 504 1041 ac
517 1014 663 1042 Servatore
689 1019 785 1042 nostro
804 1014 868 1042 Jesu
892 1014 1013 1046 Christo,
1034 1017 1049 1041 a
1072 1021 1128 1048 quo

338 1059 441 1087 conditi
454 1060 529 1088 et~ad
544 1061 615 1088 hanc
622 1061 736 1096 gloriam
747 1061 835 1088 evecti
849 1068 953 1093 sumus,
966 1059 1041 1087 omni
1055 1067 1128 1087 cura!

339 1111 372 1132 ac
385 1105 563 1133 sollicitudini
575 1113 667 1134 rerum
684 1106 867 1133 humanarum
880 1106 959 1140 longe
980 1104 1126 1139 anteponi-

337 1157 400 1177 mus
417 1157 425 1176 :
440 1153 468 1177 et
478 1150 524 1185 qui
542 1154 675 1186 praeterea
688 1150 827 1178 credimus
849 1150 1023 1178 concordiam
1039 1149 1129 1185 gregis

337 1195 453 1229 Christi,
470 1201 528 1224 tum
540 1197 627 1233 ipsius
637 1197 738 1232 gregis,
752 1201 808 1224 tum
820 1197 942 1224 omnium
953 1196 1127 1224 subditorum

337 1241 455 1272 salutem
467 1243 611 1276 exsistere,
623 1243 787 1279 ﬁrmumque
803 1244 889 1272 nostri
904 1243 1011 1278 imperii
1026 1242 1125 1270 funda-

337 1295 462 1318 mentum
473 1294 502 1317 et
525 1289 764 1324 inexpugnabilem
792 1296 899 1316 murum
925 1296 985 1315 esse
1001 1297 1007 1314 :
1023 1288 1126 1315 idcirco

336 1336 432 1363 divino
443 1335 560 1362 interius
575 1336 633 1362 zelo
643 1335 783 1366 commoti.
799 1339 827 1362 et
837 1334 911 1361 velut
927 1334 1057 1368 quasdam
1072 1334 1126 1360 im-

336 1381 406 1416 perii
420 1380 508 1408 nostri
523 1380 670 1415 primitias,
696 1385 799 1407 sanctae
815 1380 943 1407 Ecclesia:
973 1380 1126 1406 unitionem

335 1425 393 1453 Deo
415 1432 446 1452 ac
461 1424 602 1453 Servatori
623 1431 718 1452 nostro
741 1425 806 1452 Jesu
830 1424 940 1452 Christo
965 1424 1125 1457 oﬁcrentes,

335 1471 478 1499 sancimus
494 1475 523 1498 ut
538 1471 612 1499 basis
639 1479 671 1499 ac
693 1470 893 1498 ﬁrmamentum
920 1471 1059 1499 felicitatis
1076 1471 1128 1498 hu-

335 1523 432 1549 manae,
444 1517 596 1552 symbolum
608 1517 690 1552 336
703 1518 829 1545 videlicet
841 1523 1024 1546 trecentorum
1039 1522 1067 1546 et
1080 1526 1127 1545 oc-

337 1563 454 1590 todecim
475 1566 632 1591 sanctorum
648 1565 758 1591 Patroni
773 1564 820 1598 qui
830 1564 894 1591 olim
908 1564 994 1591 sancti
1007 1563 1126 1598 Spiritus

1178 968 1232 994 τῶν
1247 967 1425 1002 ἐκφωνοῦμεν
1438 968 1549 1003 νόμους.
1571 968 1668 1002 Ἡμεῖς
1688 969 1717 996 δὲ
1732 969 1823 1004 πάσης
1835 969 1886 1004 τῆς
1902 970 1968 1006 περὶ

1177 1013 1212 1040 τὰ
1223 1013 1379 1048 ἀνθρώπινα
1393 1014 1544 1049 πράγματα
1555 1014 1674 1049 σπουδῆς
1690 1015 1907 1050 προτιμήσαντες
1917 1015 1968 1050 τὴν

1177 1061 1328 1093 εὐσέϐειαν,
1340 1061 1387 1086 καὶ
1401 1059 1446 1086 τὸν
1461 1060 1531 1096 ὑπὲρ
1543 1060 1591 1087 τοῦ
1604 1055 1672 1086 Θεοῦ
1687 1060 1734 1086 καὶ
1747 1060 1873 1096 Σωτῆρος

1184 1106 1271 1142 Ἰησοῦ
1293 1106 1411 1142 Χριστοῦ
1428 1106 1520 1141 ζῆλον,
1541 1106 1587 1133 τοῦ
1604 1114 1634 1132 τε
1654 1106 1845 1142 πεποιηκότος,
1861 1106 1910 1133 καὶ
1923 1106 1968 1133 δε-

1177 1152 1320 1185 δοξακότος
1333 1153 1416 1188 ἡμᾶς’
1439 1151 1480 1179 ἔτι
1505 1151 1535 1179 δὲ
1560 1151 1736 1183 πιστεύοντες
1756 1151 1803 1178 τὸν
1819 1151 1968 1187 σύνδεσμον

1177 1198 1231 1225 τῶν
1256 1198 1302 1226 τοῦ
1327 1197 1445 1233 Χριστοῦ
1469 1196 1603 1232 ποιμνίων
1621 1197 1758 1232 σωτηρίαν
1775 1192 1880 1224 ἑαυτῶν
1895 1195 1966 1224 εἶναι

1180 1242 1288 1270 καὶτοῦ
1308 1243 1429 1278 ὑπηκόου
1445 1242 1557 1274 παντὸς,
1581 1242 1706 1277 θεμέλιον
1734 1251 1764 1269 τε
1784 1242 1894 1279 ἀρραγῆ
1918 1242 1967 1269 καὶ

1178 1291 1327 1317 ἀσάλευτον
1347 1291 1436 1325 τεῖχος
1457 1289 1507 1324 τῆς
1522 1290 1662 1325 ἡμετέρας
1678 1289 1828 1325 βασιλείας,
1842 1289 1967 1316 ἐντεῦθεν

1177 1336 1291 1368 είκότως
1313 1335 1377 1370 θείῳ
1393 1335 1512 1367 διανοίας
1534 1334 1688 1370 κινούμενοι
1709 1334 1783 1370 ζήλῳ
1793 1353 1801 1365 .
1816 1334 1863 1362 καὶ
1876 1335 1967 1369 ἁπαρο

1177 1381 1228 1416 χὴν
1246 1381 1297 1416 τῆς
1310 1380 1448 1416 ἡμετέρας
1473 1380 1613 1415 βασιλείας
1642 1378 1682 1415 τῷ
1707 1379 1766 1415 Θεῷ
1787 1380 1834 1406 καὶ
1857 1379 1966 1415 Σωτῆρι

1177 1426 1256 1462 ἡμῶν
1274 1425 1362 1461 Ἰησοῦ
1375 1425 1486 1461 Χριστῷ
1499 1425 1549 1460 τὴν
1563 1425 1613 1460 τῆς
1625 1425 1706 1460 ἁγίας
1720 1424 1881 1459 Ἐκκλησίας
1897 1425 1966 1451 laut-

1178 1481 1220 1498 σιν
1249 1472 1498 1507 προσκομίζοντες,
1518 1470 1683 1506 θεσπίζομεν
1702 1470 1752 1506 τὴν
1776 1471 1898 1506 κρηπῖδα
1919 1471 1966 1498 καὶ

1178 1518 1325 1554 βεϐαίωσιν
1354 1518 1405 1553 τῆς
1430 1517 1604 1552 ἀνθρωπίνης
1630 1516 1764 1550 εὺζωτας,
1789 1517 1912 1543 τουτέστι
1935 1517 1966 1544 τὺ

1177 1564 1315 1599 Σύμϐολον
1332 1563 1387 1590 τῶν
1410 1562 1462 1599 τιη⁸
1475 1562 1560 1597 ἁγίων
1586 1562 1715 1598 Πατὲρων
1729 1561 1785 1589 τῶν
1809 1563 1838 1589 ἐν
1862 1562 1967 1599 Νικαίᾳ

345 1609 468 1636 nstinctu
478 1609 576 1636 Nicaea:
588 1610 745 1645 congregati
761 1614 834 1642 sunt,
851 1610 878 1637 in
891 1609 964 1644 quod
981 1617 1042 1637 cum
1060 1616 1121 1642 nos,
1137 1603 1159 1630 ο
1176 1619 1198 1636 πη

1110 1627 1121 1642 η,
1137 1603 1159 1630 C
1176 1609 1259 1637 πάλαι
1276 1610 1344 1645 μετὰ
1363 1609 1412 1636 τοῦ
1426 1609 1505 1643 ἁγίου
1522 1607 1680 1644 Πνεὺματος
1701 1607 1963 1644 ικκλησιασθιντων,

336 1660 393 1682 tum
408 1655 525 1690 majores
555 1655 642 1682 nostri
669 1656 824 1688 credentes,
857 1655 987 1690 baptizati
1015 1663 1120 1688 sumus,

335 1700 423 1727 solum
438 1700 465 1726 in
477 1699 584 1727 cunclis
597 1701 780 1728 sanctissimis
792 1701 840 1728 Dei
856 1701 1122 1729 Ecclesiisetortho—

334 1746 468 1773 doxorum
483 1745 648 1783 populorum
662 1747 844 1774 conventibus
869 1752 1017 1782 usurpetur
1039 1752 1122 1782 atque

334 1791 477 1824 obtineat;
493 1791 595 1826 quippe
609 1792 682 1826 quod
707 1800 793 1819 unum
822 1793 915 1828 regula
942 1792 972 1820 ﬁt
988 1797 1070 1820 recta:
1088 1798 1123 1819 ac

334 1837 450 1864 sincera:
459 1836 533 1869 ﬁdei,
549 1836 688 1864 suﬁiciens
709 1841 765 1864 tum
789 1837 822 1864 ad
837 1838 1006 1865 eversionem
1030 1838 1122 1872 cujus-

333 1881 402 1909 libet
420 1882 566 1914 bazreseos,
585 1886 642 1910 tum
657 1883 690 1909 ad
719 1883 867 1917 perfectam
894 1888 1051 1910 sanctarum
1073 1884 1121 1911 Dei

333 1928 522 1955 Ecclesiarum
533 1928 686 1955 unitionem
707 1937 713 1954 :
736 1929 772 1956 ita
784 1933 874 1956 tamen
895 1934 924 1956 ut
938 1937 1018 1957 suum
1036 1930 1121 1957 robur

333 1981 366 2001 ac
374 1974 497 2009 vigorem
510 1973 654 2002 obtineant
678 1974 761 2002 etiam
773 1983 815 2007 ea,
843 1983 904 2010 qua:
920 1976 948 2014 in
965 1976 1016 2003 hac
1047 1976 1120 2011 regia

334 2019 401 2046 urbe
416 2027 432 2046 a
450 2023 562 2047 centum
586 2023 615 2046 et
641 2019 839 2055 quinquaginta
865 2021 966 2048 sanctis
994 2021 1121 2048 Patribus

333 2070 408 2100 gesta
421 2070 485 2092 sunt
500 2065 534 2092 ad
563 2065 799 2094 conﬁrmationem
812 2066 935 2100 ejusdem
954 2066 1120 2094 sanctissimi

332 2108 465 2145 Symboli,
487 2109 618 2136 adversus
632 2116 680 2136 eos
705 2110 753 2144 qui
778 2110 807 2137 in
835 2110 967 2145 Spiritum
996 2116 1120 2138 sanctum

331 2154 581 2190 blasphemabant:
608 2163 640 2182 ea
667 2155 780 2190 insuper
805 2164 866 2191 qua:
882 2156 909 2184 in
938 2157 1119 2192 Ephesiorum

331 2201 477 2235 metropoli
519 2206 613 2228 contra
636 2201 751 2236 impium
774 2202 932 2229 Nestorium
956 2208 1016 2230 acta
1044 2207 1118 2235 sunt,

329 2251 358 2274 et
371 2252 468 2274 contra
479 2255 528 2274 eos
538 2247 586 2282 qui
615 2248 675 2283 ejus
689 2256 810 2275 errorem
833 2255 927 2283 postea
946 2254 1011 2276 sunt
1021 2249 1119 2277 secuti.

329 2292 368 2320 Ea
380 2300 446 2320 vero
455 2300 515 2327 qua:
527 2297 683 2320 sanctarum
698 2293 747 2320 Dei
759 2293 942 2321 Ecclcsiarum
955 2302 1119 2322 consensum

327 2345 362 2366 ac
376 2338 614 2373 tranquillitatem,
628 2343 657 2366 et
677 2339 764 2367 totius
778 2340 854 2367 orbis
879 2348 973 2375 pacem
994 2340 1120 2375 disrupe-

328 2388 415 2417 'unt.;
427 2388 532 2411 tomum
547 2384 652 2412 scilicet
666 2385 778 2418 Leonis,
800 2389 827 2413 ct
853 2390 950 2413 cuncta
965 2393 1024 2421 quae
1037 2385 1119 2413 Chal-

325 2429 433 2457 cedone
447 2430 476 2456 in
485 2429 646 2458 deﬁnitione
660 2431 722 2458 ﬁdei
732 2436 779 2458 aut
791 2432 962 2466 expositione
973 2433 1118 2468 Symbolu-

325 2483 401 2507 rum,
419 2475 538 2502 docendi
567 2475 611 2503 vel
647 2475 847 2511 interpretandi
875 2478 918 2505 vel
956 2478 1115 2513 disputandi

323 2527 422 2552 causa,
432 2519 466 2547 ad
480 2520 685 2548 innovationem
696 2528 780 2556 supra
795 2523 938 2550 memorati
955 2524 1024 2550 sacri
1039 2523 1117 2559 Sym-

328 2566 385 2594 boli
398 2571 587 2594 trecentorum
602 2571 630 2594 et
643 2567 797 2595 octodecim
821 2575 977 2596 sanctorum
1004 2570 1116 2597 Patrum

325 2612 401 2640 dicta
411 2617 522 2648 etgesta
533 2617 608 2645 sunt,
621 2613 666 2641 hic
676 2618 705 2641 et
720 2614 821 2649 ubique
830 2622 878 2650 per
889 2615 1011 2650 singulas
1021 2616 1117 2644 Eccle-

327 2657 383 2685 sias
395 2657 431 2685 ab
450 2658 588 2686 universis
603 2659 785 2687 sanctissimis
794 2659 938 2696 episcopis
959 2662 1116 2689 anathema.

326 2703 407 2730 tizari
419 2703 606 2737 decernimus,
629 2710 658 2733 et
682 2694 840 2742 ubicunque
867 2694 975 2742 reperta
1001 2708 1115 2742 iuerint,

323 2747 444 2776 ﬂammis
455 2749 575 2777 absumi.
596 2750 726 2778 Sicenim
741 2751 793 2787 piae
815 2759 848 2780 ac
864 2752 952 2781 beatae
976 2754 1117 2782 memorias

323 2791 508 2828 imper-atoma
521 2793 570 2829 qui
584 2799 648 2823 ante
663 2803 714 2824 nos
738 2796 843 2832 vixere,
854 2797 1051 2827 Constantinus
1061 2799 1115 2828 sci—

1176 1657 1216 1688 είς
1230 1656 1244 1683 ὅ
1258 1657 1340 1691 ἡμεῖς
1358 1664 1389 1682 τε
1403 1656 1450 1682 καὶ
1467 1655 1567 1687 πάντες
1583 1655 1608 1682 oi
1630 1655 1683 1689 πρὸ
1698 1654 1779 1690 ἡμῶν
1796 1654 1964 1682 πιστεύσαν-

1174 1711 1231 1734 τες,
1243 1701 1458 1736 ἐϐαπτίσθημεν,
1482 1701 1562 1736 μόνον
1578 1700 1779 1733 πολιτεύεσθαι,
1794 1701 1841 1727 καὶ
1852 1700 1966 1736 κρατεῖν

1176 1749 1204 1774 ὲν
1217 1748 1318 1779 πάσαις
1330 1749 1390 1778 ταῖς
1405 1747 1568 1781 ἁγιωτάταις
1582 1746 1630 1772 τοῦ
1646 1746 1714 1773 Θεοῦ
1728 1746 1902 1780 Ἐκκλησίαις
1917 1746 1966 1774 τὸν

1175 1793 1315 1828 ὸρθόδοξον
1325 1793 1400 1825 λαὸν,
1416 1793 1454 1824 ὼς
1471 1792 1551 1828 μόνον
1565 1791 1617 1827 τῆς
1633 1791 1774 1823 ἀπλανοῦς
1787 1791 1904 1824 πίστεως
1914 1800 1964 1818 κυ-

1177 1840 1243 1876 ρίως
1266 1841 1340 1876 ὅρον,
1357 1840 1405 1867 καὶ
1420 1838 1522 1874 ἀρκοῦν
1548 1839 1589 1870 είς
1614 1838 1755 1873 ἀναίρεσιν
1778 1838 1828 1872 μὲν
1848 1838 1964 1865 καθόλου

1176 1886 1265 1921 πάσης
1277 1886 1418 1922 αἱρέσεως,
1429 1885 1525 1912 ἕνωσιν
1537 1884 1565 1911 δὲ
1576 1884 1664 1920 ἄκραν
1672 1883 1726 1911 τῶν
1739 1883 1825 1918 ἁγίων
1835 1883 1881 1910 τοῦ
1893 1882 1962 1910 Θεοῦ

1181 1931 1359 1966 Ἐκκλησιῶψ
1376 1930 1492 1966 ἑχόντων
1504 1929 1604 1965 δηλαδὴ
1614 1929 1664 1965 τὴν
1683 1929 1787 1956 οἰκείαν
1804 1929 1890 1963 ἰσχὺν,
1915 1928 1962 1955 καὶ

1173 1978 1228 2004 τῶν
1245 1979 1284 2009 εἰς
1295 1977 1440 2013 βεϐαίωσιν
1451 1976 1534 2003 αὐτοῦ
1548 1976 1595 2002 τοῦ
1611 1975 1684 2002 θείου
1699 1975 1838 2010 Συμϐόλου
1854 1983 1962 2010 πεπρα·

1174 2024 1294 2059 γμένων,
1305 2023 1333 2050 ἐν
1347 2032 1378 2050 τε
1390 2025 1424 2059 τῇ
1441 2022 1620 2058 βασιλευούσῃ
1633 2022 1709 2049 πόλει
1721 2021 1807 2057 ταύτῃ
1820 2021 1889 2048 κατὰ
1907 2021 1962 2048 τῶν

1175 2068 1407 2104 βλασφημούντων
1419 2069 1459 2100 είς
1472 2068 1502 2094 τδ
1515 2067 1627 2102 Πνεῦμα
1637 2067 1668 2094 τὺ
1681 2067 1757 2102 ἁγιον
1771 2067 1846 2103 παρᾶ
1855 2067 1910 2094 τῶν
1923 2068 1962 2102 psi

1175 2114 1260 2149 ἀγὶων
1276 2114 1414 2149 Πατέρων”
1428 2115 1470 2140 ἔτι
1488 2113 1516 2141 δὲ
1534 2114 1582 2140 καὶ
1597 2113 1707 2140 πάντων
1723 2112 1778 2140 τῶν
1796 2113 1962 2148 πεπραγμέ-

1174 2169 1228 2186 νων
1244 2161 1272 2186 ὲν
1289 2161 1322 2196 τῇ
1340 2159 1474 2194 Ἐφεσίων
1492 2159 1656 2195 μητροπόλει
1668 2159 1740 2186 κατὰ
1753 2158 1799 2186 τοῦ
1814 2158 1960 2190 δυσσεϐοῦς

1174 2207 1334 2242 Νεστορίου,
1355 2207 1401 2232 καὶ
1418 2205 1473 2232 τῶν
1489 2206 1558 2241 μετὰ
1569 2205 1656 2232 ταῦτα
1679 2206 1714 2232 τὰ
1736 2205 1841 2232 ἑκείνου
1858 2213 1962 2241 φρονη-

1176 2253 1291 2280 σάντων.
1312 2251 1353 2278 Τὰ
1378 2251 1406 2278 δὲ
1432 2251 1553 2278 διελόντα
1576 2252 1626 2287 τὴν
1647 2251 1746 2278 ἕνωσιν
1769 2251 1815 2277 καὶ
1833 2251 1962 2283 εὑτσξῖαν

1173 2298 1226 2325 τῶν
1251 2297 1336 2331 ἁγίων
1358 2297 1406 2324 τοῦ
1429 2297 1496 2324 Θεοῦ
1522 2297 1690 2331 Ἐκκλησιῶν
1713 2296 1761 2323 καὶ
1778 2297 1888 2332 εἰρήνην
1913 2296 1960 2322 τοῦ

1174 2341 1278 2376 κόσμου
1297 2341 1407 2373 παντὸς,
1429 2341 1530 2377 δηλαδὴ
1548 2341 1594 2368 τὸν
1614 2341 1760 2376 λεγόμενον
1777 2341 1859 2376 τόμον
1879 2341 1962 2368 Λέον-

1171 2396 1228 2420 τος,
1245 2388 1293 2414 καὶ
1309 2388 1398 2415 πάντα
1420 2388 1455 2414 τὰ
1472 2388 1502 2415 ὲν
1526 2387 1678 2424 Καλχηδόνι
1701 2389 1730 2415 ὲν
1751 2387 1807 2423 ὅρῳ
1831 2387 1960 2420 πίστεως,

1171 2433 1277 2460 ἐκθέσει
1293 2433 1438 2469 Συμϐόλων
1451 2434 1491 2466 ⁷³,
1515 2433 1532 2470 ἢ
1554 2434 1713 2470 ἑρμηνείας,
1735 2434 1751 2470 ἢ
1774 2433 1959 2467 διδασκαλίας,

1170 2479 1187 2515 ἢ
1203 2479 1346 2512 διαλέξεως
1369 2479 1502 2516 ειρημένα
1521 2481 1568 2506 καὶ
1585 2479 1769 2515 πεπραγμένα
1782 2481 1822 2520 είς
1836 2487 1960 2506 καινοτο-

1170 2525 1236 2560 μίαν
1248 2525 1297 2561 τὴν
1318 2525 1389 2552 κατὰ
1409 2524 1457 2552 τοῦ
1478 2524 1711 2560 μνημοηυθιντος
1725 2525 1803 2559 ἁγίου
1819 2524 1960 2560 Συμϐόλου

1168 2570 1224 2597 τῶν
1247 2570 1300 2606 τιη¹
1317 2571 1404 2605 ἁγίων
1425 2571 1566 2607 Πατέρων,
1592 2571 1758 2607 θεσπίζομεν
1784 2570 1903 2598 ἐνταῦθα
1928 2578 1959 2597 τε

1168 2616 1217 2643 καὶ
1231 2617 1368 2652 πανταχοῦ
1393 2617 1455 2644 καθ’
1470 2618 1590 2653 ἑκάστην
1613 2617 1788 2652 Ἐκκλησίαν,
1807 2617 1884 2654 παρὰ
1903 2616 1959 2644 τῶν

1168 2663 1322 2698 ἁπανταχοῦ
1341 2664 1501 2698 ἁγιωτάτων
1519 2663 1676 2691 ἐπισκόπων
1699 2662 1957 2698 ἁναθεματίζεσθαι,

1169 2709 1214 2736 καὶ
1231 2710 1298 2744 πυρὶ
1318 2709 1514 2745 παραδίδοσθαι
1531 2710 1597 2746 παρ’
1617 2707 1659 2742 οἷς
1675 2709 1708 2737 ἂν
1725 2709 1898 2745 εὑρίσκηται,
1912 2709 1958 2736 διὰ

1168 2754 1199 2781 τδ
1229 2754 1300 2782 οὕτω
1331 2755 1521 2791 διατεταχέναι
1548 2756 1614 2791 περὶ
1639 2755 1751 2783 πάντων
1771 2756 1827 2783 τῶν
1851 2756 1957 2791 αἱρετι-

1169 2800 1224 2827 κῶν
1238 2801 1394 2837 δογμάτων,
1412 2802 1459 2830 καὶ
1482 2802 1547 2835 τοὺς
1568 2801 1620 2838 πρὸ
1633 2801 1713 2838 ἡμῶν
1733 2802 1763 2830 ιν
1786 2801 1895 2829 εὐσεϐεῖ
1908 2803 1956 2830 καὶ

979 2874 1096 2905 VARLE
1116 2876 1319 2907 LECTIONES.

362 2914 388 2931 ³⁸
403 2914 435 2944 C.
451 2915 482 2945 C.
505 2917 652 2953 συμϐόλου.
