2158 3247
355 216 421 249 2651

955 225 1112 256 EVAGRII
1133 227 1376 261 SCHOLASTICI

1901 237 1972 269 2652

353 275 447 311 Itaque
465 277 584 312 pictares
597 283 625 306 et
641 280 766 307 statuarii
785 288 892 308 comam
910 282 936 309 ei
957 291 972 310 a
987 283 1076 311 fronte
1093 283 1141 310 de-
1154 287 1178 316 Α
1191 285 1204 312 ε

1118 291 1141 310 e-
1154 285 1345 321 Αεμπροσθεν
1371 287 1500 320 καθέντες
1523 288 1617 324 αὐτῷ,
1642 289 1692 324 τὴν
1716 290 1839 327 κεφαλην
1860 291 1970 320 ὄπισθεν

353 322 475 356 mittunt,
494 328 522 351 et
547 325 707 360 occipitium
729 326 762 353 ad
788 332 879 354 cutem
903 335 991 363 usque
1014 329 1137 356 radunt:

353 368 504 402 prudenter
533 370 679 398 admodum
712 372 918 401 subindicantes
953 376 1138 408 occasionem,

352 415 474 447 quandiu
496 416 608 451 quidem
630 425 645 444 a
665 424 741 454 tergo
759 419 893 451 imminet.
921 428 999 448 coma
1019 422 1137 448 demissa

351 459 430 487 facile
456 462 625 496 apprehendi
652 472 732 498 posse
746 473 752 491 ε
768 465 878 499 quando
891 470 982 493 autem
995 466 1137 501 precedit,

351 506 461 539 penitus
476 507 606 542 cﬂ‘ugere,
626 510 726 536 nullam
741 519 834 538 ansam
849 519 903 546 qua
919 512 1053 547 capiatur,
1070 520 1140 546 pra:-

352 551 461 580 bentem
483 554 708 588 insequentibus.
724 555 800 589 Quod
816 558 927 592 quidem
948 564 1013 586 tunc
1038 558 1139 585 accidit

352 598 489 627 Marciano
506 610 512 628 :
529 601 575 636 qui
592 610 654 629 cum
672 603 845 631 occasionem
862 605 914 640 ipsi
931 605 1049 632 oblatam
1063 605 1136 633 elabi

351 646 470 678 sivisset,
489 647 614 674 eamdem
641 653 735 683 postea
766 658 928 685 recuperare
956 660 1011 679 non
1035 653 1135 687 potuit.

349 689 464 717 Postero
476 691 549 718 enim
564 691 608 718 dic
621 699 636 718 a
651 693 708 720 suis
719 694 856 728 proditus,
872 699 900 722 et
918 696 994 724 solus
1011 697 1135 731 relictus,

350 735 473 771 confugit
502 737 536 764 ad
565 737 708 766 Basilicam
740 744 899 768 sanctorum
934 743 1133 777 apostolorum.

349 783 427 811 Unde
449 793 499 820 per
521 786 576 812 vim
607 792 759 822 extractus,
785 789 936 817 Ctesarcam
957 791 1134 827 Cappadocia:

349 829 496 865 relegatur.
512 831 551 858 Ibi
567 840 628 860 cum
644 841 673 861 se
687 836 831 863 monachis
850 837 1013 872 quibusdam
1036 847 1134 874 aggre-

347 875 476 910 gavisset,
500 882 594 912 postea
612 879 701 914 fugam
726 882 852 909 meditari
872 883 1060 918 deprehensus
1080 891 1132 913 est.

347 919 433 952 Quam
448 921 484 948 ob
510 930 620 950 causam
644 924 678 951 ab
701 925 865 960 imperatore
891 928 1004 956 Tarsum
1030 930 1133 958 Cilicire

346 965 519 1000 deportatus,
533 968 648 996 detonsa
662 978 739 997 coma
754 973 896 1008 presbyter
916 979 958 1002 est
977 976 1130 1004 ordinatus.

345 1011 434 1046 Atque
452 1013 509 1040 haec
523 1015 635 1049 quidem
655 1017 690 1045 ab
706 1017 850 1047 Eustathio
869 1020 936 1056 Syro
955 1022 1056 1057 scripta
1067 1029 1132 1051 sunt

345 1058 494 1084 elezanter.

345 1063 494 1093 eleganter.

636 1119 712 1147 CAP.
734 1120 838 1148 XXVII.

507 1163 546 1190 De
572 1166 712 1199 tyrannide
731 1165 776 1192 llli
794 1174 825 1193 ac
843 1166 953 1195 Leontii.

379 1217 454 1245 Idem
469 1219 630 1247 Eustathius
645 1221 742 1248 scribit
763 1222 902 1251 Zenonem
916 1224 1074 1253 innumeras
1089 1225 1132 1252 in-

344 1264 429 1292 sidias
451 1265 585 1293 adversus
604 1266 731 1294 Verinam
755 1275 865 1296 socrum
889 1277 965 1297 suam
986 1272 1129 1304 struxisse,

344 1310 511 1346 tandemque
523 1319 584 1338 eam
603 1312 629 1338 in
644 1312 769 1340 Ciliciam
783 1315 928 1350 relegasse.
943 1316 1039 1344 Postea
1054 1324 1130 1350 Vero,

343 1365 405 1385 cum
421 1358 485 1386 lllus
501 1359 673 1394 tyrannidem
689 1366 868 1395 occupasset,
889 1362 988 1389 Verina
1009 1363 1036 1389 in
1053 1363 1132 1397 Papi-

343 1405 417 1431 rium
430 1409 549 1432 castrum
568 1406 706 1440 migravit,
721 1407 814 1441 ibique
831 1408 950 1435 excessit
961 1416 976 1435 e
991 1409 1057 1435 vita.
1077 1409 1130 1437 Res

343 1455 476 1486 praeterea
490 1451 530 1478 Illi
544 1451 578 1478 ab
593 1452 690 1479 eodem
710 1453 844 1488 seriptorc
863 1454 1065 1488 elegantissime
1082 1462 1130 1481 ex-

343 1501 484 1530 ponuntur
500 1505 506 1522 :
524 1497 775 1531 quedmadmodum
791 1506 853 1525 cum
867 1506 882 1525 a
899 1499 1008 1527 Zenone
1024 1499 1131 1527 insidiis

343 1543 483 1578 appetitus
497 1543 605 1575 fuisset.
621 1543 750 1579 effugerit
765 1553 771 1571 :
787 1549 871 1579 utque
882 1544 956 1572 Zeno
973 1553 1035 1572 eutn
1048 1553 1129 1580 quem

343 1588 377 1615 ad
398 1588 622 1616 interficiendum
647 1589 726 1616 lllum
752 1588 934 1621 submiserat.
955 1590 1004 1617 lllo
1027 1598 1130 1617 necan—

1190 329 1220 356 ὲν
1238 331 1296 366 χρῷ
1316 331 1449 368 ξυρῶσιν·
1475 331 1505 360 εὖ
1527 334 1599 369 μάλα
1619 335 1709 368 σοφῶς
1725 336 1915 372 αἰνιττόμενοι,
1931 339 1971 371 ὡς

1188 376 1353 410 ὀπισθόπους
1368 379 1418 414 μὲν
1433 380 1584 414 τυγχάνων,
1601 380 1640 415 τῷ
1655 381 1807 418 καθειμένῳ
1821 383 1870 419 τῆς
1883 384 1970 420 κόμης

1190 422 1254 455 ἴσως
1268 426 1409 460 κρατεῖται
1420 434 1427 441 ”
1445 427 1652 462 ἐμπροσθόπους
1665 427 1694 454 δὲ
1708 429 1862 464 γενόμενος,
1877 430 1969 457 τέλεον

1188 469 1348 504 διαφεύγει,
1374 472 1424 498 οὐκ
1448 472 1516 506 ἔχων
1541 473 1594 507 ὅτῳ
1609 473 1758 509 κρατηθείη
1779 474 1819 509 τῷ
1835 474 1968 503 διώκοντι.

1190 516 1279 551 ὀπερ
1295 517 1342 543 καὶ
1366 517 1414 544 ἐπὶ
1435 518 1587 555 Μαρκιανῷ
1609 521 1715 554 γέγονε,
1731 520 1777 546 τὸν
1796 520 1846 555 μὲν
1860 520 1970 548 εὔθετον

1187 562 1262 597 αὺτῷ
1278 563 1373 598 καιρὸν
1388 563 1568 597 ἀπολέσαντι,
1593 566 1714 600 ἐξευρεῖν
1727 565 1756 592 δὲ
1771 565 1866 592 τοῦτον
1877 565 1970 593 λοιπὸν

1185 609 1216 635 οὐ
1238 608 1388 644 δυνηθέντι.
1413 611 1478 637 ’Δνὰ
1493 610 1548 645 γὰρ
1567 610 1617 645 τὴν
1630 611 1694 647 ἑξῆς
1711 611 1779 646 πρὸς
1792 611 1846 638 τῶν
1860 612 1969 638 οἰκείων

1187 654 1416 691 καταπροδοθεὶς,
1446 656 1494 682 καὶ
1518 656 1598 690 μόνος
1617 656 1805 691 ἀποληφθεὶς,
1834 657 1969 691 πέφευγεν

1186 701 1237 729 ἀνὰ
1245 702 1275 728 τὸ
1285 701 1397 736 τέμενος
1403 701 1458 728 τῶν
1469 701 1620 729 Θεσπεσίων
1636 702 1814 729 ’Δττοστόλων⁶
1827 702 1930 729 ἐκεῖθέν
1938 711 1968 729 τε

1186 748 1256 784 πρὸς
1281 748 1342 782 βίας
1365 747 1565 782 άφελκυσθεὶς,
1588 749 1628 779 είς
1646 748 1814 783 Καισάρειαν
1828 748 1905 775 πόλιν
1920 748 1968 784 τῆς

1185 794 1380 821 Καππαδοκῶν
1392 794 1566 826 ὲξοικίζεται.
1582 793 1637 820 Καί
1649 803 1704 820 τισι
1720 795 1846 829 μοναχοῖς
1858 802 1969 828 συναγε-

1184 840 1349 875 λαζόμενος,
1376 840 1489 876 ὕστερον
1513 840 1641 875 ἐφωράθη
1668 840 1759 866 λαϐεῖν
1778 840 1893 866 ὲθέλων⁸
1919 839 1969 866 καὶ

1185 886 1255 921 πρὸς
1281 886 1328 913 τοῦ
1353 886 1484 921 βασιλέως
1515 886 1544 917 ὲς
1566 885 1673 920 Ταρσὸν
1696 887 1747 920 τῆς
1769 886 1894 917 Κιλικίας
1922 886 1969 912 εκ-

1185 933 1338 967 πεμφθεὶς,
1356 933 1403 959 καὶ
1420 932 1469 966 τὴν
1484 932 1572 967 κόμην
1588 931 1768 966 ἀποθέμενος,
1784 931 1968 966 πρεσϐύτερος

1184 979 1389 1013 χειροτονεῖται.
1417 977 1575 1012 Γέγραπται
1591 976 1677 1003 ταῦτα
1697 975 1810 1011 κομψῶς
1828 975 1968 1010 Εὑσταθίῳ

1181 1024 1220 1060 τῷ
1237 1024 1325 1060 Σύρῳ.

1474 1125 1599 1152 ΚΕΦΔΛ.
1617 1125 1681 1151 KZ’.

1235 1169 1305 1202 Περὶ
1321 1168 1374 1203 τῆς
1387 1169 1564 1203 τυραννίδος
1581 1168 1682 1196 Ἰλλοῦ
1696 1167 1745 1195 καί
1760 1167 1914 1195 Λεοντίου.

1224 1225 1254 1252 '0
1269 1225 1349 1256 αὐτὸς
1371 1225 1473 1260 γράφει
1493 1225 1538 1251 τὸν
1553 1226 1664 1259 Ζήνωνα
1680 1225 1728 1251 καὶ
1739 1224 1840 1260 Βερίνῃ
1855 1225 1886 1259 τῇ
1901 1232 1966 1250 πεν-

1181 1270 1250 1305 θερᾷ
1275 1270 1376 1306 μυρίας
1399 1270 1545 1302 ἐπιϐουλὰς
1563 1270 1648 1305 ῥάψαι
1659 1278 1667 1286 '
1694 1269 1765 1304 μετὰ
1777 1269 1904 1296 δὲταῦτα
1919 1269 1967 1295 καὶ

1181 1316 1250 1352 πρὸς
1276 1316 1326 1351 τὴν
1348 1315 1468 1343 Κιλίκων
1492 1315 1633 1350 ἐκπέμψαι
1654 1314 1757 1350 χώραν.
1784 1315 1916 1348 Ὕστερον
1938 1313 1967 1341 δὲ

1183 1363 1333 1398 μεταϐῆναι
1346 1361 1446 1396 ταύτην
1460 1361 1527 1396 πρὸς
1539 1362 1570 1387 τὸ
1584 1361 1718 1394 Παπιρίου
1729 1360 1874 1394 λεγόμενον
1886 1359 1968 1396 φρού-

1182 1418 1253 1445 ριον,
1276 1408 1355 1435 Ἰλλοῠ
1380 1408 1596 1442 τυραννήσαντος
1606 1428 1613 1439 ,
1636 1407 1728 1434 αὐτόθι
1744 1415 1773 1433 τε
1788 1407 1834 1433 τὸν
1849 1406 1906 1441 βίον
1919 1407 1966 1433 ὲκ-

1181 1455 1276 1481 λιπεῖν.
1302 1454 1357 1480 Καὶ
1377 1454 1411 1479 τά
1430 1452 1608 1479 κατὰῚλλοῦν
1622 1452 1650 1478 δὲ
1666 1451 1766 1486 γράφει
1784 1451 1856 1487 μάλα
1871 1450 1967 1484 λογίως

1182 1502 1196 1527 ὁ
1214 1500 1377 1531 Εὐστάθιος,
1391 1499 1466 1530 ὅπως
1482 1498 1550 1533 πρὸς
1565 1497 1613 1524 τοῦ
1626 1498 1748 1532 Ζήνωνος
1763 1495 1966 1526 ἐπιϐουλευθεὶς

1181 1547 1291 1580 διέφυγε
1302 1567 1309 1578 ,
1334 1546 1382 1572 καὶ
1404 1546 1479 1576 ὅπως
1501 1545 1514 1570 ὁ
1531 1546 1624 1578 Ζήνων
1639 1543 1686 1570 τὸν
1701 1542 1858 1577 ἀποσφάξαι
1872 1541 1966 1568 τοῦτον

1182 1591 1404 1626 προσταχθέντα,
1434 1591 1463 1622 ἐς
1487 1589 1600 1616 Θάνατον
1624 1589 1775 1620 ἐκδέδωκε,
1802 1587 1897 1623 μισθὸν
1917 1588 1967 1622 τῆς

343 1634 410 1662 dum
435 1634 595 1667 tradiderit;
625 1635 724 1669 capitis
753 1636 969 1669 amputationem
998 1628 1166 1663 merccdisc
1183 1638 1195 1662 ἁ

1119 1644 1131 1662 s
1145 1628 1166 1656 (ἶ
1183 1636 1333 1670 ἀποτυχίας
1345 1636 1394 1670 τὴν
1404 1635 1453 1668 τῆς
1463 1634 1585 1669 κεφαλῆς
1593 1635 1713 1669 ἐκτομὴν
1723 1634 1798 1669 αὐτῷ
1808 1633 1967 1668 παρασχών.

343 1679 405 1708 loco
424 1681 449 1708 ei
464 1680 629 1715 rependens,
646 1688 680 1708 eo
691 1680 763 1715 quod
776 1685 874 1707 conatu
887 1681 1042 1708 excidisset.
1055 1681 1132 1708 lllum

344 1734 453 1760 quoque
475 1726 636 1762 magistrum
656 1726 805 1754 Orientalis
820 1727 924 1754 ﬂllllliiﬂ
952 1728 1131 1760 renuntiavit,

343 1770 459 1797 studens
475 1775 505 1797 ut
519 1771 635 1798 occulta:
646 1774 741 1798 essent
755 1770 861 1798 insidia:
875 1779 942 1805 quas
953 1771 978 1798 oi
992 1779 1133 1806 compara-

343 1816 394 1843 vit.
408 1816 474 1844 lllus
508 1824 592 1848 vero,
613 1817 700 1844 ascito
733 1817 760 1844 in
777 1817 935 1844 societatem
954 1818 1080 1848 Leontio.
1105 1823 1133 1846 et

344 1861 433 1888 Marso
454 1861 515 1888 viro
539 1863 665 1897 egregio,
691 1870 723 1890 ac
753 1863 926 1897 Pamprepio,
951 1864 984 1890 ad
1013 1864 1133 1892 Orientis

344 1910 439 1942 partes
466 1907 597 1941 perrexit.
623 1907 716 1935 Refert
739 1908 839 1936 deinde
866 1908 939 1936 idem
960 1909 1131 1941 Eustathius,

343 1952 484 1987 quomodo
500 1952 634 1980 Leontius
647 1953 719 1987 apud
736 1953 850 1981 Tarsum
865 1954 969 1982 Cilicia:
984 1955 1133 1990 imperator

343 2003 519 2033 nuncupatus
534 2000 570 2027 sit
586 2008 592 2026 :
609 2004 637 2027 et
657 2008 739 2034 quem
765 2000 810 2028 isti
828 2001 982 2036 tyrannidis
1001 2009 1059 2028 sua
1073 2002 1133 2028 fru-

343 2050 419 2072 ctum
437 2047 620 2081 perceperint.
643 2046 710 2074 Cum
736 2046 925 2074 Theodericus
948 2048 990 2074 vir
1019 2048 1132 2074 natione

342 2091 460 2125 Gothus,
475 2097 503 2120 et
517 2093 563 2127 qui
581 2092 652 2128 apud
668 2093 807 2121 Romanos
820 2098 880 2121 erat
895 2094 1018 2124 illustris.
1035 2094 1132 2121 adver-

342 2144 390 2164 sus
402 2145 450 2166 eos
463 2139 563 2165 missus
578 2143 652 2166 esset
675 2147 737 2167 cum
755 2140 876 2167 exercitu
894 2140 1079 2167 Romanorum
1095 2140 1132 2167 si-

343 2184 400 2210 mul
416 2191 447 2211 ac
463 2184 658 2213 barbarorum.
673 2186 747 2213 Idem
768 2186 930 2213 Eustathius
950 2187 1066 2221 eleganti
1082 2187 1131 2214 ad-

343 2230 456 2257 modum
473 2232 543 2266 stylo
570 2231 673 2259 caedem
698 2239 795 2259 eorum
816 2231 960 2264 describit,
974 2239 1043 2267 quos
1057 2232 1131 2260 Zeno

342 2277 492 2305 crudeliter
507 2278 599 2305 necari
611 2278 701 2313 jussit,
719 2278 790 2306 hanc
801 2277 842 2305 eis
855 2277 1010 2305 mercedem
1030 2286 1130 2312 repen-

341 2321 411 2350 dens
425 2323 624 2350 benevolentia:
639 2331 694 2358 qua
707 2323 796 2359 ipsum
809 2323 944 2360 complexi
961 2323 1089 2351 fuerant:
1105 2327 1133 2350 et

1187 1681 1235 1706 ’ον
1251 1682 1298 1706 καὶ
1315 1680 1466 1714 στρατηγὸν
1481 1680 1495 1706 ό
1508 1680 1602 1714 Ζήνων
1616 1679 1671 1706 τῶν
1686 1678 1777 1713 Ἐῲων
1793 1677 1967 1705 ἀποδείκνυσι

1182 1726 1333 1760 δυνάμεων,
1348 1727 1378 1752 τὸ
1392 1726 1484 1752 λαθεῖν
1500 1725 1771 1760 πραγματευόμενος.
1790 1724 1819 1750 ’0
1831 1723 1870 1755 δὲ,
1886 1723 1968 1750 Λεόν-

1182 1782 1239 1799 τιον
1254 1771 1544 1807 προσεταιρισάμενος,
1561 1771 1672 1806 Μάρσον
1688 1779 1716 1797 τε
1733 1768 1779 1797 οὖν
1788 1770 1810 1786 ’⁵
1825 1769 1909 1805 ἄνδρα
1924 1768 1967 1795 δό-

1183 1827 1281 1853 κιμον⁷
1310 1817 1357 1844 καὶ
1382 1816 1562 1852 Παμπρέπιον
1581 1815 1631 1842 ἀνὰ
1648 1815 1682 1842 τὰ
1698 1817 1748 1850 τῆς
1767 1814 1852 1850 Ἐῴας
1871 1814 1966 1847 γέγονε

1185 1867 1265 1900 μέρη.
1295 1861 1362 1889 Εἶτα
1377 1862 1427 1898 τὴν
1440 1863 1566 1889 Λεοντίου
1585 1862 1736 1897 άνάρῤησιν
1751 1861 1802 1896 τὴν
1818 1861 1846 1891 ἐς
1861 1859 1967 1894 Ταρσὸν

1183 1912 1232 1944 τῆς
1248 1910 1374 1941 Κιλικίας
1389 1909 1539 1944 γενομένην
1549 1917 1556 1924 ο
1575 1909 1648 1939 ὅπως
1661 1916 1690 1934 τε
1706 1908 1753 1934 καὶ
1768 1904 1841 1934 οὗτοι
1855 1906 1904 1941 τῆς
1916 1914 1966 1932 τυ-

1184 1955 1304 1992 ραννίδος
1330 1955 1491 1985 ἀπώναντο,
1521 1954 1683 1989 Θευδερίχου
1712 1953 1780 1979 κατ’
1804 1951 1894 1979 αὐτῶν
1920 1953 1968 1980 Ex:

1183 2001 1374 2035 πεμφθέντος,
1402 2000 1497 2035 ἀνδρὸς
1515 1999 1615 2026 Γότϐου
1641 1999 1671 2026 τὸ
1688 1999 1767 2033 γένος
1789 1998 1967 2033 ὑπάρχοντος.

1183 2047 1258 2082 παρὰ
1275 2046 1421 2081 Ῥωμαίοις
1434 2054 1463 2072 τε
1478 2043 1512 2072 αὖ
1528 2046 1665 2080 ἐπισήμου
1676 2065 1683 2075 .
1700 2045 1770 2079 μετὰ
1782 2044 1926 2079 ἡμεδαπῆς
1937 2052 1969 2070 τε

1183 2093 1230 2119 καὶ
1246 2091 1398 2125 ἀλλοδαπῆς
1413 2090 1563 2124 δυνάμεως.
1572 2090 1739 2124 Ἀναγράφει
1751 2089 1780 2115 δὲ
1794 2089 1867 2123 μᾶλα
1879 2088 1968 2122 σοφῶς

1182 2140 1196 2166 ό
1206 2138 1287 2169 αὐτὸς
1298 2137 1456 2170 Εὐστάθιος,
1468 2136 1515 2163 καὶ
1524 2136 1588 2167 τοὺς
1599 2135 1722 2167 δειλαίως
1734 2135 1924 2172 ἀνῃρημένους
1931 2136 1968 2170 (υ)

1182 2185 1251 2221 πρὸς
1265 2185 1387 2220 Ζήνωνος
1404 2184 1465 2211 ἀντὶ
1477 2184 1526 2218 τῆς
1541 2184 1569 2215 ἐς
1582 2182 1663 2209 αὑτὸν
1678 2182 1784 2213 εὐνοίας
1795 2200 1803 2212 .
1820 2181 1867 2208 καὶ
1881 2181 1923 2208 ὃτι
1936 2189 1969 2214 γε

1182 2232 1196 2257 ὸ
1207 2230 1370 2265 Θευδέριχος
1380 2230 1429 2264 τῆς
1439 2229 1585 2263 ἐπιϐουλῆς
1594 2229 1717 2264 Ζήνωνος
1729 2227 1890 2262 σίσοόμενος
1898 2227 1967 2262 (37).

1182 2277 1229 2304 ἐπὶ
1255 2277 1305 2311 τὴν
1333 2275 1520 2311 πρεσϐυτέραν
1538 2274 1648 2310 Ῥώμην
1670 2274 1816 2309 ἀναχωρεῖ.
1844 2272 1922 2304 Τινὲς
1940 2273 1969 2299 δέ

1183 2331 1276 2357 φασιν,
1293 2323 1331 2354 ὼς
1343 2323 1392 2349 καὶ
1406 2322 1529 2357 ὑποθήκῃ
1540 2321 1664 2357 Ζήνωνος
1676 2319 1744 2356 (38)·
1761 2319 1810 2346 καὶ
1825 2318 1970 2354 Ὀδόακρον

988 2379 1109 2408 VARIE
1129 2379 1336 2408 LECTIONES.

381 2429 403 2445 ⁷³
420 2428 452 2456 C.
466 2427 498 2456 C.
515 2426 561 2456 αὖ.

928 2461 1062 2490 VALESII
1088 2461 1369 2491 ANNOTATIONES.

379 2512 435 2547 (57)
455 2509 513 2547 τῇς
537 2508 657 2547 ,ϐουλῆς
687 2510 875 2547 αίονθόμεηος.
890 2510 1002 2547 Rectius
1019 2510 1127 2547 initus.

342 2545 438 2577 codice
467 2545 626 2573 Florentino
650 2545 792 2578 scribitur,
804 2545 854 2580 τῆς
868 2545 1018 2581 ἐπιϐουλῆς
1038 2546 1129 2572 αίσθόι

346 2591 437 2652 μεῖἕέί
450 2615 500 2649 Ὠς
509 2615 557 2652 καί
570 2615 707 2652 ὐποθ-ήκῃ
724 2615 977 2652 Zrlruroglltijus
991 2616 1049 2652 loci
1064 2623 1130 2643 sen-

343 2650 404 2682 sum
421 2659 477 2680 non
491 2651 623 2678 viderunt
643 2650 813 2686 lnterpretes
828 2650 1027 2686 quibus'prava
1044 2651 1132 2678 inter-

1179 2510 1294 2549 punctio
1319 2509 1408 2549 fraudi
1438 2508 1499 2537 fuit.
1514 2509 1571 2549 Ego
1583 2517 1650 2549 vero
1673 2509 1763 2549 media
1789 2508 1968 2549 distinctione

1180 2544 1243 2581 post
1265 2545 1429 2581 hasciverba
1451 2544 1586 2581 apposita.
1602 2544 1691 2581 lucem
1709 2545 1775 2572 huic
1798 2545 1968 2581 locoattuli.

1181 2578 1307 2620 litenim
1321 2578 1533 2620 Evagriusrduas
1545 2578 1757 2620 causasalferri.
1769 2587 1830 2620 quas
1842 2580 1972 2608 Theodo-

1182 2616 1271 2642 ricum
1292 2614 1478 2650 impulissent,
1491 2619 1522 2641 ut
1542 2614 1577 2642 ad
1604 2614 1708 2642 Italiam
1732 2614 1965 2650 proficisceretur,

1182 2650 1274 2679 Prima
1287 2655 1340 2683 est,
1356 2650 1431 2686 quod
1451 2649 1526 2678 Zeno
1539 2650 1567 2677 ei
1591 2649 1780 2678 insidiaretur.
1797 2649 1853 2677 Alii
1874 2655 1966 2678 autem

1067 2705 1263 2735 VARIOIIUM.

381 2756 417 2791 (tt)
433 2754 506 2788 Τοὺς
521 2754 664 2791 dedatur:
684 2755 900 2791 ἀνῃρημένους.
918 2755 1093 2791 Marcellinus
1106 2756 1134 2782 in

343 2791 472 2820 Chronico
485 2790 537 2818 sub
552 2798 624 2818 coss.
638 2791 703 2818 anni
717 2790 780 2822 488,
799 2790 856 2817 haec
881 2790 964 2817 habet
981 2799 987 2817 :
1009 2791 1134 2818 Leontius

343 2827 446 2854 interea
458 2833 505 2853 rea:
518 2830 544 2852 et
560 2825 627 2852 Ilius
642 2829 773 2861 tyrannus
786 2825 850 2861 {(qui
865 2825 1038 2860 tyrannidem
1056 2825 1133 2853 abri-

344 2866 464 2897 puerant
475 2869 547 2888 anno
558 2861 621 2896 482)
644 2861 672 2897 in
686 2860 804 2896 Dapyrio
816 2860 931 2897 Isauriae
941 2860 1049 2888 castello
1062 2861 1134 2897 capti

345 2895 520 2932 decollutique
547 2900 618 2924 sunt.
645 2896 743 2932 Capita
762 2895 1132 2932 Δεοιίιηιλξὲοηιςιιιιγιιίηοροίῖιη

346 2931 444 2966 allata,
455 2930 567 2968 praeﬁxa
582 2930 719 2959 hastilibus
729 2930 844 2958 tabuere.
860 2931 958 2959 Eodem
969 2940 1040 2959 anno
1051 2930 1132 2959 Theo-

1187 2755 1290 2783 dericus
1313 2763 1360 2782 rea:
1376 2755 1494 2782 omnium
1515 2763 1625 2782 suorum
1637 2754 1806 2782 multitudine
1827 2754 1970 2782 Gothorum

1187 2791 1215 2817 in
1237 2790 1347 2818 Italiam
1374 2791 1467 2817 tendit.
1497 2790 1684 2818 Theodericus
1714 2790 1776 2822 hic,
1807 2790 1969 2825 cognomine

1186 2826 1310 2858 Amalus,
1324 2826 1427 2861 Italiam
1442 2826 1583 2861 ingressus
1594 2830 1636 2853 est
1648 2833 1722 2852 anno
1737 2825 1798 2861 489.
1813 2825 1916 2861 bellum
1929 2825 1968 2853 ibi

1185 2861 1270 2895 gessit
1285 2868 1347 2888 cum
1363 2859 1486 2888 Odoacré
1498 2861 1581 2888 Italiae
1597 2868 1658 2895 rege
1667 2868 1740 2888 anno
1755 2860 1804 2888 491
1818 2859 1969 2888 Odoacrem

1185 2895 1298 2928 occidit,
1314 2900 1344 2923 et
1358 2903 1472 2931 regnum
1488 2895 1573 2924 Italize
1591 2895 1643 2923 sibi
1671 2896 1789 2924 asseruit
1813 2903 1887 2924 anno
1905 2895 1967 2924 495.

1182 2932 1259 2968 juxta
1275 2931 1398 2959 rationes
1412 2931 1476 2959 Ant.
1491 2931 1554 2966 Pagi
1567 2931 1600 2959 ad
1616 2939 1664 2960 eos
1678 2939 1774 2959 annos.
