2158 3251
196 217 263 248 2C3?

658 213 850 244 lllSTORl/E
869 213 1166 244 ECCIESIASTICE
1185 211 1300 242 LIBER
1321 211 1377 241 ΙῐῘ.

1753 212 1824 244 2638

196 270 404 306 ἑκτεῦειμὲνων,
419 270 487 304 αὐτῇ
515 270 587 304 μάλα
600 270 730 303 γεννικῶς
745 271 900 305 ἀντείχοντο
913 292 919 304 ,
939 272 985 297 καὶ
1000 272 1022 301 Α
1036 279 1048 296 e

969 272 985 297 ιί
1000 272 1022 301 Α
1036 278 1143 302 eorum,
1155 274 1254 296 cuncta
1266 277 1327 304 quae
1339 269 1367 295 in
1380 268 1426 295 illo
1438 267 1557 295 concilio
1568 268 1691 302 c‘t'posita
1704 268 1821 296 fuerant.

197 316 265 351 πρὸς
280 315 410 350 οὐδεμίαν
427 314 578 340 ἐνεδίδοσαν
603 313 739 348 συλλαϐὴν
753 313 807 340 τῶν
821 313 984 350 ὁριοθέντων

196 362 261 397 παρ’
282 361 367 394 αὐτῆς
381 381 388 391 .
404 360 435 386 οὐ
452 360 505 394 μὴν
520 359 686 394 γράμματος
701 359 852 395 ἐναλλαγὴν
867 360 983 394 παρεδέ-

197 416 284 442 χοντο.
302 406 382 432 Ἀλλὰ
400 405 448 431 καὶ
464 405 533 439 μετὰ
547 404 648 439 πολλῆς
659 405 807 440 ἀπεπήδων
819 405 867 439 τῆς
879 405 986 440 παρρη-

197 455 268 484 σίας.
283 453 328 479 καὶ
341 452 480 478 κοινωνεῖν
504 451 643 483 παντελῶς
657 452 707 477 οὐκ
721 451 860 486 ἠνείχοντο
873 454 929 483 τοῖς
948 451 985 486 μὴ

195 500 350 535 δεχομένοις
367 499 433 534 παρ’
457 498 543 533 αὐτῆς
569 499 605 524 τὰ
620 498 793 533 ἐκτιθέμενα.
816 498 926 532 Ἕτεροι
944 498 984 529 δὲ,

195 547 226 573 οὐ
245 547 324 581 μόνον
339 545 390 572 οὐχ
402 544 525 580 ἐδέχοντο
540 545 589 580 τὴν
603 545 631 571 ὲν
645 544 796 579 Καλχηδόνι
809 544 927 575 σύνοδον,
938 544 986 571 καὶ

195 590 229 615 τζι
244 590 309 624 παρ’
320 589 403 622 αὐτῆς
417 588 571 623 ὁρισθέντα·
588 588 656 615 ἀλλὰ
671 590 717 615 καὶ
733 589 883 623 ἄναοέματι
905 598 985 623 περι-

197 634 292 659 έϐαλον
305 633 390 668 αὑτήν
412 642 440 659 τε
455 633 502 660 καὶ
515 634 560 660 τὸν
574 634 687 665 Λέοντος
701 634 793 669 τόμον.
814 634 905 661 Ἀλλοι
930 637 986 666 τοῖς

203 678 356 709 Ἐνωτικοῖς
369 678 494 712 Ζήνωνος
507 678 708 713 ἐνισχυρίζοντο
719 698 726 709 ,
754 678 800 704 καὶ
816 678 902 705 ταῦτα
919 679 985 714 πρὸς

197 724 330 758 ἀλλήλους
348 723 530 758 διερῤωγότες
546 725 580 758 τῇ
595 731 623 749 τε
640 724 688 758 μιᾷ
702 724 748 750 καὶ
770 724 830 755 ταῖς
844 723 890 750 δύο
903 723 986 758 φύσε-

197 776 248 795 σιν·
257 769 281 795 οι
289 769 350 804 μὲν,
357 770 389 804 τῇ
398 768 575 805 συνθήκῃμὸ)
582 769 636 795 τῶν
643 769 814 804 γραμμάτων
825 768 984 800 κλαπέντες*

196 815 222 840 οἱ
235 814 264 840 δὲ
279 834 286 846 ,
304 815 351 840 καὶ
374 814 443 849 πρὸς
460 814 491 840 τὸ
513 814 724 849 εἰρηνικώτερον
745 814 845 849 μᾶλλον
869 814 984 841 ἀποκλί-

197 868 290 892 ναντες
305 867 312 875 ⁸
324 859 362 891 ὡς
380 860 469 892 πάσας
483 860 532 892 τὰς
553 860 717 895 Ἐκκλησίας
738 862 767 892 ἐς
783 861 851 893 ἰδίας
868 862 986 896 ἀποκρι-

196 905 276 940 θῆναι
298 904 407 940 μοίρας,
432 905 479 931 καὶ
509 905 577 940 μηδὲ
607 907 747 933 κοινωνεῖν
773 906 898 940 ἀλλήλοις
922 907 985 938 τοὺς

196 950 421 986 προεδρεύοντας.
435 951 577 978 Ἐντεῦθεν
595 951 709 978 πλεῖστα
725 952 854 987 χρήματα
871 952 942 978 κατὰ
956 960 985 978 τε

195 997 245 1031 τὴν
264 995 361 1031 Ἐιξ›αν,
377 997 430 1023 ἀνά
450 1005 480 1023 τε
496 997 533 1024 τὰ
547 997 678 1033 Ἐσπέρια
699 998 769 1033 μέρη
785 998 832 1024 χαὶ
855 998 924 1024 κατὰ
937 998 986 1034 τὴν

194 1042 299 1077 Λιϐύην
315 1043 464 1077 ἐτύγχανον
485 1043 559 1076 ὖντα,
573 1043 636 1070 οὔτε
652 1044 706 1070 τῶν
725 1043 816 1080 Ἐῴων
827 1044 986 1071 ἐπισκόπων

197 1089 253 1117 τοῖς
276 1087 431 1123 Ἐσπερίοις
443 1088 460 1123 ἢ
472 1089 529 1120 τοῖς
543 1088 642 1115 Λίϐυσι
657 1089 856 1124 σπενόομένων,
874 1089 936 1116 οὔτε
951 1087 985 1116 αὖ

193 1134 298 1161 τούτων
309 1134 366 1166 τοῖς
382 1133 486 1169 Ἐῲοις.
501 1135 538 1160 Τὸ
549 1135 578 1161 δὲ
591 1127 685 1170 μεῖζον
700 1135 729 1166 ἐς
746 1135 862 1161 ἀτοπίαν
877 1135 985 1171 προῄει.

196 1180 264 1206 Οὐδὲ
293 1181 347 1217 γὰρ
375 1182 468 1215 σφίσιν
493 1182 585 1214 αὐτοῖς
609 1182 770 1210 ἐκοινώνουν
784 1184 810 1210 οἱ
831 1183 881 1218 τῆς
900 1183 986 1218 Ἕῴας

195 1226 334 1262 πρόεδροι,
356 1227 417 1253 οὐδὲ
437 1227 490 1263 μὴν
505 1228 530 1254 οἱ
548 1228 597 1262 τῆς
614 1228 750 1264 Εὐρώπης
765 1228 782 1264 ἢ
812 1229 863 1263 τῆς
879 1229 987 1265 Λιϐύης

195 1272 258 1301 τοὺς
275 1272 386 1308 θρόνους
401 1273 538 1306 διέποντες
548 1295 555 1307 ,
577 1275 643 1309 μήτι
657 1283 689 1309 γε
706 1275 738 1310 δὴ
755 1276 803 1302 χαὶ
818 1276 984 1312 ὑπερορίοις,

196 1316 285 1352 "Amp
300 1318 314 1344 6
331 1317 460 1352 βασιλεὺς
473 1319 651 1350 ’Δναστάσιος
671 1318 807 1353 θεώμενος
819 1340 828 1352 ,
841 1319 905 1351 τοὺς
917 1328 985 1346 νεω-

195 1362 355 1397 τερίζοντας
369 1363 423 1390 τῶν
435 1363 593 1390 ἐπισκόπων
608 1363 745 1397 ὲξωοεῖτο,
760 1364 840 1391 εἵπου
856 1364 987 1400 κατειλή-

196 1416 252 1442 φει,
266 1408 283 1443 ἢ
299 1408 375 1444 παρὰ
390 1409 420 1436 τὸ
431 1409 526 1441 εἰωθὸς
539 1411 596 1441 τοῖς
609 1410 703 1441 τόποις
722 1411 783 1437 τινὰ
805 1410 854 1445 τὴν
867 1411 896 1436 ὲν
912 1410 986 1438 Κιλ-

196 1453 288 1487 χηδόνι
302 1453 412 1480 σύνοδον
425 1454 605 1490 κηρύττοντα,
621 1455 638 1490 ἢ
651 1454 753 1490 ταύτην
769 1455 920 1490 ἀναθέματι
937 1464 988 1482 πε-

198 1499 346 1533 ριτιθέντα,
359 1500 528 1535 Ἐκσέσληκε
544 1501 592 1536 μὲν
614 1499 660 1528 οὗν
679 1502 710 1528 ὲκ
722 1502 770 1536 τῆς
787 1502 920 1536 βασιλίδος
932 1502 986 1529 τῶν

196 1545 310 1577 πόλεων,
322 1545 431 1582 πρῶτον
445 1547 493 1582 μὲν
505 1547 646 1582 Εὑφήμιον
656 1547 703 1582 (b),
717 1547 755 1578 ὡς
767 1547 985 1582 προγέγραπται,

197 1586 256 1615 εἶτα
267 1590 448 1623 Μακεδόνων,
473 1592 533 1627 μεθ’
549 1591 579 1618 ὃν
601 1591 733 1627 Τιμόθεος
749 1592 871 1626 ἐγεγόνει
883 1601 889 1606 ·
912 1594 943 1619 ἐκ
959 1593 986 1619 δὲ

195 1634 246 1669 τῆς
258 1634 397 1671 Ἀντιόχου
410 1637 571 1664 Φλαῆιανὸν.

1036 315 1257 350 pertinacissime
1281 314 1478 345 defendebant,
1496 321 1546 341 nec
1579 314 1606 340 in
1627 315 1686 349 ejus
1705 313 1826 341 decretis

1036 361 1078 388 vel
1096 369 1177 388 unam
1190 360 1320 396 syllabam
1336 360 1489 392 remittere,
1509 367 1541 387 ac
1561 368 1596 387 ne
1612 360 1694 387 unius
1712 361 1824 395 quidem

1036 407 1135 433 litterm
1165 405 1345 432 mutationem
1373 405 1520 432 admittere
1554 405 1728 431 sustinebant
1752 405 1824 432 :sed

1036 460 1133 487 magna
1155 459 1217 479 cum
1241 451 1341 479 llducia
1359 451 1526 478 recedebant
1541 451 1576 478 ab
1598 451 1632 477 iis
1651 451 1697 486 qui
1715 451 1825 478 decreta

1037 497 1111 525 illius
1135 497 1247 525 concilii
1271 497 1385 524 minime
1404 496 1590 531 susciperent,
1608 504 1659 523 nec
1677 496 1732 524 illis
1749 504 1826 524 com—

1036 544 1180 571 municare
1199 543 1255 570 ullo
1277 543 1357 570 modo
1374 542 1558 570 sustinebant.
1577 542 1630 569 Alii
1647 550 1723 575 vero,
1745 542 1827 570 Chal~

1036 589 1220 617 cedonenscm
1238 588 1372 624 synodum
1393 589 1509 623 ejusque
1529 588 1640 614 decreta
1664 596 1719 615 non
1744 587 1842 615 modo‘

1037 644 1091 663 non
1116 635 1320 670 suscipiebant;
1355 642 1452 661 verum
1486 634 1568 661 etiam
1592 634 1665 660 illam
1687 641 1740 660 una
1763 641 1827 660 cum

1036 682 1137 709 Leonis
1158 681 1274 716 epistola
1297 681 1349 708 sub
1367 680 1543 708 anathemate
1569 680 1747 707 damnabunt.
1773 679 1827 706 Alii

1037 727 1156 755 Zenonis
1173 727 1306 754 llenotico
1321 726 1462 753 mordicus
1474 725 1648 753 inhaerebant
1664 734 1670 752 :
1688 725 1771 760 idque
1785 730 1827 752 ta-

1038 774 1118 801 metsi
1134 774 1206 800 inter
1223 781 1252 801 se
1272 773 1441 801 dissidercnt
1459 772 1493 800 de
1510 780 1563 799 una
1586 776 1634 799 aut
1659 771 1694 799 de
1720 772 1828 799 duabus

1038 818 1145 845 naturis
1159 827 1165 844 ἶ
1179 817 1208 845 hi
1223 817 1334 853 quidem
1357 816 1560 851 compositione
1579 815 1765 851 imperialium
1782 815 1828 842 lit-

1039 869 1158 892 terarum
1172 863 1280 899 decepti
1298 873 1305 890 :
1324 864 1364 891 illi
1381 871 1448 891 vero
1460 862 1520 898 paci
1532 867 1561 890 et
1573 861 1730 890 concordia:
1741 861 1828 897 magis

1039 909 1191 937 studentes.
1205 910 1282 937 Adeo
1299 914 1329 937 ut
1343 910 1428 937 totius
1446 909 1523 936 orbis
1543 908 1673 936 Ecclesia:
1690 907 1717 934 in
1736 907 1828 934 varias

1002 943 1022 970 Β
1037 956 1172 983 [auctiones
1183 955 1279 983 divisae
1299 960 1403 988 essent,
1421 963 1453 983 ac
1480 962 1516 982 ne
1543 954 1684 981 antistites
1714 953 1826 988 quidem

1036 1001 1089 1028 sibi
1103 1006 1200 1028 mutuo
1216 1002 1464 1034 communicarent.
1478 1001 1548 1028 Hinc
1564 1000 1651 1027 multa
1668 999 1782 1026 dissidia
1798 999 1826 1026 in
1862 1035 1864 1037 _

1037 1047 1156 1075 Orientis
1168 1052 1196 1074 et
1212 1047 1240 1074 in
1257 1046 1417 1074 Occidentis
1433 1046 1570 1081 partibus,
1586 1051 1615 1073 et
1630 1053 1679 1080 per
1704 1044 1826 1072 Africam

1035 1093 1213 1126 exstiterunt,
1229 1101 1293 1120 cum
1312 1101 1363 1120 nec
1375 1092 1532 1120 Orientales
1550 1092 1675 1127 episcopi
1691 1091 1827 1119 Occiden-

1036 1139 1138 1166 talibus
1159 1144 1187 1167 et
1207 1139 1281 1167 Afris
1300 1140 1485 1173 sociarentur,
1502 1147 1555 1166 nec
1576 1139 1621 1166 isti
1638 1139 1759 1166 vicissim
1777 1146 1826 1166 co-

1037 1184 1110 1212 irent
1120 1193 1183 1212 cum
1200 1185 1400 1212 Orientalibus.
1414 1185 1486 1218 Quin
1496 1185 1581 1213 etiam
1590 1185 1624 1212 ad
1639 1185 1770 1220 maiorem
1779 1185 1828 1212 ab-

1036 1229 1198 1257 surditatem
1215 1238 1259 1258 res
1275 1238 1420 1266 progressa
1437 1235 1489 1258 est.
1506 1231 1575 1259 Nam
1595 1238 1648 1258 nec
1673 1231 1828 1258 Orientales

1036 1276 1176 1303 antistites
1196 1276 1270 1303 inter
1289 1284 1319 1304 se
1340 1276 1390 1311 ipsi
1404 1276 1647 1304 communicabant
1659 1285 1666 1304 :
1678 1284 1731 1304 nec
1745 1276 1826 1304 Occi~

1036 1322 1162 1349 dentales
1179 1321 1245 1350 item
1258 1331 1311 1350 nec
1324 1323 1381 1350 Afri
1397 1323 1470 1350 inter
1483 1323 1648 1358 semetipsos
1656 1323 1828 1350 communio-

1037 1375 1100 1395 nem
1112 1367 1251 1401 lovebant,
1274 1368 1375 1396 nedum
1387 1377 1448 1396 cum
1459 1369 1612 1404 peregrinis
1633 1373 1660 1397 et
1676 1369 1826 1396 extraneis.

1036 1413 1102 1446 Quae
1113 1422 1175 1442 cum
1197 1414 1348 1450 imperator
1369 1416 1532 1442 Anastasius
1547 1415 1665 1448 videret,
1682 1415 1828 1450 episcopos

1036 1460 1083 1494 qui
1109 1460 1214 1495 aliquid
1241 1461 1418 1494 innm'arent,
1443 1461 1575 1489 Ecclesiis
1603 1460 1780 1492 exturbabat,
1805 1460 1828 1487 si

1037 1512 1120 1539 quem
1129 1504 1199 1532 forte
1211 1505 1444 1540 deprehendisset
1457 1511 1505 1532 aut
1516 1505 1665 1533 concilium
1677 1504 1830 1532 Chalcedo-

1037 1558 1123 1578 ncnse
1138 1551 1332 1586 praedicantem
1355 1556 1451 1578 contra
1469 1551 1592 1578 inolitam
1615 1551 1739 1578 locorum
1763 1557 1830 1577 con-

1038 1596 1226 1629 suetudinem,
1239 1601 1287 1624 aut
1299 1597 1370 1624 idem
1383 1597 1434 1625 sub
1451 1598 1627 1624 anathemate
1640 1597 1827 1624 damnantem.

999 1626 1021 1656 (δ
1039 1640 1073 1668 Ει
1089 1649 1123 1668 ex
1139 1626 1338 1677 regia'quidem
1358 1642 1436 1675 urbe,
1455 1642 1494 1668 uti
1509 1649 1592 1676 supra
1610 1640 1751 1670 diximus:
1770 1639 1829 1674 pri-

197 1687 272 1708 mum
303 1682 387 1716 eiecit
420 1683 615 1719 Euphemium,
631 1683 733 1712 deinde
753 1683 954 1717 Macedonium,
987 1686 1031 1713 cui
1051 1688 1184 1715 successit
1205 1688 1384 1721 Timotheus;
1406 1688 1552 1715 Antiochia
1574 1695 1640 1715 vero
1666 1686 1829 1714 Flavianum

197 1728 313 1763 expulit.

484 1787 608 1814 ΚΕΦΑΛ.
637 1787 702 1815 ΛΔ’.
718 1808 726 1817 .

199 1832 359 1864 Ἐπιστολὴ
379 1830 439 1857 τῶν
452 1831 595 1866 μοναχῶν
610 1831 820 1858 Παλιιιστινῶν
838 1831 913 1866 πρὸς
924 1832 988 1859 Ἀλ-

270 1868 385 1894 κΙσωνα
403 1867 469 1900 περὶ
481 1868 607 1893 Ξεναίου
627 1867 676 1894 καὶ
693 1867 803 1901 ἐτέρων
816 1867 916 1894 τινῶν.

234 1923 302 1959 Περὶ
317 1922 408 1950 τοίνυν
422 1923 589 1950 Μακεδονιου
612 1923 659 1950 καὶ
671 1923 821 1950 Φλασιανοῦ
831 1924 945 1959 γράφων
959 1924 991 1950 τὸ

199 1971 228 1996 ἐν
244 1970 411 2006 Παλαιστίνῃ
421 1969 562 2004 μοναδικδν
576 1969 645 2004 πρὸς
660 1969 811 1996 Ἀλκίσωνα
825 1970 881 2004 (44)
894 1970 939 1996 ἐπὶ
946 1970 992 1996 λέ-

199 2017 267 2048 ξεως
277 2015 351 2050 λέγει
360 2015 456 2042 ταῦτα·
469 2015 573 2050 Πέτρου
584 2015 612 2041 δὲ
623 2016 824 2051 κεκοιμημένου
835 2015 991 2051 (45),πάλιν

1337 1789 1414 1817 CAP.
1436 1789 1530 1816 XXXI.

1040 1834 1162 1870 Epistula
1181 1836 1368 1862 monachorum
1390 1834 1542 1862 Palmxtinw
1564 1834 1599 1860 ad
1622 1833 1780 1866 Alcisonem,
1798 1834 1832 1861 de

1211 1870 1313 1897 Xenaia
1327 1875 1352 1896 et
1371 1871 1402 1896 de
1419 1870 1479 1896 aliis
1494 1870 1662 1904 quibusdam.

1076 1924 1115 1951 De
1131 1924 1292 1952 Macedonio
1311 1924 1422 1959 quidem
1439 1929 1467 1951 et
1488 1923 1617 1951 Flaviano
1635 1923 1761 1951 monachi
1781 1925 1832 1952 Pa-

1043 1970 1155 1997 las-stimo
1171 1970 1198 1997 in
1220 1970 1322 1998 litteris
1335 1970 1368 1998 ad
1385 1971 1543 1998 Alcisonem
1556 1970 1628 1998 datis
1646 1971 1682 1998 ita
1693 1971 1831 1999 scribunt.

1043 2015 1151 2044 Mortuo
1173 2020 1266 2044 autem
1290 2017 1383 2049 Petro,
1398 2016 1479 2052 362
1497 2016 1569 2044 inter
1588 2024 1618 2044 se
1639 2017 1713 2052 ipsos
1730 2018 1830 2045 iterum

793 2081 836 2108 VA
842 2081 930 2109 LESII
956 2081 1236 2111 ANNOTATIONES.

235 2140 290 2174 (4'5)
309 2138 347 2173 Τῇ
360 2138 499 2172 συνθήκῃ
510 2139 570 2165 τῶν
579 2139 763 2173 γραμμάτων.
776 2138 895 2174 Joannes
910 2138 980 2165 Lau-

199 2183 250 2211 gus
272 2175 378 2202 litteras
403 2173 769 2211 Zenonisitnperalorishde
796 2173 982 2211 Ecclesiarum

199 2209 366 2237 adiuratione
393 2210 501 2236 videtur
527 2210 691 2244 intelligere.
708 2209 753 2235 Sic
779 2209 853 2235 enim
874 2209 980 2235 vertit:

200 2247 224 2273 li
239 2245 343 2279 quidem
369 2244 462 2271 litteris
489 2245 612 2271 insidiose
638 2245 787 2278 compositis
801 2252 850 2279 per
865 2244 984 2278 fraudem

200 2252 224 2273 ιι
239 2252 343 2279 quinam
369 2252 462 2271 luterts
489 2252 612 2271 msumose
638 2252 850 2305 componnséier
865 2252 984 2278 trauaem

200 2280 522 2320 decepﬁ.9uﬂu_§?n5l_ltn
531 2283 642 2320 secutus
650 2284 690 2305 est
701 2279 782 2320 etiam
816 2279 987 2320 hristophor-

200 2314 293 2342 sonus.
310 2316 391 2342 Certe
406 2315 451 2341 hic
483 2314 590 2349 Evagrii
615 2315 692 2340 locus
713 2314 793 2341 aliter
805 2314 906 2348 exponi
929 2321 985 2340 non

202 2356 301 2384 potest.
319 2351 390 2377 Duas
405 2350 478 2376 enim
493 2348 591 2377 causas
602 2349 692 2379 all'ert.
705 2357 754 2376 cur
764 2348 989 2383 nonnulli‘edicto

202 2385 321 2412 Zenonis
348 2385 569 2419 acquiescerent.
599 2384 737 2417 Quosdam
754 2384 836 2418 igitur
849 2384 886 2410 ait
905 2384 989 2410 fuisse

202 2421 332 2455 deceptos
352 2420 452 2446 blanda
467 2420 528 2451 illa,
545 2424 573 2446 et
601 2420 634 2445 ad
660 2419 882 2455 persuadendum
911 2426 989 2446 com-

203 2453 289 2490 posita
315 2455 448 2489 principis
473 2454 610 2481 oratione.
628 2455 705 2481 Alios
729 2462 794 2481 vero
804 2453 898 2490 studio
915 2455 989 2490 pacis

202 2495 230 2516 et
244 2491 345 2525 quietis
361 2489 548 2518 Ecclesiarum
564 2490 683 2521 illectos,
694 2489 758 2516 huic
768 2489 863 2516 edicto
875 2489 990 2524 acquie-

204 2533 285 2553 V1536.

238 2560 295 2595 ut)
310 2559 387 2594 Πρὸς
416 2560 594 2588 Ἀλκίσωνα.
625 2560 675 2587 llic
703 2559 813 2587 Alcison
838 2559 990 2595 episcopus

202 2600 261 2635 erat
290 2595 430 2635 Nicopolis
453 2603 515 2635 qua:
536 2595 693 2629 metropolis
706 2594 860 2635 estnveteris
883 2594 960 2635 Epiri
980 2604 987 2622 :

204 2630 275 2657 inter
290 2629 443 2665 pracipuos
457 2631 616 2666 defensores
632 2629 729 2666 synodi
741 2629 986 2666 Chalcedonensis.

205 2666 327 2693 Mortuus
347 2670 389 2693 est
407 2673 480 2693 anno
496 2665 674 2698 Christisw,
692 2665 773 2692 Petro
789 2665 848 2692 solo
863 2666 988 2693 consule.

1035 2138 1100 2173 Ejus
1112 2139 1237 2166 meminit
1245 2139 1420 2175 Marcellinus
1429 2139 1456 2167 in
1465 2139 1654 2175 Chronico,qui
1666 2148 1729 2168 enim
1741 2141 1830 2169 Alcis-

1035 2181 1096 2200 sum
1114 2178 1203 2201 vocat.
1221 2174 1288 2202 Vide
1303 2174 1450 2202 Baronium
1466 2175 1500 2202 ad
1517 2183 1620 2202 annum
1648 2175 1749 2203 Christi
1765 2177 1828 2204 5H3.

1073 2209 1130 2244 (45)
1149 2209 1260 2243 Πέτρου
1277 2209 1311 2236 δὲ
1323 2210 1551 2244 κεκοιμημένον.
1567 2210 1634 2238 Cum
1653 2211 1708 2238 duo
1727 2213 1830 2240 tuerint

1037 2243 1110 2280 Petri
1131 2251 1186 2271 uno
1211 2244 1364 2279 eodemque
1388 2243 1522 2280 tempore,
1540 2246 1610 2273 alter
1627 2246 1831 2274 Alexandrinus

1038 2279 1194 2314 episcopus,
1204 2279 1273 2306 alter
1281 2279 1480 2313 Antiochenus,
1493 2280 1628 2308 incertum
1638 2285 1680 2308 est
1695 2286 1756 2308 utcr
1771 2282 1831 2309 illo-

1039 2322 1100 2341 rum
1125 2315 1172 2341 hic
1198 2315 1376 2349 intelligatur.
1405 2316 1580 2343 Probabilius
1603 2321 1693 2343 tamen
1720 2317 1830 2344 videtur

1042 2350 1256 2386 Alexandrinum
1271 2351 1381 2377 Petrum
1399 2350 1445 2378 hic
1460 2351 1616 2386 designari;
1634 2359 1668 2379 eo
1679 2352 1753 2386 quod
1771 2360 1830 2379 mo-

1040 2384 1121 2420 nachi
1141 2385 1290 2412 Palaestina:
1307 2386 1399 2413 statlm
1415 2384 1565 2420 loquuntur
1594 2387 1627 2413 de
1650 2384 1827 2419 Alexandria,

1039 2424 1068 2457 et
1081 2419 1114 2446 de
1127 2420 1252 2457 Egypto»
1264 2428 1297 2448 ac
1317 2419 1531 2457 Liliya.70’bstat
1548 2426 1637 2448 tamen
1654 2422 1725 2456 quod
1744 2423 1830 2457 subji-

1041 2455 1114 2491 citur
1137 2455 1184 2482 ab'
1202 2455 1300 2483 iisdem
1321 2455 1486 2488 monachis;
1503 2461 1565 2491 post
1583 2461 1699 2484 mortem
1723 2455 1831 2485 scilicet

1041 2490 1113 2526 Pctri
1127 2490 1274 2526 [Egyptum
1288 2491 1436 2526 separatim
1449 2490 1678 2524 communicasse,
1691 2496 1719 2519 et
1731 2492 1829 2520 Orien-

1041 2525 1110 2553 tales
1118 2526 1152 2553 ab
1166 2525 1265 2553 eorum
1282 2526 1477 2553 communione
1497 2527 1650 2561 disjunctos
1667 2527 1762 2556 fuisse.
1777 2527 1828 2555 ινα-

1044 2566 1086 2588 tro
1115 2561 1189 2598 enim
1214 2561 1400 2598 Alexandrino
1425 2562 1558 2598 successit
1587 2562 1763 2595 Athanasius,
1781 2563 1829 2598 qui

1043 2595 1189 2631 synodieas
1213 2597 1324 2631 scripsit
1338 2597 1371 2623 ad
1387 2597 1538 2624 Palladium
1553 2598 1713 2632 episcopum
1731 2595 1829 2625 Antio-

1043 2631 1243 2668 chi:e.ejnsque
1257 2632 1444 2668 communioni
1454 2631 1575 2668 sociatus
1586 2631 1688 2664 luit.’ut
1701 2634 1830 2668 superius

1042 2666 1185 2694 observavi
1211 2674 1245 2694 ex
1271 2667 1387 2702 Evagrio
1411 2671 1439 2694 et
1462 2667 1622 2695 Liberato‘.
1640 2666 1746 2695 Rursus
1761 2677 1825 2696 vero

932 2733 1125 2762 VAIllORUM.

239 2783 275 2818 (ὁ)
302 2781 483 2818 Ἐκεέὄλγηκε
508 2781 675 2818 Εὐφήμιον.
696 2781 881 2816 Euphemium
897 2781 984 2816 episc.

201 2815 279 2844 CCI".
295 2817 380 2850 _l'also
406 2817 440 2844 ab
465 2815 618 2852 Anastasio
631 2817 697 2851 itnp.
717 2815 878 2844 accusatum
903 2815 986 2852 atque

202 2853 372 2883 damnatum.
389 2852 416 2879 in
447 2852 573 2880 exsilium
604 2851 717 2879 ductum
743 2860 813 2884 esse,
831 2857 858 2878 et
881 2852 906 2879 in
927 2851 988 2887 ejus

203 2889 292 2914 locum
317 2887 506 2914 Macedonium
531 2887 710 2922 subrogatum
731 2894 804 2914 anno
833 2887 899 2914 Chr.
924 2888 987 2920 496.

201 2923 300 2950 scribit
313 2923 410 2959 I'agius
421 2923 454 2950 ad
469 2930 535 2950 ann.
556 2922 618 2955 ωδ,
633 2931 660 2951 n.
676 2923 702 2950 5.
717 2922 776 2958 Ipse
790 2927 881 2950 autem
897 2923 987 2952 Macc-

1039 2782 1140 2810 donius
1157 2783 1192 2810 ab
1214 2783 1313 2811 eodem
1334 2783 1399 2819 imp.
1418 2791 1515 2818 pu.sus
1528 2787 1571 2811 est
1591 2792 1664 2811 anno
1684 2783 1746 2811 5H.
1764 2784 1825 2812 Vid.

1041 2818 1111 2846 inira
1127 2827 1188 2853 cap.
1203 2819 1236 2846 ιι
1249 2820 1329 2852 hujus
1342 2819 1390 2846 lib.

1166 2854 1248 2881 Petro
1262 2854 1357 2890 Moggo
1378 2854 1508 2890 episcopo
1527 2855 1713 2882 Alexandrino
1737 2856 1829 2882 omni-

1043 2897 1080 2917 no
1091 2889 1288 2925 intelligendus
1306 2889 1394 2918 luens.
1417 2889 1543 2918 Schisma
1561 2891 1635 2919 enim
1657 2891 1692 2919 de
1713 2899 1768 2926 quo
1784 2891 1828 2918 hic
