2158 3249
352 214 399 247 Ε’τέ

953 214 1109 245 EVAGRII
1130 213 1374 245 SCHOLASTICI

1906 214 1980 248 2720

351 278 418 302 tres.
432 270 605 298 Justinianus
627 269 731 297 sororis
756 270 816 305 ejus
841 269 924 301 filius.
946 277 1000 296 una
1015 277 1078 297 cum
1093 270 1141 297 illo
1156 274 1178 301 Α
1193 269 1200 279 ⁸

1128 276 1141 296 o
1156 274 1178 301 Α
1193 269 1383 300 Ἰουστινιανὸς
1403 269 1562 303 ἀδελφιδοῦς
1575 269 1660 296 αὐτοῦ
1677 269 1882 305 συμϐασιλεύει,
1896 272 1980 308 ἀναῤ-

350 317 514 352 imperavit;
529 316 670 350 Augustus
684 320 861 350 nuncupatus
875 315 920 342 die
936 315 1023 350 primo
1038 315 1141 343 mensis

349 362 492 394 Xantbiei.
509 361 536 388 id
557 366 600 389 est
622 361 753 388 Kalendis
766 361 880 396 Aprilis,
896 369 969 389 anno
984 361 1062 389 urbis
1083 361 1140 388 An-

351 409 461 436 tiochize
484 407 707 442 quingentesimo
727 408 930 442 septuagesimo
947 408 1054 443 quinto.
1073 407 1141 440 Qui-

350 454 404 482 bus
428 454 465 482 ita
487 454 607 489 peractis
628 453 754 482 Justinus
776 462 810 482 ex
829 454 910 489 392
934 455 987 482 hoc
1008 462 1091 490 regno
1107 454 1141 482 ad

350 497 464 524 caeleste
478 497 626 532 imperium
642 497 782 532 migravit,
797 498 873 525 fatali
887 503 974 526 morte
994 498 1142 526 defunctus

350 544 441 579 primo
453 544 497 571 die
511 543 614 572 mensis
629 544 689 576 Loi.
703 544 730 572 id
743 549 786 572 est
797 544 927 572 Kalendis
937 545 1063 581 Augusti,
1078 553 1140 572 cum

351 590 523 625 imperasset.
549 598 603 618 una
630 591 742 626 quidem
766 598 829 618 cum
852 591 1007 619 Iustiniano
1032 599 1142 620 menses

350 639 484 669 quatuor;
500 635 527 662 in
547 635 707 663 universum
723 643 790 663 vero
805 640 860 663 tam
874 636 958 669 solus,
980 644 1063 672 quam
1077 644 1140 664 cum

350 681 465 715 collega,
491 688 541 716 per
557 688 645 709 annos
666 688 766 708 novem
790 689 822 709 ac
840 681 901 710 dies
916 687 974 710 tres
995 682 1141 718 imperium

350 737 359 752 ι
371 725 525 753 btinnisset.
540 726 626 753 Porro
642 733 707 754 cum
722 726 896 754 Justinianus
915 727 970 763 jam
987 728 1063 755 solus
1079 729 1142 756 uni-

351 779 374 797 νι
387 778 461 797 rsum
479 771 625 806 imierium
642 772 793 807 regendum
815 773 993 807 suscepisset,
1008 778 1037 801 et
1057 773 1140 801 Chal-

350 816 514 844 cedonensrs
529 817 649 852 synodus
661 825 695 845 ex
709 823 848 853 praecepto
868 817 968 846 Justini
989 819 1140 854 imperato-

350 863 399 891 ris.
414 862 486 889 sicut
501 868 580 890 antea
595 864 689 896 retuli,
713 872 763 899 per
778 872 875 892 omnes
888 865 1027 892 Ecclesias
1039 865 1140 901 praedi-

349 912 478 939 caretur.
504 909 694 936 ecclesiastica
719 917 773 945 pax
797 911 826 938 in
854 910 1018 946 quibusdam
1050 911 1141 938 adhuc

1193 315 1286 351 ῥηθεὶς
1302 316 1334 350 τῇ
1347 314 1442 351 πρώτῃ
1453 315 1500 342 τοῦ
1516 315 1648 342 Ξανθικοῦ
1660 316 1744 351 ἧγουν
1754 316 1910 352 ’Δπριλλίου
1929 326 1984 354 μη.

1193 362 1247 394 νὸς,
1262 361 1313 388 ἀνὰ
1325 361 1356 388 τὺ
1368 361 1496 395 πέμπτον
1513 362 1560 388 καὶ
1573 361 1775 396 ἑϐδομηκοστὸν
1790 363 1838 389 καὶ
1852 371 1983 390 πεντακοο

1195 407 1302 434 σιοστὸν
1318 407 1378 439 ἔτος
1393 408 1442 434 τοῦ
1460 407 1656 443 χρηματισμοῦ
1669 409 1718 444 τῆς
1735 409 1910 444 Ἀντιοχείας.
1926 409 1984 437 Καὶ

1192 452 1297 479 τούτων
1308 449 1359 479 ὦδε
1371 453 1570 488 προελθόντων,
1588 453 1730 485 Ὶουστῖνος
1747 454 1910 489 μεθίσταται
1933 455 1984 490 τῆς

1192 499 1316 526 ιντεῦθεν
1332 500 1481 535 βασιλείας,
1497 499 1623 526 ὑπελθὼν
1643 500 1693 535 τὴν
1717 500 1820 527 τέλιιον
1838 500 1861 517 ³³
1875 500 1983 536 ἡμέραν

1191 546 1243 573 ἀνὰ
1254 545 1304 582 τὴν
1326 545 1439 581 πρώτην
1452 546 1560 581 ἡμέραν
1584 545 1631 572 τοῦ
1646 545 1734 577 Λώου,
1749 546 1796 573 τοῦ
1811 546 1858 573 καὶ
1878 545 1984 580 Αὐγού-

1193 600 1255 618 στου
1271 591 1365 628 μηνὸς,
1391 591 1614 627 συμὸασιλεύσας
1630 592 1680 626 μὲν
1698 592 1881 627 Ἰουστινιανῷ
1896 593 1982 628 μῆνας

1190 639 1335 674 τέτταρας,
1350 639 1385 665 τὰ
1398 638 1446 665 ὂλα
1460 638 1489 665 δὲ
1503 638 1550 674 ειη
1564 638 1613 673 τὴν
1623 638 1840 674 αὑτοκρατορίαν
1853 637 1908 672 (55)
1923 638 1982 665 δια-

1191 683 1274 716 νύσας
1289 683 1378 719 ἀρχὴν
1389 683 1467 710 ὲννέα
1478 683 1547 718 πρὸς
1559 683 1648 717 τρισὶν
1662 682 1781 718 ἡμέραις
1793 682 1848 716 (36)
1858 680 1905 717 (ιγ
1917 681 1984 708 ’1ου-

1192 731 1327 758 στινιανοῦ
1349 731 1377 757 δὲ
1404 730 1486 765 μόνου
1511 730 1560 765 τὴν
1578 729 1642 764 ὃλην
1656 729 1744 765 ἀρχὴν
1768 729 1818 761 τῆς
1839 728 1984 763 Ῥωμαίων

1191 775 1369 810 ἐπικρατείας
1386 774 1575 810 περιθεμένου.
1590 774 1641 809 ἤδη
1657 782 1686 800 τε
1698 773 1748 808 τῆς
1774 774 1803 799 ἐν
1825 772 1982 808 Χαλκηδόνι

1192 821 1301 848 συνόδου
1314 821 1519 857 κηρυττομένης
1531 820 1583 847 ἀνὰ
1598 820 1646 851 τὰς
1662 819 1817 853 ἁγιωτάτας
1835 818 1984 852 ἐκκλησίας

1191 865 1358 901 κελεύμασιν
1375 865 1521 893 Ίουστίνου
1534 864 1607 891 καθά
1621 872 1666 898 μοι
1681 863 1820 899 διήγηται,
1838 863 1879 889 ἔτι
1889 862 1924 889 τὰ
1933 863 1983 896 τῆς

1191 912 1422 948 ἓκκλησιαστικῆς
1437 913 1633 943 καταστάσεως
1652 910 1680 937 ἐν
1694 919 1749 937 τισι
1765 910 1821 937 τῶν
1838 908 1978 945 ἐπαρχιῶν

349 954 500 988 provinciis
513 955 694 989 turbabatur;
711 957 850 991 praecipue
861 964 929 984 vero
942 956 1138 985 Constantino-
1156 949 1177 977 Β
1192 967 1201 984 1

1132 973 1138 978 -
1156 949 1177 977 Β
1192 958 1383 994 περιεδονεῑτο,
1398 958 1446 984 καὶ
1463 957 1583 993 μάλιστά
1598 965 1630 991 γε
1639 956 1710 984 κατὰ
1729 955 1779 991 τὴν
1794 955 1926 990 βασιλέως
1936 954 1984 981 καὶ

349 1000 405 1033 poli
421 1004 449 1026 et
466 1000 638 1028 Alexandriae
652 1010 658 1028 :
678 1001 1012 1037 Coustantinopolitanam
1027 1003 1138 1038 quidem

349 1045 500 1077 Ecclesiam
527 1047 738 1074 administrante
759 1047 902 1079 Anthimo,
926 1044 1138 1076 Alexandrinam

348 1098 416 1117 vero
435 1091 602 1119 Theodosio.
622 1092 711 1120 Ambo
725 1093 800 1120 enim
815 1093 859 1121 isti
875 1101 958 1121 unam
980 1093 1009 1121 in
1028 1093 1138 1122 Christo

349 1142 476 1163 inituram
493 1137 584 1164 inesse
599 1137 772 1166 asserebant.

682 1194 758 1222 CAP.
777 1194 812 1223 X.

351 1239 473 1278 Qualiter
486 1241 655 1278 Iustiniano:
672 1241 776 1276 quidem
788 1250 837 1278 eos
851 1242 958 1269 amabat
973 1243 1017 1278 qui
1031 1242 1140 1270 Chalce-

398 1275 536 1302 donensem
561 1276 690 1310 synodum
719 1276 944 1311 amplecterentur
966 1275 983 1305 ε’
1005 1278 1139 1305 Theodoro

397 1317 457 1336 vero
473 1319 515 1336 eos
529 1311 573 1345 qui
587 1311 716 1346 synodum
731 1311 808 1338 illam
823 1312 1015 1347 improbarent.

395 1366 428 1393 Et
445 1366 619 1395 Justinianus
635 1367 762 1403 quidem,
782 1376 830 1396 eos
852 1369 900 1404 qui
922 1369 1138 1399 Chalcedonensi

350 1411 454 1447 synodo
465 1417 663 1444 convenerant.
679 1418 706 1442 et
719 1422 891 1450 quaecunque
905 1415 939 1442 ab
953 1415 1008 1442 illis
1030 1415 1140 1444 fuerant

350 1458 488 1492 exposita,
516 1459 618 1486 acriter
644 1458 819 1487 defendebat.
851 1460 917 1496 Ejus
945 1467 1011 1488 vero
1038 1462 1140 1497 coniux

351 1504 496 1531 Theodora
509 1504 544 1531 ab
564 1505 674 1532 illorum
696 1505 823 1540 partibus
844 1506 933 1533 stabat
949 1506 996 1540 qui
1015 1514 1096 1533 unam
1111 1508 1138 1533 in

349 1549 462 1576 Christo
475 1555 600 1577 naturam
616 1555 770 1578 assererem
787 1570 796 1584 ,
814 1551 873 1578 sive
887 1551 961 1586 quod
978 1551 1028 1586 ipsi
1044 1559 1139 1579 revera

351 1595 388 1622 ita
409 1595 575 1630 sentiebant;
606 1604 666 1623 nam
688 1597 908 1632 quotiescunque
924 1598 1013 1632 agitur
1026 1598 1060 1626 de
1073 1598 1137 1631 fide,

1188 1005 1261 1031 κατὰ
1276 1004 1329 1038 τὴν
1343 1003 1519 1038 Ἀλεξάνδρου
1532 1003 1609 1029 πόλιν
1619 1010 1625 1017 '
1639 1002 1688 1037 τῆς
1709 1002 1759 1036 μὲν
1786 1001 1921 1036 βασιλίδος
1934 1000 1984 1036 τὴν

1188 1041 1342 1086 ἐπισκοπὴν
1352 1049 1568 1084 πρυτανεύοντος
1577 1048 1710 1083 ’Δνθίμου
1730 1048 1781 1082 (a),
1798 1047 1850 1081 τῆς
1865 1046 1893 1073 δὲ
1909 1046 1984 1073 Ἀλε-

1189 1096 1326 1130 ξανδρέων
1340 1094 1504 1129 Ἐκκλησίας
1530 1093 1683 1129 ἡγουμένου
1706 1093 1859 1120 Θεοδοσίου.
1882 1092 1984 1127 Ἄμφω

1187 1150 1218 1169 τε
1233 1141 1287 1177 γὰρ
1298 1141 1347 1176 τὴν
1365 1141 1430 1176 μίαν
1445 1139 1608 1174 ὲδοξαζέτην
1620 1139 1712 1174 φύσιν.

1496 1197 1624 1224 ΚΕΦΑΛ.
1649 1197 1680 1224 ι’.

1190 1244 1255 1272 Ὀτι
1273 1243 1492 1276 Ἰουστινιανὸς
1514 1243 1572 1278 μὲν
1602 1242 1674 1274 τοὺς
1698 1241 1767 1278 τὴν-⁸
1781 1240 1983 1278 Κᾳλχῃρὀοέις

1224 1279 1358 1306 σύνοδον
1381 1275 1623 1312 ἀποδεχομένους
1646 1277 1768 1312 ἠγάπα·
1802 1275 1934 1310 Θεοὸώρα
1947 1275 1983 1302 δὲ

1224 1315 1295 1347 τοὺς
1307 1314 1466 1346 ἐναντίους
1478 1314 1630 1348 ἔστεργεν.

1225 1371 1413 1402 Ἰουστινιανὺς
1441 1370 1492 1406 μὲν
1513 1367 1560 1397 οὖν
1580 1370 1635 1397 τῶν
1651 1370 1680 1396 ὲν
1704 1369 1857 1405 Καλχηδόνι
1872 1368 1982 1403 συνελη-

1190 1416 1378 1448 λυθότων,καὶ
1400 1416 1456 1443 τῶν
1468 1415 1533 1450 παρ’
1557 1415 1646 1442 αὐτῶν
1671 1415 1880 1450 ἐκτεθειμένων.
1909 1414 1982 1449 μάλα

1190 1463 1322 1498 γεννικῶς
1339 1462 1490 1498 ἀντείχετο.
1510 1461 1636 1496 Θεοδώρα
1654 1461 1690 1496 (b)
1705 1461 1733 1487 δὲ
1748 1461 1764 1495 ἡ
1785 1460 1880 1487 τούτου
1894 1460 1983 1487 σύνοι-

1190 1515 1249 1538 κος,
1260 1506 1315 1533 τῶν
1334 1507 1399 1542 μίαν
1413 1507 1494 1541 φύσιν
1510 1506 1655 1540 λεγόντοιν,
1672 1505 1726 1532 εἴτε
1746 1506 1794 1532 καὶ
1808 1505 1864 1531 τῶν
1874 1505 1981 1540 ἀληθῶς

1190 1553 1277 1585 οὕτως
1304 1553 1420 1588 ἑχόντων
1444 1553 1512 1588 (57).
1549 1552 1644 1578 Ὴνίκα
1663 1551 1718 1586 γὰρ
1737 1552 1751 1577 ό
1774 1551 1839 1586 περὶ
1864 1551 1982 1583 πίστεως

1191 1598 1335 1633 πρόκειται
1346 1597 1425 1631 λόγος
1438 1596 1556 1632 πατέρες
1563 1605 1593 1623 τε
1604 1596 1672 1632 πρὸς
1687 1596 1795 1629 παῖδας,
1808 1596 1900 1627 παῖδές
1906 1604 1934 1622 τε
1944 1596 1980 1623 αὖ

350 1646 443 1676 patres
466 1649 479 1668 a
505 1642 567 1669 filiis
587 1646 615 1669 et
634 1642 682 1669 filii
708 1642 842 1670 dissident
865 1651 880 1670 a
904 1644 1081 1678 parentibus:
1109 1640 1172 1672 etC
1191 1653 1202 1670 τ

1129 1649 1136 1672 t
1150 1640 1172 1670 C
1191 1644 1257 1679 πρὸς
1271 1648 1333 1676 τοὺς
1348 1644 1450 1678 φύντας
1462 1643 1621 1674 διίστανται,
1632 1642 1701 1678 γυνή
1719 1651 1749 1669 τε
1770 1643 1836 1678 πρὸς
1855 1642 1900 1669 τὸν
1916 1642 1981 1669 [διον

351 1695 421 1714 uxor
436 1688 546 1722 quidem
562 1696 578 1715 a
593 1688 703 1721 marito,
720 1689 836 1716 maritus
853 1697 920 1717 vero
935 1690 970 1716 ab
990 1698 1075 1718 uxore
1091 1698 1140 1719 sua

351 1732 504 1760 dissentit:
535 1734 596 1761 sive
620 1741 669 1769 per
693 1734 839 1770 quamdam
869 1734 1071 1762 simulationem
1101 1735 1139 1762 ita

1192 1690 1326 1724 γαμετήν·
1339 1690 1410 1724 ἀνήρ
1421 1697 1451 1715 τε
1467 1688 1502 1716 αὖ
1513 1688 1593 1715 πάλιν
1605 1688 1673 1724 πρὸς
1683 1688 1733 1724 τὴν
1751 1688 1820 1715 ῑδίαν
1843 1691 1980 1725 γαμετήν·

1193 1735 1249 1762 εἴτε
1265 1735 1397 1762 καὶκατὰ
1411 1743 1472 1762 τινα
1488 1734 1663 1768 συγκείμενοι
1683 1734 1842 1769 οἰκονομίαν
1862 1735 1928 1770 {38),
1946 1735 1982 1761 tv‘

995 1804 1113 1833 VARl/E
1129 1804 1334 1834 LECTIONES.

954 1874 1093 1904 VALESII
1108 1875 1386 1903 ANNOTATIONES.

394 1839 417 1856 "
426 1840 545 1868 τελείαν.

351 1927 412 1958 rtor
431 1922 552 1950 Chronici
582 1923 756 1950 Alexandrini
779 1930 829 1958 pro
844 1923 926 1950 tribus
951 1924 1039 1951 diebus
1054 1923 1139 1951 habet

352 1957 478 1992 quinque,
496 1958 682 1986 Iustinianum
705 1957 786 1985 enim’
804 1966 818 1985 a
847 1959 956 1986 Justino
980 1959 1134 1994 Augustum

352 1994 457 2019 factum
472 2001 531 2021 esse
550 1993 657 2023 scribit.
674 1997 737 2028 post
762 2001 850 2021 annos
874 1998 939 2021 octo
964 2002 996 2021 ac
1026 1993 1136 2021 menses

352 2035 471 2064 novem,
488 2037 519 2056 ac
536 2028 596 2056 dies
609 2029 731 2064 quinque
747 2029 857 2063 imperii
869 2029 983 2060 Justini.
1010 2028 1140 2057 Kalendis

352 2062 464 2098 Aprilis,
478 2062 762 2091 Mavortio'con’sulez
780 2062 826 2098 (iui
845 2063 898 2091 fuit
923 2071 1012 2092 annus
1035 2064 1138 2092 Christi

352 2097 532 2134 ΜἸηνετυηι
544 2104 641 2126 auctor
656 2099 730 2126 illius
741 2098 864 2134 Chronici
883 2106 897 2126 a
919 2100 1068 2134 semetipso
1082 2099 1139 2126 dis-

353 2132 453 2169 sentit;
471 2142 534 2161 nam
566 2134 705 2162 Iustinum
731 2133 844 2168 quidem
868 2132 1026 2169 imperium'
1042 2134 1138 2161 iniisse

352 2167 451 2196 scribit
462 2169 506 2196 die
524 2177 598 2196 nono
606 2169 708 2196 mensis
726 2167 803 2200 Iulii.
825 2177 897 2196 anno
909 2167 915 2169 ⁷
925 2170 1030 2197 Natalis
1042 2170 1138 2197 Domi-

353 2202 407 2239 ltici
423 2203 485 2231 518.
497 2205 519 2232 Α
531 2212 587 2239 quo
602 2208 726 2238 tempore
742 2203 774 2230 ad
788 2204 924 2231 Kalendas
944 2204 1047 2239 Aprilis
1072 2205 1137 2231 anni

354 2237 416 2269 5'27,
431 2240 495 2266 anni
511 2237 574 2267 sunt
587 2237 666 2271 octo,
675 2246 707 2266 ac
733 2247 843 2266 menses
855 2237 983 2270 totidem}
997 2247 1060 2267 cum
1076 2239 1137 2267 die-

353 2272 405 2309 bus
420 2281 475 2301 uno
490 2279 518 2301 et
529 2275 637 2309 viginti.
661 2274 740 2307 Quod
764 2274 785 2301 si
812 2274 969 2301 Cedrenum
995 2275 1138 2309 sequimur

353 2307 606 2350 qlli‘dustinianilrn
619 2317 635 2350 a
647 2309 755 2337 Justino
764 2310 924 2350 Augustum.
944 2317 1012 2350 esse.
1031 2307 1135 2350 factum
1152 2322 1174 2350 ι)

353 2344 438 2383 tradit
457 2346 487 2383 ιι
502 2345 615 2383 Aprilis.
629 2349 684 2371 tuin
705 2344 874 2382 computatio
889 2344 1037 2372 Alexandri
1049 2345 1134 2372 Chro-

353 2380 405 2405 nici
425 2381 478 2408 erit
493 2380 658 2407 certissima.

392 2415 447 2446 (55)
484 2416 544 2449 Τὴν
570 2415 815 2448 αὑτοκρατορίαν.
845 2415 874 2442 In
906 2422 958 2442 ms.
981 2415 1044 2442 cod.
1065 2415 1135 2442 Tell.

353 2450 487 2512 seripltum
504 2451 608 2484 inveni,
622 2450 671 2486 τὴν
686 2450 899 2485 αὑτοκρατικὴν,
910 2455 976 2483 etc.,
992 2450 1066 2485 quod
1082 2458 1139 2477 ma-

353 2492 394 2512 lus
406 2493 421 2512 ι)
434 2490 503 2512 acet.

353 2492 394 2519 gis
406 2490 503 2518 placet.

389 2519 444 2554 (36)
459 2520 531 2553 Ἕτη
542 2519 630 2547 ἐννέα
644 2521 719 2554 πρὸς
739 2520 837 2554 τρισὶν
851 2520 983 2554 ἡμέραις.
1000 2521 1038 2547 Ex
1052 2520 1139 2555 ipsius

353 2553 460 2590 Evagrii
475 2556 582 2583 calculo
598 2553 670 2583 satis,
692 2559 806 2590 apparet
822 2553 979 2583 addendum
1005 2557 1050 2584 hic
1063 2553 1139 2583 'esse

352 2597 475 2625 tuensem
489 2598 583 2618 unum.
601 2591 669 2618 Nam
685 2598 746 2618 cum
762 2591 844 2625 paulo
862 2596 924 2618 ante
946 2591 1059 2624 dixerit,
1086 2591 1139 2618 Ka-

353 2624 442 2652 lendis
458 2627 561 2660 Aprilis
587 2627 669 2659 hujus
692 2624 905 2653 anni’exactum
935 2626 1019 2654 fuisse
1036 2633 1139 2653 annum

353 2665 480 2687 octavum
495 2662 602 2695 imperii
618 2661 730 2692 Justini,
744 2665 772 2688 et
783 2668 881 2688 novem
901 2661 1012 2695 insuper
1032 2668 1141 2688 menses

352 2701 384 2723 ac
401 2695 459 2724 dies
479 2701 551 2729 tres;
570 2703 742 2732 consequens
762 2700 806 2724 est
823 2699 854 2723 ut
870 2695 1000 2724 Kalendis
1024 2695 1139 2732 Augusti

1188 1923 1313 1958 ejusdem
1333 1922 1398 1950 anni
1412 1944 1419 1955 .
1433 1922 1566 1950 transacti
1586 1922 1696 1958 fuerint,
1706 1929 1805 1950 novem
1827 1923 1891 1950 anni
1916 1931 1979 1951 cum

1189 1957 1245 1986 uino
1268 1965 1362 1985 mense
1385 1966 1418 1985 ac
1442 1958 1540 1985 diebus
1564 1958 1664 1985 tribus.
1692 1957 1733 1985 Ex
1754 1965 1809 1992 quo
1840 1958 1979 1993 colligitur

1188 1994 1336 2021 exordium
1352 1993 1462 2028 imperii
1477 1993 1578 2020 Justini
1595 1993 1658 2020 duci
1674 2001 1689 2020 a
1702 1993 1746 2020 die
1760 1993 1892 2021 vicesimo
1904 1999 1980 2021 octa-

1188 2037 1223 2055 vo
1236 2029 1341 2056 mensis
1352 2027 1439 2061 Junii,
1451 2029 1528 2063 juxta
1544 2027 1653 2063 Evagrii
1679 2028 1856 2055 sententiam.

1191 2064 1245 2099 (ὅτ)
1255 2064 1334 2099 Εἴτε
1349 2063 1398 2090 καί
1415 2063 1475 2099 ζῶν
1490 2063 1610 2099 ἀληθῶς
1624 2063 1877 2099 οῦζωςήέχόντωνή.
1903 2063 1980 2090 Scri-

1189 2097 1310 2126 bendum
1326 2103 1394 2133 puto
1405 2098 1460 2124 εῑτε
1478 2099 1526 2124 καὶ
1540 2098 1630 2124 αὐτῶν
1644 2097 1762 2132 ἀληθῶς,
1780 2102 1847 2131 etc.;
1863 2097 1891 2125 id
1904 2099 1978 2125 enim

1188 2141 1287 2161 sensus
1301 2133 1432 2168 postulat.
1459 2133 1634 2168 Nicephorus
1670 2133 1791 2168 quidem
1812 2133 1895 2168 hujus
1923 2134 1977 2161 loci

1189 2176 1300 2196 sensum
1329 2168 1444 2195 minime
1464 2168 1612 2196 intellexit.
1641 2168 1785 2196 Musculus
1817 2176 1886 2196 vero
1913 2176 1979 2196 eum

1187 2205 1291 2238 optime
1324 2203 1453 2238 exposuit
1481 2203 1535 2230 hoc
1551 2203 1643 2231 modo.
1673 2202 1734 2230 Sive
1746 2208 1837 2230 autem
1860 2204 1898 2230 sic
1918 2212 1979 2231 vere

1186 2239 1345 2270 sentiebant,
1368 2239 1422 2265 sive
1432 2239 1469 2265 sic
1485 2239 1683 2273 dispensatione
1697 2239 1815 2274 quadam
1825 2239 1896 2266 inter
1907 2239 1978 2274 ipso:

1187 2279 1355 2300 convenerat.
1371 2274 1524 2301 Musculum
1538 2279 1652 2301 secutus
1675 2278 1718 2300 est
1747 2273 1979 2308 Christophorso-

1189 2317 1252 2341 nus,
1263 2315 1291 2336 et
1308 2317 1409 2344 novam
1437 2309 1581 2344 periodum
1599 2309 1632 2336 ab
1655 2308 1699 2336 his
1723 2308 1818 2336 verbis
1836 2309 1978 2336 inchoavit

1190 2344 1245 2371 hoc
1260 2344 1360 2371 lnodo:
1377 2343 1442 2371 Sive
1454 2344 1536 2378 igitur
1560 2346 1598 2370 ita
1624 2352 1715 2370 revera
1740 2344 1898 2377 sentiebant,
1921 2348 1975 2371 etc.

1191 2379 1247 2407 Nos
1263 2387 1330 2406 vero
1338 2379 1396 2406 hmc
1411 2387 1472 2406 cum
1485 2379 1705 2414 praecedentibus
1712 2380 1915 2414 conjunximus.

1228 2414 1285 2449 (58)
1305 2415 1373 2442 Κατ’
1390 2415 1573 2448 οἰκονομίαν.
1595 2414 1735 2441 Musculus
1764 2415 1876 2449 quidem
1889 2415 1977 2442 inter-

1213 2454 1327 2482 retatur,
1351 2457 1398 2484 per
1422 2450 1653 2484 dispensationem.
1684 2449 1762 2482 Quod
1792 2458 1848 2477 non
1877 2449 1974 2484 probo.

1213 2457 1327 2482 retatur,
1351 2457 1398 2484 per
1422 2457 1653 2484 dispensationem.
1684 2457 1762 2482 uuou
1792 2458 1848 2477 non
1877 2457 1974 2484 probo.

1193 2457 1313 2512 goannes
1326 2489 1417 2512 autem
1431 2484 1539 2519 Langus
1555 2484 1648 2517 vertit,
1662 2492 1694 2511 ea:
1709 2486 1863 2519 composito.
1892 2484 1975 2512 Chri-

1191 2519 1392 2554 stophorsonus
1406 2524 1510 2550 autem,
1524 2519 1613 2555 dedita
1639 2520 1798 2555 ορεναηΕεο
1811 2528 1858 2555 per
1867 2519 1978 2546 rimula-

1191 2552 1286 2582 tionem
1299 2555 1383 2582 malui
1397 2558 1516 2582 vertere.
1537 2552 1692 2589 Opponitur
1701 2552 1776 2582 enini
1788 2552 1822 2590 τῇ
1851 2555 1976 2589 ἀληθείᾳ..

1189 2591 1242 2618 Per
1259 2590 1383 2617 fraudem
1398 2590 1482 2624 igitur
1497 2597 1529 2616 ac
1545 2589 1749 2618 simulationem
1767 2590 1794 2617 id
1812 2594 1903 2617 aetum
1916 2596 1978 2616 esse

1190 2625 1264 2653 inter
1276 2625 1463 2652 Iustinianum
1482 2632 1513 2651 ae
1537 2624 1711 2652 Theodoram
1739 2624 1867 2652 nonnulli
1885 2624 1979 2651 existi-

1190 2665 1312 2691 marunt.
1329 2665 1359 2686 ut
1378 2660 1447 2686 alter
1458 2659 1618 2691 Catholieis,
1634 2661 1704 2686 alter
1722 2660 1870 2694 Accphalis
1885 2659 1978 2686 adhae-

1190 2700 1275 2729 reret,
1290 2695 1393 2723 Gallice
1405 2695 1570 2728 dixerimus,
1584 2702 1637 2728 par
1652 2694 1789 2730 politiqae.

1063 2753 1258 2781 VARIORUM.

388 2799 424 2833 (ι)
445 2799 522 2833 Πρὸς
536 2799 635 2834 τρισὶν
646 2799 780 2834 ἡμέραις.
806 2799 907 2826 lterum
924 2807 975 2835 pro
990 2799 1089 2835 τρισίν,
1104 2799 1140 2826 ‘23

351 2834 419 2869 legit
436 2835 533 2869 Pagius
551 2836 617 2862 Ibid.
633 2835 687 2869 (ιν.
709 2836 829 2867 [.mvrn.)

388 2873 427 2902 ιιι)
462 2870 648 2903 ἈνυΙμσυ-
667 2870 836 2896 Θεοδοσίου.
865 2869 990 2897 Ordinati
1017 2874 1081 2896 sunt
1109 2869 1136 2896 lli

354 2904 474 2941 episcopi
491 2913 563 2932 anno
579 2906 640 2932 57-5.

389 2940 424 2975 (Ir)
447 2940 590 2975 9806(bfﬂ.
611 2940 737 2968 l‘luribus
754 2940 780 2968 in
793 2948 853 2968 cum
870 2940 1008 2967 invehitur
1037 2940 1134 2967 Proco-

1193 2798 1255 2832 pius
1269 2798 1296 2824 in
1314 2798 1429 2825 Historia
1441 2805 1552 2829 arcana.
1565 2797 1610 2824 ubi
1627 2802 1789 2824 narratcam
1802 2796 1883 2824 filiam
1894 2795 1981 2824 fuisse

1193 2833 1347 2867 cujusdam.
1365 2834 1411 2867 qui
1428 2832 1550 2867 Byzantii
1565 2833 1661 2859 bestiis
1683 2834 1716 2859 ad
1736 2832 1981 2867 amphitheatrales

1193 2869 1371 2895 l‘rnsiuorum
1399 2869 1562 2895 \euutioues
1593 2868 1699 2894 alcmlis
1735 2869 1881 2903 pra‘fet-lus
1909 2872 1980 2898 erat.

1194 2912 1273 2938 quem
1292 2908 1389 2930 vocant
1405 2903 1557 2934 Ursurium,
1574 2911 1634 2938 pag.
1651 2904 1692 2930 40.
