2148 3257
293 241 362 273 2911
814 242 844 272 S.
865 241 1022 272 EULOGII
1043 242 1219 272 ARCHIEP.
1239 242 1425 272 ALEXAND.
1840 244 1911 276 2912

330 295 511 328 Domitianus,
525 295 666 323 Melitenes
681 297 835 331 episcopus,
851 295 883 323 ad
898 304 979 331 quem
993 296 1089 324 scribit
1105 297 1247 332 Eulogius,
1263 298 1324 329 459,
1340 299 1402 325 461.

331 338 449 366 Dostben
461 339 519 366 sive
531 339 686 371 Dositheus,
703 348 717 366 a
734 347 789 374 quo
806 339 972 373 Dnsitheani,
988 345 1082 367 contra
1095 348 1165 375 quos
1177 341 1274 368 scribit
1295 341 1434 377 Eulogius,
1448 342 1509 374 466,
1525 342 1586 375 467,
1600 343 1661 371 468.

332 381 478 417 Eutyches,
495 382 556 414 457,
569 383 630 414 458,
645 383 706 414 459,
719 382 782 413 440,
796 382 858 415 448,
875 383 937 410 451.

330 423 450 454 Flaviani
466 425 577 461 (CPol.)
590 426 699 453 libellus
710 426 865 453 Theodosio
877 427 942 460 imp.
954 426 1062 454 oblatus
1074 429 1088 453 4
1096 427 1135 459 44,
1147 428 1208 456 460.
1221 428 1321 456 Lectus
1333 430 1360 457 in
1371 431 1490 458 concilio
1501 431 1729 466 Chalcedonensi,
1740 433 1803 466 451,
1821 434 1884 461 460.

328 469 479 504 Gregorius
510 469 748 501 Neocaesariensis,
763 470 791 495 ὲν
807 469 846 503 τῷ
863 471 925 503 περὶ
940 470 987 503 τῆς
1003 471 1072 496 κατὰ
1089 471 1170 506 μέρος

545 470 748 501 rocaesariensis,
763 470 791 495 ὲν
807 469 846 503 τῷ
863 471 925 503 περὶ
940 470 987 503 τῆς
1003 471 1072 496 κατὰ
1089 471 1170 506 μέρος
1188 472 1316 504 πίστεως,
1333 474 1393 501 445.

329 512 480 545 Gregorius
494 512 648 547 theologus,
666 513 727 540 447.
742 513 803 544 457,
820 513 881 539 466.
903 513 946 538 Ἐν
963 513 1001 547 τῷ
1023 514 1177 548 ἀπολογητιῖ

742 513 803 544 457,
820 513 881 539 466.
903 513 946 538 Ἐν
963 513 1001 547 τῷ
1023 514 1224 550 ἀπολογητικῴ,
1241 516 1303 543 452.
1321 517 1353 542 Oi
1369 517 1497 551 θεολόγοι,
1514 517 1575 544 455.

329 556 451 590 Gregorii
470 555 668 591 (Nazianzenus
682 561 707 583 et
725 556 886 591 Nysseuus),
902 557 963 588 448,
984 557 1047 584 449.

325 599 446 627 Joannes
462 599 651 626 Antiocheuus
670 599 755 632 episc.
771 599 833 626 441.

326 642 399 668 Julio
411 643 491 670 Rom.
504 642 606 669 tributa
622 641 738 676 epistola
750 641 783 668 ad
803 642 962 676 Dionysium
980 646 1113 676 suspecta:
1131 642 1205 675 lidei,
1221 643 1282 676 445,
1298 644 1359 671 448.
1382 644 1446 679 Ejus
1460 644 1574 678 epistola
1590 645 1624 672 ad
1648 646 1772 679 Dorium,
1799 648 1906 674 lilﬂlltll")

291 693 306 712 a
326 685 428 720 Cyrillo
443 685 471 712 in
492 685 596 720 synodo
614 685 761 719 Ephesina.
776 684 837 715 445,
859 684 920 711 446.

324 729 379 756 Leo
397 736 476 762 papa,
490 728 550 755 465.
567 728 632 762 Ejus
647 728 772 762 epislola,
790 728 852 760 457,
865 727 925 754 461.
943 728 1139 762 Perstringitur
1152 738 1166 756 a

943 728 1139 762 Perstringitur
1152 738 1166 756 a
1182 729 1339 758 Severiauls
1353 731 1406 757 τῶν
1415 732 1444 757 ὲν
1466 732 1565 766 Ἰταλίᾳ
1580 733 1594 757 ὁ
1609 732 1702 765 τύφος.
1718 733 1779 760 448.

324 773 424 800 LeOnis
437 773 503 807 imp.
518 772 648 806 ἐγκύκλια.
676 772 828 805 γράμματα
838 791 846 803 ,
864 772 964 803 quibus
978 772 1170 799 ChalcedOnen

842 791 846 802 ,
864 772 964 803 quibus
978 772 1211 800 ChalcedOnensis
1226 774 1322 809 synodi
1337 775 1449 802 decreta
1464 774 1617 807 ﬁrmantur,
1631 776 1690 802 462.

323 817 426 847 Manes,
441 816 503 846 440,
522 815 583 842 448.
597 815 738 842 Manicliaei
751 815 865 848 epistola
879 814 911 841 ad
927 815 1116 850 Scythianum,
1132 816 1194 842 447.

324 859 459 894 Munati-xi)
476 859 664 892 ὐκτάτευχο;,
678 858 740 888 466,
755 856 824 885 Octo
838 857 901 884 libri
914 857 973 884 Vet.
987 857 1061 885 Test.
1076 858 1103 885 in
1117 859 1218 893 quibus
1232 859 1363 887 familiam
1379 861 1484 889 ducunt
1498 861 1597 898 Moysis
1617 862 1692 889 libri.

324 903 479 934 Nestorius,
495 902 556 933 440,
570 902 632 932 442,
645 902 706 933 445,
720 901 781 932 446,
797 901 857 933 452,
874 901 935 928 453.

324 944 506 972 Orientalium
523 944 603 976 ﬁdes;
619 943 680 974 442.
698 943 760 974 444,
781 944 842 976 452,
861 944 921 976 455,
944 944 1007 971 454.

324 989 355 1015 Οἱ
376 989 500 1023 Θεοφόροι
517 987 649 1020 Πατέρες.
668 988 729 1015 457.
745 987 854 1019 Πολλοῖς
869 987 923 1014 τῶν
942 988 1082 1022 Πατέρων,
1100 987 1162 1020 457,
1180 993 1233 1016 etc.

324 1032 435 1063 Paulus.
451 1032 596 1066 episcopus
606 1032 766 1064 Emcseuus,
782 1031 843 1064 441,
859 1031 920 1058 442.

324 1075 424 1102 Paulus
438 1074 644 1106 Samosatcnus,
661 1075 722 1102 448.

329 1117 358 1144 ὐ
373 1118 604 1152 Πνευματομάχος
617 1117 822 1152 (Macedonius),
839 1118 866 1144 in
881 1118 983 1154 synodo
996 1118 1076 1146 CPot.
1091 1119 1177 1147 conde

536 1118 604 1152 ﬁxo;
617 1117 822 1152 (Macedonius),
839 1118 866 1144 in
881 1118 983 1154 synodo
996 1118 1076 1146 CPot.
1091 1119 1304 1151 condemnatus.
1322 1120 1384 1148 450.

323 1161 471 1192 Polemius,
486 1161 648 1195 Apollinarii
662 1161 826 1195 discipulus,
840 1161 901 1188 417.

321 1203 497 1234 Samaritani.
512 1209 605 1232 contra
622 1212 692 1239 quos
704 1204 802 1231 scribit
818 1204 960 1239 Eulogius,
975 1205 1026 1232 466
1039 1212 1096 1240 seq.

322 1246 452 1278 Severus,
466 1246 528 1278 457,
545 1247 607 1278 444,
624 1247 685 1278 460,
702 1246 763 1274 463.
789 1248 820 1273 Οἱ
837 1248 890 1273 ἀπὺ
907 1247 1035 1282 Σευήρου,
1056 1249 1106 1275 447
1123 1255 1170 1283 seq

1056 1249 1106 1275 447
1123 1255 1180 1283 seq.
1203 1248 1274 1284 Πρὸς
1294 1250 1340 1275 τὸν
1359 1250 1550 1284 γραμματικὸν
1574 1250 1685 1285 Σέργιον
1700 1252 1824 1286 γράφων,
1845 1252 1900 1279 iiii.

300 1290 329 1316 '0
346 1290 438 1321 καινὸς
455 1290 612 1325 νομοθέτης,
626 1290 688 1317 457.
705 1290 761 1323 Τῆς
773 1291 891 1326 Σευήρου
905 1291 1064 1326 διασπορᾶς,
1081 1291 1143 1319 46Ξ.

322 1333 433 1377 βίιηοοιι
447 1330 568 1368 Stylites,
586 1333 647 1361 465.
669 1333 698 1360 '0
713 1333 799 1377 μέγας
816 1334 930 1369 Συμεὼν
946 1335 959 1361 ὁ
974 1335 1002 1361 ἑν
1015 1335 1053 1370 τῷ
1070 1335 1159 1370 στύλῳ

948 1335 959 1361 ὁ
974 1335 1002 1361 ἐν
1015 1335 1053 1370 τῷ
1070 1335 1159 1370 στύλῳ
1176 1336 1220 1361 τὸν
1237 1335 1382 1370 ἀγγελικὺν
1402 1337 1505 1362 ἐκεῖνον
1521 1336 1577 1371 βίον
1591 1337 1796 1372 διαιιυσάμενος.

322 1376 416 1404 Simon
428 1377 530 1412 Magus,
545 1377 607 1404 466.

320 1420 423 1458 Synodi
442 1421 632 1448 Alexandrina
652 1421 743 1453 πίστις
760 1422 908 1456 ἔγγραφος,
927 1421 1008 1449 missa
1023 1430 1037 1448 a
1055 1422 1159 1457 Cyrillo

1055 1422 1159 1457 Cyrillo
1177 1422 1209 1449 ad
1226 1422 1382 1449 Nestorium
1399 1428 1462 1450 ante
1480 1423 1613 1457 synodum
1631 1423 1758 1457 Ephesin.
1778 1424 1839 1450 430.
1855 1423 1902 1458 Sy-

286 1464 375 1491 nodus
387 1464 629 1495 Chalcedonensis,
644 1465 706 1496 444.
722 1465 783 1495 447.
799 1466 859 1496 448,
875 1465 936 1496 451,
948 1465 1008 1497 460,
1023 1465 1084 1492 461.
1097 1465 1134 1492 Su

1054 1467 1084 1492 ll.
1097 1465 1153 1492 Sub
1166 1465 1302 1493 Marciano
1313 1470 1341 1493 et
1356 1465 1447 1493 Leone
1460 1464 1589 1498 (Thrace)
1605 1467 1679 1500 impp
1688 1467 1694 1472 ‘
1703 1466 1764 1493 463.
1779 1466 1902 1502 ὃγιιοιιιις

285 1505 440 1538 CPolitana,
455 1508 516 1539 447,
533 1507 594 1534 450.
611 1507 737 1542 Synodus
752 1507 870 1539 Niczena,
885 1508 946 1538 448,
961 1507 1023 1541 450,
1040 1508 1100 1535 457.

308 1547 514 1577 ’Τιὶοοᾱοτθιιιε
531 1550 633 1577 sanctis
647 1551 713 1577 viris
725 1550 933 1583 adnumeratur,
951 1551 1012 1578 462.

327 1592 356 1619 Ὅ
375 1594 504 1628 Θεολόγος
518 1594 647 1629 (Joannes
659 1594 850 1629 evangelista),
863 1595 924 1622 459.

324 1636 487 1665 Timotheus
500 1637 656 1669 haereticus,
670 1637 731 1664 465.

323 1681 487 1708 Theodorus
503 1681 722 1715 Mopsuestenus,
738 1681 800 1714 451,
815 1681 867 1719 4βῖ

323 1725 484 1752 Valentinus
500 1724 656 1757 hiereticus,
673 1724 735 1752 448.
749 1725 814 1760 Ejus
827 1725 910 1752 verba
923 1734 929 1751 :
943 1726 1003 1752 Τῶν
1022 1725 1169 1753 Γαλιλαίων

1056 1725 1169 1753 ιλιλαιων
1182 1725 1227 1751 ἐπὶ
1237 1725 1354 1760 Χριστοῦ
1372 1725 1417 1751 δύο
1432 1724 1526 1758 φύσεις
1542 1724 1684 1758 λεγόντων,
1703 1725 1805 1751 πλατὺν
1820 1733 1904 1751 κατα-

287 1768 386 1804 χέομεν
401 1768 508 1802 γέλωτα
519 1776 525 1783 ⁸
541 1769 620 1802 ἡμεῖς
634 1767 688 1802 γὰρ
703 1767 749 1794 τοῦ
766 1769 864 1803 ὁρατοῦ
881 1770 926 1795 καὶ
944 1769 1059 1803 ἀοράτου
1077 1769 1142 1803 μίαν
1157 1767 1226 1795 εἶναι
1246 1770 1294 1802 τὴν
1310 1769 1390 1801 φύσιν
1407 1769 1509 1802 φαμὲν,
1525 1768 1586 1796 446.

322 1812 397 1839 Libri
409 1812 464 1839 duo
476 1811 582 1846 pridem
596 1811 732 1846 deperditi
745 1812 778 1838 ad
793 1812 977 1839 Domitianum
993 1813 1137 1840 Melitcncs
1151 1819 1310 1847 cprscopum
1324 1819 1372 1846 pro
1385 1811 1484 1838 Leonis
1496 1812 1622 1842 Romani,
1636 1812 1791 1839 Nestorium
1805 1812 1907 1846 pariter

288 1860 316 1883 et
338 1855 489 1890 Eutychem
505 1855 658 1882 aversantis
672 1875 678 1887 ,
696 1859 770 1882 tomo
786 1855 945 1891 Apologiam
966 1856 1099 1890 complexi
1121 1855 1252 1883 adversus
1276 1854 1428 1889 Aceplialos
1450 1855 1625 1881 Timotheum
1639 1875 1645 1884 ,
1666 1855 1712 1889 qui
1737 1855 1855 1884 acutius.
1879 1859 1908 1881 et

289 1899 432 1931 Severum,
448 1899 495 1933 qui
509 1897 596 1926 fusius
613 1899 690 1926 illum
708 1903 922 1933 oppugnarent.
937 1899 966 1926 In
980 1899 1031 1926 hoe
1044 1899 1150 1934 Eulogii
1166 1899 1270 1933 scripto
1284 1899 1412 1933 praeclare
1425 1898 1644 1925 dcinoustratinn
1661 1904 1703 1925 est
1719 1898 1788 1933 ε-Μὴ
1804 1898 1859 1933 δεῖης
1874 1899 1907 1924 ἐκ

290 1942 389 1976 μέρους
401 1942 435 1968 τὰ
452 1941 656 1976 συγγράμματα
671 1942 785 1976 κρίνειν,
811 1941 872 1976 μηδ’
888 1943 1131 1977 ἁποσπαράγματά
1150 1951 1211 1968 τινα.
1230 1941 1417 1976 λαμϐάνοντας
1430 1941 1472 1968 διὰ
1495 1941 1596 1968 τούτων
1622 1942 1671 1976 τὴν
1692 1942 1756 1976 ὅλην
1778 1941 1823 1968 τοῦ
1838 1941 1907 1976 γρά-

290 1992 385 2018 φοντος
405 1983 587 2011 ὲνδιαὸάι).λειν
607 1984 737 2016 διάνοιαν,
761 1984 797 2011 De
811 1985 916 2020 scripti:
935 1985 975 2011 uel
995 1986 1138 2020 scriptorum

1058 1989 1151 2012 norum
1168 1990 1252 2012 mente
1267 1993 1319 2011 non
1336 1993 1389 2011 esse
1406 1984 1542 2018 f'eremium
1555 1985 1686 2020 judicium
1701 1993 1732 2012 ea;
1746 1985 1864 2020 partibus
1883 1988 1906 2011 et

289 2027 403 2060 laciniis,
431 2036 513 2061 neque
529 2028 589 2054 hinc
610 2028 669 2055 illo;
693 2028 840 2055 onerandas
864 2029 1009 2056 calumnia.
1035 2029 1140 2056 Laudat
1162 2029 1232 2055 inter
1258 2028 1310 2054 alia
1334 2027 1470 2054 Eustathii
1489 2028 1653 2055 Antiocheni
1672 2028 1774 2055 librum
1799 2032 1906 2055 sextum

288 2077 385 2098 contra
402 2070 534 2103 Arianos;
554 2072 591 2098 ita
617 2073 693 2099 enim
721 2072 877 2106 legendum,
900 2074 928 2099 ὲν
945 2073 1016 2108 ἕκτῳ
1033 2073 1104 2107 λόγῳ
1126 2081 1136 2098 ν

1059 2074 1104 2107 ἰγῳ
1126 2072 1197 2099 κατὰ
1221 2071 1371 2106 ’Δρειανῶιι
1393 2078 1442 2105 pro
1466 2072 1494 2097 ἐν
1511 2071 1540 2104 ἒξ
1559 2072 1658 2105 Mm.
1683 2073 1819 2106 siquidem
1845 2076 1907 2098 octo

287 2116 375 2142 libros
389 2116 522 2142 adversus
537 2115 656 2143 Arianos
669 2117 818 2151 scripserat
833 2117 1005 2150 Eustathius,
1021 2116 1055 2143 de
1070 2116 1172 2150 quibus
1183 2115 1239 2142 dixi
1253 2115 1307 2141 vol.
1324 2115 1392 2146 Vlll,
1410 2122 1437 2148 p.
1453 2114 1504 2141 l70
1518 2122 1565 2149 seq
1595 2115 1665 2150 [vo]-
1680 2115 1725 2147 IX,
1742 2123 1759 2149 p
1785 2114 1835 2141 155
1846 2122 1904 2149 seq.

287 2171 316 2190 ιι.
336 2162 428 2197 edit.].
444 2163 579 2190 Przeterea
600 2163 692 2190 Basilii
713 2163 856 2197 epistolam
880 2163 913 2190 ad
933 2163 1117 2198 Sozopolitas,
1131 2167 1159 2189 et
1174 2162 1207 2189 ad
1223 2162 1381 2189 monachos.
1404 2161 1535 2188 Memorat
1549 2166 1578 2188 et
1595 2162 1691 2189 Severi
1707 2162 1850 2196 epistolam
1872 2162 1905 2188 ad

286 2206 426 2232 Julianuin
445 2205 693 2233 Halicarnasseum.
713 2206 867 2233 Nonnullos
882 2207 1041 2240 interpretis
1056 2206 1162 2233 Schotti
1181 2206 1207 2232 in
1224 2205 1276 2232 hoc
1290 2208 1317 2232 et
1334 2204 1456 2238 proximo
1474 2204 1562 2231 Photil
1582 2204 1672 2239 capite
1690 2205 1784 2238 lapsus
1802 2209 1829 2231 et
1847 2204 1906 2230 hal-

287 2248 471 2276 luciuationes
485 2249 591 2275 notavit
606 2250 640 2284 D._
653 2249 727 2276 Elias
742 2249 864 2276 Veielius
883 2250 909 2276 in
931 2249 1049 2276 Diutribe
1063 2250 1094 2276 de
1108 2250 1190 2277 sacris
1206 2248 1360 2282 οἰκονομίας
1375 2247 1510 2282 generibus
1540 2255 1566 2282 p.
1585 2247 1618 2274 l9
1631 2255 1687 2283 seq.
1699 2248 1770 2276 Ului.
1789 2247 1866 2279 l688,
1880 2248 1905 2274 4.

288 2291 330 2327 [ν.
344 2291 468 2318 Thesaur.
483 2291 599 2326 epistol.,
615 2292 786 2323 Lacrozian.,
802 2297 868 2319 tom.
883 2293 928 2324 Ill,
940 2301 966 2327 p.
980 2292 1056 2328 202.]

323 2337 452 2372 Ejusdem
477 2337 584 2372 Eulogii
608 2338 760 2373 presbyteri
782 2338 901 2373 primum
922 2337 1086 2364 Antiocheui
1107 2340 1134 2362 et
1165 2335 1272 2365 abbalis
1294 2334 1323 2362 S.
1343 2334 1433 2361 Maria:
1453 2334 1708 2366 Justinianeorum,
1734 2341 1766 2362 ac
1788 2334 1907 2368 denique

286 2380 465 2408 Alexandrini
479 2388 556 2416 papae
571 2381 628 2409 sive
645 2381 779 2416 episcopi,
797 2389 847 2416 pro
865 2381 963 2408 eodem
978 2381 1079 2408 Leonis
1094 2380 1172 2407 Rom.
1195 2384 1268 2407 tomo
1284 2379 1355 2406 liber
1371 2379 1504 2406 adversus
1524 2378 1710 2406 Theodosium
1730 2383 1759 2405 ct
1776 2379 1906 2405 Severum

287 2424 452 2459 Acephalos,
478 2425 505 2451 in
529 2424 620 2452 Leone
640 2425 897 2459 reprehendentes,
921 2432 982 2459 quas
1011 2432 1067 2451 non
1092 2424 1174 2451 modo
1195 2423 1316 2459 synodus
1336 2422 1568 2450 Chalcedonensis
1593 2426 1621 2449 et
1645 2421 1774 2457 Cyrillus.
1803 2422 1849 2449 sed
1880 2427 1908 2448 et

288 2468 336 2495 SS.
358 2468 487 2495 doctores
501 2468 680 2500 Athanasius,
697 2468 859 2503 Gregorius,
883 2468 1011 2501 Basilius,
1028 2468 1190 2495 Ambrosius
1204 2473 1232 2494 et
1251 2467 1462 2502 Amphilochius
1475 2467 1613 2502 sull‘ragiis
1629 2467 1686 2494 suis
1703 2466 1910 2495 conﬁrniarant.

287 2511 352 2538 llam
365 2519 476 2545 quoque
488 2511 595 2547 Eulogii
610 2511 765 2539 lucubratio
783 2512 936 2539 intercidit.
948 2512 1011 2539 Vid.
1028 2511 1151 2543 Reincs.,
1166 2510 1243 2537 γαπ.
1264 2509 1334 2542 iect.,
1349 2517 1376 2544 p.
1394 2509 1454 2537 l5‘2.

323 2555 454 2589 Ejusdem
471 2555 561 2583 sancti
578 2555 631 2583 viri
648 2556 850 2590 στηλιτευτικὺς
866 2556 923 2583 sive
940 2556 1072 2583 Invectiva
1090 2555 1118 2582 in
1138 2554 1171 2581 Th

1059 2564 1072 2582 α
1090 2555 1118 2582 in
1138 2554 1376 2581 Theadosiannrum
1390 2558 1414 2580 et
1429 2553 1572 2584 Γαῖνιτῶν,
1596 2552 1654 2580 Caii
1678 2552 1722 2587 (de
1744 2559 1799 2586 quo
1814 2559 1907 2585 supra,

287 2606 315 2634 p.
335 2599 397 2631 2H5,
420 2599 465 2626 ed.
487 2599 569 2635 vet.),
589 2603 750 2627 sectatorum
773 2599 947 2626 subitaneam
969 2607 1001 2627 ac
1023 2607 1086 2626 mox
1109 2598 1208 2625 iterum
1232 2597 1376 2625 rescissam
1402 2596 1655 2624 reconciliationem
1679 2600 1705 2622 et
1730 2595 1908 2626 concordiam,

287 2643 361 2670 conf.
385 2643 496 2670 Reines.
522 2643 707 2679 Var.Lecl.,p.
723 2643 785 2670 466.
808 2643 860 2671 Per
874 2643 1029 2678 οἰκονομίαν
1041 2643 1068 2670 in
1084 2642 1137 2669 hoc
1153 2641 1241 2676 capite
1261 2649 1317 2668 non
1339 2641 1493 2668 incarnatio
1517 2637 1694 2674 intelligenda
1714 2646 1775 2666 cum
1795 2638 1911 2666 Seliotto

287 2691 330 2713 est
349 2686 395 2721 (ι’),
415 2687 484 2714 inde
503 2691 585 2714 totam
603 2687 755 2714 orationem
772 2686 919 2714 obscuram
943 2686 1020 2714 reddi
1040 2686 1092 2714 l'uit
1111 2680 1240 2718 necesse,
1261 2685 1309 2713 sed
1331 2685 1502 2719 dispensatio
1523 2683 1710 2721 ecclesiastica
1731 2683 1760 2709 in
1776 2682 1909 2709 servanda

288 2738 356 2765 pace
375 2718 443 2757 'cum
467 2730 665 2758 dissidentibus
685 2735 714 2758 et
735 2730 856 2758 vitandis
874 2730 963 2758 turbis
980 2738 1012 2757 ac
1035 2730 1215 2762 tumultibus,
1233 2729 1320 2757 modo
1335 2718 1401 2756 sana
1416 2727 1541 2755 doctrina
1566 2726 1637 2754 nihil
1662 2718 1727 2754 inde
1750 2725 1909 2753 detrimenti

289 2773 381 2808 capiat
407 2774 644 2807 Quemadmodum
657 2774 807 2810 Gregorius
821 2774 888 2802 Νη.
907 2775 944 2801 ait
969 2774 1149 2802 Athanasium
1166 2774 1193 2801 in
1208 2773 1302 2811 verbis
1316 2773 1432 2800 cessisse
1444 2779 1475 2799 ac
1491 2771 1576 2798 fuisse
1591 2770 1710 2802 facilem,
1728 2769 1773 2797 ubi
1787 2769 1814 2796 iu
1828 2768 1911 2795 rebus

290 2826 457 2846 consensum
475 2819 715 2847 animadvertisset
728 2828 735 2846 :
747 2820 868 2854 atquein
882 2818 958 2846 Orat.
970 2819 1002 2845 de
1013 2818 1138 2846 Pentecas

1062 2822 1165 2846 itecaste
1183 2817 1359 2852 reprehendit
1375 2816 1438 2847 τοὺς
1456 2816 1513 2847 ταῖς
1528 2813 1673 2846 συλλαὸιῖς
1683 2812 1910 2850 δυσχεραίνοντας

330 2924 366 2959 (ε)
389 2925 475 2958 Quem
502 2933 535 2952 eo
560 2926 671 2953 nomine
701 2925 879 2960 reprehendit
897 2924 1021 2953 Valesius
1032 2925 1065 2951 ad
1088 2925 1249 2958 Pliilostorg.
1270 2931 1304 2953 Vl,
1320 2922 1344 2947 5.
