2148 3262
196 221 268 253 2949

193 278 288 314 λιμεῖν
300 298 308 312 ,
337 279 394 307 τοις
417 276 500 304 αὑτοῦ
514 276 690 312 προϐλήμασι
704 275 867 310 κέχρηνται,
884 272 933 300 καὶ
947 271 997 307 τὴν

195 324 300 351 ἐκείνου
321 323 397 351 νόσον
419 322 449 349 τό
469 330 501 357 γε
520 321 564 348 ἐπ’
585 322 676 353 αὐτοῖς
697 318 882 352 ἀσπάζονται;
898 317 997 353 Εἰγὶιρ

195 369 244 396 οὒκ
254 369 312 396 εστι
320 369 401 405 φύσις
411 369 586 404 ἁπρόσωπος,
595 367 663 396 ἀλλὰ
673 368 719 394 καὶ
730 366 884 403 παρέπεται
899 365 932 400 τῇ
947 363 998 398 φύ-

197 422 239 441 σει
255 415 302 441 καὶ
318 413 476 448 πρόσωπον,
493 412 560 448 φασὶ
573 412 601 439 δὲ
617 412 649 438 ὲκ
663 411 710 438 δύο
724 411 833 445 φύσεων
845 409 895 445 τὴν
908 408 996 443 ἀπόρ-

199 462 281 496 ρητον
291 460 389 487 ἕνωσιν
401 460 431 486 ὲν
441 458 553 495 Χριστῷ
563 457 717 492 γεγονέναι,
734 457 790 493 ἄρα
806 457 838 496 ὲκ
850 455 898 482 δύο
910 461 996 489 προσ-

198 494 282 534 ώπων
308 507 369 533 κατ’
390 505 491 536 αὐτοὺς
515 505 529 531 ό
548 503 746 539 Ἐμμανυυὴλ,
777 494 830 528 καῖ
855 500 995 535 ἀνέῳκται

196 552 292 580 λοιπον
303 554 359 583 τοῖς
374 549 569 586 βλασφημοῦσι
582 547 724 584 παρρησία
738 547 786 574 δύο
800 546 936 582 πρόσωπα
946 543 994 572 πέ-

196 605 257 632 γειν
273 598 302 624 ἐν
318 595 430 632 Χριστῷ
443 616 450 627 ,
479 596 549 630 ὅπερ
575 594 675 630 μανίας
691 592 858 629 ἀνάμεστον.
883 591 922 619 οὗ
940 590 995 627 γὰρ

192 642 230 670 ’ἂν
245 643 349 678 Πέτρον
363 641 380 677 ἢ
395 641 502 669 Παῦλον
517 641 544 668 sl
555 649 598 672 τις
613 639 723 667 ἑνώσειι
742 659 750 672 ,
764 638 830 675 μίαν
842 638 994 666 ὑπόστασιν

197 689 246 716 καὶ
262 688 291 715 ἓν
306 688 455 723 πρόσωπον
471 687 544 714 εἴποι
556 695 564 702 ο
588 687 616 714 al
631 686 686 722 γὰρ
701 685 878 718 ὑποστάσεις,
892 684 911 712 ἃ
925 682 995 710 εἶναι

197 736 332 771 πρόσωπα
353 734 403 770 τὴν
419 735 481 762 κατ’
495 734 591 760 οὐσίαν
617 733 666 760 καὶ
681 733 775 769 σχέσιν
789 732 887 759 ἕνωσιν
902 730 995 758 ἑπιδέ-

197 789 290 816 χονται
302 801 309 813 ,
336 780 368 807 οὐ
391 779 442 816 τὴν
456 779 640 806 ἑνυπόστατον
655 777 703 805 καὶ
718 778 747 804 ἒν
762 778 910 813 πρόσωπον
923 777 994 804 ἀπο-

197 826 333 854 τελοῦσιν.
354 825 424 853 Κατ’
439 825 536 853 οὐσίαν
551 825 601 860 μὲν
615 824 662 852 οὖν
678 824 706 851 αἱ
721 823 885 855 ὑποστάσεις
901 823 995 850 ἑνοῦν-

198 881 254 905 ται,
270 872 308 904 ὡς
325 871 437 906 inter;
452 871 534 905 ἁγίας
547 871 663 907 Τριὰδος
674 879 680 886 ’
708 872 785 907 τρεῖς
800 871 855 906 γὰρ
872 869 992 896 ὑποστά-

198 926 254 950 σεις
272 919 336 954 μιᾶς
350 917 445 949 οὐσίας
462 917 644 953 ὑπάρχουσιν.

239 1008 274 1034 ‘H
297 1007 324 1034 δὲ
350 1007 424 1034 κατα
447 1006 539 1042 σχέσιν
561 1006 660 1038 ἓνωσις
677 1006 748 1033 κατὰ
764 1004 881 1035 πολλοὺς
896 1004 997 1030 νοεῖται

197 1053 328 1089 τρόπους,
347 1054 376 1078 ἐν
396 1051 552 1088 ὁμωνυμίᾳ,
567 1053 597 1078 ὲν
613 1050 742 1087 ἰσοτιμίᾳ,
757 1051 785 1077 ὲν
805 1049 997 1084 ταυτοΰουλίᾳ,

200 1097 246 1123 καὶ
261 1097 312 1123 ὅσα
326 1095 433 1128 τούτοις
448 1095 647 1131 παραπλήσια·
671 1096 700 1122 ὲν
714 1094 860 1130 ὁμωνυμίᾳ
874 1094 924 1128 μὲν
935 1114 942 1125 ,
961 1094 999 1126 ὼς

207 1142 306 1174 Ἰούδας
321 1143 335 1168 ό
351 1141 492 1174 Ἰακώϐου,
507 1135 662 1173 καὶῚούδας
674 1140 861 1177 Ἰσκαριὼτης-
879 1139 999 1175 ἰσοτιμία

199 1188 227 1215 δὲ
252 1187 298 1214 καὶ
315 1187 509 1223 ταυτοεουλίᾳ,
529 1187 567 1219 ὡς
582 1188 685 1223 Πέτρος
700 1187 747 1214 καὶ
764 1187 890 1221 Ἰωάννης
901 1194 908 1200 ·
933 1186 998 1212 ἑκά-

200 1242 277 1269 τερος
287 1235 340 1269 γὰρ
349 1234 497 1265 ἀπόστολος
508 1234 554 1260 καὶ
566 1233 658 1266 αὔξειν
675 1230 821 1268 ἠῦού).οντο
829 1231 859 1258 τὸ
868 1232 1000 1267 κήρυγμα

199 1281 246 1307 τοῦ
262 1280 392 1316 Χριστοῦ.
410 1281 443 1306 Ὀ
458 1279 504 1306 οὖν
520 1279 605 1316 ἔφθην
625 1278 711 1306 εἰπὼν
732 1279 761 1305 αἱ
776 1278 823 1305 δύο
835 1279 1000 1309 ὑποστάσεις

201 1329 230 1363 fy,
238 1336 284 1354 ουν
297 1327 431 1363 πρόσωπα
444 1327 587 1362 ὲνούμενα,
600 1326 728 1353 οὐδέποτε
745 1325 808 1361 μίαν
823 1324 1000 1352 ἀποτελοῦσιν

201 1374 351 1400 ὑπόστασιν
366 1372 413 1400 καὶ
429 1372 458 1399 ἓν
478 1373 632 1408 πρόσωπον.
655 1371 691 1398 Ἐἰ
704 1369 750 1398 οὖν
773 1372 805 1398 ὲκ
825 1371 872 1398 δύο
892 1371 1001 1405 φύσεων

200 1421 215 1446 ὀ
230 1419 413 1455 Ἐμμανουήλ,
424 1419 441 1455 ἡ
453 1419 481 1445 δὲ
496 1418 577 1453 φύσις
593 1418 738 1453 πρόσωπόν
749 1419 809 1444 ἔστι
820 1419 879 1445 κατ’
891 1418 1001 1449 αὐτοὺς,

202 1466 278 1492 ἔσται
301 1466 427 1500 ἄρα,καὶ
450 1466 482 1492 ὲκ
501 1464 548 1491 δύο
571 1463 726 1499 προσώπων
739 1485 746 1496 ,
763 1464 836 1500 ἅπερ
851 1464 901 1490 οὐκ
914 1463 1002 1490 ἐπιδέ-

202 1517 294 1543 χονται
309 1510 357 1544 τὴν
373 1509 554 1535 ὲνυπόστατον
569 1509 668 1536 ἕνωσιν
681 1517 687 1524 ·
713 1510 760 1536 καὶ
776 1508 848 1535 οὕτω
862 1509 933 1535 κατὰ.
947 1507 1001 1535 τῶν

192 1554 407 1589 ιδ·ςφοαρμὲνων
431 1555 511 1589 λόγον
531 1555 562 1581 τὸ
582 1556 632 1590 τῆς
644 1555 724 1582 ἀθέου
739 1555 899 1590 διαιρέσεως
913 1554 1002 1589 δόγμα

203 1600 294 1636 χώραν
309 1600 439 1636 εὑρήσει·
467 1601 515 1627 καὶ
538 1600 672 1636 Κύριλλος
697 1599 896 1635 ἐκϐληθήσεται
916 1598 1001 1626 πάλαι

202 1647 272 1673 κατὰ
288 1646 436 1682 Νεστορίου
452 1646 564 1673 τοιαῦτα
579 1646 664 1681 βοῶν,
681 1646 772 1681 ὀνήσει
785 1645 814 1672 δὲ
829 1645 887 1671 κατ’
903 1644 1000 1671 οὐδένα

196 1694 301 1727 ’τρόπον
311 1692 356 1720 τδν
366 1693 446 1728 ὀρθὸν
454 1693 517 1728 περὶ
527 1693 576 1728 τῆς
591 1692 708 1723 πίστεως
723 1691 800 1726 λόγον
816 1692 855 1722 εἰς
869 1690 900 1718 τὸ
913 1690 1000 1721 οὓτως

199 1738 289 1774 ίχιιν.
314 1738 374 1766 Κᾶν
390 1739 415 1765 εί
431 1737 586 1773 προσώπων
599 1738 696 1764 ἕνωσιν
712 1736 901 1772 ὲπιφημίξωσί
915 1744 999 1776 τινες,

204 1785 262 1812 ἀλλ’
289 1785 340 1820 οὐχ
360 1784 447 1816 οὕτως
463 1784 526 1811 οὔτε
541 1785 558 1819 ή
574 1783 688 1818 ἀλήθεια
704 1784 827 1815 ἀπαιτεῖ,
845 1782 902 1809 οὔθ’
918 1783 1001 1817 ἡμεῖς

205 1829 356 1865 ἀνεξόμεθα
367 1848 374 1860 ,
398 1828 466 1855 ἀλλὰ
480 1828 530 1863 τὴν
544 1828 639 1863 ἀκλινῆ
656 1828 702 1854 καὶ
718 1828 805 1863 μέσην
817 1827 877 1854 ὁδὸν
891 1827 1001 1862 βαδιού-

209 1875 291 1911 μεθα,
307 1877 371 1908 τοὺς
387 1875 438 1911 μὶν
451 1875 535 1902 δυάδα
550 1875 705 1910 προσώπων
719 1875 918 1909 εἰσαγαγόντας
934 1873 1001 1899 ἁνα-

204 1922 397 1958 οεματίζοντες
408 1942 416 1954 ,
444 1922 494 1958 τὴν
515 1921 543 1948 δὲ
565 1920 697 1956 ἀλήθειαν
710 1920 765 1947 τῶν
779 1922 808 1947 ἐν
821 1919 934 1955 Χριστῷ
951 1919 999 1945 δύο

203 1968 304 1996 οὐσιῶν
320 1967 527 2004 ὁμολογοῦντες.

246 2091 316 2120 Ἀλλ’
334 2091 400 2123 ἴσως
415 2091 445 2124 ἐξ
454 2091 569 2127 ἀπορίας
584 2091 757 2126 διαστρέφειν
771 2091 937 2127 πειρώμενοι
951 2093 1000 2128 τὴν

205 2139 336 2173 τοιαύτην
352 2137 517 2173 πεποίηνται
533 2137 677 2172 πρότασιν
695 2137 774 2172 ἡμῶν
786 2138 841 2174 γὰρ
855 2129 1001 2166 ὲνύποστά-

206 2193 259 2216 τως
275 2183 420 2219 ὴνωμένας
435 2182 482 2210 δύο
495 2183 593 2217 φύσεις
606 2183 759 2217 λεγόντων,
779 2183 1000 2219 ἑθελοκωφῶσιν,

207 2232 256 2258 καὶ
275 2230 449 2266 περιξύοντες
464 2230 515 2264 τῆς
526 2229 674 2264 ὁμολογίας
689 2231 704 2264 ἡ
710 2230 780 2265 μῶν,
797 2230 836 2265 τῷ
849 2230 1001 2257 ὲνυποστά-

207 2286 260 2309 τως
276 2275 418 2311 ἡνωμένας
435 2275 605 2312 προσλήματι
620 2276 767 2311 κέχρηνται
782 2275 842 2302 καθ’
858 2276 938 2311 ἡμῶν
952 2276 1001 2311 τῆς

208 2319 349 2358 ἡμετέρας
365 2322 513 2357 ὁμολογίας
529 2322 658 2357 ἀπᾴδοντι
670 2342 678 2354 ,
697 2323 744 2348 καί
760 2331 854 2356 φασιν,
870 2323 928 2349 Οὐκ
943 2322 1002 2349 ἐστι

209 2370 290 2405 φύσις
307 2369 473 2403 ἁπρόσωπος
484 2375 492 2383 ⁶
519 2367 546 2394 τί
563 2368 653 2394 τοίνυν
668 2368 760 2399 αὐτοῖς
777 2367 807 2394 τὸ
826 2368 909 2402 σοφὸν
923 2368 1003 2394 τοῦτο

210 2415 334 2451 βούλεται
349 2414 497 2450 πρόϐλημα
511 2423 518 2446 ;
538 2414 570 2440 Et
587 2414 638 2448 μὲν
658 2414 700 2440 ὁτι
714 2414 743 2440 οὐ
758 2415 871 2441 δυνατὸν
886 2414 936 2446 τὰς
950 2414 1003 2448 φύ-

209 2472 266 2494 σεις
283 2463 372 2494 ἄλλως
387 2463 404 2498 ἦ
421 2463 450 2489 ἐν
464 2461 622 2498 προσώποις
636 2461 811 2497 θεωρεῖσθαι,
827 2463 933 2494 τούτοις
949 2463 1004 2494 πᾶς

208 2519 250 2542 τις
263 2511 311 2538 καὶ
323 2509 378 2535 τῶν
394 2510 481 2545 μικρὰ
494 2509 603 2535 εἰδότων
618 2509 874 2544 συνομολογήσειενο
892 2509 934 2540 τίς
948 2509 1004 2544 γὰρ

209 2557 302 2590 ἀγνοεῖ
324 2556 364 2582 ὃτι
388 2554 504 2582 καθόλου
528 2556 557 2581 ἐν
573 2555 630 2586 τοῖς
646 2555 719 2582 κατὰ
734 2555 819 2590 μέρος
833 2555 1002 2591 προσώποις,

209 2604 280 2638 ὅπερ
302 2604 363 2633 ταῖς
385 2602 650 2637 χαρακτηριστικαῖς
665 2601 831 2629 ὑποστάσεσι
846 2601 1004 2638 θεωρεῖται,

211 2651 254 2684 εἴη
277 2650 326 2683 τῆς
348 2648 475 2683 θεότητος
492 2648 573 2682 φύσις
589 2649 618 2674 ἐν
633 2648 736 2681 Πατρὶ,
758 2649 787 2675 ἐν
804 2649 872 2684 Υἰῷ,
891 2650 919 2676 ἐν
934 2649 1004 2685 ἁγίῳ

212 2694 349 2730 Πνεύματι
364 2704 370 2727 ;
390 2695 492 2730 ὁμοίως
509 2695 526 2730 ἡ
541 2695 675 2730 ἀγγελικὴ
691 2695 772 2729 φύσις
788 2696 818 2722 ὲν
834 2696 955 2732 Μιχαὴλ,
976 2697 1005 2722 ὲν

212 2741 333 2777 Γαϐριὴλ
353 2741 401 2768 καὶ
421 2742 477 2773 τοῖς
495 2741 616 2774 λοιποῖς;
638 2742 685 2768 καί
698 2743 715 2777 ἡ
730 2742 780 2776 τῆς
794 2743 1006 2778 ἀνθρωπξτητος

212 2786 295 2821 φύσις
318 2788 347 2814 ὲν
368 2789 425 2818 τοῖς
445 2787 506 2814 καθ’
521 2787 638 2814 ἕκαστον
650 2788 814 2823 γνωρίζεται
829 2789 1004 2824 xpendi-11%;;

213 2834 246 2862 Hl
260 2833 289 2863 δὲ
303 2833 382 2860 τοῦτο
394 2833 535 2868 βούλονται
548 2834 767 2866 κατασκευάζειν
782 2835 823 2860 ὃτι
837 2835 912 2870 πάσῃ
926 2835 1005 2870 φύσει

215 2879 315 2912 totum
329 2879 491 2914 περιέπεται
506 2879 662 2915 πρόσωπον,
675 2880 721 2906 ἐπὶ
741 2881 797 2907 τῶν
813 2881 850 2916 μὴ
864 2881 926 2907 καθ’
939 2881 1005 2908 ὑπό-

213 2933 310 2953 στασιν
321 2925 471 2960 ήνωμένων
482 2925 602 2961 φύσεων,
615 2927 628 2953 ὁ
642 2927 715 2953 ἐστιν
727 2926 838 2959 οὖσιῶν,
853 2927 899 2954 καὶ
911 2927 1006 2955 τοῦτον

783 206 1018 248 FRAGMENTA
1038 215 1267 245 DOGMATICA.

1770 213 1844 246 2950

1010 270 1035 300 Α
1050 271 1212 307 impugnare
1229 270 1404 303 simulantes,
1425 269 1509 306 hujus
1525 269 1696 305 argumentis
1715 273 1843 303 utuntur,

1049 322 1078 345 et
1093 317 1168 345 illius
1183 310 1366 345 morbum'ita
1382 316 1436 344 sibi
1460 316 1641 351 adjudicant?
1655 315 1684 344 Si
1698 316 1774 344 enim
1788 324 1844 344 non

1048 367 1092 391 est
1113 367 1214 390 natura
1232 362 1438 398 impersonalis,
1463 361 1512 390 sed
1534 367 1662 389 naturam
1689 361 1846 397 insequitur

1048 415 1183 444 persona,
1209 409 1306 436 dicunt
1327 416 1343 436 e
1369 408 1478 436 duabus
1506 407 1616 435 naturis
1644 407 1845 442 impossibilem

1047 454 1077 482 in
1100 453 1213 482 Christo
1240 454 1372 482 unionem
1388 453 1489 481 factam
1512 461 1585 486 esse,
1601 460 1667 489 ergo
1686 461 1721 481 ex
1737 453 1847 481 duabus

1047 500 1176 536 personis
1202 500 1358 538 secundum
1385 501 1454 529 istos
1480 505 1588 529 constat
1611 501 1791 535 Emmanuel,
1818 506 1847 529 et

1047 550 1254 581 consequenter
1289 545 1414 581 aperitur
1444 545 1704 582 blasphemantibus
1731 547 1847 574 libertas

1047 591 1117 620 duas
1134 599 1272 626 personas
1285 592 1396 620 dicendi
1412 591 1440 619 in
1451 591 1576 625 Christo,
1590 591 1664 627 quod
1678 596 1721 619 est
1733 591 1848 619 demen-

1031 629 1085 671 'tia‘
1116 637 1261 665 refertum.
1295 637 1356 665 Non
1381 638 1467 670 enim,
1495 638 1519 665 si
1545 638 1657 665 Petrum
1679 642 1708 665 et
1730 637 1846 665 Paulum

1047 684 1184 716 univeris,
1203 691 1288 710 unam
1313 683 1523 711 subsistentiam
1547 688 1577 711 et
1592 691 1675 710 unam
1698 690 1846 719 personam

1047 731 1169 764 dixeris;
1201 738 1263 766 quae
1293 730 1368 758 enim
1395 730 1600 762 subsistentia,
1631 738 1693 765 quae
1722 736 1848 765 persomn

1047 778 1179 805 unionem
1202 777 1230 804 in
1248 777 1404 804 substantia
1418 782 1448 804 et
1460 777 1596 805 relatione
1619 777 1769 812 recipiunt,
1790 785 1846 805 non

1048 831 1131 851 unam
1149 823 1360 851 subsistentiam
1383 831 1474 858 neque
1498 831 1581 850 unam
1597 830 1744 858 personam
1762 823 1847 858 perﬁ-

1046 869 1136 897 ciunt.
1160 868 1321 896 Secundum
1342 869 1527 896 substantiam
1550 868 1636 903 igitur
1659 867 1848 896 subsistentia:

1048 914 1195 947 uniuntur,
1211 918 1241 941 ut
1257 914 1285 941 in
1300 918 1396 941 sancta
1409 913 1528 945 Triade;
1545 917 1603 940 tres
1620 912 1695 940 enim
1721 912 1761 940 ibi
1778 912 1847 940 sub-

1013 949 1033 976 B
1049 959 1184 988 sistentiae
1207 959 1291 987 unius
1307 966 1372 987 sunt
1387 959 1560 987 substantiae.

1100 1004 1172 1033 Uuio
1205 1009 1300 1032 autem
1333 1004 1488 1031 secundum
1522 1004 1686 1032 relationem
1719 1004 1849 1040 plurimis

1050 1049 1208 1083 concipitur
1226 1048 1332 1081 modis,
1348 1049 1377 1075 in
1395 1048 1572 1085 homonymia
1585 1069 1592 1081 ,
1616 1050 1644 1077 in
1662 1049 1805 1085 dignitatis
1820 1053 1850 1077 et

1049 1094 1204 1122 voluntatis
1218 1095 1424 1128 conl'ormitate,
1440 1100 1469 1124 et
1482 1096 1546 1123 aliis
1557 1104 1618 1131 qua:
1631 1097 1708 1124 hisee
1722 1097 1850 1124 referun-

1050 1146 1115 1168 tur:
1133 1141 1162 1169 in
1177 1141 1355 1178 homonymia
1367 1141 1492 1177 quidem,
1512 1147 1542 1170 ut
1558 1143 1645 1171 ludas
1659 1143 1746 1171 Jacob
1764 1140 1849 1173 Illius.

1049 1190 1079 1215 et
1092 1184 1178 1215 Iudas
1195 1187 1360 1220 lseariotes;
1380 1187 1408 1214 in
1425 1187 1570 1223 dignitatis
1585 1193 1678 1216 autem
1701 1193 1730 1216 et
1751 1188 1850 1215 volun-

1052 1233 1118 1261 tatis
1144 1233 1351 1265 cOnformitate,
1371 1238 1402 1261 ut
1416 1234 1515 1262 Petrus
1531 1238 1560 1261 et
1576 1234 1709 1266 Joannes,
1731 1239 1849 1270 uterque

1050 1282 1126 1309 enim
1141 1282 1284 1317 apostolus
1297 1286 1325 1310 et
1340 1282 1494 1310 extendere
1511 1282 1641 1310 volebant
1651 1283 1757 1310 Christi
1781 1290 1850 1317 pra!-

1051 1327 1232 1355 dicationem.
1248 1327 1329 1361 Quod
1347 1327 1432 1363 igitur
1447 1329 1502 1363 jam
1519 1328 1626 1356 asserui
1642 1328 1761 1356 dicens:
1787 1328 1850 1355 dua:

1051 1373 1255 1406 subsistentia,
1281 1381 1405 1408 personae
1431 1374 1553 1406 scilicet,
1585 1374 1681 1407 unius,
1707 1382 1849 1409 nunquam

1052 1426 1136 1445 unam
1160 1419 1368 1447 subsistentiam
1387 1429 1478 1456 neque
1501 1428 1584 1448 unam
1602 1428 1748 1455 personam
1768 1421 1851 1455 perli—

1052 1465 1140 1492 ciunt.
1165 1464 1193 1492 Si
1219 1465 1306 1500 igilur
1323 1474 1357 1493 ex
1376 1466 1487 1494 duabus
1512 1466 1620 1494 naturis
1647 1471 1756 1494 constat
1784 1466 1850 1493 Em-

1053 1509 1173 1542 manuel,
1189 1515 1217 1537 et
1231 1518 1346 1545 qumque
1362 1517 1462 1538 natura
1484 1512 1521 1539 sit
1544 1520 1664 1547 persona
1692 1512 1847 1539 secundum

1053 1554 1132 1587 istos,
1147 1555 1285 1582 constabit
1305 1564 1371 1590 ergo
1392 1564 1424 1584 ex
1443 1557 1552 1584 duabus
1563 1558 1703 1592 personis,
1718 1566 1780 1593 qua:
1794 1566 1849 1586 non

1053 1597 1203 1626 admittunt
1231 1599 1363 1627 unionem
1391 1600 1419 1627 iii
1445 1609 1500 1628 una
1526 1602 1716 1630 subsistentia.
1737 1603 1775 1630 lta
1801 1611 1851 1638 per

1053 1643 1169 1671 istorum
1185 1644 1359 1679 perditorum
1376 1646 1512 1674 rationem
1527 1648 1581 1675 hoc
1594 1647 1851 1683 impiaedistinctio-

1051 1691 1095 1716 nls
1111 1690 1209 1726 dogma
1226 1691 1318 1720 locum
1335 1692 1478 1726 inveniet;
1494 1699 1522 1721 et
1539 1694 1660 1730 Cyrillus
1675 1695 1850 1723 deridebitur

1051 1742 1114 1762 cum
1138 1736 1203 1763 talia
1220 1736 1288 1764 dicit
1304 1737 1331 1764 in
1354 1737 1526 1769 Nestorium,
1543 1743 1570 1766 et
1587 1739 1663 1766 nullo
1679 1739 1762 1766 modo
1787 1747 1851 1773 pro-

1051 1781 1125 1808 derit
1141 1786 1171 1809 ut
1186 1788 1292 1810 rectum
1307 1784 1381 1811 circa
1396 1783 1459 1811 lldei
1471 1785 1618 1818 rationem,
1633 1791 1663 1813 ut
1676 1786 1728 1813 tale
1740 1785 1847 1813 evadat.

1052 1827 1184 1860 Quamvis
1207 1836 1389 1863 personarum
1416 1831 1549 1858 unionem
1564 1832 1776 1866 patrocinentur
1789 1831 1850 1866 qui-

1052 1874 1126 1906 dam,
1151 1882 1205 1901 non
1234 1874 1261 1901 id
1285 1879 1377 1902 tamen
1395 1875 1499 1902 veritas
1525 1876 1656 1910 postulat,
1683 1884 1773 1911 neque
1799 1884 1852 1904 nos

1051 1920 1185 1951 feremus,
1211 1920 1259 1948 sed
1277 1920 1405 1948 inﬂexam
1421 1925 1449 1948 et
1462 1921 1581 1949 mediam
1598 1922 1670 1949 viam
1691 1930 1850 1958 sequentur,

1053 1966 1103 1993 hos
1125 1966 1173 2001 qui
1190 1966 1310 1993 duadem
1326 1973 1508 2001 personarum
1531 1967 1667 1995 inducunt
1691 1969 1852 1995 anathema-

1053 2011 1174 2044 tizando,
1194 2011 1341 2039 veritatem
1363 2016 1457 2040 autem
1480 2012 1599 2040 duarum
1616 2013 1644 2040 in
1658 2012 1771 2041 Christo
1785 2014 1852 2041 sul:—

1052 2058 1217 2086 stantiarum
1231 2057 1400 2093 proﬁtendo.

1105 2103 1159 2131 Sed
1194 2103 1266 2131 forte
1297 2104 1332 2132 ad
1365 2103 1556 2132 ditlicultatem
1581 2104 1740 2132 solvendam
1767 2105 1850 2132 talem

1053 2150 1216 2177 statuissent
1242 2150 1472 2185 propositionem.
1497 2150 1584 2178 Nobis
1609 2150 1684 2178 enim
1709 2150 1736 2178 in
1756 2151 1849 2179 subsi-

1053 2194 1155 2222 stentia
1181 2193 1275 2222 unitas
1300 2195 1370 2222 duas
1400 2200 1516 2223 naturas
1547 2195 1718 2228 dicentibus,
1751 2195 1852 2223 surdcs

1052 2247 1083 2267 se
1114 2240 1257 2275 praebent,
1284 2244 1312 2267 et
1341 2240 1422 2275 quasi
1445 2244 1570 2268 nostram
1592 2240 1772 2268 assertionem
1806 2249 1851 2268 ra-

1017 2296 1041 2324 ι)
1054 2284 1173 2317 dentes,
1203 2289 1329 2312 statuunt
1350 2284 1463 2320 quidem
1498 2285 1598 2312 unitas.
1617 2285 1645 2313 in
1671 2285 1851 2314 subsistentia

1054 2335 1187 2364 naturas,
1212 2330 1260 2358 sed
1289 2336 1386 2358 contra
1411 2339 1462 2358 nos
1490 2331 1594 2359 utendo
1623 2332 1814 2367 propositione
1837 2341 1853 2360 ιι

1055 2383 1150 2408 nostra
1173 2378 1328 2406 assertione
1352 2378 1535 2413 discrepanti,
1558 2384 1587 2406 et
1608 2378 1707 2406 dicunt
1720 2386 1775 2406 non
1791 2386 1853 2406 esse

1055 2429 1183 2452 naturam
1209 2424 1434 2459 impersonalem.
1459 2423 1531 2457 Quid
1556 2424 1641 2459 igitur
1667 2424 1778 2459 sapiens
1800 2425 1853 2452 ista

1055 2471 1115 2498 vult
1136 2469 1316 2505 propositio?
1341 2469 1485 2504 Siquidem
1503 2477 1559 2497 non
1580 2477 1660 2504 posse
1679 2470 1739 2497 ileri
1760 2470 1854 2498 dicant

1056 2521 1088 2543 ut
1107 2520 1214 2544 naturae
1227 2520 1442 2550 cognoscantur,
1455 2515 1510 2543 nisi
1531 2515 1558 2542 in
1576 2515 1705 2550 personis
1717 2516 1771 2544 hoc
1787 2523 1854 2551 pro-

1056 2561 1130 2589 fecto
1157 2561 1212 2588 illis
1236 2561 1406 2588 concesserit
1421 2560 1550 2596 quisquis
1565 2561 1607 2588 vel
1627 2561 1767 2603 modicum
1782 2561 1856 2596 peri-

1058 2612 1102 2634 tus
1126 2606 1172 2634 sit.
1191 2606 1258 2640 Quis
1273 2606 1347 2634 enim
1366 2607 1475 2642 ignorat
1498 2607 1524 2634 id
1541 2607 1617 2642 qur-ti
1635 2607 1795 2635 universale
1811 2612 1855 2635 est

1058 2653 1084 2680 in
1111 2653 1230 2689 singulis
1253 2653 1392 2688 personis,
1408 2653 1436 2680 id
1449 2653 1700 2681 est~subsistentiis
1713 2655 1857 2681 characte-

1057 2699 1161 2734 risticis
1188 2699 1346 2734 inspicitur,
1371 2704 1449 2735 puta,
1473 2699 1633 2727 Divinilatis
1650 2703 1747 2726 natura
1762 2699 1790 2726 in
1803 2699 1856 2726 Pa-

1058 2751 1110 2778 tre,
1129 2745 1200 2773 Filio
1213 2749 1242 2772 et
1259 2749 1357 2772 saneto
1377 2745 1509 2780 Spiritu?
1529 2745 1655 2780 angelica
1678 2745 1708 2772 in
1728 2744 1856 2776 Michael,

1057 2790 1169 2819 Gabriel
1196 2796 1225 2818 et
1247 2792 1378 2819 caeteris?
1393 2796 1422 2819 et
1438 2791 1620 2819 humanitatis
1635 2795 1735 2819 natura
1750 2791 1779 2818 in
1798 2791 1857 2818 sin-

1058 2837 1130 2873 gulis
1142 2838 1320 2873 cognoscitur
1334 2838 1460 2873 personis
1472 2839 1484 2865 ?
1509 2838 1558 2866 Sin
1574 2842 1667 2865 autem
1683 2837 1857 2865 contendunt

1060 2891 1284 2919 unamquamque
1301 2888 1429 2912 naturam
1449 2892 1598 2920 personam
1616 2885 1755 2920 propriam
1772 2885 1858 2912 corni-

1059 2929 1126 2963 tari;
1142 2929 1194 2956 hoc
1205 2929 1319 2965 quidem
1333 2938 1395 2958 esse
1410 2939 1508 2958 verum
1524 2930 1682 2959 censuerim
1697 2931 1726 2959 in
1739 2931 1858 2962 naturis,
