2148 3253
214 240 1833 266 w

853 349 939 372 ANNO
957 350 1070 374 DOIINI
1087 351 1192 374 DXCVI.

460 443 546 534 S.
629 441 1084 533 SYMEON
1157 444 1212 532 J
1218 441 1362 532 UN
1368 439 1583 532 10R.

598 688 676 733 DE
711 688 759 733 S.
796 687 1124 735 SYMEONE
1171 687 1474 733 STYLITA

646 793 679 816 IN
701 791 807 816 nom
819 792 960 815 metu
973 793 1075 816 saepe
1090 783 1410 821 Amocmn'svm,

411 868 710 900 COMMENTARIUS
731 866 910 898 Ριιιιινιυε
927 866 1039 897 CONR.
1059 865 1279 903 JANNINGHI,
1295 864 1512 896 SOCIETATIS
1527 864 1629 897 JBU.

705 950 848 986 (Battus.
862 949 921 978 Act.
937 947 1030 977 Sanct.
1050 953 1071 977 t.
1088 948 1111 976 ν
1126 948 1201 982 Maii,
1217 956 1245 984 p.
1261 947 1338 983 298.)

200 1105 214 1139 ξ
236 1103 257 1131 1.
282 1103 371 1130 Trium
397 1102 512 1138 rjusdem
533 1102 646 1139 nominis
668 1100 826 1139 Slylitamm
846 1100 995 1132 diversitas,
1011 1101 1168 1134 Aquorum
1198 1107 1284 1126 unum
1310 1099 1405 1126 laudat
1431 1098 1628 1128 inveniendum
1652 1097 1726 1133 apud
1753 1105 1784 1126 se
1805 1097 1839 1126 ad

428 1138 594 1172 cognomina,
612 1140 636 1162 et
646 1135 741 1163 cultus.

235 1194 262 1220 l.
278 1193 436 1221 Gnecorum
448 1192 595 1223 Triodion.
612 1192 692 1226 cujus
705 1191 732 1218 in
749 1199 848 1218 eorum
865 1191 994 1220 ecclesiis

199 1246 266 1266 usus
282 1243 347 1266 esta
361 1238 504 1265 Dominica
516 1237 736 1272 Septuagesimm
756 1244 843 1272 usque
859 1237 892 1264 ad
914 1241 993 1264 octa-

199 1291 260 1311 vam
280 1284 472 1314 Pcutccostes.
492 1283 518 1310 in
531 1282 747 1313 Canonejeriae
763 1290 789 1309 VI
810 1287 875 1310 ante
896 1283 993 1310 Domi-

198 1329 289 1356 nicum
308 1328 679 1364 Quinqttagesilnzmquando
693 1328 722 1355 lit
734 1327 861 1355 Memoria
874 1329 993 1355 omnium

198 1381 351 1403 sanctorum
366 1379 389 1401 et
408 1375 575 1409 Dciferarum
592 1373 717 1404 Patrum.
731 1374 776 1408 qui
791 1375 819 1400 in
843 1374 992 1400 monastica

200 1422 390 1449 exercitatione
412 1420 590 1455 singulariter
633 1419 788 1451 eluxerunt,
817 1419 922 1454 Μνὴμη
939 1418 993 1444 τῶν

200 1469 281 1495 ὁσίων
298 1469 345 1494 καὶ
355 1467 498 1502 Θεοφόρων
515 1467 656 1501 Πατέρων,
668 1466 723 1492 τῶν
749 1467 778 1492 ιν
789 1467 905 1500 ὰςκήσει
921 1465 992 1500 λαμ-

199 1514 330 1548 ψά-ιτων,
358 1521 455 1540 eorum
483 1512 653 1540 celebrior-cs
681 1512 823 1548 sigillatim
842 1517 870 1539 et
892 1511 993 1538 ordine

200 1560 375 1595 alphabetieo
387 1559 541 1587 laudandos
554 1558 696 1594 proponit,
709 1566 758 1593 per
768 1558 908 1586 Canonem
921 1557 994 1586 bene

200 1607 324 1641 longum.
342 1607 371 1632 in
383 1605 466 1640 hujus
479 1609 573 1631 autem
589 1604 704 1631 canonis
719 1603 772 1632 ode
796 1604 823 1634 6,
847 1603 959 1638 strophe
976 1603 994 1630 5

201 1653 292 1687 (cujus
307 1655 336 1678 et
353 1651 491 1678 Baronius
506 1650 634 1678 meminit
646 1650 679 1678 ad
704 1658 749 1677 an.
763 1650 826 1682 842,
843 1657 921 1676 num.
934 1649 992 1684 37),

201 1698 353 1734 Symeones
377 1701 498 1731 quatuor
519 1696 559 1724 sic
574 1700 852 1723 commemorantur:
871 1695 993 1730 Οὐρανὸς

201 1744 419 1777 τετραφόστιρος
453 1742 540 1777 ἐφάνη
555 1742 585 1768 ιν
601 1743 648 1776 γῇ,
682 1742 699 1776 ἡ
724 1741 768 1768 διὰ
793 1741 834 1772 δὶς
853 1739 900 1767 δύο
924 1739 993 1775 αὕτη

1048 1146 1151 1173 calcem
1166 1145 1392 1180 Evangeliorum,
1407 1144 1524 1172 Arabico
1552 1144 1579 1171 in
1590 1143 1708 1180 Egypto
1726 1144 1839 1179 perpul-

1048 1191 1114 1219 chre
1132 1191 1312 1226 scriptorum.
1328 1199 1375 1218 an.
1391 1195 1544 1226 martyrum
1561 1198 1611 1222 ιιιι,
1630 1189 1657 1217 id
1683 1189 1840 1218 esthristi

1049 1236 1135 1268 £286;
1154 1237 1195 1264 sic
1209 1240 1302 1264 autem
1318 1236 1356 1264 ibi
1371 1236 1549 1265 referuntur:
1564 1237 1581 1263 ι
1597 1235 1782 1264 mensisth
1792 1243 1843 1264 seu

1050 1282 1060 1310 Ι
1078 1282 1249 1317 Septembris
1265 1282 1401 1318 Symeonis
1430 1281 1546 1312 Detenti.
1566 1283 1646 1329 cujus
1667 1281 1843 1317 cognominis

1049 1327 1121 1355 ratio
1137 1328 1210 1355 haud
1226 1328 1307 1356 facile
1324 1333 1460 1363 apparet;
1476 1328 1511 1355 29
1530 1327 1633 1355 menSis
1646 1328 1773 1356 Bachnes
1791 1336 1841 1355 seu

1047 1374 1082 1402 24
1097 1374 1171 1406 Maii.
1187 1375 1273 1401 sancti
1293 1373 1431 1409 Symeonis
1444 1374 1557 1409 Magni;
1573 1375 1590 1402 5
1613 1374 1716 1402 mensis
1739 1374 1840 1405 Musre,

1048 1420 1074 1447 id
1088 1425 1131 1447 est
1147 1421 1181 1447 27
1193 1420 1260 1448 Julii
1278 1441 1285 1452 ,
1312 1419 1450 1455 Symeonis
1472 1419 1587 1455 Stylita’.
1617 1419 1713 1447 Itidem
1743 1419 1842 1447 iisdem

1047 1466 1148 1494 diebus
1163 1472 1346 1494 recensentur
1367 1466 1450 1493 etiam
1468 1466 1496 1493 in
1520 1465 1690 1493 Kalendario
1713 1466 1838 1502 Syriaco.

1046 1512 1122 1546 quod
1140 1511 1270 1539 Pstribus
1281 1512 1385 1540 nostris
1404 1511 1582 1539 Henschenio
1593 1517 1621 1539 et
1637 1511 1841 1547 Papebmchio.

1047 1557 1143 1585 Romae
1174 1557 1202 1585 in
1237 1557 1355 1593 collegio
1391 1557 1569 1590 Maronitieo.
1599 1557 1698 1586 Latine
1725 1557 1842 1586 dictavit

1046 1604 1079 1632 D.
1106 1603 1267 1639 Josephus,
1300 1603 1409 1639 collegii
1438 1604 1565 1640 ejusdem
1597 1605 1750 1637 alumnus,
1788 1604 1846 1632 hoc

1049 1651 1133 1678 modo
1153 1659 1159 1677 :
1179 1650 1270 1678 Obitus
1291 1651 1377 1677 sancti
1400 1649 1539 1686 Symeonis
1566 1651 1648 1686 primi
1668 1650 1840 1687 Stylitarum.

1047 1697 1134 1724 sancti
1146 1695 1341 1731 Symeonis.....
1358 1697 1445 1724 sancti
1459 1696 1596 1732 Symeom's
1608 1695 1722 1732 Stylitc.
1753 1697 1843 1731 Atque

1048 1743 1147 1770 eodem
1162 1743 1220 1770 fere
1235 1742 1329 1775 modo.
1345 1743 1456 1778 punctis
1471 1743 1556 1770 etiam
1574 1743 1609 1769 ad
1621 1741 1775 1769 secundum
1793 1749 1844 1770 ιω·

202 1788 369 1823 Συμεώνειος
389 1787 545 1822 ὁμωνυμία,
557 1787 584 1813 ὲν
599 1787 656 1818 τοῖς
671 1786 776 1817 στύλοις
789 1787 861 1821 τρεῖς
872 1786 934 1817 εισι,
951 1786 998 1812 καὶ
1011 1787 1035 1817 Β

993 1794 998 1812 ’-
1011 1787 1035 1817 B
1052 1789 1126 1820 tatis,
1139 1789 1201 1816 loco
1212 1787 1288 1815 vocis
1300 1788 1420 1823 alicujus
1436 1787 1591 1815 deﬁcientis
1606 1794 1715 1822 usuque
1723 1787 1841 1820 extrita.

201 1832 242 1866 εἷς
256 1835 270 1860 ὁ
281 1833 445 1866 22116;.ch
459 1834 498 1860 bis
511 1833 626 1859 duorum
638 1831 798 1868 Symeonum
815 1833 994 1868 homonymia.

205 1881 332 1914 apparuit
348 1881 376 1906 in
399 1884 472 1906 terra
499 1879 570 1906 velut
585 1877 680 1905 caelum
705 1884 822 1913 quatuor
852 1878 996 1905 luminari-

202 1926 248 1953 bus
268 1926 432 1957 distinctum,
452 1934 566 1961 quarunt
595 1930 647 1951 tres
664 1925 691 1952 in
709 1925 838 1952 columnis
865 1926 995 1958 rixerunt,

204 1981 273 1999 unus
288 1972 444 2008 appellatur
458 1971 548 1999 Salus.
562 1972 670 2000 Colitur
683 1972 800 1999 ultimus
814 1971 859 1998 die
881 1972 893 1998 1
916 1971 995 1998 ιυΙὶἰς

204 2018 366 2053 Stylitarum
392 2017 448 2045 duo
471 2018 611 2045 notissimi
638 2022 714 2049 sunt,
730 2018 815 2045 etiam
842 2017 914 2052 apud
938 2017 996 2044 Mo-

203 2064 286 2091 schos
297 2063 651 2098 etquotquotaliiGrrecis
674 2063 776 2091 ritibus
797 2067 933 2096 utuntur;
957 2071 997 2090 u-

205 2110 274 2141 m'or,
287 2109 440 2137 5Januarii
454 2110 526 2144 apud
550 2109 674 2141 Latinos,
697 2110 770 2144 apud
795 2110 907 2138 Graecos
924 2109 998 2137 lSe-

204 2155 356 2190 ptembris;
380 2155 486 2189 junior.
500 2154 607 2182 Latinis
618 2155 709 2182 Fastis
726 2155 836 2190 ignotus
853 2162 942 2190 usque
963 2154 997 2182 ad

206 2201 414 2228 renovationcm
438 2200 624 2236 Martyrologii
652 2209 668 2227 a
684 2200 804 2227 Baronio
828 2199 939 2232 factam,
957 2199 997 2227 fe-

204 2247 356 2273 stivitatem
383 2246 467 2273 habet
494 2245 706 2273 celeberrimam
728 2245 847 2273 Oriente
866 2250 924 2274 toto
952 2246 998 2273 die

204 2291 241 2320 26
271 2292 345 2322 Maii.
371 2292 467 2319 nescio
491 2300 525 2319 ex
552 2299 608 2326 quo
630 2292 722 2326 capite
755 2292 859 2319 relatus
888 2291 922 2318 ab
948 2299 998 2319 co-

206 2337 269 2365 dem
280 2337 397 2364 Baronio
408 2337 441 2364 ad
455 2338 471 2363 5
481 2336 664 2371 Septembris,
681 2340 742 2364 rato
755 2337 829 2364 hunc
841 2337 919 2364 illum
937 2344 998 2363 esse

205 2389 288 2417 quem
305 2382 374 2416 ipsis
389 2381 520 2409 Kalendis
532 2381 619 2409 Graeci
634 2381 790 2408 celebrant.
809 2382 921 2409 Tertius
937 2381 999 2417 Sty-

206 2429 329 2460 litarunl,
341 2436 403 2455 cum
427 2428 516 2455 titulis
537 2427 689 2463 Presbyteri
717 2433 741 2455 et
762 2428 997 2460 Archimandritw,

1050 1833 1228 1868 reperiuntur
1244 1834 1283 1861 illi
1303 1833 1375 1868 apud
1389 1833 1552 1866 Seldenum,
1565 1832 1660 1860 itidem
1684 1832 1732 1860 ubi
1749 1840 1842 1868 supra,

1050 1879 1079 1906 in
1103 1879 1159 1906 alio
1194 1879 1360 1907 Kalendario
1397 1879 1473 1914 quod
1504 1879 1662 1915 composuit
1697 1878 1845 1907 Mahumed

1050 1925 1172 1952 Achmed
1185 1925 1384 1953 Calcasendius
1400 1926 1433 1952 de
1446 1926 1519 1961 festis
1533 1925 1712 1961 Coptitarum.
1731 1925 1780 1953 ubi
1794 1933 1847 1954 no-

1050 1971 1125 1998 mina
1136 1971 1175 1998 sic
1190 1971 1340 2005 leguntur:
1360 1972 1371 1997 l
1386 1971 1554 2006 scptembris
1573 1970 1712 2006 Symeouis
1729 1969 1845 2006 Stylila,

1049 2016 1085 2044 22
1097 2025 1147 2051 pro
1159 2017 1194 2044 9.4.
1206 2017 1267 2044 Maii
1285 2016 1392 2044 Festum
1415 2016 1563 2052 Symsonis,
1590 2016 1624 2043 27
1645 2016 1710 2044 Julii
1740 2016 1846 2045 Festum

1051 2059 1189 2097 Sym'eonis
1206 2061 1313 2097 Stylilw
1328 2070 1337 2089 :
1354 2062 1423 2097 quin
1446 2062 1530 2089 etiam
1549 2061 1583 2089 ad
1613 2062 1647 2089 Η
1672 2061 1847 2097 Septembris

1050 2107 1174 2141 additur,
1191 2108 1253 2135 aliis
1265 2108 1397 2135 omnibus
1423 2108 1560 2143 ignotum,
1584 2108 1681 2143 {suum
1707 2107 1847 2144 Symeonis

1050 2152 1172 2188 Stylim;
1186 2158 1214 2181 et
1231 2152 1369 2180 Seldenus
1385 2160 1434 2180 sua
1453 2160 1538 2180 manu
1569 2153 1709 2188 ascripsit.
1734 2153 1846 2181 ulterius

1049 2207 1095 2226 seu
1107 2198 1228 2226 Juniun'a
1240 2206 1250 2232 ;
1267 2206 1350 2233 quam
1366 2203 1451 2230 recte,
1469 2198 1529 2234 ipse
1542 2198 1654 2226 viderit.
1670 2199 1700 2227 ln
1711 2199 1848 2235 Martyro-

1051 2243 1123 2277 logio
1133 2243 1380 2278 Arabo-IEgyptio,
1394 2243 1469 2278 quod
1482 2243 1582 2271 iisdem
1599 2243 1731 2279 lintribus
1759 2243 1847 2272 inter-

1050 2293 1176 2324 pretatus
1190 2289 1337 2317 estGratia
1364 2289 1518 2322 Simonius,
1538 2293 1604 2318 tunc
1631 2289 1756 2325 ejusdem
1790 2290 1848 2318 col-

1050 2336 1114 2370 legii
1127 2336 1257 2363 alumnus
1270 2343 1344 2363 nunc
1355 2335 1587 2370 archiepiscopus
1600 2335 1794 2370 Tripolitanus
1818 2336 1846 2364 in

1051 2381 1139 2417 Syria,
1153 2381 1396 2409 soluminvenitur
1413 2381 1547 2409 Memoria
1571 2381 1660 2408 sancti
1689 2381 1780 2408 Patris
1796 2380 1847 2418 Sy-

1051 2428 1152 2455 meom's
1169 2427 1336 2459 Miracutosi.
1350 2428 1472 2463 ascripta
1483 2427 1518 2455 Ξι
1532 2427 1606 2455 Maii.

208 2474 267 2501 solo
281 2473 415 2501 hactenus
423 2474 536 2501 nomine
555 2473 643 2511 ferme
656 2478 740 2502 notus
760 2474 841 2501 nobis
867 2478 928 2501 est:
947 2481 1001 2502 nec
1015 2465 1036 2494 ο
1090 2473 1145 2501 Leo
1157 2473 1286 2506 Allatius,
1303 2473 1331 2501 in
1344 2473 1469 2501 Diatriba
1485 2473 1519 2501 de
1533 2473 1703 2509 Symeonum
1731 2475 1848 2511 scriptis

206 2520 281 2547 enim
296 2520 364 2547 satis
380 2523 489 2547 constat
504 2520 593 2555 ipsum
606 2527 678 2552 esse,
691 2521 740 2556 qui
768 2520 796 2548 in
811 2520 907 2548 Cilicia
921 2521 1000 2554 vixit,

207 2569 234 2592 ct
249 2564 364 2592 fulmine
378 2569 470 2592 tactus
484 2565 566 2596 obiit,
589 2564 691 2593 Joanni
715 2565 828 2593 Moscho
855 2566 882 2593 in
902 2565 1000 2593 ’Pmto

207 2609 342 2644 :pirituati
355 2609 484 2637 laudatus
507 2618 515 2637 :
543 2610 576 2637 ad
593 2610 668 2638 diem
694 2611 729 2638 27
744 2611 811 2639 Julii
835 2612 1001 2639 memoriam

209 2657 268 2693 ejus
277 2655 364 2683 Graeci
380 2655 516 2683 recolunt.

242 2702 271 2729 2.
295 2701 397 2729 Eadem
419 2702 504 2729 trium
534 2701 630 2730 saltem
659 2701 828 2738 Symeonum
856 2701 1004 2730 distinctio

210 2748 280 2774 adeo
293 2755 343 2782 per
355 2746 498 2775 Orientem
513 2752 579 2775 nota
592 2748 646 2775 fuit
656 2768 664 2780 .
687 2749 811 2776 utetiam
822 2748 855 2777 ad
878 2748 1004 2784 Coptitas

209 2800 258 2821 sou
273 2792 448 2821 Christianos
462 2793 604 2829 (Egyptios
619 2794 802 2828 pertinuerit:
822 2795 895 2830 quod
919 2803 1004 2830 appa-

210 2843 265 2866 ruit
281 2846 315 2866 ex
327 2846 423 2866 eorum
434 2839 617 2870 Kalendariis.
632 2840 659 2867 in
675 2840 765 2868 lucem
776 2841 860 2868 editis
871 2849 885 2868 a
899 2841 1001 2869 Jacobc

211 2882 339 2917 Sx-Idcno,
361 2884 410 2912 lib.
425 2892 454 2912 ιιι
477 2883 512 2912 de
533 2884 680 2920 Synedriis
699 2885 880 2913 llebrteoruln
912 2894 937 2914 c.
959 2887 1000 2919 15,

1052 2520 1157 2554 optime
1181 2519 1216 2547 de
1232 2519 1420 2555 Symeonibus
1440 2519 1570 2551 meritus,
1579 2519 1614 2547 de
1627 2519 1738 2548 Juniorc
1751 2528 1848 2555 agens,

1052 2565 1148 2597 Graeci,
1168 2565 1270 2600 inquit.
1285 2566 1452 2597 recentiores,
1465 2569 1493 2591 ut
1508 2566 1626 2600 primum
1645 2566 1677 2594 ab
1692 2566 1742 2594 hoc
1751 2575 1848 2594 secun-

1053 2611 1086 2637 do
1097 2611 1274 2646 distinguunt,
1291 2612 1408 2646 primum
1427 2610 1585 2647 Symeonem
1598 2612 1645 2639 τὸν
1671 2614 1702 2639 ἐν
1724 2615 1758 2649 τῇ
1779 2615 1849 2649 μάν-

1052 2656 1114 2692 δρᾳ.
1123 2658 1266 2684 secundum
1277 2658 1345 2684 hunc
1359 2657 1404 2684 τὸν
1415 2658 1444 2684 ὲν
1458 2657 1609 2694 θαυμαστῷ
1618 2658 1676 2694 δραι
1690 2659 1850 2694 appellant:

1055 2702 1153 2737 utique
1168 2710 1182 2729 τι
1198 2702 1259 2730 loco
1276 2702 1305 2729 in
1327 2710 1384 2738 quo
1401 2703 1502 2738 singuli
1519 2707 1675 2732 extremum
1693 2704 1756 2732 vita:
1775 2705 1850 2734 dicm

1054 2748 1198 2780 obierunt.
1223 2750 1250 2776 in
1269 2756 1318 2776 sua
1343 2749 1461 2784 quisque
1483 2750 1637 2784 columna;
1656 2751 1763 2785 primus
1793 2752 1854 2780 Ion-

1053 2795 1116 2830 gius
1131 2795 1167 2822 ab
1185 2795 1346 2828 Antiochia,
1361 2796 1434 2823 inter
1446 2795 1520 2823 hanc
1539 2800 1568 2824 et
1582 2796 1732 2832 Alcppum,
1751 2797 1791 2826 uti
1810 2803 1851 2826 te-

1054 2841 1106 2868 stis
1136 2846 1178 2870 est
1206 2842 1255 2877 qui
1273 2850 1364 2882 nuper
1383 2842 1475 2870 adhuc
1489 2843 1648 2870 columnam
1665 2843 1736 2871 vidit
1753 2844 1852 2873 Frater

1053 2888 1192 2916 Antonius
1205 2888 1342 2917 Gonsales
1360 2889 1508 2917 Minorita:
1520 2888 1663 2918 secundus
1672 2889 1752 2918 haud
1770 2891 1851 2927 longe
