2148 3259
326 222 400 255 νὲπιη

964 223 993 252 S.
1012 222 1159 252 SYMEON
1179 222 1331 253 JUNlOR.

1876 226 1947 258 2968

332 287 346 305 :I
379 277 513 305 suburbio
545 278 682 313 Daphnes,
708 278 734 304 in
764 283 857 305 monte
881 286 962 312 quem
988 278 1115 313 pluribus
1130 281 1153 308 Α
1167 277 1240 304 intra
1257 277 1396 305 mandram
1410 278 1539 306 conclusa
1558 279 1619 314 fuit,
1644 280 1683 307 uti
1704 280 1838 313 Senioris,
1859 287 1944 317 prout

333 324 523 351 describemus
537 324 616 351 infra.
629 324 668 352 De
685 323 775 359 primo
788 324 897 351 abunde
910 324 1058 351 Bollandus
1069 331 1117 351 no-

332 374 388 397 ster
403 370 459 405 egit
471 370 499 397 in
515 370 654 402 Januario,
669 375 696 397 et
710 370 881 405 cognominis
896 369 1018 404 praedicti
1032 369 1116 396 ratio-

337 423 402 442 nem
427 424 460 442 ex
481 420 594 442 auctore
617 415 689 456 haud
719 416 799 450 paulo
823 415 971 450 antiquiori
998 415 1116 450 Evagrio

333 461 538 496 intelligendam
560 456 648 492 dedit.
668 461 795 496 allegatis
822 461 882 496 ejus
910 459 1012 493 verbis,
1028 466 1117 488 annos

331 507 395 534 vita:
407 506 447 534 sic
461 506 702 539 distribttentibus,
723 511 751 534 ut
765 507 864 534 dicatis
880 507 967 542 egisse
993 507 1022 532 ὲν
1048 506 1115 541 αὐτῇ

334 552 488 588 καλουμένῃ
522 552 636 588 Μάνδρᾳ
663 553 733 580 ἑπτα
765 554 810 579 καὶ
829 553 1030 589 τεσσαράκοντα.
1056 552 1115 587 ἐτη,

332 598 359 624 in
383 606 414 624 ea
435 607 494 633 qua:
507 602 613 625 vocatur
636 597 750 625 Mandra
774 606 858 625 annos
879 599 1058 633 quadraginta
1076 606 1116 625 se-

333 647 414 678 ptem,
428 643 556 670 videlicet
569 643 682 670 ultimos
703 643 764 671 vita:
784 652 849 677 suae,
868 644 950 679 idque
972 652 1055 678 supra
1072 651 1115 670 va-

334 690 390 717 rias
401 689 555 717 successive
572 690 724 722 columnas,
739 691 810 717 intra
828 683 952 718 eamdem
976 690 1114 719 Mandram

333 738 450 765 erectas,
473 738 556 768 prout
572 741 605 761 ex
630 734 690 760 Vita
706 735 739 761 ab
754 735 875 761 Antonio
893 734 1028 769 discipulo
1049 734 1115 760 seri-

333 783 379 812 pta
395 778 566 814 intelligitur.
586 779 633 805 Est
648 784 740 806 autem
758 779 872 806 Mandra
885 779 911 806 in
924 780 1013 816 primo
1033 784 1115 814 atque

331 824 483 858 uriginario
508 832 559 851 suo
578 824 740 859 signiﬁcato,
763 825 841 852 locus
865 825 982 852 maceria
1008 825 1114 860 lapidea

331 869 542 905 circumseptus,
558 870 664 905 qualem
687 870 739 897 sibi
763 871 790 897 in
806 871 890 906 Syriae
909 871 1011 906 eampis
1026 871 1115 898 facere

332 916 460 943 solebant
485 921 619 950 pastores,
635 917 763 951 intraque
778 925 839 944 eam
853 917 973 951 pecudes
985 925 1049 944 suas
1062 925 1115 945 no-

329 966 379 988 'c'.u
412 962 550 997 colligere,
568 962 614 988 ubi
627 970 642 988 a
657 962 727 996 lupis
745 970 776 989 ae
802 962 911 990 furibus
925 967 990 990 tuta:
1011 968 1112 991 essent.

333 1008 417 1039 Talis,
434 1014 485 1035 nec
514 1008 577 1040 alia,
590 1007 643 1034 fuit
658 1007 780 1040 Mandra,
801 1016 861 1042 qua:
879 1009 968 1043 primo
992 1008 1115 1044 Symeoni

333 1061 433 1082 nomen
445 1053 520 1081 dedit
535 1062 543 1086 ς
559 1054 660 1088 quippe
679 1054 724 1088 qui
738 1059 836 1088 prmter
850 1062 934 1081 unum
956 1055 1008 1082 sibi
1036 1056 1116 1083 mini-

331 1104 464 1127 strantem
477 1099 624 1126 Antonium
634 1099 724 1126 nullos
737 1099 977 1127 sciaturhabuisse
992 1099 1114 1135 discipu-

333 1147 392 1177 los;
405 1150 472 1172 eteo
485 1149 588 1172 tantum
599 1145 652 1172 line
669 1146 728 1172 loco
737 1153 818 1180 quem
830 1146 956 1172 columna
971 1154 1019 1172 sua
1034 1154 1116 1173 oceu-

333 1192 416 1227 pabat
428 1190 612 1219 circumduxit
632 1191 789 1222 maceriam.
806 1199 840 1227 ne
857 1192 1029 1226 promisouus
1042 1192 1075 1218 ad
1087 1200 1116 1219 se

334 1225 462 1263 accessus
481 1235 593 1263 daretur
610 1236 692 1262 etiam
708 1225 871 1262 mulieribus
887 1244 893 1262 :
907 1235 971 1262 huic
984 1244 1049 1263 vero
1066 1236 1115 1263 ad-

330 1282 425 1315 juncta
438 1286 498 1308 erat
522 1282 634 1308 mandra
655 1282 752 1313 altera,
769 1281 840 1308 intra
853 1289 935 1315 quam
951 1289 1012 1309 sese
1036 1289 1116 1316 pere-

332 1326 404 1361 grini
430 1326 607 1362 hospitesque
635 1327 809 1362 reciperent,
827 1326 915 1353 donec
933 1326 966 1354 ad
991 1331 1115 1354 sanctum

331 1370 555 1399 admitterentur.

368 1417 395 1444 Δ.
414 1416 550 1445 (laterum
564 1417 628 1452 quia
644 1418 773 1452 paulatim
791 1426 857 1446 usus
873 1419 1004 1450 obtinuit.
1017 1422 1048 1446 ut
1057 1426 1115 1446 mo-

332 1463 482 1490 nacborum
511 1464 637 1491 emnobia
661 1465 802 1497 Mandris,
819 1464 851 1492 et
877 1465 972 1492 harum
998 1465 1116 1500 praefecti

332 1509 491 1537 dicerentur
507 1510 741 1543 Archimandritw;
761 1511 826 1538 hinc
849 1511 949 1538 factum
966 1515 996 1539 ut
1019 1511 1117 1538 Senior

333 1556 459 1592 Symeon,
475 1557 522 1591 qui
534 1557 590 1592 jam
606 1557 706 1591 passim
725 1557 973 1593 cognominabatur
1004 1556 1116 1592 Symeon

1167 322 1269 350 dicitur
1295 324 1321 350 in
1350 323 1409 350 Vita
1426 325 1540 357 matris,
1555 326 1715 360 apparuisse
1734 326 1778 354 illa
1801 335 1815 354 e
1834 328 1948 355 Iubdiali

1167 373 1243 404 parte
1256 369 1376 397 mandrw
1386 390 1393 401 ,
1418 373 1446 396 in
1473 379 1526 405 qua
1558 371 1681 399 columna
1695 377 1752 400 erat
1764 381 1775 407 ;
1791 373 1838 401 sed
1851 374 1946 402 eadem

1167 415 1282 442 mandra
1293 415 1457 451 intelligitur
1470 416 1599 444 habuisse
1614 422 1706 451 partes
1719 426 1773 446 non
1793 419 1943 452 subdiales,

1166 467 1261 488 verum
1279 466 1363 488 tectas
1382 468 1431 496 per
1448 461 1560 489 modum
1577 460 1689 490 claustri
1705 464 1874 492 monachalis
1889 465 1942 492 cir-

1166 506 1407 534 cumcurrentibus
1423 507 1620 534 monachorum
1648 508 1736 541 cellis,
1765 517 1826 544 qua:
1843 510 1870 536 in
1897 510 1945 536 im-

1166 551 1289 586 pluvium
1305 556 1386 586 atquc
1401 552 1429 579 in
1441 553 1596 580 columnam
1612 559 1787 588 prospectum
1798 554 1944 588 habebant,

1166 597 1398 631 quemadmodum
1413 598 1496 625 etiam
1511 598 1594 626 hodie
1603 599 1701 632 videri,
1713 600 1825 627 memini
1843 608 1886 628 me
1897 608 1946 627 au-

1167 642 1267 670 divisse
1283 651 1315 670 ex
1331 643 1365 670 iis
1380 644 1427 678 qui
1444 643 1642 680 Hierosolymis
1664 645 1779 678 reversi,
1793 647 1876 673 etiam
1891 646 1946 673 An-

1167 688 1264 715 tiocho:
1280 689 1410 716 dicebant
1424 697 1453 716 se
1468 689 1564 716 fuisse.
1577 689 1610 717 Et
1624 690 1676 717 hoc
1686 695 1728 718 est
1745 692 1944 723 monasterium,

1166 734 1200 761 de
1212 742 1267 769 quo
1281 737 1307 761 in
1323 735 1382 762 Vita
1393 736 1480 762 sancti
1495 742 1523 761 ιι.
1543 735 1605 766 168,
1628 735 1678 762 ubi
1693 736 1776 764 etiam
1791 736 1821 763 ﬁt
1842 737 1946 763 mentio

1167 779 1301 814 inferioris
1319 779 1479 807 monasterii
1503 779 1536 806 ad
1550 779 1647 814 pedem
1678 780 1761 808 credo
1778 781 1879 808 montis
1897 789 1946 816 po-

1167 825 1222 856 siti,
1237 833 1285 860 pro
1302 825 1468 860 recipiendis
1483 825 1636 860 hospitibus
1649 826 1744 855 etaliis
1754 825 1877 858 advenis,
1890 827 1946 854 sic-

1167 871 1206 897 uti
1222 870 1316 897 videre
1328 876 1369 898 est
1381 871 1408 898 in
1425 871 1501 898 Italia
1533 872 1728 899 monasterium
1765 873 1883 907 positum
1913 871 1946 900 ad

1167 916 1263 950 pedem
1283 916 1386 943 montis
1401 920 1482 951 atque
1493 917 1580 943 eremi
1595 916 1822 944 Camaldulensis.
1836 918 1946 946 lltrobl-

1167 969 1219 996 que
1235 967 1326 988 autem
1341 969 1468 995 magnum
1483 962 1681 997 discipulorum
1696 971 1841 990 numerum
1866 964 1947 990 liabe-

1166 1007 1213 1034 bat
1229 1011 1358 1034 sanctus:
1374 1008 1475 1042 quibus
1497 1012 1525 1035 et
1546 1008 1656 1035 vivendi
1671 1016 1794 1035 normam
1821 1010 1948 1044 prescri-

1167 1058 1277 1087 pserat.
1297 1053 1376 1088 cuius
1391 1053 1612 1080 observationem
1635 1054 1786 1081 moriturus
1809 1062 1949 1081 commen-

1166 1099 1250 1126 davit.
1266 1099 1328 1126 Fuit
1345 1107 1410 1134 ergo
1426 1107 1489 1126 vere
1514 1100 1729 1127 Art/timandrita
1747 1100 1792 1127 hic
1818 1099 1942 1136 Symron.

1166 1145 1239 1172 Nihil
1262 1150 1350 1172 tamen
1368 1145 1651 1180 opuseratejusmodi
1664 1154 1727 1176 eum
1743 1146 1823 1174 titulo
1848 1146 1944 1181 appel-

1165 1192 1230 1222 lare.
1248 1191 1295 1225 qui
1305 1192 1360 1226 jam
1373 1191 1492 1218 habebat
1505 1190 1539 1218 ab
1552 1191 1627 1219 omni
1652 1192 1783 1219 memoria
1813 1192 1896 1218 notio.
1904 1197 1947 1218 em

1165 1236 1400 1263 nomenclatorum
1424 1236 1471 1262 τοῦ
1496 1237 1524 1263 ὲν
1552 1237 1592 1272 τῷ
1613 1237 1760 1272 θαυμαστῷ
1783 1237 1851 1272 ὃρει,
1876 1237 1949 1264 unde

1165 1282 1319 1316 composito
1338 1281 1450 1309 nomine
1467 1281 1723 1314 Thaumastoristam
1740 1283 1860 1317 appellat
1875 1283 1949 1311 Alla-

1167 1328 1231 1354 tius.
1241 1328 1327 1362 Hujus
1334 1328 1418 1356 cultui
1431 1333 1510 1356 vetus
1518 1328 1698 1364 Menologium
1705 1328 1813 1364 Crypue
1820 1329 1948 1362 Ferrato,

1164 1373 1241 1408 jussu
1255 1372 1347 1400 Basilii
1365 1373 1538 1408 imperatoris
1560 1373 1718 1405 collectum,
1736 1381 1769 1400 ex
1796 1381 1884 1408 eoque
1903 1382 1950 1401 ειε-

1166 1422 1276 1452 ceptum
1290 1425 1378 1453 nuper
1391 1418 1610 1454 impressumque
1627 1417 1756 1445 Basiliani
1776 1418 1845 1445 ritus
1859 1418 1950 1445 Ποιο-

1166 1463 1270 1498 legium
1283 1464 1399 1491 ascribit
1410 1464 1445 1491 23
1478 1463 1539 1491 Maii
1557 1472 1608 1498 per
1631 1464 1714 1491 unius
1739 1464 1795 1491 diei
1814 1464 1949 1498 anticipa-

1166 1510 1281 1542 tionem,
1301 1509 1368 1536 satis
1385 1509 1587 1544 l‘requenterin
1616 1509 1664 1536 illo
1683 1509 1838 1544 Menologio
1853 1509 1949 1536 obser-

1168 1560 1259 1582 vatam
1270 1563 1286 1582 a
1300 1555 1392 1588 nobis,
1407 1555 1521 1583 incertis
1536 1562 1571 1582 an
1586 1562 1646 1582 eam
1659 1559 1786 1590 oporteat
1796 1555 1950 1587 collectori,

332 1603 359 1629 in
376 1602 500 1633 ιιαηάηι,
515 1601 543 1628 in
565 1602 674 1629 excusis
692 1602 848 1630 Graecorum
863 1603 1020 1630 Ritualibus
1035 1609 1116 1629 vece-
1131 1608 1151 1636 ο
1168 1608 1204 1628 an
1221 1601 1310 1628 solum
1330 1600 1460 1635 scriptori
1482 1600 1630 1635 imputare.
1657 1600 1762 1628 Caetera
1776 1600 1870 1627 omnia
1894 1605 1949 1628 tam

333 1652 378 1674 tur
405 1646 745 1681 Archimandrita,pmter
771 1648 856 1674 totius
880 1647 1003 1674 historia
1024 1647 1115 1674 ﬁdem.

332 1693 422 1719 Minus
435 1692 514 1727 longe
524 1692 673 1724 aberravit,
689 1693 791 1720 erravit
806 1697 897 1720 tamen
920 1697 1016 1721 auctor
1030 1692 1116 1727 Syna-

332 1737 403 1765 xarii
427 1737 643 1770 Glaromontani,
657 1738 774 1774 elogium
791 1739 851 1774 ejus
866 1739 906 1766 sic
923 1738 1023 1766 ﬁniens
1039 1746 1045 1764 :
1071 1737 1117 1764 'Ex

332 1783 399 1816 γοῦν
427 1783 475 1810 τοῦ
513 1783 621 1819 οἰκῆσαι
654 1785 688 1819 τῇ
704 1784 790 1820 λαύρᾳ
822 1787 856 1820 τῇ
893 1783 1116 1820 ὲπονομαζομένῃ

331 1829 456 1864 Μάνδρᾳ,
471 1829 579 1863 λέγεται
594 1829 706 1864 Συμεὼν
716 1831 734 1856 ὁ
745 1830 792 1864 τῆς
803 1831 930 1865 Μάνδρας
949 1838 955 1845 '
974 1831 1006 1857 ὲκ
1021 1830 1049 1857 δὲ
1069 1830 1115 1857 τοῦ

334 1875 374 1905 εἰς
387 1874 530 1909 διαφόρους
547 1874 660 1905 στύλους
675 1874 824 1909 ἀναχθῆναι
837 1895 844 1906 ,
858 1875 980 1901 καλεῖται
1005 1875 1116 1909 Συμεὼν

333 1920 472 1954 Στυλίτης.
488 1919 529 1947 Ex
542 1928 572 1946 eo
585 1921 653 1955 quod
669 1920 804 1947 habitabat
819 1921 846 1947 in
861 1910 1034 1955 monasterio‘
1047 1921 1117 1956 quod

333 1965 475 2000 twnbatur
487 1965 610 1998 Mandra,
624 1965 719 1992 dicitur
729 1965 823 2001 Symeo
842 1967 868 1993 in
888 1966 1002 1993 Mandra
1013 1974 1023 1994 :
1039 1974 1070 1993 ea:
1087 1975 1116 1993 eo

333 2017 394 2036 vero
411 2010 480 2043 quod
492 2010 606 2037 diuersos
621 2010 718 2046 Stylos,
732 2011 760 2038 id
783 2016 824 2038 est
849 2012 1000 2043 columnas.
1024 2019 1117 2040 ascen-

333 2055 381 2086 dit,
396 2056 549 2082 nominatur
573 2054 685 2090 Symeon
715 2056 831 2091 Stylites.
848 2056 925 2085 Licet
950 2058 1034 2090 enim,
1047 2062 1116 2085 teste

333 2100 459 2135 Evagrio,
473 2102 498 2128 in
511 2102 670 2128 monasterio
680 2122 686 2134 ,
699 2103 726 2128 in
744 2111 795 2137 quo
813 2103 927 2137 primum
951 2103 1053 2130 divinas
1078 2105 1116 2131 vi-

334 2147 410 2172 t-cndi
436 2147 620 2182 prwceptionee
640 2148 737 2179 didicit,
754 2157 838 2175 annos
850 2148 914 2175 vixit
931 2157 1040 2182 novem,
1062 2157 1115 2176 non

335 2197 426 2219 tamen
444 2192 495 2219 hoc
508 2193 702 2220 monasterium
729 2195 841 2229 proprio
861 2195 972 2222 nomine
998 2196 1116 2222 vocaba-

335 2243 381 2264 tur
397 2237 520 2269 Mandra,
538 2238 586 2265 sed
608 2238 753 2271 Timothei;
773 2247 862 2275 neque
887 2248 1038 2276 congruum
1053 2242 1115 2274 fuit,

1169 1646 1356 1681 manuscripta
1369 1652 1451 1680 quam
1467 1645 1538 1681 typis
1553 1653 1654 1672 excusa
1667 1645 1767 1672 Menaea
1779 1645 1946 1680 ac.Synaxa-

1168 1693 1209 1720 ria
1224 1692 1359 1720 inhaerent
1374 1691 1428 1718 diei
1443 1691 1477 1718 ab
1506 1695 1621 1718 auctore
1635 1691 1705 1718 Vita;
1717 1695 1821 1721 notato,
1843 1691 1891 1725 qui
1907 1696 1950 1717 est

1168 1737 1215 1764 hic
1229 1736 1265 1763 24
1288 1735 1364 1768 Maii,
1379 1734 1490 1769 quando
1507 1735 1590 1762 etiam
1608 1735 1720 1767 Memea,
1740 1735 1814 1769 quod
1824 1735 1892 1762 alios
1905 1742 1951 1762 ra-

1162 1790 1241 1814 rum,
1258 1781 1297 1809 ita
1323 1785 1409 1808 totum
1423 1780 1541 1808 ollicium
1554 1779 1589 1807 de
1613 1780 1666 1807 hoc
1689 1783 1784 1813 sancto
1806 1786 1950 1815 peragunt,

1167 1828 1325 1856 utalterius
1339 1827 1457 1862 alicujus
1490 1833 1539 1853 nec
1563 1825 1856 1853 commemorationem
1886 1825 1951 1860 qui-

1167 1874 1229 1902 dem
1247 1873 1408 1908 adjungant.

1202 1919 1228 1946 6.
1258 1921 1361 1946 Auctor
1385 1918 1561 1953 olliciiatque
1592 1918 1706 1945 canonis
1728 1917 1838 1945 videtur
1865 1917 1951 1945 fuisse

1166 1968 1279 1991 sanctus
1296 1963 1461 1995 Germanus,
1490 1963 1647 1998 patriarcha
1671 1962 1952 1997 Constantinopolita~

1166 2019 1232 2038 nus:
1245 2011 1328 2046 huius
1339 2011 1474 2046 siquidem
1490 2011 1592 2038 nomini
1608 2010 1757 2038 aseribitur
1772 2010 1951 2045 Troparium,

1165 2062 1228 2092 post
1250 2057 1387 2088 Similaria
1416 2057 1449 2084 ad
1468 2056 1580 2089 Gloria,
1607 2056 1681 2091 quod
1714 2059 1756 2083 est
1786 2056 1838 2083 tale
1863 2065 1870 2082 :
1905 2056 1952 2086 Ei;

1165 2104 1227 2138 ὅρος
1260 2103 1361 2138 ὑψηλὸν
1388 2102 1560 2137 συμϐολικῶς
1589 2102 1618 2128 τὸ
1642 2101 1799 2136 θαυμαστὸν
1822 2101 1951 2131 ἀνελθὼν,

1166 2148 1213 2174 καὶ
1226 2148 1274 2183 τὴν
1290 2148 1391 2183 σεπτὴν
1404 2147 1518 2174 κιϐωτὸν
1543 2147 1581 2176 ὡς
1609 2146 1703 2172 ᾶόυτον
1728 2145 1866 2177 stultitim,
1881 2147 1954 2181 πρᾶο

1166 2194 1207 2227 ειν
1213 2193 1327 2232 ἀρίστην
1336 2194 1382 2220 καὶ
1393 2193 1518 2219 ἐπίϐασιν
1526 2192 1645 2227 θεωριῶν
1655 2191 1827 2226 ὲπεδείξω,τῇ
1841 2193 1890 2225 μὲν
1897 2192 1953 2226 βίον

1165 2238 1347 2273 λαμπρύνας,
1376 2239 1484 2273 δεσμοῖς
1520 2237 1639 2273 σιδηροῖς
1660 2237 1698 2269 ὡς
1722 2238 1862 2272 oppid-10:;
1888 2247 1954 2274 χρυ-

336 2286 391 2309 uta
411 2282 471 2309 loco
485 2290 565 2317 quem
579 2290 647 2317 pene
667 2292 735 2318 puer
749 2284 930 2316 habitaverat,
946 2292 1045 2312 nomen
1058 2293 1117 2312 sor-
1133 2284 1155 2311 Ι)
1169 2293 1184 2310 σ

1103 2295 1117 2310 λς
1133 2284 1155 2311 Ι)
1169 2286 1224 2316 σοῖς
1236 2284 1433 2318 κοσμούμενος·
1448 2283 1510 2318 τῇδε
1524 2283 1589 2310 Θεὸν
1602 2283 1672 2318 ὁρῶν
1692 2292 1722 2309 τε
1740 2283 1788 2310 καὶ
1803 2284 1951 2318 ὁρώμενος,

335 2329 435 2355 tiretur
459 2332 521 2362 post
549 2332 675 2355 mortem.
691 2329 762 2356 Fieri
778 2334 869 2356 tamen
897 2331 986 2365 potuit
1012 2335 1042 2358 nt
1062 2339 1117 2358 non

336 2373 425 2399 solum
451 2380 535 2407 super
562 2373 632 2404 illas,
649 2381 717 2408 quas
732 2374 777 2401 ille
795 2375 951 2403 successive
975 2375 1130 2410 dimiserat,

335 2419 477 2445 columnas
487 2419 670 2446 ascenderem
682 2420 729 2446 alii
752 2420 799 2447 diu
820 2425 913 2454 postea
928 2428 935 2453 ;
952 2421 998 2448 sed
1014 2422 1116 2454 etiam,

335 2464 460 2499 quamvis
485 2471 587 2499 corpus
611 2469 684 2491 esset
710 2465 870 2496 Antiochiaa,
901 2466 993 2500 plures
1027 2470 1117 2493 tamen

336 2511 381 2538 alii
407 2510 508 2537 ibidem
541 2510 659 2541 collecti,
683 2511 782 2545 partim
799 2512 913 2547 Stylitaa,
940 2512 1038 2546 partim
1055 2511 1117 2540 Co:-

336 2555 453 2588 nobike,
489 2555 632 2583 eti‘ecerint
663 2556 780 2590 amplam
815 2565 847 2583 ac
877 2556 1006 2584 famosam
1036 2557 1118 2584 Man—

336 2600 412 2626 dram
424 2608 438 2626 ::
457 2599 490 2626 ad
508 2607 589 2634 quam
605 2600 668 2635 quia
685 2600 807 2635 undique
824 2602 1021 2628 accurrebatur
1039 2611 1054 2628 a
1072 2610 1119 2636 pe-

336 2645 463 2680 regrinis,
479 2645 617 2672 celebrem
634 2645 673 2672 ibi
697 2644 832 2680 Symconis
850 2646 1005 2673 columnam
1029 2647 1119 2674 visere

336 2691 522 2725 cupientibus,
538 2691 611 2725 apud
630 2692 799 2718 recentiores
815 2691 961 2718 im'aluerit
972 2712 978 2723 ,
996 2697 1026 2718 ut
1041 2693 1120 2726 cujus

336 2737 463 2765 columina
482 2737 571 2763 stabat
587 2737 614 2763 in
628 2737 750 2769 Mandra,
766 2737 856 2772 ipsum
876 2745 985 2772 quoque
999 2738 1025 2763 in
1043 2737 1118 2764 Man-

335 2783 384 2810 a’ra
400 2783 635 2818 cognominarent.
649 2782 820 2816 Hac,minus
831 2783 869 2810 ibi
885 2783 1018 2818 explicata
1034 2791 1049 2809 a
1060 2782 1119 2810 Bo!-

336 2828 430 2860 lamlo,
449 2828 553 2863 placuit
568 2828 614 2855 hic
626 2828 773 2856 deducere.

417 2873 560 2901 Secundus
575 2873 687 2909 Symeon
696 2882 760 2902 vere
774 2883 805 2902 ac
818 2876 928 2910 proprie
957 2874 1062 2902 vocari‘
1072 2882 1120 2909 po-

336 2920 388 2949 tuit
403 2919 616 2947 ,irclrimandrita
635 2930 643 2948 ;
658 2929 710 2948 non
722 2921 794 2948 enim
812 2922 899 2948 solum
917 2921 1042 2948 eoluuma
1060 2921 1119 2956 ejus

1167 2331 1213 2357 καὶ
1231 2330 1309 2365 μόνος
1326 2330 1398 2364 μόνῳ
1413 2329 1582 2363 προσλαλῶν·
1595 2329 1624 2355 ὃν
1635 2329 1750 2361 ἱκέτευε,
1762 2329 1892 2362 σεσὰσμιε
1904 2329 1955 2354 Συ-

1169 2375 1250 2410 μεὼν,
1270 2375 1340 2409 ὑπὲρ
1354 2374 1407 2400 τῶν
1423 2373 1517 2408 ψυχῶν
1539 2372 1625 2408 ὑμῶν.
1654 2374 1771 2401 Videtur
1796 2374 1954 2408 respexisse

1168 2425 1264 2448 auctor
1278 2421 1311 2447 ad
1324 2420 1470 2447 Nocticam
1491 2427 1594 2451 arcam,
1623 2419 1651 2446 in
1682 2419 1798 2446 summis
1817 2419 1954 2446 Armenia:

1169 2466 1309 2493 montibus
1323 2465 1512 2501 quiescentem
1520 2485 1528 2497 ,
1539 2465 1610 2492 sicut
1620 2464 1735 2499 legimus
1745 2464 1883 2491 Geneseos
1894 2471 1951 2490 VIII.

1169 2512 1255 2539 Verba
1283 2511 1340 2546 ipsa
1355 2511 1451 2538 Latine
1465 2509 1506 2537 sic
1521 2510 1607 2537 reddo
1620 2518 1626 2536 ε
1641 2509 1674 2536 In
1689 2514 1802 2536 montem
1811 2508 1952 2539 excelsum,

1167 2557 1306 2593 symbolice
1323 2557 1471 2584 mirabilem
1490 2556 1642 2588 ascendens,
1656 2559 1680 2581 et
1709 2554 1886 2584 venerandam
1905 2562 1953 2580 ar-

1169 2612 1226 2630 cam
1240 2603 1309 2630 velut
1323 2604 1431 2638 adytum
1445 2610 1551 2629 sacrum
1562 2603 1702 2636 ingressus,
1719 2601 1846 2636 optimam
1857 2608 1954 2635 opera-

1170 2649 1265 2676 tionem
1281 2653 1304 2674 ct
1315 2648 1566 2683 contemplationum
1575 2647 1726 2674 divinarum
1741 2646 1877 2672 sublimem
1890 2653 1954 2680 gra-

1170 2695 1231 2721 dum
1253 2694 1390 2721 ostendisti
1405 2698 1429 2720 te
1459 2699 1606 2720 assecutum
1621 2701 1629 2719 :
1645 2693 1703 2719 hinc
1729 2692 1834 2726 quidem
1862 2691 1953 2724 ferrei:

1170 2738 1291 2769 vinculis,
1304 2743 1431 2771 tanquam
1441 2738 1528 2764 aureis
1542 2735 1692 2768 monilibus,
1702 2743 1795 2770 corpus
1808 2741 1936 2760 exornans
1943 2741 1954 2764 ;

1170 2784 1229 2811 inde
1253 2792 1314 2811 vero
1335 2783 1419 2810 Deum
1442 2783 1601 2817 conspiciens
1625 2782 1657 2808 ab
1685 2789 1766 2815 eoque
1790 2784 1952 2814 conspectus,

1171 2830 1232 2855 dum
1245 2829 1316 2855 solus
1325 2828 1373 2855 soli
1383 2828 1540 2862 loquereris;
1555 2835 1631 2861 quem
1646 2835 1692 2862 pro
1704 2826 1799 2852 nostris
1816 2824 1955 2851 animabus

1171 2875 1326 2909 depreceris,
1352 2881 1521 2907 quwwmus,
1536 2872 1648 2907 Symeon
1675 2871 1831 2898 venerande.
1860 2869 1955 2904 Elogio

1172 2919 1320 2956 prxligitur
1339 2919 1476 2946 distichon
1490 2917 1645 2954 huiusmodi
1659 2926 1665 2944 :
