2148 3263
187 253 258 284 2969

258 306 422 341 Θαυματτδν
436 305 502 341 ᾤκει
515 305 580 340 πρὶν
594 303 706 339 Συμεὼν
716 304 769 341 χῆς
788 304 860 338 ἦρος,

260 339 330 369 [lolio
344 342 371 368 δὲ
383 339 596 375 πανθαύμαὰτον
610 341 680 366 οἰκεῖ
697 339 745 366 νῦν
760 340 833 375 ὅρος.

991 304 1012 332 Δ

191 399 250 433 Quo
267 399 416 430 indicatur,
429 397 502 432 quod
518 398 563 433 qui
574 398 602 424 in
617 402 690 424 terra
703 402 816 424 montem
830 397 977 423 mirabilem

188 442 335 477 habitabat,
352 453 422 472 nunc
431 443 488 471 caeli
504 448 618 470 montem
635 443 750 470 maxime
770 442 917 469 mirabilem
930 443 980 470 ha-

189 491 271 517 bitet:
286 494 314 518 et
335 489 364 517 in
390 489 464 517 hunc
491 489 603 516 sensu‘m
627 489 710 516 etiam
729 487 891 523 Ephcmeris
920 494 980 515 mea

189 536 256 563 trica
269 544 277 563 ι

260 586 353 617 Εἰκάδι
381 589 430 626 ἡδὲ
447 590 566 626 τετάρτῃ
574 590 636 625 ὅρος
651 587 763 624 Συμεὼν
781 584 880 623 quin}:
890 596 896 602 '

260 645 355 673 Vicena
371 649 470 681 quarta
486 649 601 672 montem
612 644 726 680 Symeon
743 644 863 670 mutavit.

188 709 367 749 Evangelium
381 713 501 749 denique
511 713 702 748 pnescribimr
709 715 873 748 argumento
885 715 978 746 aptum

187 768 219 787 ex
249 760 342 787 verbis
363 760 483 788 Matthxi
500 768 515 786 ν
529 764 535 786 ξ
550 759 613 786 ‘Vos
630 760 692 786 estis
709 761 755 786 tua:
776 759 867 785 mundi
889 766 898 785 :
927 766 979 784 non

187 809 272 840 potest
285 805 376 832 civitas
390 805 514 832 abscondi
529 814 608 840 super
621 810 734 832 montem
749 805 845 839 pouita,
860 809 916 831 etc.

223 849 249 876 7.
272 849 345 876 idem
367 850 507 877 secundus
542 858 589 877 seu
618 850 715 877 .l-uniar
742 849 874 885 Symeon.
895 849 978 877 etiam

187 895 321 930 presbyter
337 895 398 926 fuit.
416 896 456 923 uti
474 897 562 924 scitur
580 904 612 923 ex
630 896 699 923 Viue
721 904 746 923 (ν.
763 896 814 923 19ε
830 896 922 923 nullus
938 900 978 922 ta-

189 947 251 966 men
270 939 335 967 hinc
352 941 418 967 mihi
434 941 581 975 scrupulus
605 941 729 968 nascitur
751 941 825 968 circa
850 942 976 974 tertium,

192 985 239 1020 qui
253 993 308 1012 non
323 986 411 1013 solum
425 973 546 1022 mqueac
561 988 606 1015 ille
616 987 750 1023 presbyter
760 987 854 1018 fuerit,
873 987 978 1022 specia-
993 973 1015 1003 Β

192 1031 258 1059 liter
271 1036 364 1060 autem
387 1032 479 1061 dictus
509 1033 545 1060 sit
566 1034 795 1061 Archimandrita.
817 1034 885 1061 Nam
915 1034 980 1061 licet

187 1077 259 1105 alius
284 1086 395 1113 quoque
426 1079 489 1106 talis
504 1079 597 1110 fuerit,
612 1079 798 1117 communiter
814 1084 905 1106 tamen
933 1087 980 1114 ap-

172 1123 339 1158 pellabatur
363 1125 455 1152 aliter.
477 1124 555 1158 Quod
581 1130 675 1152 autem
708 1125 778 1152 nihil
804 1125 980 1160 impediverit

185 1169 270 1197 simul
283 1173 311 1197 et
341 1169 467 1205 Stglitam
484 1177 550 1202 ,CSSe
573 1175 600 1198 et
624 1171 884 1203 ~Arrhimandritam,
906 1175 981 1205 patet

184 1223 218 1244 cx
230 1215 291 1243 Vita
304 1216 434 1243 secundi:
454 1223 535 1251 quem
555 1217 640 1244 etiam
659 1225 693 1244 ex
707 1217 808 1244 eadem
842 1216 978 1252 intelligi-

186 1268 250 1288 mus
265 1261 292 1287 in
303 1268 352 1288 sua
372 1262 503 1289 columna
516 1270 570 1290 non
586 1263 623 1290 ita
643 1263 810 1298 perstitisse,
825 1263 892 1297 quin
907 1269 979 1297 sa-pe

186 1307 221 1334 ab
232 1306 331 1334 eadem
353 1307 548 1339 descenderet,
581 1315 636 1335 non
655 1309 745 1336 solum
768 1309 802 1335 ad
828 1309 980 1343 discipulos

188 1353 261 1381 intra
276 1353 430 1387 mandram,
441 1354 488 1382 sed
500 1354 583 1381 etiam
599 1354 632 1381 ad
649 1354 766 1382 inferius
781 1354 979 1381 monasterium

189 1399 371 1427 visitandum.
385 1399 420 1426 Et
436 1399 505 1426 forte
518 1399 602 1427 statio
622 1399 667 1426 illa
683 1394 711 1426 in
729 1400 870 1430 columna,
895 1399 980 1427 certis

191 1444 448 1479 interrumpebatur
465 1445 686 1472 conversationis
705 1445 861 1472 communis
889 1445 979 1472 inter-

188 1490 268 1517 vallis
296 1490 324 1517 ld
339 1498 405 1517 vero
417 1491 501 1517 etiam
516 1491 705 1519 necessarium
720 1490 777 1518 fuit
793 1491 819 1518 ei
835 1491 882 1526 qui
912 1499 978 1525 pre-

188 1534 282 1569 sbyter
297 1539 368 1567 erat,
385 1541 415 1562 ut
439 1539 532 1569 posset
550 1535 646 1562 divina
669 1535 813 1563 celebrare
834 1536 977 1571 mysteria,

186 1580 420 1616 quemadmodum
441 1581 515 1608 hunc
535 1581 569 1608 de
585 1589 641 1616 quo
658 1581 766 1617 agimus
785 1586 910 1609 sanctum
927 1581 979 1617 Sy-

185 1637 313 1658 mconem
325 1630 422 1658 fecisse
439 1630 466 1657 in
480 1630 671 1658 anniversario
685 1637 742 1658 suae
761 1631 868 1663 matris,
879 1630 980 1664 legitur
994 1645 1014 1673 ε

189 1679 218 1704 ln
235 1676 318 1712 hujus
332 1682 434 1704 sancta:
452 1675 512 1704 Vita
536 1684 563 1703 n.
577 1677 622 1703 71.
635 1676 721 1704 Porro
736 1676 812 1704 tertii
826 1675 902 1703 illius
915 1675 978 1711 Sty-

186 1723 242 1750 litze
267 1722 412 1758 Symeonis
444 1723 503 1749 Vita
524 1722 615 1758 optari
639 1721 749 1750 facilius
779 1727 871 1757 potest
894 1730 978 1757 quam

186 1768 303 1803 sperari.
319 1768 387 1795 Nam
403 1768 478 1803 quod
491 1768 525 1795 ad
540 1768 742 1803 Ephemerides
761 1767 980 1795 Grasco-moscas

187 1818 283 1841 noster
295 1814 376 1841 Pater
393 1813 602 1849 Papebrochius
618 1814 663 1841 die
677 1813 708 1841 21
729 1813 808 1846 Julii,
834 1819 979 1848 postquam

185 1859 241 1894 egit
257 1858 291 1886 de
304 1863 398 1885 sancto
411 1858 547 1894 Symeone
569 1859 644 1891 Salo,
674 1858 777 1886 iudicat
787 1866 817 1886 se
842 1859 980 1894 reperisse

187 1904 275 1932 Vitam
289 1905 431 1940 cujusdam
443 1906 530 1932 sancti
545 1905 683 1941 Symeonis
694 1905 824 1938 Junioris,
835 1905 981 1940 Hegumeni

185 1952 272 1978 sancti
319 1951 463 1978 Mamantis
501 1952 528 1978 in
562 1951 708 1978 Xeracerco
740 1952 865 1986 (rectius
898 1950 981 1978 Xero-

190 1997 288 2032 ωηο),
298 1997 332 2024 de
348 2005 402 2032 quo
415 1997 559 2024 dubitabat
575 2005 609 2023 an
621 2001 715 2032 posset
729 1997 801 2024 inter
814 2001 925 2024 sanctos
937 2004 981 2023 re-

190 2042 270 2076 ferri,
285 2046 314 2070 et
329 2042 443 2078 quidem
468 2042 503 2069 ad
515 2047 758 2077 priememoratum
781 2042 816 2070 26
837 2042 921 2076 Julii;
953 2041 979 2069 id

191 2089 236 2117 hic
252 2097 267 2116 a
283 2097 325 2116 me
340 2089 427 2116 voluit
443 2096 494 2118 suo
509 2086 620 2116 nomine
630 2094 823 2122 retractatum,
836 2094 981 2124 postquam

189 2135 256 2170 legit
268 2141 330 2170 quae
343 2135 377 2162 de
390 2134 450 2169 ejus
466 2141 521 2162 non
539 2143 606 2162 sma
619 2135 672 2166 title
688 2135 898 2162 accuratissime
912 2142 980 2162 con-

191 2180 262 2216 gerit
279 2180 334 2207 Leo
348 2180 467 2207 Allatius
491 2188 518 2215 p.
534 2180 593 2207 t57.
629 2181 807 2213 Demonstrat
830 2180 905 2208 enim
921 2180 979 2212 hic,

191 2234 223 2253 ex
239 2226 314 2253 illius
344 2225 522 2260 potissimum
559 2226 672 2261 scriptis
697 2230 874 2261 propagatam
910 2226 982 2253 inter

192 2271 341 2298 monachos
371 2270 484 2298 Graecos
509 2271 597 2299 fuiSse
620 2271 923 2307 Umphalopsychorum
948 2271 982 2299 de

752 246 1055 280 COMMENTARIUS
1074 248 1256 280 PREVIUS.

1752 248 1824 280 2070

1028 307 1083 330 tres
1101 304 1188 331 nostri
1213 303 1326 332 Parisiis
1351 304 1529 332 contulerant
1551 311 1614 331 cum
1634 303 1822 332 Combetisio:

1035 349 1107 376 unde
1120 357 1175 381 non
1191 350 1291 376 mirum
1305 350 1327 377 si
1339 350 1384 377 hic
1398 351 1466 385 ipsis
1478 350 1625 377 nihilccrti
1641 354 1698 378 tum
1712 356 1826 385 respon-

1032 394 1104 422 derit
1128 395 1163 422 de
1179 395 1333 436 orthodoxa
1346 397 1499 431 Hegumeui
1518 387 1733 424 Xe’rocercensis
1758 395 1824 428 fide,

1032 446 1061 468 et
1074 442 1275 476 opusculorum
1295 450 1349 470 una
1364 450 1428 470 cum
1458 443 1518 483 Vita
1542 443 1748 479 descrip'torum
1775 442 1826 469 do-

1031 487 1131 514 ctrina.

1032 564 1044 598 ᾗ
1062 564 1093 591 11.
1110 579 1145 584 —
1158 565 1196 592 De
1207 565 1295 593 Monte
1313 565 1441 603 Mirabili,
1460 566 1487 603 in
1508 574 1564 603 quo
1578 571 1687 594 sanctus
1712 566 1826 603 Symeon

1334 601 1429 628 Junior
1460 601 1535 629 vixit.

1067 666 1093 694 8‘.
1109 667 1239 695 Sanctum
1256 668 1430 704 Symeonem.
1443 669 1477 696 de
1489 676 1544 704 quo
1555 669 1673 704 agimus.
1683 669 1825 698 Juniorem

1031 713 1173 749 Stylitam,
1192 714 1219 740 in
1238 713 1329 741 lucem
1342 715 1431 749 primo
1448 715 1565 748 editum,
1584 716 1744 748 Antiochia,
1772 717 1824 752 Sy-

1033 759 1080 786 ria:
1092 760 1235 786 notissima
1249 760 1325 793 urbs,
1345 761 1467 795 excepit.
1500 769 1620 796 moxque
1646 762 1674 789 in
1697 762 1821 789 vicinum

1032 810 1153 832 montem
1174 806 1323 833 transtulit.
1342 798 1448 833 lnde~is
1462 814 1491 834 se
1507 808 1626 834 contulit
1652 807 1679 834 in
1706 807 1824 834 Montem

1033 852 1198 885 Mii‘abilem,
1220 861 1267 887 qtn
1286 852 1426 887 prtecipua
1451 853 1504 880 viri
1530 854 1618 880 sancti
1641 854 1768 888 palaestra
1788 854 1826 882 ita

1031 899 1122 926 dictus
1134 898 1196 931 fuit,
1215 906 1269 925 non
1287 900 1328 934 (ut
1341 899 1498 934 suspicatur
1511 899 1635 934 quidam)
1662 904 1726 927 ante
1742 900 1825 936 lmjus

1032 945 1057 972 in
1075 945 1150 972 illum
1167 940 1328 977 adventum,
1346 946 1418 972 unde
1430 953 1493 973 eum
1515 945 1568 973 hoc
1590 946 1826 974 communicatum

1032 999 1131 1018 nomen
1144 990 1263 1024 fuisset;
1281 991 1328 1018 sed
1342 999 1373 1017 ex
1389 991 1472 1026 hujus
1488 991 1575 1026 ipsius
1588 991 1720 1024 inauditis
1743 997 1826 1026 atque

1031 1036 1203 1064 admirandis
1219 1037 1298 1071 plane
1312 1037 1462 1071 operibus;
1482 1038 1521 1064 uti
1548 1042 1612 1064 mox
1628 1037 1733 1065 indicat
1758 1038 1824 1065 Pro~

1031 1083 1110 1118 logus
1133 1081 1203 1110 Vita:
1217 1090 1300 1117 quam
1317 1083 1416 1110 damus
1431 1092 1437 1109 :
1454 1083 1510 1110 imo
1525 1091 1559 1110 ex
1575 1082 1623 1110 Dcl
1636 1083 1724 1118 ipsius
1740 1088 1822 1116 nutu,

1031 1128 1263 1163 quemadmodum
1279 1137 1306 1156 ιι.
1325 1129 1359 1155 ’ῐ9
1377 1136 1507 1163 expresse
1522 1134 1662 1156 narratur.
1685 1129 1753 1156 Cum
1771 1129 1824 1164 igi-

1032 1178 1077 1200 tur
1088 1173 1114 1200 in
1129 1173 1201 1201 illius
1212 1174 1331 1200 decursu
1343 1174 1474 1209 frequens
1490 1175 1624 1202 memoria
1636 1174 1681 1202 fiat
1695 1183 1750 1202 non
1766 1179 1828 1202 tan-

1033 1223 1090 1245 tum
1104 1218 1205 1245 Montis
1220 1219 1295 1245 illius
1310 1219 1445 1246 Mirabilis
1457 1240 1464 1252 ,
1489 1220 1536 1247 sed
1550 1220 1702 1247 Anliochim
1715 1226 1824 1255 quoque

1030 1268 1058 1291 et
1072 1264 1220 1298 Daphnes,
1247 1263 1319 1290 haud
1344 1264 1465 1292 otiosum
1489 1265 1584 1298 fuerit,
1609 1270 1696 1292 totam
1726 1265 1824 1292 horum

1030 1309 1154 1335 lucorum
1179 1308 1415 1343 descriptionem,
1455 1310 1610 1344 elegantem
1641 1317 1707 1336 sane
1741 1313 1825 1344 atque

1030 1359 1200 1387 accuratam,
1219 1349 1252 1381 ei
1273 1354 1379 1382 Joanne
1397 1354 1506 1387 Phocus,
1527 1355 1574 1390 qui
1595 1363 1641 1381 au.
1669 1355 1737 1382 1185
1764 1355 1826 1381 istic

1031 1400 1224 1435 peregrinatus
1242 1401 1298 1426 visa
1314 1405 1424 1427 enarrat
1439 1399 1563 1434 referre;
1589 1405 1620 1427 ut
1641 1400 1676 1427 aJ
1708 1409 1820 1427 mnuum

1031 1445 1131 1472 habeat
1142 1445 1240 1477 lector,
1254 1445 1339 1473 veluti
1354 1445 1536 1479 delineatum,
1557 1445 1612 1473 loci
1637 1445 1664 1472 in
1686 1454 1742 1480 quo
1759 1454 1822 1473 vcr-

1034 1499 1126 1518 samur
1146 1492 1232 1519 totius
1249 1492 1332 1518 situm
1354 1491 1400 1519 Sic
1413 1492 1452 1518 ait
1466 1491 1511 1518 ille
1527 1500 1555 1518 ιι.
1577 1491 1604 1518 11
1619 1500 1625 1518 :

1066 1536 1197 1564 Ea'stubat
1227 1542 1301 1569 tum,
1325 1545 1383 1562 eum
1414 1541 1482 1569 erat,
1498 1538 1534 1563 a:l
1557 1536 1682 1564 Orontem
1705 1537 1828 1564 Antiochi

1031 1581 1167 1617 Theopalis
1179 1602 1186 1613 ,
1204 1583 1369 1609 theatrorum
1381 1583 1576 1617 magnitudine,
1597 1587 1719 1610 stoarum
1740 1583 1828 1618 splen-

1032 1627 1150 1658 doribus,
1164 1626 1324 1662 templorum
1339 1628 1491 1659 structuris.
1513 1628 1589 1663 copia
1604 1629 1667 1655 item
1686 1629 1780 1655 civium
1802 1633 1827 1655 et

1031 1673 1186 1700 diuitiarum
1199 1673 1401 1708 magnificentia
1422 1673 1536 1708 superba
1553 1682 1585 1700 ac
1599 1679 1713 1706 tumens,
1725 1673 1830 1709 lateque

1029 1725 1139 1747 (tuleras
1159 1721 1214 1755 fere
1226 1719 1367 1747 orientales
1383 1719 1458 1746 urbes
1481 1720 1667 1755 exsuperabat.
1683 1719 1736 1748 Sed
1762 1725 1828 1748 tem-

1031 1775 1079 1799 pus
1096 1775 1127 1793 ac
1149 1767 1184 1793 vis
1200 1766 1318 1793 barbam
1334 1766 1487 1793 beatitatem
1515 1766 1587 1793 illius
1613 1767 1733 1793 exhausit
1747 1774 1756 1794 :
1771 1767 1829 1793 licet

1030 1815 1171 1849 conspicua
1189 1814 1274 1840 adhuc
1290 1814 1334 1846 sit,
1358 1818 1383 1839 et
1404 1814 1518 1840 turrium
1537 1812 1681 1840 altitudine
1690 1818 1715 1840 ct
1730 1821 1830 1848 propu-

1031 1859 1208 1896 gnaculorum
1225 1859 1373 1891 validitate,
1391 1864 1415 1885 et
1435 1863 1573 1894 pratorum
1587 1867 1619 1885 ac
1630 1860 1728 1894 [lorum
1743 1859 1829 1885 omni-

1031 1915 1098 1942 gena
1116 1906 1287 1941 fecunditate,
1300 1909 1324 1932 et
1339 1905 1366 1932 in
1383 1904 1472 1940 plures
1488 1912 1544 1931 sese
1557 1904 1729 1931 divitlentium
1743 1913 1830 1939 aqua-

1033 1959 1093 1978 rum
1108 1950 1214 1983 sibilis;
1228 1959 1287 1977 cum
1315 1950 1419 1985 placide
1435 1950 1531 1984 ﬂuvius
1555 1950 1721 1984 circum/luat
1741 1951 1830 1975 urbem

1032 2002 1056 2026 et
1071 1999 1170 2034 cingat,
1185 2001 1210 2024 et
1221 1996 1294 2024 molli
1308 2001 1379 2024 tactu
1394 1997 1451 2032 ejus
1474 2001 1561 2023 turres
1587 1995 1829 2031 eircumpleetutur.

1031 2044 1146 2080 Insuper
1163 2052 1176 2071 ε
1201 2043 1313 2071 Castalii
1328 2042 1407 2078 [antis
1429 2043 1536 2078 ﬂuentis
1562 2043 1662 2077 egregie
1682 2043 1832 2077 irrigatur;

1033 2091 1108 2126 cujus
1122 2097 1198 2126 aqute
1215 2089 1373 2116 torrentium
1390 2089 1477 2115 instar
1492 2087 1640 2123 pelluntur,
1657 2092 1681 2114 et
1708 2087 1833 2122 frequen-

1033 2136 1101 2162 tibus
1124 2134 1259 2162 sulcorum
1281 2134 1343 2160 rivis
1372 2133 1462 2160 urbem
1488 2133 1639 2159 unietrsam
1656 2129 1831 2166 pcr'fumtum,

1034 2188 1144 2216 eumque
1159 2180 1270 2216 [laribus
1291 2184 1436 2215 aspergunt
1450 2188 1458 2211 ;
1473 2186 1614 2214 operarum
1635 2179 1709 2213 copia
1729 2184 1751 2204 et
1768 2187 1831 2204 cou—

1034 2227 1127 2253 ditoris
1148 2217 1346 2261 magniﬁcentia
1364 2233 1396 2251 ea:
1416 2225 1469 2251 illis
1491 2224 1604 2260 fontibus
1617 2232 1664 2259 per
1678 2229 1777 2250 mon/cs
1798 2225 1833 2251 ιλ

1034 2273 1120 2308 ipsum
1143 2272 1275 2298 civitatem
1303 2270 1424 2297 laticibus
1451 2270 1664 2309 corrigatiszﬂic
1688 2270 1761 2304 [urna
1787 2277 1832 2304 νιν

190 2315 305 2343 Lumine
320 2316 453 2344 Taborazo
468 2317 610 2350 hazrcsim;
627 2324 708 2352 quam
719 2321 812 2352 postea
830 2317 981 2352 Gregorius
994 2317 1021 2347 D
1033 2318 1122 2346 orbem
1145 2317 1282 2352 uulgatum
1304 2317 1428 2352 Daphnes
1442 2317 1606 2348 suburbium,
1621 2316 1734 2351 proceris
1750 2324 1828 2342 omne

191 2361 315 2388 Palamas
339 2361 443 2397 aliique
477 2369 628 2397 sequaces,
659 2363 832 2390 dissnnulato
857 2362 981 2398 magistri

191 2407 314 2439 nomine.
338 2407 560 2442 pertinacissime
577 2411 791 2442 propugnarunt
805 2407 916 2442 lateque
928 2407 984 2434 dis-

191 2452 383 2486 seminarunt;
401 2457 429 2481 et
444 2453 490 2480 cui
507 2457 536 2480 ut
549 2454 637 2488 major
661 2453 860 2481 conciliaretur
885 2457 982 2480 aucto-

192 2499 270 2531 ritas,
289 2499 445 2534 conscripta
457 2499 504 2526 illa
531 2499 592 2526 Vita
618 2503 671 2531 est,
696 2499 870 2534 conlictaque
891 2499 984 2526 eidem

191 2544 340 2579 subjuncta
355 2544 499 2571 miracula.
517 2544 586 2572 Cum
605 2550 700 2572 autem
731 2544 855 2572 l'alamas
879 2545 984 2572 circum

192 2590 314 2617 medium
325 2591 418 2618 seculi
427 2598 468 2617 xw
479 2591 617 2624 floruerit,
626 2590 762 2618 credibile
775 2598 827 2618 non
839 2590 868 2617 fit
883 2590 917 2618 de
929 2595 983 2618 tam

195 2637 303 2664 recenti
319 2644 400 2672 agerc
412 2636 525 2664 Mcna-a.
539 2637 618 2670 Quod
635 2638 656 2664 si
676 2637 709 2664 ad
724 2646 836 2665 manum
848 2638 909 2665 Vita
927 2638 985 2673 ipsa

194 2690 269 2710 nunc
290 2687 376 2715 esset,
399 2682 452 2709 levi
482 2688 552 2710 tunc
576 2683 657 2710 oculo
669 2688 697 2711 et
722 2684 782 2710 solo
802 2684 883 2711 titulo
906 2688 986 2711 lenus

195 2727 259 2754 olim
273 2727 408 2761 inspecta,
425 2727 551 2755 fortassis
565 2729 869 2763 Inmequaletutuuquc
889 2733 917 2756 ct
938 2737 988 2755 cu—

194 2774 349 2808 juscunque
363 2773 426 2800 ﬁdei
443 2774 609 2808 Symeonem
634 2775 688 2801 alio
717 2782 831 2809 prorsus
852 2774 896 2801 dic
913 2782 986 2801 mor-

197 2824 273 2846 tumn
297 2819 470 2851 ostenderet,
491 2827 517 2846 ιι
542 2820 567 2846 in
585 2820 713 2847 columna
739 2828 859 2854 unquam
886 2820 986 2848 \ixisse

197 2865 337 2898 probaret.
348 2865 443 2892 Restat
458 2865 541 2900 igitur
557 2871 585 2892 ut
598 2866 641 2892 hic
657 2870 816 2898 retractata,
828 2866 863 2892 ξιιι
875 2866 985 2893 tit-icun-

198 2913 252 2936 tur.
274 2909 353 2937 Edita
370 2919 451 2946 porro
462 2911 513 2938 fuit
528 2912 618 2939 Allalii
636 2912 669 2939 de
685 2912 846 2939 Situcunum
876 2913 988 2947 scriptis

201 2953 324 2982 lliutriba
341 2956 421 2983 annis
441 2961 569 2991 quatuor,
585 2962 729 2992 "atqu-nm
746 2958 778 2986 de
794 2958 839 2986 illa
859 2959 918 2986 Vita
939 2959 985 2986 Γλ-

1034 2372 1115 2400 genus
1140 2362 1276 2390 arboribus
1299 2367 1475 2395 exornatum;
1503 2367 1528 2389 et
1558 2370 1631 2389 mons
1659 2366 1698 2388 est
1715 2361 1829 2388 maxime

1035 2409 1140 2441 nobilis.
1154 2416 1232 2444 quem
1258 2409 1433 2436 admirandus
1449 2407 1562 2444 Symeon
1583 2409 1611 2435 in
1639 2408 1829 2434 habitationem

1036 2456 1183 2491 adnptavit.

1073 2501 1116 2528 10.
1130 2500 1207 2528 Hisce
1227 2500 1358 2535 ﬁnitimus
1383 2504 1420 2527 est
1437 2509 1511 2527 mons
1531 2499 1642 2527 Maurus
1656 2503 1680 2526 et
1694 2498 1833 2533 Seopulu:=.

1037 2547 1064 2574 in
1082 2546 1176 2582 quibus
1189 2547 1337 2581 antiquitus
1352 2545 1428 2572 multi
1443 2545 1496 2572 Deo
1512 2545 1686 2572 addictisaimi
1699 2545 1758 2574 viri.
1773 2553 1830 2570 enm

1038 2594 1201 2628 requirentes
1229 2593 1398 2625 invenerunt,
1415 2596 1439 2619 et
1468 2592 1502 2619 ad
1516 2593 1570 2619 lucc
1592 2595 1713 2626 tempora
1734 2591 1831 2626 perclu—

1038 2643 1112 2671 rant,
1129 2643 1153 2666 et
1165 2638 1337 2667 laudatorum
1353 2638 1482 2665 montium
1498 2637 1699 2673 pulrhritudiue
1720 2637 1834 2671 pelli-di.

1037 2684 1118 2712 silvas
1136 2684 1296 2711 inhabitant.
1310 2683 1445 2711 Castalius
1466 2683 1523 2718 forts
1533 2684 1602 2711 inter
1617 2683 1681 2710 duo;
1696 2683 1775 2710 colles
1787 2691 1833 2708 «κι-

1037 2729 1139 2761 siliens,
1154 2737 1185 2756 ex
1211 2729 1278 2764 ejus,
1292 2729 1338 2764 qui
1359 2729 1386 2756 in
1404 2736 1480 2755 mare
1511 2730 1653 2763 procurrit,
1673 2729 1726 2754 ima
1749 2732 1836 2762 ιμιιιιυ,

1039 2775 1136 2802 eximia
1160 2774 1281 2810 quoniam
1308 2783 1442 2809 aquarum
1468 2775 1570 2809 irrigua
1596 2775 1710 2805 evaluit,-
1730 2775 1755 2800 iu
1785 2782 1836 2807 quo

1040 2820 1204 2856 pra’grandis
1218 2820 1332 2855 assurgit
1345 2821 1474 2855 porticus,
1485 2829 1592 2847 cursitat
1606 2820 1684 2855 fontis
1695 2828 1835 2846 cantuum»

1041 2875 1114 2894 rans.
1129 2867 1196 2893 [line
1209 2874 1285 2901 (τιμίω
1296 2867 1435 2901 uﬂluentcr
1454 2866 1629 2902 prosilit'utes,
1643 2867 1669 2893 in
1681 2866 1745 2892 duos
1769 2874 1814 2891 ι·ιι·‹
1825 2873 1836 2891 ,ς

1042 2913 1205 2940 dividuntur.
1220 2913 1320 2940 I'Iuruin
1345 2922 1398 2940 una
1412 2922 1474 2948 pars
1490 2922 1536 2948 per
1560 2913 1704 2940 altissimos
1729 2913 1837 2941 durius.

1041 2958 1215 2986 i-elzttimlcos
1225 2958 1355 2985 Iler'ratu.
1370 2966 1443 2984 Il'tiltt‘
1455 2966 1484 2984 (η’
1499 2958 1587 2984 aerius
1600 2959 1706 2992 fluvius.
1720 2966 1749 2984 (π
1762 2966 1805 2991 ναι
1815 2962 1844 2985 ἐν
