2148 3246
354 242 423 274 2.ι71

994 240 1025 270 S.
1046 238 1193 270 SYMEON
1214 238 1366 270 JUNIOR.

1905 237 1978 269 297?.

353 299 462 326 dextera
476 298 658 333 superiariqtte
667 299 694 326 in
704 299 793 325 urbem
804 300 890 333 in/tuit
903 307 911 331 ;
927 298 1014 325 altera
1024 298 1139 324 sinistris
1155 299 1175 325 Α
1190 296 1293 322 fuerint
1307 305 1313 322 :
1335 295 1380 322 hic
1395 295 1545 322 emind'isse
1557 294 1630 322 inter
1654 301 1750 322 omnes
1763 291 1901 320 dicendus
1913 298 1956 321 est
1968 314 1974 324 .

354 345 422 378 fonti
436 344 497 371 locis
509 344 697 378 campestribus
717 343 866 376 exundans,
885 344 912 370 in
933 343 1072 378 paludibus
1093 351 1133 368 su~

355 389 701 424 pastagnat,uaiversaqus
726 389 848 423 Daphnes
869 392 948 423 prata
973 388 1083 418 irrorat,
1099 387 1142 413 de-

355 442 426 461 nsum
455 433 526 461 lavis
552 433 658 461 Orontis
680 435 786 469 ﬂuentis
800 435 969 461 immiscetur.
984 433 1060 460 Mons
1080 441 1140 460 vero

356 479 540 511 admirandus,
554 480 623 506 inter
638 480 726 506 urbem
743 483 768 506 et
784 488 857 506 mare
871 480 967 511 elatus,
982 487 1022 506 res
1035 480 1140 514 egregia

355 531 386 550 ac
397 523 545 557 spectabilis
568 528 593 550 et
611 524 805 551 advenientium
819 524 900 551 oculis
927 525 1058 555 delicium.
1079 533 1141 550 con-

355 569 604 604 spiciturtnamque
613 570 669 596 urbi
683 569 820 611 libatoque
832 570 1020 601 conterminus,
1028 574 1140 604 utraque

353 622 385 641 ea:
408 619 485 650 parte
505 615 636 642 montibus
656 614 769 650 Scapula
790 615 960 649 Caucasoque
982 616 1140 649 constringi-

353 663 406 685 tur.
420 658 530 686 Orontes
541 661 636 695 ﬂuvius
648 661 794 686 innumeris
808 661 980 695 inﬂexionum
1000 660 1139 688 porticibus

355 704 390 731 ad
410 705 486 739 pedes
502 706 595 732 montis
609 706 726 740 proﬂuit,
743 710 766 731 et
779 707 806 732 in
827 714 900 733 mare
916 715 1000 741 aquas
1011 707 1138 733 immittit.

390 750 478 777 HJn
503 751 598 777 montis
615 752 722 786 hujusce
749 752 846 778 uertice
874 760 984 786 magnus
1014 752 1059 778 ille
1089 752 1138 784 uir,

352 796 497 831 tranquille
511 797 593 823 vitam
605 805 687 832 agens
698 802 723 824 et
739 797 765 824 in
779 798 856 824 corde
871 799 1035 824 assensiones
1048 798 1140 832 dispo-

353 850 427 874 nens,
444 850 552 876 corpore
564 843 682 870 sublimis
694 842 838 875 extollitur,
851 848 875 870 et
887 852 945 870 cum
961 845 1016 878 ipso
1032 852 1140 878 corpore

352 888 477 914 tet/nereus
490 887 560 921 fieri,
569 888 688 923 interque
699 888 781 915 Deum
794 893 816 915 ct
829 890 945 916 homines
957 890 1056 915 medius
1073 897 1138 921 esse,

352 932 493 958 contendit.
508 932 541 959 At
554 941 607 964 qua
622 934 724 960 ratione
741 933 796 960 Deo
807 934 894 960 dedito
908 934 963 960 viro
976 935 1026 961 ista
1040 942 1079 960 res
1090 934 1138 961 ad-

351 977 493 1004 miratione
516 978 597 1012 digna
616 973 745 1009 evenerit,
757 980 811 1013 ipse
835 980 931 1006 dicam.
949 979 1138 1014 Lapicidarutn

351 1030 432 1057 opera
444 1024 595 1050 summitate
605 1023 700 1051 Montis
706 1024 863 1052 Atlmirandi
874 1028 925 1052 alte
935 1030 1072 1057 excavata,
1082 1034 1138 1052 mo-

352 1067 497 1093 nasterium
507 1075 537 1093 ex
545 1075 596 1094 uno
605 1068 772 1102 ejusdemque
781 1074 886 1096 natura
897 1069 984 1104 lapide
995 1071 1136 1104 exstruxit,

354 1112 382 1137 in
401 1112 475 1147 cujus
488 1113 572 1140 medio
583 1114 701 1140 nativam
715 1114 866 1141 columnam
878 1116 1048 1142 excidendam
1058 1125 1138 1142 cura-

351 1158 397 1186 uit.
411 1158 438 1184 in
449 1165 532 1192 eaque
542 1159 651 1193 uestigia
660 1160 757 1193 posuit,
767 1159 890 1193 ﬁrmans.
902 1161 940 1187 uti
948 1170 1024 1188 sacra
1042 1167 1138 1188 sonant

352 1202 477 1238 Eloquia,
491 1211 570 1238 super
580 1208 681 1236 petram
695 1205 770 1239 pedes
782 1213 841 1232 suos
850 1206 870 1231 ‘.
885 1205 976 1232 Versus
988 1206 1069 1233 solem
1080 1215 1138 1233 vero

352 1243 526 1280 exorientem,
540 1248 669 1282 templum
684 1248 736 1274 Deo
751 1249 958 1283 pulcherrimum
968 1251 1101 1281 excitavit,
1112 1251 1139 1277 in

351 1292 421 1327 quod
433 1292 591 1319 convocabat
609 1293 749 1327 discipulos
767 1301 776 1320 :
798 1299 876 1329 atque
899 1296 936 1322 ita
953 1295 1000 1322 sub
1021 1296 1063 1322 dio
1085 1297 1140 1329 ipse

353 1346 531 1371 commorans,
544 1338 585 1366 illi
610 1343 664 1365 tota
680 1340 793 1366 noctein
809 1340 904 1375 templo
917 1345 1026 1373 stantes,
1043 1346 1071 1368 ut
1092 1343 1138 1368 de-

352 1383 426 1410 cebat
441 1388 557 1415 sanctos,
571 1384 685 1411 debitum
698 1385 751 1411 Deo
766 1385 865 1412 cultum
882 1386 1032 1421 offerebant.

389 1427 432 1455 Β.
445 1427 584 1456 Hactenus
594 1430 760 1463 perpulchre
770 1430 890 1457 Joannes
903 1431 1009 1458 Phoceu.
1033 1431 1061 1458 lu
1076 1432 1138 1466 qui-

353 1474 405 1500 bus
417 1478 507 1500 tamen
522 1474 574 1501 sub
589 1474 669 1502 [luem
683 1477 799 1510 pauCula
841 1477 966 1511 lunatam,
984 1485 1018 1504 ex
1037 1479 1141 1505 versio-

358 1526 391 1545 ne
405 1519 506 1550 Allatii.
522 1527 603 1554 quam
624 1525 651 1548 et
665 1528 714 1548 nos
730 1521 790 1548 loco
799 1523 1077 1558 assignatoiutegram
1090 1524 1139 1551 dc-

355 1563 456 1596 dimus,
472 1565 652 1598 subobscura,
670 1566 715 1594 hic
729 1575 791 1593 cum
804 1567 898 1595 Grzeco
924 1572 998 1596 textu
1029 1569 1138 1602 collata,

353 1609 470 1636 clariom
487 1609 549 1637 feci.
565 1610 636 1643 Quid
651 1612 723 1638 enim
736 1612 788 1639 sibi
808 1614 866 1639 vult
879 1613 966 1640 istud:
981 1613 1013 1640 In
1039 1616 1138 1641 colum-
1152 1628 1175 1658 α

355 1662 389 1680 na
406 1654 504 1688 gradus
518 1655 649 1689 appinxit,
678 1655 723 1682 ubi
752 1655 844 1683 Cra-ce
878 1661 921 1684 est
948 1658 976 1683 ὲν
1004 1657 1072 1683 κὶονι
1089 1658 1138 1689 τὰς

355 1699 449 1734 βάσεις
465 1699 561 1726 Beato?
577 1700 690 1727 Rectius
704 1705 732 1728 et
746 1706 911 1736 argumento
941 1703 1069 1737 praesenti
1092 1711 1139 1731 ac-

355 1745 557 1772 commodatius
570 1746 800 1781 interpretaberis
821 1756 828 1774 ε
843 1748 875 1774 In
889 1748 1014 1776 columna
1031 1751 1140 1784 uestigia

354 1799 399 1817 seu
425 1790 502 1826 pedes
523 1792 619 1826 posuit.
647 1792 766 1820 Innuere
793 1794 895 1828 quippe
925 1795 984 1822 vult
1009 1796 1138 1830 scriptor,

354 1836 517 1872 Symeonent
528 1837 686 1865 ascendisse
700 1839 882 1873 columnam;
903 1841 931 1867 in
955 1848 1036 1876 eaque
1065 1846 1140 1869 stan-

356 1885 408 1908 tem
422 1881 474 1909 sub
493 1882 538 1909 dio
554 1883 680 1911 laudasse
691 1884 788 1911 Deum.

391 1927 434 1954 t3.
448 1927 494 1955 Sic
508 1928 592 1963 igitur
607 1928 690 1956 situm
706 1930 807 1957 montis
829 1931 953 1966 concipe.
972 1931 1031 1960 Non
1044 1933 1139 1960 admo-

356 1970 422 1998 dum
438 1972 539 2011 procul
559 1972 594 2000 ab
623 1973 779 2006 Antiochia,
808 1975 841 2002 ad
869 1975 1001 2004 Orontem
1025 1977 1138 2005 ilttvium

356 2016 478 2049 condita,
503 2018 723 2052 septentrionem
732 2027 828 2047 versus
851 2021 918 2048 urbs
939 2022 1050 2050 Rhosus
1067 2024 1138 2051 mari

353 2061 474 2097 adiacet:
492 2063 564 2090 inter
580 2068 724 2099 utramque
741 2070 825 2097 terra,
840 2066 1012 2102 longiuscule
1024 2069 1051 2095 in
1062 2078 1137 2098 mare

353 2114 450 2135 versus
470 2108 640 2136 occidentem
658 2104 834 2144 procui-rens.
848 2112 875 2139 iu
901 2117 1025 2141 extremo
1040 2115 1137 2142 Seleu-

352 2152 423 2180 ciam
449 2153 608 2187 continent,
624 2155 674 2182 150
693 2155 780 2182 stadia
812 2156 959 2186 Antiochia
988 2159 1114 2188 dissitam

352 2197 422 2226 adeo
436 2202 465 2225 ut
479 2198 594 2226 formam
609 2200 742 2235 trigonum
757 2206 841 2229 ternm
856 2202 914 2230 ista:
927 2204 1053 2233 civitates
1066 2214 1136 2241 quo-

351 2243 499 2272 dammodo
522 2251 730 2279 repraesentem,
744 2248 804 2282 pari
816 2247 903 2276 ferme
919 2249 991 2277 inter
1005 2258 1034 2278 se
1045 2252 1136 2286 spatio

1191 349 1254 368 cum
1269 341 1402 368 nominati
1420 339 1549 375 Scopqu
1561 344 1588 367 et
1599 339 1732 370 Caucasus
1755 339 1840 366 veluti
1855 346 1904 374 pro
1925 347 1976 374 ap-

1191 386 1356 421 pendicibus
1375 386 1552 422 adjiciantur,
1566 393 1618 413 nec
1633 386 1717 413 ullum
1732 385 1852 412 aliorum
1876 391 1976 412 nomen

1191 436 1308 466 excepto
1323 431 1490 465 Mauro,aut
1507 431 1562 464 hic,
1593 435 1641 458 aut
1668 432 1696 458 in
1710 431 1782 463 Vita,
1809 429 1890 462 forte,
1925 436 1977 456 nec

1191 477 1260 505 alibi
1271 478 1411 505 memoria:
1428 477 1568 512 proditum
1591 477 1758 504 inveniatur.

1227 523 1270 551 Η.
1286 523 1319 551 Et
1342 531 1417 556 sane,
1442 531 1525 558 quem
1552 523 1661 550 eminus
1686 523 1879 549 advenientium
1914 529 1976 549 aeu-

1192 569 1223 596 tis
1234 568 1356 595 delicium
1371 569 1491 603 appellat
1503 572 1610 600 auctor,
1628 575 1682 603 non
1701 567 1869 603 iniucundus
1887 565 1974 594 fuerit

1191 614 1268 642 locus
1281 622 1394 642 necesse
1415 619 1469 646 est,
1481 614 1607 649 quamvis
1622 613 1649 640 in
1666 613 1737 645 Vita,
1752 621 1781 640 ιι.
1799 613 1844 645 92,
1856 613 1975 640 desertus

1190 660 1365 695 incultusque,
1383 668 1434 687 non
1461 661 1493 687 ab
1509 669 1590 695 aqua,
1605 664 1687 692 tecto,
1705 658 1792 686 aliave
1804 667 1834 685 re
1844 658 1879 685 ad
1894 658 1976 685 vitam

1190 707 1338 732 necessaria
1368 707 1512 732 instructus
1547 706 1665 733 dicatur.
1701 703 1975 745 Commendationem

1190 751 1292 786 quippe
1307 752 1442 778 meruisse
1461 756 1551 786 potest
1565 751 1623 786 ipsa
1639 749 1784 778 sterilitate
1800 753 1882 784 atque
1895 755 1977 783 aspe-

1189 797 1271 824 ritate
1287 805 1346 826 sua.
1363 797 1465 832 quibus
1479 797 1586 828 oculos,
1595 795 1750 823 virentibus
1763 795 1867 822 circum
1880 793 1977 822 riden-

1190 842 1319 876 tibusque
1344 842 1431 876 pratis
1455 846 1590 875 assuetos,
1605 840 1756 876 jucundius
1767 839 1911 867 adiciebat.
1924 839 1978 866 Po-

1190 887 1242 914 tuit
1256 887 1340 914 ctiam
1355 887 1473 918 laudari,
1486 887 1560 922 quod
1571 886 1815 921 injucundissimus
1835 884 1900 912 inde
1910 891 1977 919 pro-

1190 937 1300 967 spectus
1314 936 1397 960 esset.
1414 932 1477 960 Sive
1497 924 1672 966 enim—(quod
1696 930 1799 958 sanctis
1813 930 1977 957 deliciarum

1153 963 1176 992 Β
1190 963 1312 1005 omnium
1330 977 1570 1006 deliciosissimum
1578 977 1630 1013 est)
1641 982 1749 1005 erectos
1761 976 1790 1004 in
1799 976 1899 1004 malum
1912 975 1977 1003 vul-

1190 1028 1236 1054 tus
1241 1024 1329 1059 placet
1340 1025 1448 1057 tollere,
1465 1025 1510 1052 hic
1521 1024 1670 1060 spatiosius
1681 1024 1855 1058 lucidiusque
1866 1022 1978 1057 conspi-

1190 1070 1273 1102 citur,
1291 1070 1376 1098 nuHis
1393 1075 1474 1098 terra:
1484 1070 1646 1106 fumigantis
1664 1070 1810 1097 inammnis
1828 1068 1978 1104 vaporibus

1189 1114 1392 1150 interceptum:
1409 1116 1468 1143 sive
1492 1120 1602 1143 terrena
1640 1114 1819 1151 contemplari
1847 1114 1976 1146 delectat,

1190 1161 1254 1189 inde
1270 1170 1302 1189 ac
1321 1163 1476 1190 caelestium
1501 1163 1710 1190 meditatibnem
1729 1161 1856 1198 securius
1879 1168 1976 1188 ascen—

1189 1215 1301 1240 surum;
1319 1208 1492 1243 ubi.qu:eso,
1510 1212 1646 1236 terrarum
1665 1208 1836 1242 voluptatum
1859 1205 1977 1241 amplior

1190 1257 1403 1288 sauctarumque
1446 1254 1645 1289 cogitationum
1667 1253 1798 1289 fertilior
1837 1251 1977 1287 campus?

1189 1297 1277 1325 Urbes
1302 1298 1436 1333 imprimis
1466 1300 1596 1335 subjecta
1617 1299 1762 1326 Antiochia
1782 1306 1814 1326 ac
1838 1297 1976 1330 Seleucia,

1190 1344 1383 1371 memorabiles
1397 1345 1514 1373 maxime
1527 1353 1559 1373 ac
1575 1345 1716 1380 speciosae,
1726 1344 1791 1380 quid
1808 1352 1862 1372 non
1875 1351 1977 1379 reprae-

1190 1391 1319 1417 sentant?
1334 1390 1403 1418 Hinc
1429 1390 1577 1426 Scopulus,
1589 1390 1738 1425 asperitate
1752 1397 1802 1417 sua
1821 1396 1946 1416 amamus
1968 1396 1977 1421 ;

1191 1434 1254 1462 inde
1267 1435 1404 1462 celebrata
1420 1435 1545 1462 omnium
1560 1435 1680 1470 scriptis,
1694 1439 1724 1462 ut
1735 1433 1977 1468 merita,Daphne.

1190 1485 1323 1515 quantum
1338 1483 1482 1508 recreant!
1502 1480 1601 1515 Prope,
1617 1480 1668 1508 sub
1687 1480 1746 1515 ipso
1767 1484 1871 1511 monte,
1903 1478 1975 1506 ludit

1190 1525 1274 1552 variis
1295 1525 1434 1552 meandris
1452 1530 1534 1560 atque
1547 1525 1722 1555 anfractibus
1734 1525 1869 1552 Orontes:
1881 1523 1977 1560 procul

1190 1575 1266 1605 patet
1277 1570 1504 1606 spatiosissimum
1519 1574 1601 1605 atque
1609 1570 1697 1597 oculis
1710 1568 1914 1596 intcrminabile
1923 1576 1974 1603 pe-

1191 1617 1284 1651 lagus;
1300 1620 1375 1650 patet
1394 1616 1459 1643 item
1472 1615 1580 1643 diversa
1597 1620 1688 1647 terra,
1704 1615 1768 1642 hinc
1785 1615 1812 1641 in
1825 1613 1974 1641 collesela-

1193 1667 1236 1694 ch,
1253 1662 1316 1689 inde
1332 1662 1359 1689 in
1372 1662 1455 1689 valles
1466 1662 1611 1696 depressas,
1628 1661 1693 1688 alibi
1708 1660 1823 1692 arentis,
1838 1659 1904 1687 alibi
1912 1667 1980 1687 oon-

1191 1708 1251 1736 sita:
1269 1707 1363 1735 facies.
1379 1707 1485 1742 Ecquid
1503 1707 1587 1742 igitur
1600 1706 1687 1740 deest,
1704 1710 1734 1734 ut
1754 1706 1878 1734 delicium
1901 1706 1978 1734 dica-

1192 1758 1238 1781 tur
1253 1762 1331 1781 mons
1350 1754 1401 1781 iste
1414 1754 1425 1780 ἲ

1265 1799 1278 1834 §
1292 1798 1336 1826 Ill.
1355 1799 1391 1825 De
1409 1803 1487 1826 male
1505 1799 1590 1826 sancti
1605 1797 1742 1834 Symconis
1759 1798 1888 1826 Junioris.

1228 1845 1271 1872 15.
1290 1845 1348 1872 Duo
1364 1845 1497 1872 hactenus
1512 1852 1645 1880 perquam
1660 1844 1788 1877 obscura,
1805 1852 1866 1880 quae
1888 1844 1921 1872 ad
1937 1844 1978 1872 di-

1190 1890 1366 1918 Stinctioncm
1397 1890 1562 1925 Symeonum
1591 1890 1772 1926 Stylitarum,
1797 1898 1913 1925 quaeque
1938 1890 1972 1917 ad

1190 1935 1308 1963 Montem
1320 1935 1482 1967 Mirabilem,
1498 1935 1556 1963 solo
1571 1936 1628 1964 fere
1640 1936 1751 1970 nomine
1762 1936 1808 1964 diu
1824 1937 1976 1972 cognitum,

1189 1981 1318 2013 attinent,
1334 1981 1505 2016 prosecutis;
1522 1980 1594 2008 haud
1611 1981 1692 2016 paulo
1702 1981 1812 2017 gravior
1830 1980 1979 2009 difﬁcultas

1188 2025 1324 2053 incumbit
1337 2024 1487 2054 deﬁniendi
1500 2030 1618 2058 certum,
1631 2027 1654 2054 si
1671 2027 1767 2062 possit,
1780 2030 1889 2062 tempus
1898 2046 1906 2058 ,
1921 2033 1978 2062 quo

1187 2071 1286 2098 Junior
1301 2071 1418 2107 Symeon
1433 2076 1515 2098 natus
1530 2075 1709 2106 mortuusque
1726 2071 1819 2099 fuerit.
1833 2071 1976 2100 Neminem

1188 2117 1310 2152 reperire
1338 2117 1418 2144 licuit
1445 2117 1663 2152 auctorem,qu
1693 2117 1907 2145 determinatius
1926 2117 1977 2145 ali-

1187 2162 1253 2197 quid
1267 2162 1426 2195 aﬂirmaret,
1444 2171 1526 2197 quam
1541 2163 1628 2190 fuisse
1655 2162 1819 2199 Symeonem
1847 2164 1974 2198 tempori-

1186 2208 1233 2235 bus
1240 2207 1338 2246 Justini
1353 2208 1480 2236 Senioris.
1495 2209 1553 2236 lmo
1565 2216 1654 2245 neque
1669 2209 1741 2242 Vita,
1755 2216 1836 2244 quam
1861 2209 1973 2244 subjici-

1186 2253 1335 2285 mns,diem
1342 2261 1479 2281 annumve
1491 2259 1567 2281 ortus
1574 2258 1621 2281 aut
1628 2254 1719 2282 obitus
1727 2254 1800 2282 illius
1808 2254 1975 2282 determina-

351 2288 496 2335 distantes.
518 2289 588 2317 Hinc
602 2299 691 2324 mons,
715 2292 763 2327 qui
792 2293 967 2322 Antiochiam
999 2295 1135 2323 Rhosum—
1151 2287 1174 2317 Ι)
1187 2301 1244 2324 tum
1253 2297 1344 2332 ponit;
1362 2298 1482 2333 suggerit
1492 2302 1581 2325 tamen
1589 2298 1712 2333 quaedam
1720 2299 1785 2326 hinc
1793 2299 1906 2331 inde.ex
1914 2299 1976 2335 qni-

350 2340 405 2368 que
418 2333 520 2360 dicitur
531 2335 714 2368 committere,
734 2336 888 2365 Seleuciam
914 2339 1030 2367 includit
1044 2347 1136 2376 segre-

349 2383 450 2414 gatque
466 2379 501 2406 ab
514 2380 619 2415 reliqua
629 2382 802 2410 continente.
814 2383 903 2420 Atque
932 2386 969 2413 ita
992 2392 1067 2414 recte
1080 2395 1130 2422 po-

350 2423 427 2450 nitur
441 2424 513 2452 iutcr
529 2425 624 2452 urbem
640 2427 841 2455 Antiochenam
866 2433 950 2465 atque
977 2440 1053 2460 mare
1075 2433 1133 2461 ela-

351 2472 410 2496 tus:
428 2469 502 2504 quod
519 2471 607 2506 ipsum
625 2472 708 2499 etiam
719 2480 753 2500 ex
778 2474 841 2502 Vita
854 2483 882 2502 n.
902 2476 934 2502 77
952 2478 1068 2505 stabiliri
1085 2487 1134 2514 po-

349 2518 412 2542 test.
424 2515 514 2543 Habet
528 2523 610 2553 porro
621 2525 700 2546 mons
716 2519 769 2547 iste
783 2521 924 2555 oppositos
947 2523 1017 2551 duos
1042 2524 1132 2558 alios;

348 2568 466 2594 quorum
479 2561 549 2589 alter
565 2562 623 2597 qui,
640 2562 769 2597 Scopulus
794 2565 906 2600 dicitur,
923 2567 1047 2596 Seleucia
1062 2569 1135 2597 Rho-

349 2611 409 2631 sum
426 2605 549 2633 tendenti
562 2606 651 2634 media
667 2609 790 2636 occurrit
810 2610 865 2642 via,
882 2612 950 2638 mari
967 2613 1132 2648 imminens;

348 2653 377 2676 ct
391 2649 426 2677 ab
440 2650 491 2678 hac
520 2651 599 2684 urbe,
617 2652 713 2685 credo,
733 2652 858 2690 Scopolus
874 2656 998 2686 thosicus
1014 2660 1135 2694 appella-

350 2698 413 2727 tur;
428 2695 557 2729 alterum,
571 2697 616 2724 cui
630 2697 763 2726 Caucasus
789 2708 890 2729 nomen
903 2703 1011 2738 obtigit,
1037 2705 1064 2733 in
1079 2705 1133 2733 ad-

348 2746 426 2767 versa
437 2747 497 2768 esse
513 2747 591 2776 parte
605 2743 700 2771 Montis
713 2745 860 2779 Mirabilis.
888 2747 1016 2777 videlicet
1043 2751 1134 2779 orien-

351 2785 410 2816 tali.
428 2793 461 2813 ex
488 2789 647 2817 narratione
658 2796 784 2819 constare
809 2793 929 2822 videtur.
951 2795 1028 2828 Quod
1051 2797 1134 2833 siqui

348 2830 393 2858 alii
409 2832 496 2860 colles
516 2841 658 2863 montesve
685 2836 874 2872 ignobiliores,
901 2830 1133 2875 quemadmodum

349 2876 407 2904 fieri
425 2879 526 2907 assolet
539 2885 621 2916 atque
637 2881 664 2910 in
681 2883 740 2912 Vita
757 2885 838 2913 etiam
857 2886 995 2921 proditur,
1013 2887 1132 2916 circum-

388 2935 396 2951 ⁶
414 2937 482 2964 Psal.
500 2946 589 2970 χχχιι,
609 2940 634 2967 5.

1188 2340 1240 2369 bus
1253 2341 1362 2370 deliniri
1372 2342 1489 2370 certiora
1499 2343 1615 2377 possint.
1621 2343 1683 2370 Mox
1690 2343 1764 2371 enim
1770 2351 1798 2371 n.
1808 2343 1841 2371 £0
1847 2343 1975 2377 habetur.

1189 2387 1351 2423 Symeonem
1366 2389 1571 2425 quinquennem
1583 2390 1677 2424 fuisse,
1695 2399 1757 2418 cum
1777 2392 1868 2427 gravis
1894 2397 1978 2420 terra

1189 2436 1280 2459 motus
1286 2433 1459 2460 Antiochiam
1471 2433 1717 2469 labefactavit,quo
1728 2442 1823 2462 eversa
1830 2435 1904 2463 illius
1910 2444 1978 2471 quo-

1189 2485 1242 2512 que
1251 2478 1348 2506 domus
1358 2479 1431 2507 inter
1447 2479 1514 2507 alias
1528 2485 1580 2512 est,
1599 2484 1627 2508 et
1639 2485 1719 2516 pater
1731 2481 1818 2510 ruinis
1832 2482 1978 2511 involutus

1188 2521 1304 2551 interiit.
1319 2523 1466 2551 Deﬁnitum
1482 2524 1528 2552 hic
1545 2525 1627 2557 foret.
1641 2526 1664 2554 si
1684 2526 1793 2556 felicior
1817 2527 1974 2560 Antiochia.

1186 2568 1277 2596 minus
1290 2569 1483 2605 frequentibus
1497 2575 1625 2606 quassata
1640 2571 1762 2601 motibus
1776 2571 1884 2601 fuisset.
1901 2573 1976 2601 Duo-

1185 2622 1247 2641 rum
1259 2615 1446 2643 meminerunt
1457 2620 1584 2644 auctores
1598 2617 1733 2652 Evagrius
1743 2622 1826 2653 atque
1832 2619 1976 2655 Theopha-

1184 2668 1245 2692 nes,
1258 2660 1306 2695 qui
1323 2661 1375 2688 sub
1388 2661 1462 2688 idem
1478 2661 1536 2689 fere
1546 2666 1663 2697 tempus,
1680 2663 1826 2699 interiecto
1837 2666 1975 2695 mensium

1186 2706 1298 2742 triginta
1314 2715 1370 2743 non
1386 2708 1504 2743 amplius
1520 2709 1618 2743 spatio,
1636 2709 1821 2738 invaluerunt.

1223 2751 1266 2779 Ιϐ.
1280 2751 1404 2779 Priorem
1425 2752 1464 2779 sic
1481 2752 1755 2790 describitEvagrius
1768 2755 1787 2782 1.
1803 2764 1841 2789 tv,
1857 2764 1918 2792 cap.
1933 2758 1952 2786 5
1965 2766 1975 2786 ς

1185 2796 1283 2825 Iisdem
1302 2797 1402 2825 lustini
1418 2799 1576 2834 temporibus
1585 2800 1677 2828 crebra
1692 2801 1836 2836 graviaque
1853 2802 1975 2831 incendia

1186 2843 1331 2872 Antiochia:
1346 2845 1523 2880 contigerunt,
1544 2853 1602 2880 quae
1616 2846 1696 2874 ueluti
1708 2847 1785 2875 duces
1802 2848 1910 2883 {uerunt
1921 2854 1976 2877 ter-

1189 2890 1320 2925 riﬁcorum
1347 2895 1426 2919 terra?
1446 2896 1574 2925 motuum,
1588 2892 1682 2920 ibidem
1706 2898 1796 2928 postea
1823 2900 1973 2924 consecuto-
