2148 3251
193 249 263 281 2373

755 254 1057 290 COMMENTARIUS
1077 259 1262 291 PBJEVIUS.

1752 269 1826 302 2974

192 315 263 340 runt,
276 309 502 346 pratluseruntque
531 311 729 341 calamitatibus
754 317 881 342 uenturis.
910 315 980 343 Nam
998 317 1040 348 Ai

195 353 263 364 ιη.
341 360 347 364 .
369 361 375 364 .
651 363 656 364 ,
726 359 746 364 Α
856 363 863 364 ,

974 325 980 343 ι
998 321 1018 348 Α
1033 317 1125 350 λείας,
1142 319 1207 354 μηνὶ
1217 319 1322 354 δεκάτῳ
1336 328 1343 335 ”
1361 320 1413 347 ἀνὰ
1428 321 1472 347 τὸν
1488 322 1660 358 ’Δρτεμισςον
1676 327 1747 360 μῆνα
1763 329 1822 364 ἦτοι

193 353 263 381 brevi
290 360 491 392 post‘tcmpore,
505 368 575 387 anno
589 363 700 396 septimo
722 359 828 398 imperii
847 363 947 391 Justini
957 369 983 391 et

193 407 281 427 mense
297 400 396 429 decimo
411 411 420 435 ;
435 411 522 431 mense
541 405 684 434 Artemisio
697 416 742 435 seu
753 407 844 442 Maio;
863 409 905 436 die
927 410 983 445 ejus

192 451 263 472 nona
274 454 305 472 ac
321 447 453 480 vicesima,
467 449 523 485 ipso
542 452 651 479 meridie
668 452 740 486 ferite
752 458 843 486 secta,
854 459 883 481 ut
904 463 983 482 poca-

192 491 246 521 tur,
257 486 425 519 hebdomadis
441 501 451 525 ;
464 496 596 522 succussio
612 505 644 523 ac
654 501 739 524 motus
754 503 841 530 terra.
853 499 981 526 invaden-

191 538 229 561 tes
256 535 356 568 urbem,
375 546 441 572 pene
470 544 553 567 totam
576 541 695 575 funditus
707 543 902 571 subuerterant.
917 544 983 572 Post

191 579 246 607 Itth
267 583 389 611 successit
418 585 486 619 ignis
512 594 625 621 quoque,
645 591 670 614 et
697 589 880 617 calamitatem
904 591 983 625 quasi

176 626 249 652 eum
272 626 325 654 illis
356 630 471 663 partitus
496 635 544 659 est.
562 631 661 664 Quibus
674 635 743 662 enim
758 634 820 668 locis
845 637 982 671 quassatio

191 675 327 707 motusque
341 679 523 708 pepercerant,
539 676 588 704 illa
603 678 672 713 ignis
685 680 783 706 circum
795 680 938 715 deposcens
955 681 982 708 in

190 716 290 744 cineras
317 718 477 755 favillasque
500 722 610 757 redegit.
628 723 693 756 Qua
708 733 788 759 porro
805 726 875 753 urbis
893 732 982 762 partes

191 763 304 795 ruerintl
322 769 384 799 quot
397 766 516 794 homines
530 768 648 802 ﬂammis
663 771 837 806 motibusque,
856 772 895 798 uti
908 773 983 799 simi-

191 807 240 834 lius
268 817 327 836 vero
341 815 389 842 est,
411 811 581 846 interierint,
613 823 673 849 qua
694 817 774 843 etiam
791 818 926 845 mirabilia
941 819 981 846 di-

189 854 315 889 cendique
334 856 461 891 facultate
476 862 549 888 omni
561 863 667 898 majora
680 866 849 900 contigerint,
877 867 984 903 lugubri

189 907 343 932 prosecutus
367 908 405 931 est
425 907 546 934 oratione
570 907 688 938 Joannes
718 912 820 945 rhetor,
835 913 981 943 Histon'ant

187 952 266 973 suam
283 949 324 974 hic
345 949 513 979 concludens.
539 952 707 989 Euphrasius
720 965 780 984 vero
793 959 874 986 etiam
896 961 981 988 ruinis

1037 365 1137 397 Mam”,
1165 366 1262 401 εννάτῃ
1273 366 1300 392 δὲ
1328 367 1438 402 εἰκοστῇ
1463 368 1546 394 αὑτοῦ
1564 370 1664 406 ἡμέρᾳ.
1682 372 1759 400 Anno
1779 383 1821 402 se-

1034 410 1115 445 ptimo
1128 411 1232 446 imperii
1238 410 1350 443 Justini,
1364 421 1450 439 mense
1461 413 1579 441 decimo:
1592 418 1826 448 menseArte‘misio

1031 464 1077 482 seu
1091 455 1173 489 Maia,
1187 457 1228 483 die
1238 458 1296 491 ejus
1317 453 1386 485 nou'a
1404 462 1429 485 et
1442 460 1645 488 vicesima.»Cttr
1660 463 1682 489 si
1705 473 1821 493 mensem

1035 500 1162 528 decimum
1173 503 1237 531 anni
1248 503 1352 537 septimi
1365 503 1424 530 vult
1439 503 1567 540 intelligi,
1585 508 1818 541 quemadmodum

1033 547 1101 573 diem
1117 547 1267 579 vicesimum
1290 557 1389 575 nonum
1415 549 1544 585 intelligit
1571 554 1666 580 mensis
1686 554 1822 584 Artemisii

1032 600 1077 619 seu
1091 591 1171 624 Maii,-
1185 601 1243 623 cur.
1258 595 1380 629 inquam,
1393 595 1542 630 utrubique
1551 605 1606 624 non
1617 598 1742 633 loquitur
1754 601 1825 636 pari-

1033 637 1176 665 formiter?
1197 638 1326 667 Secundo
1350 640 1411 667 loco
1425 641 1498 668 diem
1515 643 1618 670 mensis
1643 643 1745 672 indicat
1773 655 1823 674 ex-

1028 683 1125 718 presse
1138 691 1186 718 per
1204 684 1349 713 relativum
1362 686 1456 717 αὺτοῦ,
1479 687 1547 721 ejus,
1568 696 1623 716 non
1646 690 1711 717 item
1731 692 1821 726 primo

1033 736 1154 756 mensem
1169 730 1234 757 anni
1248 739 1256 762 ς
1272 731 1346 758 nulla
1362 731 1407 759 hic
1422 733 1526 760 mentio
1553 734 1707 763 relationis.
1730 736 1823 765 Voluit

1032 773 1116 809 igitur
1131 779 1186 802 nOn
1198 776 1261 802 anni
1276 777 1399 811 septimi,
1415 777 1464 805 sed
1486 786 1568 813 supra
1585 779 1672 811 illum.
1698 789 1822 810 mensem

1032 819 1171 847 decimum
1184 820 1354 856 significare;
1370 822 1446 856 quod
1465 827 1494 850 ut
1524 824 1658 859 liquidius
1683 826 1754 854 foret
1772 836 1824 855 nec

1033 865 1060 892 in
1074 873 1198 894 errorem
1209 867 1368 902 quempiam
1398 868 1532 904 deinceps
1558 871 1716 904 induceret,
1738 875 1824 908 parti-

1032 911 1122 937 culam
1147 911 1205 944 καί,
1228 916 1261 943 et,
1289 920 1448 949 quanquam
1473 915 1518 942 vix
1541 917 1737 948 necessariam.
1752 927 1821 946 con-

1032 959 1121 982 stante
1133 957 1216 983 etiam
1233 957 1292 984 sine
1303 957 1348 985 illa
1359 965 1441 986 sensu
1462 967 1545 994 quem
1563 960 1757 995 indicavimus,
1770 963 1803 990 ad
1814 979 1820 984 -

188 991 358 1028 interceptus.
370 995 451 1022 vitam
470 996 556 1029 ﬁnivit
568 1007 578 1025 :
594 1008 626 1026 ac
657 1005 742 1028 morte
770 1011 819 1030 sua
846 1004 978 1038 publicam
997 997 1016 1024 Β
1028 1000 1114 1036 licere
1131 1001 1219 1028 Visum
1235 1008 1288 1030 εει·

187 1036 368 1065 calamitatem
384 1042 470 1074 auxit,
490 1044 593 1071 nemine
601 1045 673 1080 jam,
686 1046 732 1082 qui
751 1036 893 1083 profutura
915 1057 978 1084 sug-

186 1088 300 1116 gereret,
310 1090 465 1118 superante.
481 1087 565 1116 Addit
581 1089 766 1127 Theophanes
780 1102 787 1120 :
807 1094 902 1122 Omnes
912 1103 978 1128 quo-

186 1133 236 1160 que
250 1128 318 1155 ades
333 1133 357 1156 et
364 1130 478 1159 ecclesiis
488 1135 670 1168 conciderunt,
683 1142 707 1164 et
725 1138 794 1166 urbis
802 1139 880 1167 decor
893 1141 978 1167 omnis

187 1169 286 1199 deletus
298 1178 336 1200 est
353 1183 362 1201 :
380 1175 426 1202 sed
452 1184 536 1211 neque
551 1179 612 1206 talis
627 1180 768 1209 calamitas
795 1182 855 1209 aliis
873 1183 977 1213 sa'culis

185 1219 278 1251 quavis
300 1219 327 1246 in
358 1221 421 1248 urbe
449 1224 569 1259 contigit.
583 1225 766 1255 Pientissimus
778 1234 866 1256 autem
895 1230 976 1264 impe-

187 1267 261 1289 rator
276 1263 407 1299 Justinus,
421 1275 450 1294 re
461 1270 578 1304 cognita.
590 1271 693 1306 ingenti
709 1273 799 1300 dolore
811 1275 896 1301 animi
915 1263 976 1310 per—

185 1314 287 1341 cussus,
299 1310 402 1338 sublato
415 1314 510 1348 capitis
521 1315 562 1341 sui
583 1321 680 1342 ornatu
701 1325 872 1354 purpuraque
898 1320 978 1355 depo-

185 1353 246 1386 sita,
264 1354 353 1389 plures
372 1357 427 1384 dies
441 1366 547 1386 saccum
568 1361 675 1389 indutus
691 1362 758 1390 luxit
772 1372 781 1396 ;
798 1364 864 1391 adeo
888 1369 917 1391 ut
931 1353 977 1402 vfe-

188 1403 230 1426 sta
255 1408 358 1435 quoque
378 1401 434 1429 luco
450 1405 591 1438 procedens
606 1406 633 1432 in
647 1407 784 1442 templum,
795 1415 976 1437 coronantaut

184 1445 351 1483 chlamydem
364 1455 467 1484 gestare
480 1454 598 1480 renuerit
610 1461 618 1480 :
632 1462 723 1481 verum
742 1456 779 1482 sic
795 1456 908 1491 simplici
926 1457 975 1484 ha-

184 1493 238 1520 bitu
259 1501 317 1520 cum
333 1495 390 1522 solo
410 1497 525 1532 mandya
541 1507 673 1534 purpureo
688 1502 842 1534 processerit
853 1522 859 1533 ,
876 1510 907 1528 ac
930 1511 975 1529 co-

186 1547 244 1566 ram
261 1543 314 1567 toto
336 1547 431 1569 senatu
447 1542 616 1578 ingemuerit.
632 1546 772 1580 ceterique
792 1556 881 1575 omnes
897 1548 975 1583 lugu-

183 1583 254 1623 bria
272 1586 358 1614 induti
385 1595 440 1614 una
471 1596 530 1615 cum
558 1590 613 1624 ipso
641 1590 776 1618 luserunt.
793 1590 856 1619 llaec
878 1592 917 1619 illi
940 1593 974 1621 de

183 1630 269 1664 priori
282 1631 454 1661 Antiocheno
472 1638 553 1661 terra:
567 1640 653 1663 motu.

220 1677 262 1703 i7.
280 1676 382 1706 Verum
408 1679 574 1715 priusquam
605 1682 639 1709 ad
665 1683 785 1711 alterum
811 1685 972 1719 progredia-

185 1730 256 1753 mur.
271 1724 551 1755 monitumlcctorem
576 1729 671 1762 velim,
687 1737 738 1757 nos
762 1729 839 1757 illttm
864 1730 975 1766 Evagrii

182 1768 283 1801 locum.
297 1778 367 1797 anno
380 1774 514 1806 septima,
532 1782 625 1801 mense
639 1774 740 1802 decimo
758 1776 862 1811 imperii
875 1776 974 1804 Justini

184 1815 241 1849 (qui
258 1823 351 1844 errare
360 1816 427 1845 fecit
440 1818 604 1852 Barouium,
620 1821 782 1856 errorisque
811 1823 937 1857 arguitur
958 1831 974 1850 a

182 1860 292 1888 Valcsio
307 1861 334 1888 in
351 1862 588 1892 Adnotationibus
604 1865 674 1900 hic),
699 1866 843 1902 interjecta
856 1868 974 1903 conjun-

183 1906 274 1934 ctione
288 1911 323 1937 et.
337 1907 378 1934 sic
388 1909 540 1944 corrigere,
559 1919 630 1938 anno
641 1912 752 1947 septimo
767 1916 792 1939 et
815 1921 902 1940 mense
926 1914 973 1941 de-

183 1952 251 1979 timo
264 1953 369 1987 imperii
379 1953 488 1988 Justini,
499 1960 528 1983 ut
543 1964 642 1992 nempe
660 1962 798 1986 statuatur
806 1959 854 1986 hic
868 1964 972 1993 motus,

186 1999 225 2025 uti
238 1999 330 2033 debet,
344 2001 478 2030 accidisse
494 2007 594 2031 octavo
608 2004 718 2040 imperii
745 2013 819 2034 anno
840 2006 873 2034 ad
890 2007 972 2035 tinem

181 2049 327 2079 \ergente,
345 2046 392 2080 qui
425 2047 509 2075 refert
538 2056 643 2076 annutn
669 2050 791 2085 vulgaris
823 2059 886 2079 terte
906 2052 971 2084 526,

181 2090 293 2123 quando
326 2090 418 2118 littera
446 2092 627 2130 Dominicalis
650 2094 674 2121 Ι)
698 2095 818 2123 faciebat
843 2096 914 2124 diem
937 2098 972 2126 29

181 2135 245 2165 Maii
278 2143 340 2163 cum
374 2137 455 2165 Feria
484 2138 501 2165 6
531 2138 714 2168 hebdomadis
740 2142 901 2170 convenire.
932 2144 971 2170 Ita

181 2187 250 2208 vero
275 2181 358 2209 etiam
373 2181 407 2209 ab
425 2182 542 2219 Evagrio
551 2185 690 2220 scriptum
706 2184 792 2214 fuisse
804 2187 902 2215 suadet
924 2196 971 2216 ex-

180 2225 351 2260 pressissima
368 2228 473 2255 mentio
483 2230 626 2264 temporis,
637 2230 709 2258 inter
729 2236 878 2267 utrumque
891 2237 971 2262 terrae

181 2274 286 2298 motum
300 2271 398 2306 elapsi,
415 2273 490 2307 quod
508 2274 547 2301 ait
565 2274 678 2310 triginta
711 2277 850 2304 mensium
866 2277 968 2312 fuisse;

181 2315 254 2350 quod
271 2320 379 2352 tempus
396 2318 419 2344 si
438 2318 554 2353 adjicias
569 2319 602 2347 ad
617 2320 691 2348 diem
708 2321 743 2349 29
771 2323 876 2350 mensis
891 2323 968 2356 Maii,
988 2327 1010 2356 υ

180 2360 247 2388 dicti
260 2369 321 2389 sane
341 2362 462 2398 vulgaris
473 2364 537 2391 anni
554 2365 758 2402 5‘26,essurget
785 2375 877 2396 annus
899 2369 973 2405 ejus-

181 2407 242 2433 tium
251 2415 312 2435 εει-ε
323 2408 386 2438 528.
402 2410 507 2437 mensis
520 2406 689 2445 November,
703 2412 764 2441 dies
781 2413 827 2448 29,
839 2422 896 2450 quo
906 2423 973 2450 prte-

181 2451 240 2479 eise
259 2453 441 2487 posteriorem
466 2459 548 2483 terra;
566 2460 671 2484 motum
686 2458 808 2486 saeviisse
820 2467 853 2486 ex
881 2459 972 2486 Theo-

180 2497 270 2532 phane
287 2497 403 2533 aliisque
424 2499 568 2528 manifeste
590 2506 708 2529 constat.
725 2502 820 2538 Neque
839 2504 972 2531 credibile

180 2547 376 2571 cslauetorcm
393 2544 440 2579 qui
469 2549 524 2572 tam
548 2545 677 2574 accurate
700 2547 884 2576 minutissima
898 2556 973 2584 quae-

181 2597 235 2623 que
254 2589 424 2622 observavit,
443 2591 573 2618 utetiam
588 2591 685 2619 horam
701 2597 729 2620 et
750 2597 883 2628 punctum
902 2598 970 2621 tem-

180 2635 266 2669 poris,
279 2643 335 2670 quo
354 2641 448 2663 motus
471 2637 567 2672 cmpit,
591 2639 778 2673 expresserit;
796 2639 971 2669 aberravisse

179 2688 252 2708 anno
266 2681 385 2716 integro.
405 2683 558 2716 praesertim
573 2690 635 2710 cum
664 2684 710 2711 vis
739 2685 861 2719 potuerit
878 2685 969 2721 ipsum

179 2725 293 2753 secundi
323 2731 415 2754 motus
441 2725 607 2755 distinctum
638 2733 748 2763 tempus
770 2729 924 2763 praeterire,
954 2738 969 2757 a

178 2769 347 2804 Theophane
366 2770 446 2805 longe
460 2771 616 2805 posteriore
630 2771 856 2800 determinatum.
880 2774 969 2806 Adde.

178 2816 199 2842 si
236 2815 301 2850 quid
328 2816 411 2843 etiam
439 2817 491 2844 hoc
514 2818 647 2845 momenti
672 2818 766 2850 habet,
789 2819 848 2854 ipsa
874 2824 970 2848 aucto—

179 2860 216 2888 ris
231 2861 326 2893 verba,
342 2861 369 2888 in
386 2862 482 2890 eadem
498 2863 555 2891 fere
567 2864 684 2899 periodo
699 2864 810 2892 diversa
836 2865 967 2901 loquendi

179 2904 264 2931 forma
281 2906 398 2937 utentis,
416 2906 462 2933 ttbi
475 2912 565 2934 tamen
581 2907 678 2935 eadem
691 2909 790 2936 volunt
805 2910 966 2945 significari.

181 2949 226 2978 Sic
244 2950 302 2977 ait:
326 2951 369 2977 Ἕν
385 2952 423 2986 τῷ
440 2952 545 2988 ἑϐδόμῳ
560 2953 614 2980 ἔτει
641 2955 689 2990 τῆς
711 2956 855 2984 Ἰηυστίνθυ
889 2958 966 2987 Bas:-

1066 1045 1108 1072 t8.
1127 1046 1180 1074 Sed
1199 1047 1354 1079 redeamus.
1374 1049 1448 1077 unde
1469 1050 1587 1086 digressi
1603 1059 1709 1080 sumus.
1726 1052 1817 1081 Poste-

1030 1090 1112 1118 rioris
1135 1096 1227 1119 motus
1251 1093 1437 1122 calamitatem
1452 1096 1492 1123 sic
1509 1102 1623 1124 enarrat
1635 1097 1822 1132 Theophanes

1029 1143 1101 1163 anno
1117 1135 1135 1163 2
1161 1136 1322 1171 Iustiniani,
1351 1140 1398 1174 qui
1428 1140 1481 1168 528
1504 1145 1546 1168 est
1561 1149 1624 1170 aera:
1639 1143 1818 1170 communis:

1030 1180 1130 1208 Eodem
1156 1191 1226 1209 anno
1254 1185 1350 1211 mensis
1373 1185 1527 1213 Novembris
1540 1187 1583 1214 die
1599 1196 1668 1215 nona
1688 1197 1771 1223 supra
1782 1189 1822 1216 oi-

1028 1223 1163 1255 cesimam,
1179 1225 1245 1251 hora
1261 1226 1324 1252 'diei
1351 1228 1442 1258 tertia.
1461 1229 1527 1263 feria
1546 1234 1656 1264 quarta,
1678 1231 1822 1258 indictione

1028 1268 1149 1302 septima.
1169 1269 1274 1296 biennio
1291 1276 1348 1305 post
1364 1273 1529 1306 superiorem
1544 1274 1657 1307 cladem,
1670 1274 1820 1314 Antiochia,

1028 1312 1120 1339 ciuitas
1137 1322 1246 1349 magna,
1260 1316 1346 1351 plaga
1360 1317 1461 1344 cwlitus
1477 1317 1562 1346 illum
1576 1319 1705 1346 damnum
1724 1312 1822 1347 iterum

1027 1365 1106 1391 passa
1139 1363 1186 1385 est.
1205 1359 1300 1394 Ingens
1325 1362 1422 1396 quippe
1447 1367 1526 1390 terra:
1555 1369 1641 1390 motus
1665 1372 1711 1399 per
1727 1365 1822 1392 horam

1028 1410 1108 1429 unum
1123 1403 1309 1440 fuctus,atquc
1318 1407 1464 1434 horrendus
1479 1409 1586 1435 omnino
1597 1410 1711 1443 mugitus
1727 1419 1740 1437 e
1756 1411 1821 1438 calo

1026 1448 1134 1475 auditus
1161 1454 1198 1476 est
1214 1459 1223 1477 :
1239 1452 1329 1478 omnia
1350 1460 1454 1489 quoque
1488 1455 1601 1490 (adificiis
1622 1460 1647 1482 et
1667 1457 1737 1484 muri
1760 1457 1817 1484 solo

1027 1501 1132 1529 aequata
1157 1501 1244 1530 sunt;
1264 1506 1374 1535 qumque
1389 1503 1561 1529 substiterant
1577 1504 1605 1530 iu
1627 1505 1716 1545 priori
1740 1509 1821 1533 terra:

1026 1545 1097 1566 motu
1117 1547 1214 1569 veteres
1230 1544 1447 1580 substructiones,
1464 1556 1501 1575 eae
1522 1557 1592 1576 nunc
1606 1550 1728 1584 funditus
1745 1559 1821 1578 eaer—

1024 1593 1081 1612 «ςωέ
1101 1587 1212 1623 denique
1221 1591 1349 1625 quidquid
1365 1596 1420 1618 tum
1431 1593 1623 1628 imperatorum
1642 1595 1802 1623 liberalitate
1813 1616 1821 1630 ,

1027 1639 1108 1666 quant
1137 1634 1248 1667 privatis
1273 1636 1368 1663 civium
1401 1639 1549 1672 sumptibus
1571 1640 1632 1666 urbi
1650 1641 1819 1668 conciliatum

1026 1677 1114 1711 fuerat
1131 1679 1233 1706 decoris
1250 1685 1329 1714 atque
1347 1687 1468 1715 ornatus,
1485 1684 1512 1710 id
1525 1688 1581 1711 tum
1594 1693 1672 1712 omne
1686 1686 1816 1721 deiectum

1024 1723 1052 1749 in
1067 1728 1176 1751 terram.
1194 1724 1240 1752 His
1253 1727 1381 1761 perceptis
1402 1728 1494 1756 vicina:
1524 1730 1642 1757 civitates
1665 1731 1692 1758 in
1718 1732 1820 1760 luctum

1026 1774 1050 1796 et
1072 1770 1190 1804 publicas
1201 1772 1409 1807 supplicationes
1425 1775 1514 1809 eﬁ'usw
1532 1781 1603 1804 sunt.
1620 1776 1661 1804 Ea
1675 1777 1751 1805 clade
1771 1780 1816 1806 lto-

1026 1816 1127 1843 miuum
1146 1823 1261 1852 quatuor
1289 1819 1386 1852 millia,
1407 1822 1550 1857 octingenti
1582 1827 1608 1850 et
1646 1826 1817 1860 septuaginta

1025 1861 1136 1895 prriere.
1153 1861 1215 1890 Ilaec
1239 1863 1435 1899 Theophanes,
1454 1867 1524 1894 nihil
1544 1868 1619 1895 aliud
1646 1874 1820 1898 memorante

1025 1907 1155 1943 Evagrio,
1180 1917 1262 1944 quam
1277 1909 1375 1945 elapsis
1389 1912 1501 1947 triginta
1522 1914 1665 1947 mensibus,
1680 1915 1742 1943 aliis
1758 1924 1819 1943 rur-

1025 1961 1083 1980 sum
1093 1954 1205 1982 motibus
1220 1955 1309 1982 urbem
1321 1955 1510 1991 labefactatam
1519 1966 1583 1986 esse.
1593 1959 1746 1996 Procopius
1755 1961 1818 1988 nul-

1024 1998 1078 2026 lam
1092 1999 1207 2027 omnino
1219 2000 1303 2035 hujus
1317 2001 1432 2029 secundi
1446 2008 1539 2031 motus
1547 2003 1610 2032 facit
1624 2006 1794 2034 mentionem
1808 2015 1817 2035 :

1024 2044 1058 2072 de
1073 2046 1167 2079 priore
1182 2046 1240 2073 haec
1254 2047 1429 2075 solummodo
1441 2048 1527 2076 refert
1540 2049 1589 2076 lib.
1607 2058 1636 2082 ιι,
1649 2059 1709 2086 cap.
1726 2050 1767 2085 Ii,
1782 2053 1817 2080 de

1030 2089 1103 2117 bello
1117 2091 1228 2118 Persico
1246 2100 1253 2118 :
1273 2091 1338 2120 Cum
1363 2092 1486 2121 Justinus
1508 2094 1636 2122 Romanis
1660 2097 1815 2132 imperaret.

1024 2140 1078 2163 tota
1095 2137 1210 2164 maxima
1225 2142 1303 2166 terra:
1323 2144 1399 2174 motu
1414 2146 1590 2176 conquassata
1607 2142 1678 2174 urbe.
1697 2143 1813 2178 plurima

1023 2182 1282 2220 prceclarissimaque
1309 2185 1423 2220 wdi/icia
1459 2188 1543 2215 subito
1564 2195 1720 2217 corruerunt
1745 2199 1754 2217 :
1787 2195 1812 2218 et

1022 2229 1097 2264 fama
1116 2230 1212 2257 obtinet
1230 2232 1361 2259 interiisse
1377 2237 1439 2260 tunc
1453 2234 1579 2269 temporis
1594 2235 1816 2264 Antiocltenorunt

1023 2278 1139 2302 trecenta
1153 2275 1250 2303 millia.

1062 2320 1105 2348 l9.
1124 2321 1217 2349 Posito
1229 2323 1285 2358 jam
1304 2323 1451 2359 utriusque
1466 2328 1547 2353 terrae
1569 2329 1661 2354 motus
1677 2326 1811 2354 determi-

1026 2371 1091 2394 nato
1104 2371 1239 2402 tempore,
1253 2369 1370 2397 alterius
1384 2378 1458 2398 anno
1471 2370 1676 2400 Justinioctavo
1684 2379 1816 2406 exeunte,

1025 2411 1147 2446 vulgaris
1162 2420 1223 2440 terte
1236 2413 1298 2444 5'26,
1309 2414 1441 2443 vicesima
1453 2423 1526 2443 nona
1539 2415 1584 2444 die
1603 2417 1665 2445 Ilaii
1677 2425 1685 2450 ;
1699 2417 1816 2446 alterius

1024 2463 1096 2483 anno
1118 2456 1266 2484 Justiuiani
1279 2458 1414 2491 secundo,
1439 2467 1502 2488 terte
1521 2460 1643 2496 vulgaris
1664 2461 1729 2495 528,
1742 2462 1817 2491 vice-

1024 2501 1094 2529 sima
1117 2510 1189 2530 nona
1219 2503 1263 2531 die
1287 2504 1471 2539 Novembris;
1508 2506 1693 2543 indagandum
1718 2513 1814 2542 restat,

1025 2546 1079 2573 utri
1091 2547 1265 2581 potissimum
1275 2549 1424 2576 conveniat
1436 2555 1528 2578 motus
1540 2550 1595 2583 ille,
1611 2551 1670 2586 qui,
1684 2551 1816 2588 Symeone

1024 2595 1121 2618 nostro
1133 2592 1189 2627 jam
1204 2593 1328 2628 quinque
1346 2601 1435 2622 annos
1450 2599 1525 2627 nato,
1545 2596 1720 2623 Antiochiam
1747 2605 1814 2624 con-

1023 2638 1119 2665 cussit.
1136 2637 1182 2666 Sic
1192 2646 1246 2674 ego
1260 2643 1363 2667 statuo.
1386 2640 1455 2668 Cum
1481 2641 1565 2669 unius
1583 2646 1689 2670 tantum
1723 2648 1815 2671 motus

1023 2683 1135 2712 circiter
1152 2684 1219 2712 illud
1233 2689 1342 2720 tempus
1360 2686 1522 2713 meminerit
1534 2686 1603 2714 Vitae
1618 2693 1726 2720 attetor,
1741 2688 1816 2716 illius

1023 2729 1192 2759 meminisse.
1205 2730 1251 2765 qui
1263 2731 1380 2758 maxime
1391 2732 1545 2764 luctuosus,
1556 2733 1602 2767 qui
1610 2734 1696 2762 variis
1706 2734 1815 2762 eventi-

1022 2775 1075 2803 bus
1085 2776 1359 2811 mcmorabilior,qui
1387 2775 1458 2804 fama
1475 2777 1558 2805 latius
1585 2778 1670 2806 didita
1686 2779 1816 2814 pluribus

1022 2824 1104 2848 notus
1114 2820 1176 2847 fuit.
1188 2821 1264 2848 Talia
1281 2822 1355 2849 enim
1373 2822 1521 2850 memorari
1553 2823 1741 2859 scriptoribus
1763 2824 1816 2851 int-

1022 2865 1118 2901 primis
1125 2867 1384 2902 solent,pra:scrtim
1396 2876 1459 2895 cutn
1472 2872 1548 2895 certo
1566 2873 1691 2904 tempore
1706 2869 1812 2905 aliquid

1021 2912 1167 2945 evenisse,
1204 2921 1365 2948 expressum
1397 2914 1537 2948 cupiunt;
1577 2916 1815 2949 mmet-mittenti-

1021 2957 1399 2993 busobscurioramimhpte
1425 2959 1544 2993 cognita,
1567 2967 1599 2986 nc
1628 2959 1694 2994 quid
1727 2960 1811 2995 igno—
