2148 3244
339 221 410 259 2973

981 221 1010 250 S.
1029 220 1176 251 SYMEON
1195 218 1345 250 JUNIOR.

1892 215 1963 247 2376

343 282 400 303 tum
429 263 477 311 per
503 275 577 302 aliud
601 283 677 311 aque
691 276 813 311 ignotum
825 282 869 303 aut
898 285 950 304 non
970 277 1054 303 multo
1077 284 1126 303 no-
1143 280 1164 307 Α
1180 284 1232 310 pus
1249 277 1281 303 ad
1300 285 1345 304 an.
1365 276 1399 304 8-3
1430 276 1534 304 faciunt
1550 279 1730 303 etcrescere:
1749 273 1821 308 quod
1838 274 1882 301 alii
1904 279 1964 309 lost

342 322 407 354 tius,
437 321 596 349 conl‘udisse
615 322 718 356 potius,
749 331 831 357 qualn
855 323 1005 350 illustraSse
1029 322 1124 349 velint.

342 366 445 399 Quidni
464 366 547 402 igitur
567 367 601 394 ad
629 368 749 402 priorem
765 372 956 395 tememotum
970 368 1126 403 quinquen-

342 420 404 438 nem
430 412 574 448 Symeonis
589 418 697 440 attatem
718 413 889 441 reteramus?
900 414 994 446 Certe,
1007 415 1029 441 si
1038 414 1129 441 Theo-

344 459 426 493 phani
458 460 616 492 credimus,
648 468 783 495 nunquam
820 461 880 487 talis
910 460 1049 487 calamitas
1068 460 1127 488 alii:

342 504 444 532 maculis
457 506 548 540 quavis
562 505 588 531 in
601 505 666 532 urbe
675 506 793 541 contigit.
805 505 875 538 Quid
888 506 994 532 tristius
1006 510 1053 532 aut
1069 513 1127 533 tne—

344 549 514 581 utorabilius,
529 557 610 584 quant
626 550 758 577 subversa
775 551 802 577 itt
818 551 886 578 urbe
902 556 1023 578 trecenta
1039 550 1128 577 honti-

343 603 409 622 nunt
426 595 510 631 millia
526 596 672 629 occidisse,
689 597 828 632 publicam
850 597 1033 624 calamitatem
1046 605 1128 625 vene-

344 641 460 668 randum
478 642 630 670 antistitem
643 650 691 669 sua
707 646 798 669 morte
829 643 948 675 auxisse,
966 643 1126 678 augustissi»

343 695 419 714 mum
448 688 644 722 imperatorem
673 688 805 716 inusitato
841 689 1019 723 inauditoque
1044 689 1127 716 modo

343 733 459 760 luxisse?
471 733 542 760 Nihil
558 733 637 760 istius
649 734 723 761 modi
735 734 762 760 in
775 734 897 761 secundo
909 739 984 761 tnotu
995 734 1127 762 accidisse

344 780 457 815 legitur:
473 779 527 806 into
547 779 631 814 hujus
666 780 800 807 memoria
826 780 898 814 apud
920 786 1057 813 auctores,
1080 781 1127 816 qui

343 832 456 859 propius
485 824 519 851 ad
543 824 588 851 illa
615 829 736 859 tempora
752 825 897 858 acceduttt,
922 825 966 852 vix
999 826 1070 856 ulla.
1099 829 1128 852 ut

344 870 474 902 vidimus,
504 874 603 902 exstat,
632 870 689 897 solo
709 870 876 905 Theophane
896 870 1038 906 lugubrius
1069 878 1127 898 rem

343 915 525 942 tlescribcnte.

1179 322 1247 349 alios
1261 322 1391 357 deinceps
1400 321 1645 356 trauscripserunt.

1248 390 1261 425 ᾗ
1276 390 1320 417 iV.
1333 389 1491 424 Devccriptis
1507 389 1595 416 sancti
1614 388 1750 424 Symaonia
1766 387 1894 415 Iunior-fc.

1213 457 1270 484 Leo
1284 455 1410 488 Allatius,
1425 455 1459 483 de
1476 455 1659 490 Symeonibus
1670 455 1774 490 optime
1794 455 1921 486 meritus.
1937 455 1965 482 in

1178 502 1298 530 Diatriba
1322 502 1354 527 de
1375 509 1465 527 eorum
1491 500 1614 535 scriptis,
1632 500 1714 535 hujus
1739 507 1849 534 quoque
1877 500 1963 526 nos:ri

1180 548 1304 583 qumdam
1329 552 1474 574 recenset:
1492 554 1610 582 qttorum
1635 554 1696 573 cum
1722 546 1798 573 nulla
1821 547 1923 574 mentio
1939 546 1966 574 in

1178 593 1238 620 Vita
1256 593 1389 620 habeatur
1405 592 1521 627 uspiam,
1533 591 1638 627 juverit
1654 591 1700 618 hic
1713 591 1760 619 illa
1774 599 1808 619 ex
1821 591 1895 619 dicto
1917 599 1968 618 an-

1180 641 1267 668 ctore,
1286 643 1340 663 non
1362 636 1491 663 otnttibus
1512 636 1604 668 obvio,
1617 635 1813 669 adnumerare,
1839 641 1967 671 tanquam

1179 672 1351 716 egregia’viri
1368 687 1395 709 et
1411 681 1585 708 auctoritatis
1601 681 1673 715 apud
1691 681 1847 716 principes,
1863 686 1891 708 et
1917 681 1968 708 teli

1179 735 1229 762 pro
1250 727 1383 759 Ecclesia,
1404 732 1431 754 et
1441 719 1550 761 pietatis
1564 734 1629 761 erga
1644 726 1756 754 Cwlites
1780 733 1967 754 monumenta.

1180 772 1301 799 Primum
1317 772 1400 807 igitur
1416 771 1558 807 scripsisse
1570 771 1604 799 de
1622 771 1799 807 imaginibus,
1814 777 1920 799 constat
1936 781 1970 799 ex

1179 818 1285 845 Joanne
1302 818 1480 850 Datnaseeno,
1493 818 1540 853 qui
1555 823 1626 846 orat.
1639 819 1655 845 '5
1668 818 1702 845 de
1719 818 1888 853 imaginibus
1906 826 1969 852 par-

1181 868 1234 890 tem
1252 864 1314 891 inde
1332 864 1439 895 reeitat,
1454 871 1516 890 cttm
1534 854 1587 891 ho'c
1602 863 1707 891 indicio
1730 864 1862 895 auctoris,
1879 864 1970 899 Magni

1183 909 1329 945 Symeonis,
1347 909 1497 936 admirandi
1508 909 1613 941 montis,
1626 909 1657 936 de
1675 909 1849 944 Imaginibus.
1866 910 1971 937 Secun—

378 961 423 988 ευ,
442 961 478 987 Ex
492 961 589 988 eodem
613 966 704 989 mmen
731 967 844 990 auclore
869 963 936 989 illud
966 964 1050 990 cnam
1079 971 1130 991 ηο,
1147 948 1168 976 Β
1182 954 1217 981 do
1242 955 1341 990 stylnm
1355 958 1451 981 contra
1467 954 1612 982 haereticos
1630 954 1874 986 acuisse,~eruitur
1891 962 1905 982 e
1923 954 1970 981 lti-

346 1011 418 1033 Iasse
446 1006 559 1041 juverit,
582 1007 656 1040 quod
674 1006 707 1033 de
732 1007 822 1041 priore
851 1012 925 1034 motu
957 1016 1049 1043 agens,
1083 1017 1130 1043 per

344 1060 444 1079 turnum
464 1060 564 1084 unum;
583 1051 616 1078 de
631 1052 762 1084 secundo.
779 1060 829 1087 per
859 1061 939 1079 unam
958 1053 1129 1081 solummodo

344 1098 448 1127 noram.
460 1096 533 1123 dicat
547 1098 678 1124 tenuisse.
705 1097 783 1130 Quod
809 1099 830 1125 si
846 1098 936 1125 minus
960 1099 1057 1131 solide,
1075 1108 1129 1127 non

344 1142 558 1177 snﬂragantibus
585 1142 646 1169 aliis
678 1143 860 1176 auctoribus,
890 1144 997 1178 probari
1026 1138 1128 1178 possit;

344 1187 578 1218 obtinebitcerte,
591 1181 710 1222 priorem
741 1189 860 1223 longiori
888 1189 977 1223 spatio
1002 1189 1126 1222 durasse,

344 1233 524 1268 posteriorem
537 1232 668 1260 breviori.
684 1234 773 1260 Motus
788 1239 892 1266 autem,
910 1235 944 1261 de
955 1243 1009 1269 quo
1024 1235 1050 1262 in
1068 1235 1129 1262 Vita

344 1280 445 1315 agitur,
459 1280 534 1308 hora:
553 1280 634 1307 ttnius
653 1279 797 1306 intervallo
817 1280 922 1306 absolvi
944 1288 998 1306 ttott
1025 1281 1126 1314 potuit,

344 1332 407 1351 cutn
419 1324 532 1360 Symeon
551 1326 578 1352 in
593 1325 695 1359 templo
707 1325 934 1361 Prom-Martyris
951 1326 1069 1352 orationi
1081 1334 1128 1353 \‘a-

345 1363 636 1405 caritprimo,'postea
649 1365 808 1398 labentibus
820 1371 922 1405 passim
940 1371 1046 1398 aedibus
1065 1371 1129 1399 inde

346 1426 375 1445 se
389 1417 567 1452 proripuerit,
585 1417 694 1444 tandem
709 1425 837 1452 egressus
854 1418 920 1444 urbe
933 1419 1035 1445 circum
1051 1426 1130 1445 erra-

344 1462 424 1494 verit,
443 1470 605 1490 reversurus
633 1463 728 1497 utique
746 1463 767 1489 si
799 1468 890 1490 motus
914 1468 1067 1496 cessasset;
1082 1464 1129 1491 sed

342 1515 376 1535 eo
388 1513 594 1543 perseverante,
615 1508 733 1543 dettique
752 1509 882 1535 inventus
903 1509 988 1536 fuerit
1016 1517 1031 1536 a
1063 1515 1128 1537 uota

343 1553 458 1581 muliere
471 1553 661 1588 abductusque
679 1553 707 1580 in
718 1558 850 1585 montem,
862 1553 923 1580 urbi
936 1553 1082 1580 admodum
1093 1554 1129 1580 vi-

343 1597 447 1629 cinum,
468 1605 500 1625 ac
513 1597 617 1625 ibidem
630 1597 689 1624 dies
703 1603 806 1632 septem
821 1598 1034 1632 perstiterit.At,
1050 1603 1127 1633 puto,
1142 1613 1165 1642 ρ

343 1642 366 1669 si
382 1643 460 1677 prius
494 1642 556 1669 linis
578 1647 701 1669 motuum
724 1642 832 1674 fuisset,
851 1643 928 1670 illunt
952 1649 1000 1670 aut
1022 1652 1072 1678 per
1099 1651 1128 1671 se

348 1687 529 1722 repetiturum
542 1692 688 1722 paternam
704 1688 828 1720 domum,
841 1693 888 1716 aut
906 1697 954 1723 per
984 1689 1128 1716 mulierem

344 1733 434 1765 matri,
454 1733 623 1760 desiderium
637 1734 686 1760 lilii
703 1734 755 1761 hoc
775 1734 926 1768 praesertim
944 1739 1016 1761 statu
1036 1741 1127 1761 rerum

343 1778 487 1813 aegerrime
503 1777 614 1810 ferenti,
626 1779 828 1806 restituendum
847 1779 942 1806 fuisse.
967 1779 1007 1806 Sit
1035 1780 1128 1815 itaque

345 1823 390 1850 hie
403 1831 492 1850 annus
504 1823 642 1858 Symeonfs
670 1824 793 1858 quintus,
818 1832 879 1851 terte
911 1824 1014 1859 vulgari
1045 1826 1127 1860 quin-

343 1868 517 1903 quagesimus
542 1868 689 1895 vicesimus
701 1873 793 1895 sextus
813 1878 819 1895 :
837 1873 864 1896 et
884 1869 1058 1896 manifestum
1075 1869 1129 1896 erit

343 1914 514 1941 nativitatem
530 1915 589 1949 ejus
608 1914 635 1941 in
649 1922 750 1941 annum
765 1915 826 1946 5'21,
840 1919 956 1941 ntortent
977 1922 1054 1948 vero,
1065 1922 1127 1942 cunt

344 1968 415 1986 anno
426 1960 515 1986 :ctatis
531 1960 564 1987 73
579 1959 690 1991 obicrit,
705 1961 732 1986 itt
744 1960 796 1987 596
811 1960 951 1987 ittCidiSsc.

378 2005 422 2031 L’l.
443 2006 514 2032 Vixit
532 2006 616 2041 igitur
632 2006 682 2032 sub
710 2007 831 2040 quittque
850 2006 989 2033 continuis
1008 2006 1128 2041 impera-

345 2051 459 2082 toribus,
472 2051 580 2078 Justino
592 2051 870 2083 vetcreJustiniano,
879 2051 988 2079 Justino
1003 2051 1126 2085 Juniore,

345 2097 454 2123 ’iiberio
468 2096 501 2129 ll,
531 2102 559 2123 et
583 2095 702 2131 denique
722 2097 773 2123 sub
789 2097 933 2129 Mauritio;
954 2097 1034 2131 primi
1056 2105 1128 2124 anno

346 2141 362 2168 4
381 2146 471 2171 natus,
487 2141 648 2175 posterioris
662 2141 770 2168 decimo
780 2142 877 2176 quinto
893 2142 1020 2175 donatus,
1030 2148 1127 2178 quarta

343 2193 371 2214 ct
385 2188 513 2214 vicesima
525 2181 568 2214 die
582 2188 683 2215 mensis
710 2188 783 2215 Maii.
803 2188 906 2215 llorum
921 2194 1012 2216 autem
1034 2189 1128 2216 termi-

344 2241 441 2259 litll'lllll
473 2233 648 2260 intervallum
667 2242 754 2261 attttos
783 2234 817 2260 75
842 2235 1044 2269 complectitur,
1059 2242 1127 2270 quos

1182 1000 1309 1027 bliotlteca
1334 1000 1424 1028 Photii
1445 999 1512 1027 Cod.
1524 1000 1588 1032 251,
1605 1000 1652 1026 ubi
1666 1003 1778 1028 sanctus
1796 1000 1971 1035 Sophronias

1181 1045 1337 1080 patriarcha
1354 1045 1618 1081 llierosolymitanus
1633 1045 1660 1072 in
1681 1045 1798 1080 epistola
1820 1045 1969 1081 Synodica,

1181 1089 1303 1117 Honorio
1319 1091 1442 1117 Romano
1455 1090 1534 1124 Papae
1549 1090 1614 1125 (non
1629 1090 1799 1124 imperatori,
1827 1095 1856 1117 ut
1872 1098 1971 1125 perpe-

1182 1143 1238 1162 ram
1256 1136 1392 1171 interpres
1412 1135 1500 1171 ponit,
1519 1140 1612 1170 utpote
1628 1136 1707 1163 annis
1724 1140 1789 1163 ante
1802 1136 1929 1163 ducentis
1943 1142 1970 1164 rt

1180 1181 1297 1215 amplius
1312 1181 1367 1207 vita
1383 1180 1499 1215 functo),
1516 1181 1609 1213 missa,
1625 1182 1756 1217 colligens
1767 1182 1877 1209 Patrum
1894 1184 1971 1209 tcsli-

1181 1227 1271 1252 monia
1280 1247 1287 1259 ,
1303 1226 1336 1253 ad
1347 1227 1581 1262 comprobandunt
1597 1226 1734 1261 duplicem
1744 1227 1771 1253 in
1782 1226 1892 1255 Christo
1904 1235 1970 1262 ope-

1181 1272 1326 1304 rationem,
1347 1272 1428 1308 hujus
1449 1280 1559 1307 quoque
1582 1273 1668 1300 nostri
1685 1272 1841 1308 Symeonis,
1854 1274 1971 1301 utvide-

1180 1321 1225 1343 tur
1235 1338 1241 1347 .
1257 1317 1383 1344 meminit
1401 1325 1464 1345 cutn
1479 1318 1570 1345 laude.
1587 1317 1632 1345 Sic
1645 1318 1742 1346 scribit
1756 1319 1818 1346 loco
1831 1320 1970 1355 assignato

1180 1363 1295 1390 Photius
1313 1374 1319 1390 :
1338 1364 1427 1390 Etiam
1450 1363 1600 1399 Symom'us,
1617 1366 1760 1392 monachus
1779 1369 1803 1391 et
1826 1365 1969 1401 presbyter.

1181 1409 1367 1437 Testimonium
1394 1418 1464 1441 vero,
1477 1411 1545 1446 quod
1575 1415 1696 1438 sanctum
1714 1412 1832 1446 agnoscit
1860 1411 1971 1447 Symeo-

1181 1463 1242 1482 nent
1259 1461 1410 1488 auctorem,
1426 1464 1457 1483 ex
1476 1456 1586 1492 epistola
1603 1456 1713 1492 ejus,ad
1725 1457 1904 1485 Iustinianum
1917 1459 1970 1485 im-

1181 1505 1329 1536 peratorem
1358 1502 1433 1535 data,
1453 1510 1511 1537 qua:
1541 1503 1621 1529 etiam
1646 1507 1738 1529 contra
1759 1503 1931 1531 Nestor-iano:
1945 1509 1970 1532 et

1181 1545 1358 1581 Eutychianos
1374 1547 1553 1582 digladiatur,
1574 1547 1755 1582 depromptum
1770 1552 1817 1575 est.
1835 1549 1894 1583 Ipse
1911 1557 1971 1576 vero

1180 1590 1436 1627 Justinianus,’pius
1456 1592 1608 1627 imperator,
1635 1592 1662 1618 in
1686 1593 1717 1619 iis
1732 1601 1791 1628 qum
1811 1593 1846 1620 ad
1865 1593 1970 1620 Zoilum

1181 1632 1359 1670 patriam/tam
1377 1637 1585 1664 Alexandrinum
1609 1637 1723 1671 scripsit,
1741 1639 1809 1665 hanc
1831 1639 1970 1674 epistolam

1181 1681 1330 1707 thesaurum
1346 1682 1498 1708 nominarit.

1214 1724 1258 1752 25.
1272 1724 1368 1753 Tertio
1395 1726 1528 1753 recitatttr
1545 1727 1668 1762 ejusdem
1688 1728 1805 1763 epistola
1815 1729 1920 1764 quinta,
1935 1729 1969 1755 ad

1180 1770 1318 1798 Jnstinunt
1334 1771 1476 1799 Juniorem
1491 1776 1538 1800 aut
1563 1774 1656 1808 potius
1676 1773 1861 1801 Iustinianum
1881 1774 1970 1809 impe-

1181 1820 1311 1849 ratorem,
1342 1816 1368 1843 in
1382 1817 1492 1852 Synodo
1511 1818 1632 1852 generali
1648 1826 1697 1851 vn,
1713 1827 1797 1854 agens
1815 1823 1911 1846 contra
1928 1819 1970 1845 itt-

1179 1862 1322 1889 soletttiam
1341 1862 1559 1897 Samaritarunt;
1589 1873 1670 1900 quam
1687 1866 1700 1901 ᾗ
1718 1873 1777 1900 seq.
1801 1865 1968 1899 descriptam

1179 1906 1317 1934 dabimus.
1336 1906 1467 1940 Quamvis
1481 1913 1573 1936 autent
1593 1909 1657 1937 istic
1673 1909 1782 1937 dicatur
1792 1910 1899 1938 Iustino
1921 1909 1970 1936 Ju-

1179 1952 1251 1979 niori
1273 1952 1422 1987 inscripta,
1453 1953 1566 1981 inclinat
1595 1960 1685 1982 tamen
1707 1956 1816 1982 animus
1844 1963 1898 1982 tton
1921 1963 1969 1991 pa-

1179 2005 1239 2024 rum
1256 1998 1292 2029 ei,
1313 2002 1341 2025 ut
1358 2003 1465 2033 putem,
1479 1999 1512 2026 ad
1528 1999 1713 2028 Justinianum
1740 2001 1832 2035 potius
1843 2021 1849 2031 ,
1865 2001 1968 2028 Justitti

1179 2043 1255 2070 illius
1270 2044 1444 2071 decessorem
1455 2065 1462 2078 ,
1483 2045 1576 2072 datam
1591 2053 1652 2073 esse
1669 2054 1676 2072 :
1693 2051 1749 2073 tum
1766 2047 1839 2081 quod
1858 2047 1908 2074 sub
1922 2047 1968 2075 Ju-

1179 2088 1298 2115 stiniano
1311 2089 1507 2116 Samaritarum
1525 2090 1639 2117 audacia
1654 2091 1716 2125 plus
1737 2091 1819 2118 solito
1845 2092 1968 2118 invalue-

1180 2133 1226 2165 rit,
1243 2134 1287 2160 vix
1304 2135 1413 2170 cognita
1429 2136 1479 2162 sub
1491 2136 1601 2164 Justino
1613 2137 1735 2169 aliunde,
1750 2146 1832 2172 quam
1852 2146 1885 2165 ex
1904 2139 1968 2171 hac,

1179 2178 1213 2205 de
1229 2187 1282 2213 qua
1297 2179 1473 2215 ambigimus,
1492 2180 1636 2216 Symeonis
1653 2182 1782 2216 cpistola,
1799 2183 1874 2209 velttt
1888 2191 1902 2209 a
1915 2180 1969 2217 ’ρο-

1180 2224 1300 2257 steriori,
1320 2226 1513 2260 utloquuntur
1536 2227 1563 2254 in
1591 2227 1717 2254 Schotis:
1734 2232 1790 2255 tum
1811 2229 1884 2263 qttod
1909 2229 1970 2264 epi-

344 2279 380 2305 ita
403 2278 557 2313 Sytneancm
575 2279 731 2314 implevisse
754 2288 787 2307 ex
801 2280 865 2307 Vita
892 2285 1009 2307 constat.
1035 2281 1129 2308 Annos
1145 2277 1166 2303 Ι)
1181 2279 1192 2298 5

1121 2288 1129 2308 5
1145 2277 1166 2303 ο
1181 2272 1250 2299 stola
1267 2272 1357 2299 Caroli
1373 2273 1471 2308 Magni,
1488 2281 1521 2300 ex
1536 2273 1688 2308 Capitulari
1703 2274 1736 2301 de
1750 2283 1803 2302 non
1819 2275 1969 2303 aderandis

342 2326 465 2359 quinque
489 2326 577 2360 exegit
595 2326 622 2352 in
656 2331 770 2360 patertta
788 2326 871 2354 domo
897 2335 984 2361 usque
1000 2327 1034 2354 ad
1049 2331 1128 2354 terra:

345 2376 448 2397 Ittotttttt
463 2379 470 2403 ;
495 2371 558 2398 hinc
574 2379 645 2398 unus
658 2371 768 2406 elapsus
785 2372 869 2398 fuerit
882 2372 907 2398 itt
920 2377 1012 2399 monte
1025 2379 1055 2398 ac
1069 2371 1128 2407 pri-

343 2416 395 2442 nis
407 2417 470 2443 vita:
484 2417 644 2444 monastic-aa
670 2417 845 2448 rudimentis,
860 2418 1019 2452 priusquam
1033 2417 1060 2444 in
1079 2425 1127 2444 eo-

343 2462 464 2488 lunmam
475 2462 679 2490 admitteretur.
693 2463 722 2490 In
738 2463 788 2490 hac
810 2463 964 2495 ltnmiliori,
981 2467 1008 2490 et
1035 2463 1128 2498 potius

343 2505 401 2532 basi
416 2513 497 2540 quam
515 2506 653 2537 columna,
667 2507 718 2533 sub
732 2507 820 2534 oculis
844 2507 958 2534 Joannis
980 2507 1044 2534 amti
1057 2507 1084 2538 Ο,
1099 2507 1127 2533 itt

343 2551 474 2582 secunda,
502 2551 584 2585 pedes
598 2552 631 2578 .50
646 2552 796 2584 eminente,
820 2552 836 2579 8
858 2553 997 2580 transacti.
1027 2552 1127 2586 Sicque

344 2597 378 2622 '20
395 2601 455 2623 erat
469 2604 616 2629 annorum,
634 2602 663 2624 ut
676 2598 803 2624 meminit
829 2606 958 2632 expresse
973 2598 1032 2625 Vita
1048 2606 1126 2624 num.

349 2641 393 2673 7:2,
408 2649 471 2668 cum
495 2641 558 2669 inde
568 2642 694 2677 migravit
711 2643 739 2669 in
755 2643 876 2670 Montem
893 2643 1062 2671 Mirabilem:
1080 2643 1126 2671 ubi

349 2688 484 2722 reliquum
502 2687 564 2714 vita:
581 2692 687 2723 tempus
699 2688 828 2722 confecit,
839 2689 919 2716 annis
949 2689 980 2716 10
997 2689 1024 2716 in
1049 2695 1124 2724 petra

343 2732 395 2759 sub
413 2732 470 2764 dio,
483 2733 517 2759 iii
535 2741 621 2767 usque
635 2733 666 2760 ad
682 2734 787 2761 obitum
807 2735 834 2761 in
852 2735 978 2762 columna
990 2741 1124 2769 perstans.

343 2777 530 2804 Consentium
559 2778 602 2805 his
628 2778 740 2811 Mena-:1,
768 2784 797 2806 et
825 2780 984 2815 Sjnataria,
1005 2789 1087 2807 unum
1104 2781 1126 2808 si

343 2822 434 2849 locum
449 2823 582 2858 excipias,
604 2824 648 2850 ubi
668 2825 750 2852 stanti
768 2825 796 2852 in
821 2825 948 2852 columna
966 2825 1000 2852 sit)
1026 2825 1125 2861 pedum

341 2876 428 2896 annos
448 2869 477 2895 i8
498 2869 572 2904 pros
587 2869 721 2902 tribunttt,
738 2870 822 2903 facili,
852 2876 881 2897 ιιι
898 2871 985 2903 vides,
1006 2879 1101 2898 errore
1119 2881 1124 2897 :

343 2914 385 2941 cui
400 2919 602 2949 consequenter
620 2914 785 2943 inhaerentes
801 2916 960 2944 lllll‘t‘lSlllll
979 2917 1040 2944 vitae
1058 2921 1126 2944 lt‘lll-

1180 2316 1345 2352 imaginibus
1357 2318 1374 2344 l.
1388 2326 1424 2349 tv.
1435 2325 1460 2345 c.
1476 2318 1503 2350 5,
1515 2319 1550 2346 ab
1561 2319 1662 2346 Allatio
1680 2320 1707 2346 in
1722 2319 1893 2347 Diatribahic
1906 2329 1913 2354 ι
1925 2329 1969 2346 ra-

1179 2363 1260 2390 dncta
1274 2372 1280 2395 ;
1298 2368 1326 2390 ct
1342 2364 1394 2390 alia
1410 2364 1538 2391 Hadriani
1553 2365 1563 2391 l
1578 2373 1653 2400 papa:
1677 2365 1711 2392 ad
1735 2366 1862 2393 enmdent
1885 2367 1969 2393 Caro-

1179 2408 1236 2435 lum
1253 2417 1302 2444 pro
1318 2411 1422 2445 synodo
1435 2410 1543 2437 Nicaena
1559 2418 1577 2437 ιι
1593 2411 1619 2437 in
1637 2411 1758 2438 editione
1779 2411 1967 2439 Coneiliorunt

1180 2454 1331 2492 Lahbamna
1359 2456 1438 2484 dictat
1461 2457 1565 2491 synodo
1590 2456 1736 2492 subjuneta
1755 2450 1886 2492 (utraque
1911 2466 1966 2485 non

1179 2501 1260 2537 longo
1274 2507 1336 2536 post
1363 2507 1485 2538 tempore
1503 2503 1615 2538 scripta)
1630 2504 1788 2538 exprimant
1803 2512 1901 2530 nomen
1915 2503 1965 2530 Ja-

1179 2549 1307 2581 stiniam',
1340 2556 1395 2575 non
1424 2548 1545 2576 lustini:
1577 2553 1633 2576 tum
1663 2549 1786 2584 denique
1814 2551 1896 2577 ctiam
1922 2551 1964 2578 vel

1180 2594 1307 2627 maxime,
1336 2594 1410 2629 quod
1437 2594 1529 2621 statim
1557 2594 1584 2621 in
1606 2595 1743 2630 principio
1771 2595 1899 2630 Epistoltc
1924 2597 1967 2623 tti-

1179 2646 1277 2668 cantur
1301 2641 1443 2668 Samaritte
1472 2640 1499 2667 itt
1525 2646 1647 2668 sanctum
1669 2641 1805 2677 templum.
1826 2642 1898 2676 quod
1917 2643 1966 2669 itu-

1179 2691 1289 2720 perator
1310 2685 1472 2712 struettdum
1501 2690 1657 2718 curaverat,
1683 2694 1733 2721 per
1753 2695 1890 2714 sumntum
1906 2696 1966 2715 ευρ-

1178 2731 1222 2758 lus
1236 2736 1318 2766 atque
1338 2731 1507 2766 impietatem
1530 2733 1660 2760 satviissc.
1674 2733 1811 2761 lttcertunt
1826 2741 1916 2762 ntanct
1933 2745 1967 2763 ex

1179 2779 1305 2813 cpistola,
1325 2783 1386 2805 utcr
1399 2778 1538 2805 curaverit
1553 2787 1560 2811 ς
1582 2786 1637 2805 non
1653 2784 1789 2806 manetex
1809 2780 1969 2815 conjectura

1179 2824 1325 2859 probabili.
1343 2824 1411 2851 Cum
1429 2824 1502 2850 enim
1521 2824 1585 2851 totis
1606 2833 1651 2852 sex
1665 2825 1744 2852 libris
1759 2826 1918 2860 completus
1933 2827 1969 2853 sit

1180 2860 1330 2904 i't’t‘alpltls
1346 2869 1566 2896 substructiones
1582 2875 1663 2904 atque
1677 2871 1792 2898 ερι1ἰιὶι-1η
1807 2873 1896 2899 omnis
1918 2881 1968 2907 gr-

1179 2917 1252 2944 ιιριὶς
1269 2915 1325 2944 fere
1344 2916 1497 2947 innumera.
1512 2916 1613 2951 illique
1630 2923 1715 2945 trtzat-
1729 2927 1763 2944 ll":
1782 2929 1794 2945 a
1811 2919 1908 2946 Justitzt
1921 2923 1968 2946 ιέιυ
