2148 3258
200 205 265 238 2981

771 206 1071 237 COMMENTARIUS
1091 206 1275 236 PREVIUS.

1755 208 1827 240 ερεε

201 262 297 297 tinguis
312 261 486 290 celebrantur.
507 262 630 290 Omnium
647 262 716 290 enim
736 262 875 288 nationum
901 261 985 288 homi-
1001 261 1024 290 A
1038 268 1106 289 sum.
1125 259 1251 294 maligne.
1264 264 1288 286 έί
1311 268 1388 286 tu“?
1414 261 1441 287 ίη
1463 262 1587 296 ﬂumini"
1602 263 1681 298 ίσῖιῖσν
1693 271 1826 297 αηαηιεὶ

198 313 254 339 net,
273 315 325 333 non
346 306 460 334 Romani
479 307 577 338 solum.
591 315 681 334 verum
707 309 787 334 etiam
814 307 932 338 barbari,
950 306 984 332 ad

197 361 255 380 enm
269 353 452 384 uentitabant;
468 357 492 379 et
515 360 674 388 quacunque
696 352 913 388 postulaverant,
935 352 985 379 im—

196 398 347 433 petrabant.
365 397 419 425 Pro
439 398 493 424 cibo
518 403 606 424 autem
631 407 662 424 ac
687 402 750 432 potu
777 398 801 424 ei
827 398 900 432 fuere
915 398 984 424 rami

196 443 334 479 cujusdam
363 444 486 478 fruticis,
517 443 561 478 qui
582 451 611 470 eo
638 444 666 469 in
695 447 783 470 monte
814 444 982 480 ngscebatur.

196 489 349 523 Utrumque
366 489 440 516 hunc
455 488 564 524 Evagrii
587 489 678 516 locum
695 489 837 516 transtulit
849 489 932 516 elisa)
949 488 984 515 ad

195 542 243 566 se,
278 533 393 562 totidem
419 542 488 568 pene
515 533 628 565 verbis,
652 533 827 568 Nicephorus
855 533 984 561 Callistus

196 580 214 606 l.
235 588 310 610 xvnt.
329 588 354 607 c.
370 580 385 607 'l
401 585 429 608 et
445 580 491 607 24.

194 659 276 695 svu.
290 660 351 688 Alia
366 660 397 687 de
409 661 498 687 eodem
515 659 707 696 memorabilia,
720 667 752 686 ex
764 660 863 696 synodo
874 659 983 688 Nictena

336 703 364 725 ιι,
386 700 410 722 et
427 699 519 722 sancto
534 695 638 722 Joanne
667 695 840 722 Damasceno.

235 750 286 778 Hic
297 759 407 786 quoque
432 751 622 786 paragraplius
646 751 744 779 eodem
760 752 854 783 faciet,
869 758 925 786 quo
938 759 985 778 su-

196 797 310 831 perior:
328 797 457 824 videlicet
472 802 502 824 ut
524 805 557 824 eo
573 798 687 832 majoris
716 797 892 824 auctoritatis
916 805 984 825 cen~

196 847 290 869 scatur
303 849 362 869 esse
376 842 447 873 Vila.
464 851 519 877 quo
535 843 677 878 graviores
695 848 761 870 sunt
775 848 903 870 auctores
916 863 922 874 ,
935 843 982 878 qui

194 894 245 914 sua
256 906 264 918 ,
293 887 316 913 si
331 894 384 913 non
397 895 430 914 ex
443 887 497 918 illa.
516 892 592 914 certe
605 887 700 915 eadem
716 895 778 914 cum
792 888 849 914 illic
868 892 983 915 conten-

194 932 239 964 tis,
257 933 415 960 testimouia
445 938 652 968 prompserunt.
685 935 724 961 Ac
748 935 838 969 primo
868 935 980 969 quidem
997 930 1018 958 Β

192 978 315 1014 synodus
345 979 454 1006 Nieaaua
470 987 498 1011 ιι,
521 980 658 1014 generalis
687 989 734 1012 vn,
761 988 805 1007 an.
832 981 893 1013 787,
926 980 980 1008 Ila-

192 1024 315 1052 drianol
331 1031 399 1058 papa
411 1044 418 1057 ,
435 1024 619 1052 Constantino
636 1030 717 1060 atque
732 1025 809 1052 lreue
830 1026 980 1060 imperato-

195 1070 284 1103 ribus,
316 1071 452 1098 cvlebrata
486 1075 582 1098 contra
609 1071 806 1104 lconoclastas,
832 1073 940 1099 actione
953 1073 979 1106 4,

195 1115 223 1143 in
235 1116 357 1144 editione
367 1115 577 1144 Graeco-Latina
592 1117 705 1151 Lalrbei,
720 1119 759 1146 sic
773 1119 896 1154 loquitur
911 1128 917 1145 :
935 1119 982 1145 Jo-

193 1160 266 1194 seph,
283 1161 514 1188 reverendissimus
533 1163 676 1189 monachus
697 1167 721 1189 et
736 1163 903 1198 Hegumenus
923 1157 979 1190 mo-

194 1204 304 1230 nasterii
325 1204 467 1238 lleraclia',
497 1206 563 1233 dixit
580 1214 589 1232 :
604 1206 638 1233 Et
666 1215 712 1241 ego
737 1213 858 1242 peccator
884 1207 980 1234 librum

192 1251 258 1283 fero,
276 1251 452 1277 continentem
480 1251 565 1278 Vitam
583 1253 668 1279 sancti
692 1252 828 1287 ngconis
851 1253 980 1280 Mirabilis

192 1295 297 1327 Montis,
308 1301 333 1322 et
343 1296 483 1328 utjubetis.
498 1296 598 1324 Sancta
623 1299 736 1332 synodus
753 1298 819 1324 dixit
833 1307 842 1325 :
854 1298 978 1334 Legatur.

195 1341 228 1367 Et
247 1343 374 1376 accipiens
391 1341 511 1375 Cosmus,
528 1342 582 1369 Deo
598 1343 720 1370 amabilis
739 1344 864 1371 diaconus
889 1349 912 1370 ct
925 1344 979 1372 Cu-

191 1386 329 1418 buclesius,
351 1387 422 1426 legit.
442 1388 484 1414 Er
495 1387 552 1415 Vita
569 1390 654 1415 sancti
669 1388 757 1415 Patris
774 1390 858 1416 nostri
872 1387 980 1426 δυνηρὸ-

193 1432 233 1458 ηἰε
250 1421 490 1460 Μίναιήιὶέῖιοηιὶι
504 1433 650 1468 capitulum
667 1435 726 1466 H8,
740 1434 778 1461 De
790 1421 908 1469 femina:
920 1443 980 1471 quia

197 1476 336 1512 Rhosopoli
350 1478 448 1505 sterilis
466 1484 535 1511 erat,
553 1479 642 1506 valido
659 1479 787 1507 tltemonio
803 1489 904 1515 pressa,
921 1490 980 1516 quia

194 1531 262 1550 sana
275 1529 299 1551 et
317 1525 428 1559 fecunda
444 1526 526 1559 facta,
542 1526 684 1561 imaginem
702 1526 771 1553 Iusti
789 1527 913 1562 imposuit
930 1528 978 1554 do-

192 1569 228 1596 mi
238 1577 365 1603 suae.un
374 1570 512 1605 magniﬁce
522 1571 652 1597 miracula
666 1572 834 1606 operabatur.
848 1571 979 1605 Quamvis

192 1618 285 1641 autem
322 1615 394 1642 idem
433 1616 598 1643 miraculum
629 1617 699 1644 intra
723 1625 834 1653 quoque
860 1618 887 1645 in
919 1619 978 1645 Vita

193 1666 221 1685 n.
241 1658 289 1685 125
306 1659 453 1693 referatur,
468 1661 533 1695 quia
552 1665 643 1688 tamen
658 1662 829 1696 aliquantum
842 1663 979 1690 discrimi-

191 1703 236 1730 nis
249 1703 406 1735 intercedit.
419 1706 558 1740 praecipue
581 1706 671 1740 quoad
695 1707 818 1742 phrasin,
832 1712 914 1743 atque
933 1709 974 1735 in.

194 1757 277 1784 super
312 1751 505 1778 auctoritatem
541 1751 641 1786 accipit
668 1752 739 1779 liber
769 1757 842 1779 totus
873 1761 905 1780 ex
928 1753 978 1780 hac

194 1799 276 1822 Lanae
297 1795 392 1830 synodi
408 1796 522 1831 probata
538 1798 708 1830 narratione,
729 1798 816 1825 videri
832 1806 980 1833 possumus

192 1845 284 1866 actum
298 1848 353 1867 non
370 1848 462 1876 agere,
478 1842 500 1868 si
520 1842 592 1868 illam
622 1844 811 1871 narrationem
836 1838 881 1871 liic
909 1844 977 1878 adji-

190 1886 365 1913 ciamus.Sic
389 1887 473 1921 igitur
491 1888 636 1915 lectionem
661 1896 737 1916 suam
761 1895 978 1924 prosecutnsest

191 1929 305 1958 Cosulas
321 1931 468 1958 diaconus:

227 1977 272 2003 5'1.
286 1976 382 2003 Mulier
392 1977 514 2012 qutedam
530 1983 587 2004 erat
610 1977 750 2013 Illiosopoli
766 1978 876 2011 Cilicire,
895 1979 977 2007 Theo-

193 2026 269 2048 tecna
291 2023 452 2058 dicta,.qua:
470 2023 637 2050 habitaverat
664 2032 723 2051 cum
751 2025 806 2052 viro
831 2034 878 2053 suo
899 2027 977 2054 annis

190 2067 292 2101 uiginti,
309 2072 334 2094 et
359 2068 447 2102 filium
478 2077 530 2095 non
555 2069 654 2096 habuit.
671 2069 786 2106 Contigit
816 2076 905 2099 autem
917 2081 977 2101 eam

191 2113 272 2139 etiam
288 2113 460 2140 odaemonea
478 2114 591 2148 pueritia
609 2116 710 2147 uexari,
725 2120 750 2142 et
776 2117 902 2143 mandere
927 2117 978 2144 liu-

191 2165 281 2193 guam.
300 2157 344 2184 Vir
361 2162 448 2185 autem
462 2159 529 2193 ejus,
544 2159 616 2186 ultra
630 2168 682 2187 non
694 2162 782 2188 valens
796 2163 906 2197 sufferre
927 2163 977 2189 tri-

195 2203 336 2231 bulationis
363 2205 420 2240 ejus
447 2206 610 2240 angustiam,
624 2207 723 2233 dimisit
755 2207 830 2234 illam
855 2217 871 2234 a
899 2209 976 2235 domo

1036 310 1061 331 et
1075 305 1115 339 fer
1131 313 1229 345 aquam
1249 310 1273 331 et
1286 305 1380 341 collige
1392 306 1474 341 ligna.
1494 306 1525 334 Et
1541 308 1642 339 statim,
1663 309 1744 336 ueluti
1759 318 1824 337 sen-

1019 355 1087 388 Vtus,
1103 359 1212 377 currens
1228 356 1252 377 et
1272 352 1435 379 tie/tementcr
1448 358 1565 381 mtuant
1588 354 1690 382 damon
1701 375 1708 388 ,
1723 360 1747 382 et
1771 356 1825 384 tol-

1035 395 1092 422 lens
1108 398 1134 422 in
1151 396 1261 423 muliere
1273 399 1430 431 amphoram
1446 407 1532 434 σφωε,
1546 401 1717 434 minabatur;
1734 407 1759 428 et
1776 404 1827 430 im-

1034 440 1133 474 pletum
1148 440 1235 473 illam,
1251 446 1276 468 et
1289 442 1400 470 collecta
1415 444 1446 470 de
1459 444 1527 472 silua
1555 445 1750 481 ligna’attulit,
1764 449 1824 483 eju-

1035 486 1093 513 laus
1108 493 1130 513 et
1140 487 1227 514 dicem
1240 496 1249 514 :
1264 488 1306 515 Vix
1313 490 1376 516 mihi
1389 490 1459 517 malo
1471 499 1545 518 servo
1555 501 1586 519 ac
1598 494 1727 521 inventori
1741 495 1826 522 malm-

1035 539 1092 558 rum
1107 533 1187 568 lquid
1199 542 1292 568 passus
1303 543 1362 562 sum
1375 536 1465 563 iNam
1480 547 1495 564 α
1510 538 1621 565 muliere
1643 548 1701 566 mea
1716 545 1824 576 separat

1035 584 1190 614 metant-tus
1204 579 1327 614 Symeon,
1351 586 1373 607 et
1392 582 1454 616 quid
1481 581 1579 616 faciam
1598 583 1690 618 infelix
1702 604 1710 616 ,
1726 585 1823 614 nescio.

1073 647 1117 674 38.
1135 647 1182 673 llis
1201 651 1289 674 autem
1313 649 1388 675 dictis
1399 657 1489 676 coram
1512 652 1618 685 populo.
1641 654 1685 687 qui
1698 662 1824 680 conuene-

1034 697 1097 722 rat,-
1116 697 1253 726 postquam
1280 693 1432 727 adimplcuit
1459 696 1650 729 ministerium,
1680 700 1749 733 quod
1773 701 1823 726 sibi

1034 737 1121 771 fuerat
1146 737 1303 771 imperatum
1316 759 1322 769 ,
1339 739 1462 767 clamavit
1494 741 1606 769 attirone
1619 764 1625 774 ,
1659 744 1823 780 luquens;et

1037 784 1168 816 aspiciens
1183 788 1274 810 contra
1287 793 1314 811 se
1326 786 1431 812 veniens
1441 787 1531 822 fulgur
1551 789 1617 823 ignis
1632 810 1639 820 ,
1656 790 1777 818 currebat
1794 793 1821 819 in

1035 827 1146 854 muliere
1169 830 1370 863 per‘circuitum
1386 836 1471 858 status
1487 834 1554 867 ejus,
1571 834 1716 869 plurimum
1735 841 1760 864 et
1774 838 1822 865 do-

1034 872 1119 899 lenter
1138 875 1292 906 cruciatus;
1319 880 1343 902 et
1359 876 1449 903 taliter
1477 879 1595 912 protinus
1613 881 1698 908 exiit:
1715 887 1738 908 et
1764 892 1821 910 mu—

1034 918 1097 945 liere
1123 920 1234 950 pristino
1255 922 1341 947 ordini
1363 924 1494 955 restituta,
1519 926 1617 953 dimisit
1633 936 1690 955 eam
1708 928 1819 964 Symeo‘t

1032 972 1146 996 sanam;
1166 965 1253 992 dicens
1271 967 1305 993 ad
1326 967 1402 994 illam
1420 977 1428 995 :
1449 969 1528 1002 Vade,
1546 971 1651 1004 mulier,
1665 974 1691 1000 in
1711 975 1818 1002 domum

1032 1013 1105 1036 tuam
1126 1015 1150 1036 et
1177 1011 1296 1038 cohabita
1319 1022 1378 1039 cum
1392 1015 1446 1040 uiro
1461 1020 1522 1048 tuo;
1551 1025 1607 1044 ecce
1630 1020 1701 1046 enim
1720 1021 1817 1048 direxit

1031 1054 1159 1081 Dominus
1172 1064 1217 1082 cor
1234 1058 1301 1091 ejus,
1318 1062 1344 1083 ut
1361 1060 1469 1093 recipiat
1487 1065 1512 1087 te
1528 1070 1586 1088 cum
1603 1064 1700 1098 gaudio
1712 1073 1817 1100 magno.

1032 1098 1108 1131 Quod
1122 1105 1145 1126 et
1162 1101 1260 1134 factum
1289 1107 1336 1129 est.
1369 1103 1487 1139 Cumque
1503 1106 1551 1133 illa
1581 1116 1685 1136 reversa
1713 1098 1817 1145 fuisset,

1031 1146 1119 1171 statim
1150 1151 1248 1173 rectum
1269 1147 1366 1180 factum
1383 1155 1418 1175 est
1435 1158 1480 1176 cor
1497 1153 1546 1178 viri
1559 1154 1601 1179 sui
1611 1154 1645 1180 ad
1657 1154 1818 1190 diligendum

1031 1198 1106 1222 eam';
1118 1196 1142 1217 et
1158 1193 1183 1218 in
1191 1201 1294 1227 gressus
1311 1200 1346 1220 est
1368 1198 1402 1222 ad
1415 1196 1501 1229 illum,
1515 1203 1538 1224 et
1552 1200 1687 1234 confestim
1703 1205 1818 1238 concepit

1030 1237 1057 1262 in
1069 1244 1142 1263 utero
1158 1246 1166 1264 :
1182 1243 1206 1264 et
1221 1239 1350 1273 completo
1365 1250 1434 1268 anno
1448 1243 1565 1278 tulerunt
1593 1255 1704 1281 puerum
1717 1250 1751 1276 ad
1761 1237 1819 1277 ser-

1031 1289 1090 1308 vum
1118 1282 1174 1312 Dei.
1189 1283 1328 1312 laudantes
1343 1291 1367 1312 ct
1389 1288 1568 1323 glorificantes
1584 1292 1675 1319 Deum.
1688 1293 1753 1321 Cum
1771 1305 1819 1322 au~

1032 1330 1082 1353 tem
1105 1329 1277 1362 complessent
1301 1333 1448 1359 orationem
1475 1343 1561 1366 suam,
1577 1342 1602 1363 et
1626 1339 1765 1367 rediissem
1782 1342 1818 1368 ad

1032 1373 1165 1406 propri:an
1182 1374 1298 1406 domum,
1312 1379 1393 1403 erexit
1406 1378 1502 1405 mulier
1511 1380 1564 1413 ﬁde
1585 1382 1663 1409 ducta
1675 1384 1818 1419 imaginem

1031 1415 1122 1444 Sancti
1133 1422 1161 1444 in
1173 1420 1294 1447 interiori
1309 1422 1387 1448 domo
1400 1431 1449 1450 sua
1464 1432 1473 1451 :
1490 1433 1548 1459 qua:
1562 1429 1723 1461 operabatur
1735 1431 1818 1458 mira-

1030 1463 1101 1494 cula,
1115 1464 1268 1492 obumbrata
1281 1465 1380 1502 Spiritu
1397 1470 1441 1503 qui
1454 1471 1590 1498 habitabat
1611 1474 1636 1500 in
1651 1474 1748 1503 Sancto
1767 1485 1776 1504 :
1793 1481 1817 1504 et

1031 1517 1046 1534 a
1059 1508 1187 1535 (lanionia
1202 1512 1288 1537 vexati
1299 1513 1510 1541 emundabautxrr
1531 1516 1595 1549 illic,
1623 1523 1646 1544 et
1677 1528 1710 1547 ex
1737 1522 1819 1550 variis

1031 1554 1194 1587 passionibua
1213 1555 1342 1589 inﬁrmati
1363 1560 1535 1588 rurabnnlur.
1553 1561 1583 1589 In
1600 1565 1692 1597 quibus
1711 1571 1735 1593 et
1764 1575 1818 1595 Ima

994 1597 1015 1625 C
1033 1599 1127 1625 mulier
1137 1619 1143 1628 .
1158 1601 1259 1635 [larum
1271 1604 1408 1637 sanguinis
1423 1605 1584 1634 incessanter
1599 1618 1645 1644 per
1669 1613 1818 1646 quindecim

1032 1651 1116 1670 annos
1130 1653 1220 1679 passa,
1231 1646 1317 1679 infide
1328 1650 1438 1675 accessit
1450 1650 1484 1676 ad
1496 1652 1637 1680 videndum
1650 1654 1792 1691 imaginem
1805 1666 1814 1689 ,'

1031 1694 1054 1715 et
1070 1690 1191 1716 continuo
1204 1692 1291 1725 ﬂuxus
1307 1694 1375 1719 stetit
1396 1693 1469 1721 Dixit
1484 1697 1552 1723 enim
1568 1698 1639 1725 intra
1649 1707 1692 1731 se,
1705 1701 1778 1735 quia,
1790 1701 1818 1728 Si

1032 1737 1134 1760 tantum
1146 1736 1234 1761 uidero
1255 1736 1452 1765 similitudinem
1477 1740 1544 1774 ejus,
1560 1742 1636 1769 salua
1648 1751 1703 1770 ero.
1726 1745 1818 1772 Videas

1031 1784 1121 1805 autem
1146 1780 1215 1814 quod
1231 1783 1375 1809 cxsiccatus
1400 1790 1465 1811 esset
1484 1786 1541 1819 fons
1555 1789 1692 1822 sanguinis
1715 1791 1765 1822 sui,
1781 1793 1817 1818 ad

1031 1825 1161 1852 hominem
1178 1826 1225 1853 Dei
1237 1830 1355 1862 protinus
1379 1833 1503 1863 accurrit,
1519 1833 1634 1860 adorans
1661 1843 1751 1863 coram
1774 1845 1816 1869 eo.

1033 1869 1146 1898 laudans
1167 1877 1191 1898 et
1211 1873 1364 1907 gloriﬁcans
1382 1876 1474 1908 Deum,
1490 1885 1521 1904 ac
1541 1881 1681 1908 euuntians
1700 1883 1817 1910 miracu-

1031 1914 1085 1942 lum
1099 1916 1126 1942 in
1142 1925 1170 1944 te
1186 1922 1376 1952 perpetratum.

1065 1984 1110 2012 39.
1126 1983 1196 2012 Huic
1222 1986 1339 2014 alterum
1369 1989 1454 2017 etiam
1481 1993 1645 2020 unraculum
1668 1995 1817 2031 subjicitur

1029 2035 1091 2056 cum
1107 2029 1160 2057 hoc
1176 2031 1274 2058 titulo:
1288 2032 1355 2060 Item
1367 2034 1429 2070 tegit
1445 2035 1569 2070 (Cosmas
1581 2029 1727 2076 diaeonusl
1741 2042 1817 2070 aliud

1030 2075 1190 2103 miraculum
1219 2079 1307 2105 sancti
1325 2079 1413 2107 Patris
1441 2081 1596 2117 Symeonis:
1624 2085 1752 2122 idemque
1774 2095 1817 2117 est

1028 2121 1101 2155 quod
1114 2127 1226 2150 sanctus
1241 2124 1361 2153 Joannes
1384 2127 1569 2157 Damascenus
1587 2121 1713 2160 oratione
1729 2135 1760 2167 5,
1779 2135 1818 2162 De

1029 2167 1198 2202 imaginibus,
1215 2177 1269 2196 non
1287 2171 1382 2205 procul
1398 2180 1413 2199 a
1427 2173 1481 2201 line
1489 2175 1611 2208 adducit,
1629 2180 1740 2212 prartlxo
1764 2181 1816 2209 hoc

1030 2212 1131 2240 titulo:
1155 2213 1195 2241 Ex
1217 2215 1274 2242 Vita
1295 2218 1382 2244 sancti
1398 2218 1535 2254 Symeouis
1560 2230 1648 2250 rerum
1673 2225 1816 2254 admirabi-

189 2257 250 2281 sua,
267 2255 292 2276 et
305 2259 351 2285 per
367 2256 482 2285 quatuor
496 2260 579 2279 annos
593 2260 651 2279 cum
663 2252 737 2279 nulla
757 2257 794 2280 est
812 2253 910 2288 femina
934 2263 976 2280 ,ςσ-
993 2260 1014 2287 [)
1029 2257 1094 2284 lium
1113 2258 1251 2293 cffectoris,
1266 2263 1389 2288 narratio
1412 2252 1522 2291 ilrcadii
1548 2268 1737 2304 archiepiscopi

193 2296 274 2307 _f_s_..
310 2296 357 2307 Ill,
390 2306 446 2307 ,,,,,,
482 2299 487 2304 ι
561 2304 566 2307 .
664 2300 680 2307 ι.
704 2303 709 2307 .
801 2300 810 2307 ι’
846 2300 863 2307 Ἀ
905 2300 911 2307 ι
932 2299 941 2307 Ι
1063 2302 1069 2307 ι
1126 2303 1132 2307 .
1204 2303 1208 2307 .
1272 2305 1314 2307 .-μ
1363 2305 1372 2307 λ
1421 2306 1426 2307 γ

189 2296 285 2322 cintus.
306 2296 358 2323 Illa
388 2306 449 2324 vero
478 2299 583 2325 inuento
602 2300 728 2326 comitatu
746 2300 863 2334 confugit
876 2300 911 2326 ad
925 2299 975 2327 Ja-

188 2345 269 2368 stum.
285 2340 351 2368 Cum
376 2347 464 2369 autem
480 2344 585 2371 uidisset
603 2353 660 2372 eum
678 2346 792 2379 daemon,
806 2347 897 2373 statim
923 2347 976 2381 fre-

191 2387 256 2412 nmit
275 2391 299 2413 et
317 2388 489 2421 torquebatur
512 2397 600 2416 coram
616 2399 662 2420 eo.
674 2392 762 2418 ridens
779 2400 838 2418 cum
867 2392 976 2419 inuliere

189 2431 354 2466 spiritualem
375 2433 432 2468 ejus
455 2435 607 2469 imaginem,
621 2436 748 2463 dicentem
760 2438 875 2464 humana
893 2446 954 2464 voce
967 2447 976 2463 :

188 2473 323 2510 Separabo
342 2481 367 2502 te
385 2477 418 2503 ab
437 2485 480 2510 ea,
495 2478 610 2514 maligne
630 2483 655 2506 et
667 2480 801 2507 immunda
818 2481 936 2514 spiritus,
951 2484 976 2506 et

189 2525 333 2546 revertetur
352 2521 386 2547 ad
401 2522 486 2549 uirum
502 2531 588 2555 suum,
606 2528 631 2550 et
651 2525 774 2559 efﬁcietur
786 2526 827 2553 illi
851 2536 922 2554 anno
937 2537 977 2554 sc-

190 2565 278 2596 quenti
291 2574 367 2599 puer.
385 2565 418 2592 Et
432 2567 541 2600 ejulavit
561 2568 719 2596 dir-monium
737 2571 859 2605 ferociter
873 2579 978 2601 contur-

190 2612 278 2636 batum
291 2618 300 2636 :
315 2609 337 2637 0
350 2611 473 2638 violentia
491 2613 616 2641 adversus
631 2623 671 2641 me
686 2616 696 2642 !
711 2625 763 2643 non
777 2622 814 2644 est
829 2623 904 2646 tuum
920 2628 978 2648 ma-

190 2655 309 2681 trimonii
332 2655 475 2683 solutiones
493 2658 612 2692 officere:
631 2662 732 2695 utquid
746 2668 832 2690 autem
851 2668 875 2690 et
889 2664 976 2698 ﬁlium

188 2699 223 2725 eis
239 2699 298 2729 das.
310 2709 369 2728 cum
385 2711 400 2728 a
421 2711 462 2729 me
475 2703 559 2737 ﬁlium
578 2707 684 2733 minime
702 2708 792 2742 fecerit
806 2710 818 2736 ?
835 2711 898 2745 quid
913 2713 977 2740 mali

189 2744 238 2778 feci
258 2746 319 2778 tibi,
335 2746 375 2773 uel
387 2749 450 2782 quid
466 2751 570 2782 peccaui
584 2751 610 2777 in
628 2759 765 2788 conspectu
779 2744 909 2791 tuo,rquia
933 2766 977 2784 se-

189 2799 270 2825 paras
284 2800 323 2818 me.
334 2787 476 2821 a'muliere
488 2803 544 2822 mea
556 2795 568 2822 ?
580 2795 609 2823 Si
617 2806 718 2825 servum
733 2808 772 2826 me
784 2809 974 2837 comparasses,

190 2835 267 2861 dares
282 2844 321 2862 mc
336 2837 447 2871 forsitan
460 2843 483 2866 et
495 2840 521 2866 in
539 2842 673 2868 seruitium
690 2835 849 2872 hominibus.
865 2848 896 2874 At
914 2835 975 2876 vero

188 2879 299 2916 ngeon
315 2883 351 2909 ait
365 2891 373 2909 :
385 2883 452 2916 Quia
469 2885 554 2913 malus
571 2895 662 2915 servus
679 2897 716 2920 es,
729 2898 883 2926 recognosce
894 2898 919 2920 te
936 2895 976 2930 ip—

1027 2302 1079 2336 pri,
1096 2303 1255 2331 miraculum
1270 2305 1329 2332 132.
1356 2305 1516 2335 Conferenti
1541 2315 1633 2338 autem
1665 2302 1814 2349 utrumque

1028 2351 1132 2375 textum
1147 2349 1219 2377 inter
1234 2358 1274 2383 se,
1308 2352 1414 2379 nullum
1439 2354 1505 2381 mihi
1535 2355 1651 2384 dubium
1668 2363 1721 2392 est,
1747 2362 1815 2395 quin

1026 2401 1060 2420 ex
1074 2395 1170 2421 eodem
1187 2404 1300 2430 prorsus
1313 2397 1410 2426 Graaco
1423 2399 1478 2427 sint
1500 2403 1636 2435 translati.
1660 2405 1697 2432 ita
1715 2413 1816 2435 convo-

1028 2439 1108 2466 niunt
1136 2442 1312 2476 principium.
1338 2444 1411 2477 linis,
1441 2447 1560 2480 periodi,
1593 2451 1696 2478 omnia.
1721 2451 1816 2481 Sicubi

1027 2485 1099 2512 forte
1115 2485 1226 2513 Graecus
1256 2488 1414 2517 Damasceni
1445 2497 1536 2530 textus
1549 2500 1649 2528 exstat,
1675 2497 1721 2532 qui
1736 2499 1816 2527 nobis

1027 2530 1107 2563 deﬁt,
1122 2533 1314 2567 eomprobabit
1325 2535 1408 2563 dicta.
1425 2538 1473 2565 Est
1500 2544 1591 2568 tamen
1616 2530 1702 2570 altera
1713 2545 1814 2579 versio,

1027 2576 1111 2603 altera
1125 2585 1179 2604 non
1191 2579 1272 2612 paulo
1282 2582 1445 2609 concinnior
1454 2584 1675 2622 elegantiorque.
1688 2576 1816 2619 Vidimus

1025 2621 1079 2656 jam
1091 2621 1298 2651 inamaaniorem
1313 2627 1431 2659 concilii,
1444 2630 1574 2658 succedat
1584 2621 1718 2666 placitura
1730 2637 1816 2672 magis

1028 2667 1198 2697 Damasceni.
1211 2670 1305 2706 Neque
1319 2672 1374 2705 hic,
1392 2679 1470 2708 puto,
1482 2683 1595 2710 operam
1612 2679 1748 2713 perdituri
1771 2667 1817 2709 su-

1027 2721 1089 2741 mus
1101 2713 1285 2743 deseriliendo
1303 2717 1374 2746 lianc
1389 2721 1586 2753 narrationem.
1598 2726 1724 2758 quamvis
1741 2733 1816 2753 eam-

1027 2758 1100 2790 dem,
1115 2759 1200 2786 verbo
1211 2765 1291 2788 tenus
1301 2761 1357 2789 fere
1373 2768 1476 2791 tantum
1486 2766 1700 2802 discrepantem,
1714 2769 1741 2796 in
1755 2771 1815 2798 Vita

1028 2812 1104 2832 num.
1128 2805 1175 2832 l7l
1201 2807 1272 2842 stylo
1301 2815 1397 2836 nostro
1422 2810 1538 2843 demus;
1569 2814 1621 2841 erit
1646 2823 1719 2844 ennn
1747 2824 1813 2843 usus

1028 2851 1173 2887 utriusque
1188 2862 1250 2881 max
1273 2855 1286 2890 ᾗ
1303 2863 1360 2890 seq.
1388 2856 1433 2883 Sic
1449 2857 1531 2892 igitur
1549 2859 1638 2893 titulo,
1653 2862 1706 2897 jam
1733 2869 1816 2898 supra

1030 2897 1158 2932 adducto,
1172 2900 1313 2937 subjungit
1327 2903 1511 2934 Dama-seruus
1525 2914 1531 2931 :
