2148 3244
357 213 428 246 2383

991 210 1021 238 3.
1042 206 1189 238 SYMEON
1208 205 1358 237 JUNIOR.

1910 202 1981 234 233‘.

393 268 437 295 ﬂ).
452 266 564 301 Contigit
578 268 666 292 autent
679 263 733 291 illis
746 264 881 293 tlielms,ut
897 262 935 288 vir
951 261 1057 296 quidam
1071 269 1142 287 mer-
1160 260 1180 290 λ
1195 258 1380 286 scribentem:
1395 257 1471 290 Quod
1485 257 1516 283 dc
1527 257 1612 301 codice
1625 257 1732 291 qua‘ris.
1746 262 1776 281 ex
1787 256 1980 300 quoat-scripta

359 316 433 339 cator
448 311 560 338 civitatis
574 309 718 336 Antiochia:
733 309 808 343 gravi
829 307 948 333 molestia
967 306 999 332 ab
1027 305 1143 340 improbo

359 358 476 384 tla'mone
494 355 655 390 aﬂlt'gt’rt'tur
668 353 763 388 diuque
774 357 928 387 augeretur,
942 351 1008 377 adeo
1023 354 1050 376 ut
1064 350 1143 384 stt/fo-

357 406 472 432 caretnr,
489 398 634 426 interclusa
652 397 775 433 spirandi
787 395 924 431 facultate.
946 395 993 422 llic
1009 395 1141 430 profectus

357 444 391 471 ad
406 443 544 473 Sanctum.
563 447 588 468 et
611 442 668 476 ejus
683 441 800 475 precibus
814 440 958 467 sanitatem
979 440 1016 466 sic
1037 447 1142 466 assecu-

358 493 410 520 tus.
427 493 455 515 ut
469 489 491 515 si
509 487 574 515 nihil
588 495 706 522 unquam
721 494 857 522 perpessus
868 489 952 517 esset,
967 493 1025 511 cum
1036 485 1062 511 in
1076 492 1139 519 pro-

355 535 442 570 priam
463 534 569 560 domum
594 532 721 571 rediisset,
732 536 760 557 ut
777 532 847 566 grati
868 531 950 558 animi
967 529 1141 565 signiﬁcatio-

355 588 414 606 nem
437 579 524 610 daret,
542 579 568 605 in
601 578 656 605 loco
679 578 793 604 ciuitatis
816 576 917 611 publico
934 581 1014 610 atque
1028 575 1138 607 illustri,

353 633 434 658 supra
450 624 517 658 fores
533 624 639 658 ofﬁcina
649 630 713 654 suae,
722 622 861 656 imaginem
875 620 1067 649 statuitJllauc
1077 621 1140 655 inﬁ-

354 669 452 696 delium
465 669 571 703 quidam
587 668 732 702 conspicati
747 667 888 693 luminibus
904 671 928 693 et
946 666 1009 693 t-elis
1029 664 1140 693 decora-

354 720 421 745 tam.
434 714 489 741 zelo
500 714 583 749 pleni,
598 713 639 740 sui
651 712 748 739 similes
759 712 874 738 homines
883 710 1066 746 incompositos
1076 719 1140 737 con-

353 759 479 790 citarunt,
495 763 523 784 ut
542 757 681 785 multitudo
697 757 843 784 conveniret
867 757 1024 791 confuseque
1047 757 1139 790 uocife-

355 809 462 833 raretur
478 812 487 831 :
501 803 622 830 Tollatur
633 811 646 829 e
658 803 722 835 vita,
738 803 782 837 qui
793 803 840 829 hoc
854 802 921 836 (iecit.
938 807 962 829 et
972 803 1059 837 imago
1072 802 1138 837 deji-

352 850 449 876 ciatur.
466 848 561 876 Diuina
577 852 665 875 autem
680 847 843 883 providentia
857 847 956 882 factum
970 851 1019 879 est,
1031 851 1060 873 ut
1082 851 1138 873 tum

353 895 424 920 domi
433 901 488 921 sua!
500 902 552 920 non
563 886 886 930 inverliretur.Cupiebant
900 893 970 919 enim
982 901 1040 919 eum
1053 892 1136 919 inter-

354 937 451 972 ﬁcere;
467 946 527 964 cum
547 937 615 964 alius
635 929 709 964 aliud
733 936 879 962 clamaret:
895 944 958 962 nam
977 943 1067 962 eorum
1090 942 1137 961 ne-
1152 929 1176 958 Β

352 983 435 1016 quitia
449 982 533 1010 multa
558 986 582 1008 et
599 990 696 1017 magna
718 982 820 1018 erat'in
833 984 969 1015 conspectu
982 979 1030 1006 Dei
1050 979 1136 1011 ualde,

352 1034 377 1055 et
391 1029 519 1056 immensa
533 1027 644 1060 invidia,
657 1036 710 1062 qua
725 1027 829 1062 quidem
841 1025 946 1061 impulsi
963 1033 993 1052 eo
1010 1033 1137 1052 conuene-

352 1078 425 1105 runt,
437 1074 616 1100 existimantes
639 1080 667 1099 se
694 1076 784 1099 nactos
799 1079 854 1098 esse
878 1071 1051 1101 occasionem,
1084 1078 1137 1104 qua

350 1123 472 1145 sanctum
499 1118 629 1145 hominem
652 1117 830 1152 opprimerent
857 1120 882 1143 et
911 1116 1042 1151 aﬁicerent
1060 1116 1137 1150 igno-

351 1164 445 1195 minia,
463 1163 532 1198 quod
558 1170 627 1198 stepe
652 1163 810 1198 impietatem
824 1165 850 1188 et
879 1169 993 1188 errorem
1015 1160 1134 1192 illorum,

351 1208 396 1242 qui
406 1216 465 1234 cum
476 1208 538 1242 ipsis
552 1208 584 1234 de
596 1207 720 1242 religione
736 1207 805 1233 male
824 1207 968 1238 sentirent,
985 1205 1137 1240 redarguis-

349 1255 398 1279 set.
416 1251 482 1279 Cum
496 1252 576 1287 igitur
593 1255 696 1278 tantam
712 1251 846 1278 insaniam
870 1250 986 1277 cohibere
1003 1258 1053 1276 non
1075 1258 1136 1284 pos-

351 1301 420 1328 sent,
437 1297 542 1323 cuidam
558 1297 673 1323 militum
700 1296 873 1328 mandarunt,
902 1299 929 1322 ut
954 1295 1052 1331 gradus
1076 1304 1136 1322 con-

351 1342 484 1369 scenderet
498 1346 523 1369 et
549 1342 691 1377 imaginem
707 1341 867 1368 deturbaret.
889 1341 939 1374 Qui
963 1349 1021 1368 cum
1041 1349 1135 1368 ascen-

349 1388 428 1414 disset
439 1392 463 1413 et
483 1395 577 1414 martus
593 1387 751 1416 extenderet.
766 1390 794 1412 ut
802 1383 878 1422 iussa
893 1387 1134 1421 perﬁceret.statim

351 1432 457 1467 eollisns
475 1437 523 1464 est,
540 1440 553 1458 e
567 1432 700 1466 superiore
727 1430 782 1457 loco
815 1431 936 1465 delapsus
965 1432 1086 1458 deorsum
1107 1432 1135 1458 in

351 1483 472 1506 terram:
488 1483 511 1505 et
529 1485 639 1512 magnus
663 1476 790 1503 tumultus
808 1477 836 1502 in
853 1477 930 1504 turba
943 1481 981 1503 est
996 1478 1134 1504 excitatus.

356 1523 570 1557 lnﬁammatique
595 1525 769 1556 perrexerunt
790 1521 904 1548 alterum
922 1521 1044 1548 adhibere
1057 1543 1065 1555 ,
1089 1522 1134 1556 qui

357 1577 436 1599 manu
453 1574 572 1604 protenta
588 1578 647 1598 cum
662 1569 798 1600 detrahere
815 1570 956 1608 i’maginem
969 1573 1024 1607 ipse
1033 1581 1135 1608 quoque

342 1617 504 1651 ’eonarctur,
518 1619 590 1646 humi
606 1620 707 1654 pariter
721 1620 820 1654 aﬂiclus
836 1624 882 1646 est.
899 1619 955 1652 Quo
974 1620 1077 1654 quidem
1095 1619 1135 1654 fa-

352 1667 403 1695 cto,
419 1668 488 1690 metu
515 1672 603 1690 omnes
618 1664 762 1698 perterriti,
779 1665 862 1691 crucis
883 1665 988 1699 signum
1007 1665 1056 1691 sibi
1083 1665 1134 1699 ipsi

351 1712 483 1743 coeperunt
510 1709 657 1736 admovere.
672 1709 766 1736 Verum
784 1718 842 1736 cum
861 1710 946 1736 adhuc
959 1710 1076 1744 inﬁdeles
1095 1710 1135 1737 illi

348 1753 507 1784 insanirent,
523 1754 629 1780 tertium
639 1754 729 1780 eodem
745 1753 880 1789 impellere
891 1763 942 1781 non
956 1755 1108 1781 destiterunt
1125 1763 1134 1782 :

352 1799 396 1832 qui
412 1806 469 1824 cum
488 1807 597 1825 martum
612 1800 779 1832 ostendisset,
795 1805 824 1826 ut
840 1800 981 1835 imaginem
993 1801 1115 1835 dejicere!
1125 1819 1132 1832 ,

351 1843 406 1877 ipse
418 1851 524 1877 quoque
544 1842 665 1870 similiter
688 1844 847 1878 confractus,
863 1845 889 1870 in
913 1849 1011 1871 terram
1028 1845 1132 1871 decidit.

350 1887 419 1914 Tum:
428 1887 518 1922 ﬁdeles
535 1897 634 1919 omnes,
649 1889 694 1923 qui
709 1890 924 1921 circumstabant,
936 1898 1048 1924 magnus
1060 1890 1135 1916 iuvas

349 1934 383 1960 sit
399 1934 488 1965 timor,
506 1937 531 1959 et
558 1933 705 1966 inﬁdelium
728 1934 871 1960 ctccitatem
898 1938 975 1969 atque
995 1935 1134 1962 audac.am

349 1978 485 2011 admirati,
493 1979 635 2013 imaginem
648 1980 790 2006 adorantes
805 1987 864 2005 cum
880 1980 1071 2014 precationibus
1081 1981 1134 2007 dis-

348 2028 493 2053 resserunt.
520 2023 659 2052 Hactenus
679 2025 875 2052 Damascenus.
888 2025 1018 2053 lleeitatis
1027 2026 1102 2053 hisce
1118 2034 1134 2053 a

348 2069 446 2099 Cosma
461 2069 578 2096 diacono
593 2078 684 2097 coram
700 2070 828 2098 Patribus
843 2071 952 2098 concilii
975 2072 1133 2105 miraculis,

350 2114 409 2143 hmc
436 2115 531 2142 statim
556 2115 761 2150 subjiciuntur,
779 2116 906 2150 illorum,
921 2117 961 2144 uti
992 2121 1020 2145 et
1048 2119 1133 2145 totius

348 2160 416 2189 Vita:
432 2165 542 2192 nostras,
557 2160 637 2188 ﬁdem
652 2165 679 2188 et
691 2162 882 2189 auctoritatem
895 2163 1023 2198 augentia
1041 2172 1047 2190 :
1064 2163 1133 2191 Con-

346 2206 479 2237 stantinus
509 2207 690 2233 sanctissimus
716 2208 848 2242 episcopus
870 2208 1031 2236 Constantia:
1053 2209 1133 2244 Cypri

1196 309 1267 335 sunt,
1282 308 1338 331 erat
1356 303 1379 330 is
1393 302 1496 337 quidem
1512 303 1537 329 in
1562 299 1723 328 Bibliotheca
1735 296 1910 328 \Vallicet'tana
1926 310 1983 328 nm-

1195 349 1257 375 tilns
1283 352 1307 374 et
1336 347 1471 381 ἀκέφαλος
1485 355 1492 362 ·
1511 347 1556 374 sed
1574 346 1730 373 Laurentius
1757 346 1862 373 Portius
1878 347 1931 380 (est
1959 347 1982 374 is

1195 394 1332 428 Symonis.
1346 393 1392 427 qui
1409 386 1601 419 Dictionarium
1629 391 1765 423 Latinum,
1780 391 1981 419 Gnaeo—barba-

1195 448 1254 467 rum
1279 443 1302 466 et
1327 438 1441 465 litterate
1465 438 1580 465 Parisiis
1607 437 1686 469 1655,
1702 436 1809 469 edidit,
1825 436 1910 463 frater
1925 445 1933 467 ;
1950 440 1980 464 et

1194 492 1271 512 suam
1298 483 1377 510 nobis
1393 490 1505 517 operam
1525 482 1552 509 in
1569 481 1761 509 describendis
1788 481 1862 508 Actis
1878 480 1980 508 Gwcis

1192 529 1282 567 pretio
1297 528 1439 557 moderato
1456 527 1566 560 locavit,
1584 527 1663 554 istius
1676 526 1816 553 idiomatis
1830 525 1979 553 admodum

1193 575 1325 610 peritus),
1343 574 1387 600 sed
1403 572 1572 604 Laurentius,
1588 572 1687 607 inquit,
1705 572 1810 599 Portius
1821 572 1866 605 qui
1879 571 1978 599 deseri-

1192 619 1242 654 psit
1252 627 1283 645 ea:
1295 617 1348 644 alio
1361 617 1506 652 exemplari
1520 616 1614 643 ibidem
1631 622 1743 652 reperto,
1755 625 1836 643 manu
1852 615 1911 642 licet
1927 624 1978 642 an»

1193 664 1339 699 tiquissima
1352 667 1375 689 et
1383 663 1443 698 jam
1461 661 1619 689 ezolacente
1632 663 1764 697 scriptura
1783 665 1904 692 exarata.
1915 669 1979 695 sup-

1191 711 1269 746 plet-it
1295 718 1346 736 non
1371 716 1452 744 parvo
1466 708 1555 736 labore
1569 716 1616 735 suo
1633 707 1703 743 quod
1717 707 1818 738 deerat,
1835 712 1859 733 et
1869 707 1979 741 integri-

1190 757 1240 784 tati
1251 757 1306 792 fere
1322 754 1486 790 primigenia
1502 761 1566 788 opus
1577 753 1624 779 hoc
1636 753 1758 779 reddidit.
1771 752 1860 787 Caput
1872 757 1976 783 autem,

1190 801 1263 837 quod
1279 801 1386 836 reliquo
1402 799 1511 834 corpori
1525 799 1553 827 in
1565 799 1661 826 codice
1679 799 1799 826 defuisse
1820 804 1848 827 et
1864 799 1975 827 aliunde

1190 847 1346 882 suppletum
1370 845 1472 873 dicitur
1490 865 1497 877 ,
1527 849 1571 872 est
1598 844 1644 871 illa
1672 851 1734 878 pars
1757 844 1865 879 Prologl
1892 851 1975 879 quam

1189 892 1287 927 primis
1316 891 1425 918 duobus
1447 887 1572 918 numeris
1596 888 1731 924 complexi
1746 896 1852 917 sumus.
1865 889 1976 916 Profert

1190 941 1321 972 prmterea
1336 936 1469 963 Pessinus
1496 936 1524 963 in
1546 935 1644 964 eadem
1657 935 1773 971 epistola
1786 942 1867 962 suum
1881 934 1916 962 de
1932 934 1977 962 bis

1189 983 1265 1010 Actis
1290 981 1437 1009 admodum
1462 981 1610 1014 laudabile,
1628 988 1680 1008 nec
1703 980 1833 1016 ponderis
1858 980 1974 1007 minoris

1187 1028 1321 1064 judicium
1339 1037 1347 1057 :
1367 1028 1407 1055 Ex
1427 1029 1511 1055 animi
1529 1028 1580 1055 mei
1599 1027 1732 1054 sententia
1746 1046 1753 1058 ,
1767 1027 1867 1061 inquit.
1890 1026 1975 1062 proﬁ-

1190 1079 1245 1100 teor
1257 1082 1307 1105 me,
1321 1074 1348 1099 in
1361 1073 1393 1100 iis
1407 1077 1530 1100 accurate
1539 1073 1658 1108 perlectis
1667 1093 1674 1104 ,
1690 1071 1756 1099 nihil
1764 1072 1814 1099 nisi
1825 1071 1971 1099 uerisimili-

1188 1123 1238 1150 ter.
1267 1118 1419 1154 prudenter,
1436 1118 1570 1153 eleganter
1595 1119 1725 1153 scriptum
1754 1117 1913 1144 observasse.
1933 1117 1975 1144 Ea;

1188 1172 1239 1199 quo
1253 1165 1316 1199 capi
1329 1163 1423 1199 legere,
1439 1168 1525 1190 tenere
1543 1171 1583 1190 me
1598 1171 1649 1190 non
1660 1169 1779 1198 poteram
1792 1163 1874 1190 donec
1888 1163 1975 1196 absol-

1188 1217 1286 1237 verem.
1303 1209 1388 1236 Tanta
1402 1214 1459 1236 erat
1479 1208 1601 1244 voluptas
1613 1217 1622 1241 ,'
1640 1217 1686 1235 nec
1702 1209 1790 1235 minor
1805 1213 1902 1236 tenera
1915 1208 1974 1236 reli-

1187 1255 1271 1290 gionis
1286 1263 1388 1287 sensus,
1406 1262 1452 1281 cor
1466 1253 1658 1289 liquefacientis
1672 1249 1755 1289 usque
1771 1254 1806 1281 ad
1827 1254 1971 1290 lacrymas.

1186 1300 1281 1336 Itaque
1296 1308 1360 1327 rara
1371 1300 1490 1327 existimo
1512 1299 1621 1334 reperiri
1637 1299 1694 1334 ejus
1720 1300 1822 1335 generis
1848 1300 1974 1328 ecclesia-

1186 1347 1253 1373 stica
1268 1350 1448 1377 monumenta,
1462 1352 1521 1380 quia
1532 1345 1595 1379 ﬁde,
1612 1346 1780 1378 auctoritate,
1795 1346 1972 1373 concinnitate

1187 1392 1392 1427 compositionis,
1409 1390 1618 1421 admirabilitate
1640 1399 1730 1422 rerum
1755 1399 1808 1419 non
1835 1391 1974 1422 incredibi-

1187 1435 1247 1463 liter
1268 1440 1452 1467 narratarum,
1466 1436 1526 1472 pari
1545 1444 1604 1463 cum
1617 1436 1655 1463 his
1669 1436 1740 1464 Actis
1754 1437 1818 1472 jure
1832 1438 1972 1465 editionem

1186 1482 1322 1519 lucemque
1336 1488 1497 1512 mereantur.
1514 1481 1637 1513 Verbum
1653 1483 1697 1513 his
1717 1492 1772 1513 non
1801 1484 1885 1513 addo.
1897 1485 1972 1513 Beli,

1185 1532 1266 1568 quam
1281 1529 1315 1560 de
1332 1540 1360 1560 se
1373 1530 1431 1567 ipsa
1449 1532 1514 1559 Acta
1532 1532 1612 1561 ﬁdem
1628 1531 1747 1561 facient:
1764 1531 1885 1567 perlege,

1220 1578 1265 1605 52.
1285 1578 1323 1605 De
1337 1581 1450 1606 auctore
1464 1581 1598 1612 quantum
1615 1577 1723 1612 assequi
1739 1577 1820 1610 licet,
1834 1577 1970 1604 dicamus.

1186 1623 1327 1658 Principio
1354 1624 1422 1650 \‘ite
1436 1622 1564 1658 praeimus
1579 1626 1639 1650 erat
1653 1623 1698 1650 hic
1716 1622 1823 1653 titulus,
1839 1622 1902 1653 Βιος
1924 1621 1972 1648 καὶ

1185 1668 1309 1695 πολιτεία
1333 1668 1378 1695 τοῦ
1398 1669 1472 1695 ὁσίου
1495 1667 1601 1703 Πατρὶς
1613 1667 1690 1703 ἡμῶν
1702 1667 1815 1702 Συμεὼν
1825 1667 1871 1694 τοῦ
1878 1658 1917 1694 ’ἰν
1929 1667 1969 1701 τῷ

1185 1714 1339 1749 Θαυμαστῷ
1353 1714 1441 1748 Ὄρει,
1458 1714 1647 1749 συγγραφέντα
1663 1714 1737 1749 παρὰ
1752 1714 1908 1749 Νικηφόρον
1923 1714 1971 1741 τοῦ

1184 1760 1342 1794 Μαγίστρου
1361 1760 1524 1794 Ἀντιοχείας
1538 1759 1584 1786 τοῦ
1597 1759 1729 1795 οὐρανοῐν
1740 1759 1799 1789 Vita
1814 1764 1838 1786 et
1858 1768 1965 1786 conver-

1182 1806 1251 1832 satio
1274 1805 1361 1832 sancti
1379 1804 1467 1832 Patris
1489 1806 1572 1832 nostri
1585 1805 1721 1840 Symeonis
1737 1805 1765 1832 in
1787 1805 1875 1832 Monte
1887 1805 1972 1832 Mira-

1184 1850 1239 1882 bili,
1266 1850 1415 1884 conscripta
1432 1859 1447 1876 a
1470 1849 1616 1884 Nicephoro
1649 1849 1777 1884 Magistro
1799 1850 1945 1882 Antiochia
1961 1870 1968 1883 ,

1185 1896 1284 1923 Caelum
1308 1896 1385 1922 dicto.
1405 1895 1484 1923 Unde
1512 1903 1577 1922 vero
1603 1895 1663 1927 hoc
1679 1895 1704 1922 ei
1730 1896 1970 1930 cognomentum?

1185 1942 1317 1969 Existimo
1329 1941 1402 1976 quod
1415 1941 1450 1969 ab
1462 1941 1637 1976 eloquentiae,
1655 1949 1737 1977 quam
1756 1942 1784 1969 in
1797 1943 1969 1972 Antiochena

1184 1987 1294 2014 civitate
1320 1987 1430 2022 publice
1455 1986 1650 2022 proﬁtebatur,
1682 1991 1782 2014 ornatu
1813 1987 1969 2023 singulari,

1184 2033 1248 2067 quia
1263 2032 1352 2064 oratio
1373 2033 1434 2067 ejus
1460 2032 1550 2060 omnis
1575 2032 1724 2062 rhetoricis
1758 2033 1920 2064 luminibus,
1940 2038 1970 2060 ut

1185 2078 1285 2105 (mlum
1313 2077 1630 2113 slellis,resplendebat.
1646 2078 1734 2105 Habet
1762 2078 1873 2114 quidem
1896 2078 1969 2113 apud

1184 2122 1292 2150 Graecos
1311 2130 1363 2150 vox
1376 2123 1523 2157 Μαγίστηρ
1538 2123 1581 2151 vel
1608 2123 1767 2159 Μαγιστρος
1792 2123 1971 2159 signiﬁcatio-

1184 2175 1247 2196 nem
1261 2168 1343 2196 etiam
1362 2168 1454 2198 aliam.
1470 2173 1501 2195 ut
1515 2168 1551 2196 sit
1577 2168 1674 2197 titulus
1698 2169 1725 2197 in
1743 2169 1805 2196 aula
1823 2170 1970 2204 imperato-

1186 2215 1223 2241 ris
1239 2213 1396 2249 primarius.
1414 2219 1442 2242 et
1456 2213 1582 2242 Caesareo
1604 2214 1756 2250 proximus.
1776 2219 1845 2242 teste
1865 2215 1968 2243 Cedre-

346 2251 431 2282 dirit;
447 2251 510 2278 ch
525 2251 639 2286 quidem,
665 2253 828 2280 honorabiles
843 2253 948 2286 Patres,
962 2255 993 2281 de
1019 2256 1057 2282 his
1073 2262 1132 2290 qua:
1148 2262 1170 2290 ι)
1182 2267 1227 2293 ηε,
1245 2267 1330 2295 quare
1348 2259 1430 2287 etiam
1446 2260 1641 2295 imperatorum
1654 2260 1752 2288 fratres
1771 2260 1875 2295 ﬁliique
1904 2268 1968 2288 eum

349 2297 421 2323 ιιτιω
432 2302 504 2330 sunt,
520 2297 669 2328 audivimus
681 2302 705 2324 et
724 2299 863 2326 credimus.

347 2375 440 2410 §Vlll.
460 2374 497 2412 De
508 2376 597 2412 sancti
622 2373 758 2412 Symeonrs
791 2376 859 2408 Vita,
881 2385 950 2404 nunc
977 2378 1092 2412 primum
1115 2388 1132 2406 a

454 2410 526 2436 nobis
542 2411 569 2437 in
586 2410 672 2437 lucem
691 2411 772 2443 edita,
786 2411 893 2449 ejusque
908 2410 1024 2439 auctore.

380 2478 424 2505 Η.
442 2478 492 2505 Cui
506 2478 657 2513 plurimum
670 2478 738 2509 Acta
747 2483 914 2513 sanctorum,
927 2484 956 2507 et
972 2488 1023 2508 nos
1035 2500 1043 2512 ,
1064 2484 1092 2509 et
1103 2486 1131 2509 tu

348 2524 461 2556 Lector,
483 2524 611 2552 leitum
630 2524 770 2552 studiosus
792 2525 895 2560 gloriae,
913 2526 1065 2560 debemus,
1089 2533 1132 2556 est

347 2570 381 2597 ll.
390 2570 418 2598 P.
428 2570 527 2598 Petrus
536 2570 666 2598 Possinus
675 2570 820 2598 Societatis
829 2576 937 2600 nostrae.
949 2572 1054 2601 Nomen
1065 2581 1130 2609 ego;

346 2619 445 2644 cetera
458 2616 523 2644 libri
541 2617 576 2644 ab
591 2617 650 2652 ipso
662 2617 729 2645 editi
745 2623 775 2645 et
790 2618 920 2653 frequens
935 2619 962 2646 in
987 2619 1063 2648 hisce
1076 2621 1130 2648 Ac-

346 2661 383 2688 tis
399 2662 531 2689 memoria
545 2663 702 2698 loquentur.
721 2663 835 2693 Curavit
864 2663 919 2697 ille,
934 2669 996 2699 post
1022 2671 1130 2693 nostro-

347 2715 406 2734 rum
420 2707 586 2735 Henschenii
602 2712 684 2742 atque
712 2709 892 2743 Papebrochii
910 2709 1062 2738 discessum
1077 2712 1131 2739 Ro-

347 2759 400 2781 ma.
419 2752 537 2780 describi
553 2753 641 2780 Vitam
657 2753 726 2781 hanc
752 2762 786 2781 ex
805 2755 899 2782 codice
914 2754 1010 2783 Graeco
1026 2756 1129 2784 Biblio-

350 2798 435 2824 them
445 2798 637 2831 Valliccllantr,
649 2807 708 2833 qmu
720 2800 996 2835 ostCongrcgationis
1009 2802 1129 2830 Oratorii

350 2844 378 2870 ς,
395 2844 513 2878 Philippi
545 2844 631 2871 Nerii.
650 2845 702 2871 Sed
725 2845 815 2879 ipsum
840 2847 932 2880 potius
946 2847 980 2874 de
997 2847 1040 2875 lllS
1053 2849 1128 2878 andi.

348 2892 446 2916 tuteris
462 2897 534 2917 anno
557 2889 634 2922 1036,
650 2898 686 2917 xu
701 2891 758 2918 Ital.
776 2892 861 2919 Julius
885 2893 969 2920 Ruina
985 2893 1065 2926 datis,
1089 2896 1128 2922 sic

1183 2314 1239 2333 non
1270 2306 1408 2341 dedignati
1438 2309 1514 2338 sunt,
1528 2310 1557 2333 et
1584 2305 1638 2333 hoc
1668 2314 1751 2333 sensu
1770 2306 1887 2341 Symeon
1910 2306 1969 2340 ille,

1181 2352 1264 2388 vulgo
1279 2352 1487 2387 Metaplirastes,
1503 2352 1630 2387 Magister
1639 2359 1748 2387 quoque
1761 2352 1852 2380 dictus
1860 2352 1969 2379 est.Ve-

1182 2405 1245 2424 rum
1258 2406 1312 2425 non
1323 2405 1373 2432 pro
1385 2406 1438 2425 una
1455 2399 1567 2426 civitate
1583 2403 1630 2426 aut
1642 2399 1703 2426 loco
1714 2395 1832 2426 dabatur
1844 2398 1889 2425 hic
1900 2398 1968 2425 titu-

1182 2441 1237 2474 lus,
1251 2442 1367 2477 ideoque
1375 2450 1484 2477 semper
1497 2442 1638 2470 invenitur
1648 2442 1707 2470 sine
1718 2442 1852 2476 ejusmodi
1863 2441 1969 2469 addita-

1183 2492 1286 2519 menta,
1302 2495 1373 2523 ssepe
1386 2488 1469 2515 etiam
1487 2496 1550 2516 cum
1573 2487 1706 2523 epithetis
1720 2487 1904 2523 ιῐερισλέπτου
1919 2491 1968 2515 aut

1183 2533 1363 2568 Περιφανοῦς,
1387 2533 1528 2569 Conspicati
1553 2533 1596 2561 vel
1623 2533 1751 2561 Illustris.
1771 2533 1822 2560 llic
1839 2541 1905 2560 vero
1919 2532 1969 2559 Ni-

1182 2580 1307 2613 cephorus
1320 2586 1449 2614 expresse
1459 2579 1562 2606 dicitur
1576 2579 1702 2614 Magister
1725 2579 1870 2609 Antiochia
1881 2587 1890 2606 :
1900 2579 1967 2606 soli-

1182 2629 1224 2652 tas
1239 2630 1331 2652 autem
1343 2624 1470 2653 civitates
1486 2625 1621 2660 ejusmodi
1636 2624 1792 2660 primarius,
1807 2624 1897 2659 qualis
1909 2625 1967 2651 An-

1182 2670 1283 2698 tiochia
1299 2674 1368 2701 crat.
1383 2679 1485 2706 magno
1510 2670 1649 2705 stipendio
1682 2670 1835 2700 conductos
1864 2670 1969 2697 habere

1181 2717 1306 2752 egregios
1320 2717 1484 2752 eloquentiae
1509 2717 1654 2751 magistros
1686 2716 1729 2744 vel
1753 2724 1786 2743 ex
1813 2716 1967 2751 Augustino

1182 2762 1284 2789 scimus
1315 2762 1447 2797 ejusmodi
1460 2770 1511 2796 spe
1527 2762 1641 2789 Romam
1669 2761 1772 2789 delato.
1789 2761 1883 2789 Talem
1899 2769 1967 2788 vero

1181 2804 1266 2832 fuisse
1279 2806 1452 2839 Nicephorum
1469 2805 1539 2834 hunc
1555 2811 1679 2834 nostrum
1694 2806 1768 2840 quod
1783 2810 1812 2833 ct
1834 2806 1967 2837 Possinus

1182 2851 1298 2882 censuit,
1319 2858 1373 2877 non
1403 2851 1465 2879 ideo
1484 2851 1612 2884 dubites,
1633 2852 1697 2887 quia
1724 2851 1895 2886 Nicephorus
1910 2850 1966 2878 Ca-

1183 2896 1260 2923 listus
1278 2897 1324 2923 lib.
1338 2905 1403 2923 xv.”
1418 2896 1540 2924 llistoria’
1565 2897 1653 2924 vectes.
1668 2905 1728 2933 cap.
1743 2897 1788 2930 Ἡ,
1807 2904 1868 2925 cum
1879 2897 1966 2933 hujus
