2148 3248
171 237 244 272 2985

740 233 1043 265 COMMENTARIUS
1060 232 1246 265 PR/EVIUS.

1737 236 1809 269 2986

171 295 236 323 vita
263 293 401 326 meminit,
418 292 515 321 Latino
548 291 588 320 sic
604 290 723 318 vertitur
743 290 778 318 ab
807 290 959 326 interprete
975 293 996 320 Α
1012 286 1150 325 principio
1176 289 1282 318 aberit:
1298 289 1360 317 istic
1374 290 1524 325 capitulum
1537 290 1598 324 U8,
1620 291 1666 319 hic
1676 299 1810 321 numerus

123 342 125 344 ’
171 340 285 376 Langio.
295 339 373 375 quasi
392 347 444 366 non
459 339 498 365 ita
511 338 584 365 docte
597 341 626 364 ut
641 336 797 372 magnitudo
809 343 899 363 rerum
909 337 962 371 ﬂa-

171 386 272 422 gitabat
291 386 438 420 conscripta
453 385 505 412 sit:
530 383 620 412 utitur
641 383 718 411 enim
752 382 798 410 ille
827 381 962 409 adverbio

172 432 210 468 μὴ
223 433 316 467 ἀξίως,
331 440 384 459 non
397 432 485 470 digne,
503 431 577 467 quod
595 430 678 458 etiam
693 429 882 458 Ciceroniante
906 428 964 456 elo-

170 478 292 515 quentiae
305 483 400 513 posset
417 478 518 513 aptari.
536 477 571 506 ad
601 476 815 512 exprimendum
836 475 960 510 singula-

169 532 226 552 rem
239 524 444 558 excellentiam,
469 524 546 552 omni
564 524 687 552 humano
716 520 850 550 sermone
872 521 962 549 subli-

168 570 415 606 mioremzalioqui
433 570 537 599 fatetur
557 570 730 606 Nicephorus
755 567 840 604 quod,
864 576 924 595 cum
933 567 962 595 in

168 617 238 644 hanc
249 616 332 643 vitam
350 616 453 650 incidit,
469 616 602 651 obstupuit
614 615 828 651 magnitudinem
844 622 876 641 ac
889 613 960 641 mul-

168 663 306 690 titudinem
323 663 448 690 eximiam
461 670 572 698 operum
582 670 598 689 a
615 666 708 689 sancto
720 664 891 697 patratorum
903 668 912 687 :
928 667 961 688 ea

167 713 271 740 autem.
285 707 388 744 inquit,
404 716 486 744 usque
501 707 577 735 Itodt'e
591 706 760 734 celebrantur
774 706 893 734 omnium
907 706 960 732 lin-

167 753 235 790 guis,
251 755 382 789 descripta
395 754 448 781 ὑπὸ
463 753 588 789 Συμεῶνι
607 753 764 789 (Νικηφὸρῳ
783 752 873 780 voluit
888 751 958 780 scri-

166 800 243 833 bere,
259 804 308 828 aut
320 800 403 828 etiam
415 800 539 836 scripsit,
555 799 605 828 sed
623 799 730 827 sciolus
742 798 845 834 aliquis
857 805 960 825 nomen

167 845 286 883 mutavit
299 845 511 881 Metaphrastem
539 844 656 881 intelligi
684 844 791 880 volens)
807 843 960 878 Μαγίστρῳ

167 892 206 928 τῷ
232 891 366 928 οὺρανῷ²
387 891 462 927 quod
487 891 648 920 abhreviate
669 891 815 926 scriptum,
837 897 871 917 ex
883 896 960 917 more

165 937 268 966 Graecis
295 938 499 970 usitatissimo,
526 945 577 973 pro
606 937 732 973 οὐρανῷ,
760 944 816 964 non
844 935 959 971 capiens

166 983 287 1020 Laugius
303 982 497 1020 praetermisit;
510 984 617 1011 clarum
631 988 724 1010 autem
749 982 780 1010 lit
804 990 838 1011 ex
860 981 958 1017 eodem

164 1031 328 1067 cognomine
338 1036 404 1058 ante
421 1030 512 1059 Vitam
527 1031 633 1066 integre
657 1037 798 1065 expresso.

199 1077 300 1105 t5.Ab
322 1076 378 1104 alio
402 1084 513 1112 quoque
541 1084 653 1112 quama
680 1075 839 1111 Nicephoro
867 1073 957 1102 Vitam

163 1119 302 1156 Symeonis
327 1120 410 1156 hujus
436 1120 541 1148 litteris
570 1120 730 1148 mandatam
749 1124 778 1148 et
801 1119 958 1156 posteritati

164 1166 354 1194 transmissam
369 1173 442 1198 esse,
459 1173 494 1193 ex
513 1166 691 1202 paragrapho
713 1165 859 1201 superiore
877 1165 956 1194 colli-

164 1212 271 1247 gimus:
291 1211 369 1247 cujus
391 1213 736 1247 auctorem,quamvisnon
744 1208 958 1240 nominetconci-

163 1257 243 1289 lium,
254 1264 288 1285 ex
306 1257 476 1286 Damasceno
499 1257 646 1285 Arcadium
668 1255 749 1292 Cypri
781 1255 957 1290 archiepisco-

164 1312 227 1340 pum
237 1304 424 1340 agnoscimus,
442 1303 531 1332 nihilo
543 1303 682 1331 notiorem
694 1303 840 1339 Nicephoro
848 1305 955 1334 nostro,

163 1350 217 1378 nisi
233 1350 316 1377 etiam
332 1349 524 1378 ohscuriorem
543 1349 630 1382 velis;
651 1352 747 1384 utpote
778 1348 826 1383 qui
842 1355 878 1375 ne
907 1355 957 1383 per

163 1393 264 1431 scripta
294 1397 428 1432 quidem,
457 1405 519 1432 quae
546 1395 761 1427 interciderunt,
793 1395 954 1423 innotescit.

163 1441 268 1478 Colligo
283 1443 379 1475 etiam,
403 1442 617 1478 prolixissimam
645 1441 730 1469 fuisse
755 1440 846 1469 Vitam
866 1440 953 1473 illam,

164 1496 196 1516 ac
226 1493 328 1516 nostra
352 1496 409 1516 non
434 1488 514 1516 valde
539 1488 672 1524 imparem
697 1486 892 1523 longitudine;
918 1486 956 1514 ita

164 1534 319 1570 Capitulum
336 1534 399 1567 H8,
414 1534 452 1562 ita
467 1534 627 1562 liraculum
643 1532 705 1565 152,
724 1540 809 1568 supra
841 1532 955 1560 recitata

164 1579 307 1612 obtinent;
332 1579 419 1607 multa
444 1579 518 1606 enim
546 1570 738 1614 praecessisse]
753 1581 874 1613 oportet.
897 1577 956 1604 lmo

165 1625 272 1653 nullum
288 1625 413 1658 dubium,
445 1625 513 1660 quin
545 1625 632 1652 altera
647 1631 681 1652 ex
708 1623 795 1652 altera
816 1622 956 1657 descripta

165 1672 202 1700 sit
218 1672 297 1705 Vits;
312 1676 340 1699 et
352 1675 448 1704 nostra
463 1671 556 1706 potius
570 1678 605 1698 ex
631 1669 677 1697 illa
704 1668 828 1701 Arcadii,
853 1667 958 1697 additis

164 1719 292 1754 pauculis
323 1718 366 1746 vel
398 1716 662 1749 exclamationibus,
691 1715 734 1743 vel
764 1713 954 1750 apostropbis,

165 1766 276 1798 aliisve,
289 1769 319 1792 ut
334 1764 372 1792 rei
386 1764 524 1800 exigenti:
538 1767 566 1791 et
581 1764 671 1799 pietas
684 1763 808 1790 auctoris
822 1761 957 1789 tulerunt.

164 1815 233 1843 Nam
248 1813 402 1842 conlerenti
427 1812 580 1848 superioris
595 1810 760 1847 paragrapbi
790 1808 956 1838 miraculum

165 1860 286 1896 primum
303 1866 366 1887 cum
379 1865 497 1886 numero
513 1857 566 1885 £23
581 1856 661 1888 Vitas,
678 1860 706 1884 et
726 1855 880 1884 secundum
893 1862 957 1882 cum

166 1913 242 1934 num.
265 1905 328 1937 i'lt,
351 1907 477 1939 apparet,
493 1901 722 1933 fundamentalia,
740 1900 884 1932 notabilia,
901 1899 957 1928 cir-

165 1949 348 1977 cumstantias
359 1949 455 1980 etiam,
472 1947 619 1983 utrobique
632 1947 729 1974 eadem
744 1953 817 1974 esse.
833 1945 863 1974 in
877 1945 956 1981 prio-

165 1995 253 2027 ribus,
268 1993 456 2022 locusRhosus
465 2001 512 2021 seu
526 1990 678 2028 Rhosopolt's
695 1991 795 2020 Ciliciae
810 1991 893 2024 urbs;
913 1998 961 2019 no-

168 2047 231 2067 men
248 2039 374 2067 mulieris
388 2039 534 2067 Theotecna
544 2058 552 2071 ,
569 2043 679 2074 tempus
689 2037 811 2074 coniugii
837 2038 904 2065 anni
918 2038 959 2065 oi-

165 2087 232 2122 ginti
239 2096 249 2120 ,'
262 2086 371 2123 repudii
382 2087 447 2114 anni
455 2091 587 2122 quatuor;
600 2085 791 2113 haemorrbma:
801 2085 867 2112 anni
881 2085 959 2120 quin"

141 2170 146 2172 _
166 2134 263 2166 decim;
276 2140 359 2161 causa
375 2132 495 2161 adeundi
517 2136 662 2164 sanctum;
682 2131 792 2159 aversio
807 2130 958 2164 damonis;

166 2178 288 2214 querela:
303 2178 451 2214 ejusdem;
473 2178 593 2213 raptatio
629 2177 735 2205 circum
771 2177 931 2205 columnam
950 2185 957 2203 :

167 2225 303 2261 promissa
324 2225 436 2253 mulieri
447 2226 530 2252 data:
546 2228 709 2260 conceptus,
728 2229 821 2258 natus,
851 2224 960 2251 oblatus

168 2272 257 2305 illius;
277 2271 428 2308 gratitude,
439 2275 532 2300 erecta
550 2271 644 2302 icone;
670 2270 830 2298 sanationes
846 2272 896 2305 per
925 2270 960 2297 il-

1016 337 1077 365 123.
1090 337 1131 364 En
1145 336 1309 374 quantulum
1322 336 1472 365 discrimen
1484 337 1491 364 !
1505 337 1631 366 Alterum
1645 339 1810 368 miraculum

1015 382 1098 418 paulo
1110 383 1221 419 ldngius
1231 382 1339 411 recedit
1362 383 1390 410 in
1404 387 1499 411 nostra
1516 383 1589 417 Vita,
1611 392 1694 419 quam
1720 385 1809 414 Aru-

1015 429 1098 456 diana
1111 437 1119 462 ;
1133 428 1182 457 sed
1197 429 1351 457 notandum
1366 436 1499 457 numeros
1513 429 1541 457 in
1556 430 1618 458 vita
1625 435 1720 460 nostra
1734 431 1808 460 circa

1014 475 1137 503 medium
1150 474 1353 504 contractiores
1362 483 1435 509 esse,
1456 483 1539 511 quam
1559 484 1659 504 versus
1677 477 1808 506 initium:

1013 522 1139 558 adeoque
1149 523 1336 552 convenirent
1368 523 1483 560 propius
1513 524 1636 557 numeri,
1661 514 1746 552 etiam
1763 526 1810 554 hic

1013 568 1114 601 nostri,
1131 575 1195 596 cum
1220 576 1340 596 numero
1363 568 1445 607 istius
1467 568 1605 602 miraculi,
1620 569 1642 597 si
1657 571 1811 605 aequalite-

1013 620 1082 641 nore
1094 621 1127 641 ac
1141 613 1230 649 spatio
1242 618 1353 642 nostros
1366 613 1467 649 ubique
1492 613 1700 643 incidissemus.

1047 659 1093 686 ιι.
1105 659 1160 696 Sed
1177 659 1325 688 redeamus
1339 659 1373 687 ad
1388 659 1564 688 collationem
1574 661 1714 695 miraculi,
1729 667 1759 690 et
1772 663 1811 690 vl-

1012 704 1128 733 deamus
1141 713 1203 741 qua;
1218 705 1306 734 videri
1319 706 1426 741 possint
1441 706 1469 734 in
1485 706 1548 735 Vita
1560 711 1656 735 nostra
1674 710 1809 744 superad-

1011 750 1080 784 dita,
1095 751 1138 778 vrl
1153 751 1263 779 deceris
1274 752 1318 779 vel
1331 751 1468 780 claritatis
1482 760 1575 780 causa.
1593 752 1665 781 Sunt
1684 754 1730 788 illa
1743 763 1814 790 perv

1011 802 1169 833 opportuna
1196 802 1293 826 etere
1319 803 1394 826 nata.
1410 799 1463 828 Ubi
1493 799 1529 827 de
1555 799 1682 828 daemone
1705 802 1807 837 agitur.

1012 843 1155 872 interserit
1171 853 1178 871 :
1197 844 1428 878 Quemadmodum
1443 838 1528 874 isthoc
1543 848 1629 875 scelus
1643 855 1696 875 non
1720 848 1809 885 loqui-

1011 894 1055 917 tur
1081 891 1133 918 nisi
1158 891 1269 919 scelera.
1290 893 1396 921 Deinde
1417 898 1532 929 accepta
1558 894 1694 923 beneﬁcia
1722 897 1808 924 simul

1009 942 1156 964 enumerat
1167 941 1196 965 et
1207 938 1286 966 velut
1301 939 1464 974 parenthesi
1479 939 1599 968 includit
1613 940 1715 977 (Neque
1737 943 1808 970 enim

1011 992 1027 1010 a
1035 988 1168 1012 coctaneo
1175 983 1225 1011 sibi
1234 984 1353 1012 damone
1361 985 1498 1018 immunis,
1511 985 1557 1013 sed
1568 991 1593 1014 et
1604 988 1701 1015 marito
1709 988 1809 1023 integre

1009 1035 1117 1061 sanata.
1137 1031 1260 1058 restituta
1287 1031 1409 1066 fuit:ad
1434 1032 1489 1062 hac
1513 1040 1579 1068 puer
1596 1040 1700 1068 quoque
1715 1041 1747 1061 es:
1763 1028 1805 1065 ea.

1009 1076 1080 1111 quod
1102 1084 1241 1111 nunquam
1258 1081 1331 1113 ante,
1344 1082 1489 1113 prognatus
1505 1078 1565 1113 est).
1581 1077 1708 1114 Denique
1723 1079 1806 1108 istam

1009 1120 1038 1147 in
1068 1121 1122 1148 line
1153 1121 1362 1149 conclusionem
1391 1122 1509 1158 adjicit:
1527 1122 1570 1151 Ita
1582 1124 1633 1151 uiri
1653 1125 1741 1152 sancti
1764 1125 1806 1152 uel

1008 1167 1095 1194 tenuis
1109 1166 1137 1193 in
1150 1167 1266 1203 imagine
1276 1168 1530 1204 aspectus,.signum
1544 1169 1642 1203 crucis,
1657 1171 1744 1207 uirga,
1754 1172 1807 1207 for-

1008 1220 1063 1245 ma,
1079 1212 1197 1245 uerbum,
1213 1213 1360 1246 invocatio,
1377 1218 1403 1241 et
1420 1214 1443 1242 si
1454 1215 1518 1251 quid
1538 1215 1615 1243 aliud
1634 1225 1723 1244 rerum
1734 1217 1806 1244 illius

1008 1262 1084 1290 esset.
1097 1259 1243 1294 sufﬁciebat
1256 1259 1361 1287 cuilibet
1372 1261 1523 1288 morborum
1537 1262 1628 1298 generi
1641 1262 1804 1297 depellenda.

1043 1305 1089 1337 ιε.
1109 1305 1173 1344 Hate
1189 1305 1224 1333 de
1237 1305 1391 1341 prioribus.
1411 1305 1538 1334 Otiosum
1556 1307 1628 1335 foret
1650 1308 1806 1342 posteriora

1007 1350 1090 1378 simili
1113 1350 1196 1378 modo
1217 1350 1346 1379 conferre
1367 1360 1375 1378 ε
1392 1351 1517 1380 conferat
1532 1352 1577 1380 cui
1603 1353 1681 1380 lubet
1698 1362 1705 1380 :
1728 1361 1804 1389 repeo

1007 1395 1061 1423 riet
1093 1395 1191 1435 eadem
1214 1396 1377 1432 utrobique.
1393 1397 1495 1425 Refero
1519 1397 1654 1425 duntaxat
1675 1399 1723 1426 illa
1744 1407 1804 1434 qua

1007 1441 1116 1478 adjecta
1131 1442 1275 1470 videntur.
1288 1443 1414 1471 Primum
1426 1448 1527 1472 erecte
1541 1444 1615 1471 iconi
1629 1451 1709 1472 suum
1728 1444 1807 1472 addit

1006 1492 1147 1521 ornatum,
1159 1496 1224 1517 cum
1249 1489 1324 1517 illam
1342 1489 1480 1518 describit
1493 1498 1500 1517 :
1512 1491 1678 1518 Peruenuste
1691 1499 1744 1519 non
1759 1499 1804 1518 so-

1006 1534 1062 1561 lum
1072 1533 1214 1568 coloribus,
1225 1535 1272 1562 sed
1288 1535 1371 1562 etiam
1389 1535 1489 1562 amictu
1505 1539 1530 1563 et
1547 1537 1705 1571 tegumentis
1727 1545 1804 1564 orna-

1007 1584 1073 1607 tam.
1095 1580 1182 1608 Paulo
1208 1585 1271 1616 post
1295 1582 1524 1610 exclamationem
1538 1582 1611 1610 hanc
1636 1583 1778 1614 interserit
1797 1593 1804 1610 :

1012 1621 1036 1650 ο
1051 1622 1133 1656 Deus,
1153 1626 1254 1657 quanta
1271 1623 1358 1651 hostes
1373 1622 1500 1652 adversus
1516 1623 1645 1652 Sanctum
1660 1627 1733 1650 tuum
1747 1631 1804 1650 ma-

1014 1669 1117 1697 ehs'natt’
1132 1669 1210 1697 sunt!
1228 1669 1289 1697 Mox
1306 1677 1369 1697 eum
1385 1669 1546 1698 extenderet
1564 1677 1637 1698 unus
1654 1669 1681 1697 in
1694 1669 1803 1697 iconem

1013 1721 1137 1747 manum,
1151 1713 1313 1742 deturbatus
1328 1714 1432 1742 dicitur
1442 1718 1562 1743 venusta
1571 1715 1622 1743 hac
1638 1719 1666 1743 et
1678 1715 1722 1750 pia
1738 1721 1803 1750 apo-

1013 1760 1127 1796 stropha
1142 1768 1149 1786 :
1164 1760 1290 1788 Manibus
1303 1761 1371 1793 illis,
1381 1765 1502 1796 quarta.
1517 1760 1630 1794 Christe,
1650 1769 1730 1795 super
1742 1761 1805 1788 illo-

1014 1815 1074 1834 rum
1088 1804 1240 1841 superbiant
1251 1806 1382 1840 extulisti,
1403 1806 1598 1842 deﬁcientibus.
1614 1806 1727 1835 Demum
1740 1814 1803 1833 cum

1014 1854 1112 1882 tertius
1123 1860 1234 1890 quoque
1248 1853 1372 1888 deiectus
1384 1859 1467 1886 esset.
1482 1854 1562 1889 quasi
1583 1853 1805 1888 epiphonematis

1013 1899 1076 1927 loco
1099 1899 1201 1928 dicitur
1221 1909 1228 1927 :
1245 1899 1332 1927 Nullo
1352 1899 1485 1935 prioribus
1503 1899 1602 1935 majori
1621 1899 1738 1926 ludibrio
1761 1898 1805 1926 di-

1013 1956 1080 1982 gnus
1090 1968 1098 1980 ,
1114 1947 1183 1983 quod
1199 1947 1307 1976 illorum
1322 1948 1441 1983 esentplo
1458 1947 1541 1975 nihilo
1559 1947 1690 1983 sapuisset
1706 1947 1803 1983 magis.

1009 1995 1082 2030 Quid
1094 1995 1154 2025 haec
1161 1994 1215 2022 nisi
1226 1994 1418 2030 parentheses,
1428 1993 1645 2022 exclamationes
1654 2014 1663 2027 ,
1680 1999 1805 2031 apostro-

1010 2043 1083 2078 pha,
1097 2041 1367 2077 epiphonemata,cx
1381 2039 1464 2067 rebus
1479 2039 1550 2067 nihil
1562 2040 1718 2069 immutatis
1730 2045 1806 2073 nata,

1011 2094 1039 2117 et
1054 2087 1195 2124 emphasis
1209 2087 1297 2123 gratia
1310 2091 1427 2114 venuste
1439 2085 1566 2122 adjecta?

1049 2135 1095 2164 46.
1108 2135 1185 2163 Ordo
1200 2139 1294 2162 autem
1308 2138 1384 2163 totus
1403 2134 1432 2161 in
1452 2134 1506 2161 hac
1524 2133 1642 2161 historia
1657 2137 1700 2160 est
1713 2132 1806 2160 admo-

1012 2182 1079 2209 dum
1096 2181 1242 2214 naturalis,
1261 2181 1400 2216 incipiens
1417 2187 1433 2208 a
1445 2180 1609 2213 nativitate,
1625 2179 1808 2215 progrediens

1012 2235 1076 2255 cum
1093 2227 1185 2260 annis,
1201 2226 1334 2254 desinens
1358 2225 1387 2253 in
1403 2230 1492 2254 morte
1506 2234 1513 2253 :
1525 2225 1580 2253 imo
1593 2232 1649 2252 non
1667 2231 1738 2251 vana
1751 2224 1807 2252 erit

1011 2272 1186 2309 suspicio,si
1215 2272 1349 2300 miracula
1376 2272 1510 2307 pleraque
1531 2271 1633 2298 ordine
1656 2269 1806 2306 temporis.

168 2318 222 2346 lam
236 2318 328 2346 factas.
347 2317 414 2353 quid
428 2317 528 2353 plura?
545 2317 643 2345 eadem
661 2316 811 2352 utrobique
824 2320 958 2344 notantur
976 2320 996 2347 D
1011 2324 1067 2353 quo
1083 2318 1155 2346 facta
1178 2322 1253 2349 sunt.
1269 2321 1406 2353 putentur
1428 2317 1549 2352 primum
1563 2315 1705 2351 descripta
1719 2323 1783 2344 esse
1798 2323 1805 2343 :

168 2364 270 2392 omnia.
283 2364 343 2392 Non
355 2368 508 2400 potuerunt
517 2371 584 2400 ergo
598 2371 656 2391 non
675 2363 719 2391 vel
733 2363 819 2391 altera
836 2371 871 2390 ex
885 2363 955 2390 alte-

167 2410 217 2442 ris,
232 2410 276 2438 vel
291 2414 409 2445 utraque
422 2417 456 2437 ex
476 2409 575 2437 iisdem
593 2409 792 2436 ’monumentls
819 2408 958 2444 descripta

167 2456 265 2484 videri.
282 2456 342 2490 Qua
365 2456 575 2484 conﬁrmaberis
588 2455 616 2483 in
641 2455 791 2488 sententia,
819 2456 841 2483 si
867 2456 961 2483 conci-

168 2503 238 2538 pias,
263 2503 347 2530 vitam
377 2502 453 2529 illam
480 2509 531 2538 per
548 2501 680 2537 capitula,
708 2501 833 2528 numeris
857 2502 961 2529 nostris

167 2548 226 2577 Iern
238 2549 323 2585 paria,
337 2548 497 2576 distinctam
513 2547 614 2581 fuisse;
638 2548 679 2575 sic
692 2548 767 2576 enim
786 2548 860 2575 istud
877 2548 960 2575 mira-

167 2594 261 2623 culum
276 2594 480 2631 propemodum
507 2593 566 2629 pari
595 2593 742 2622 intervallo
768 2594 917 2629 utrobique
943 2601 958 2621 a

327 3005 464 3036 PATROL.
477 3006 534 3037 Gtt.
560 3005 736 3037 LXXXVI.

1012 2363 1040 2392 id
1054 2364 1129 2392 enim
1144 2363 1215 2391 ordo
1227 2363 1315 2391 astatis
1326 2367 1355 2390 et
1367 2362 1409 2390 hae
1420 2362 1574 2398 particulze,
1589 2366 1690 2397 postea,
1703 2361 1806 2394 deinde,

1012 2415 1070 2446 post
1082 2410 1147 2442 hac,
1163 2410 1216 2437 illis
1229 2410 1354 2446 peractis,
1365 2416 1398 2437 ac
1408 2409 1523 2442 similes,
1539 2409 1567 2436 in
1576 2408 1716 2444 principio
1724 2408 1808 2436 mira-

1014 2456 1142 2484 culorum
1171 2455 1323 2483 identidem
1348 2454 1494 2490 repetitas,
1518 2454 1651 2482 videntur
1677 2453 1805 2482 innucre.

1016 2501 1095 2530 Hunc
1109 2509 1193 2537 porro
1206 2506 1260 2529 tam
1275 2503 1421 2538 copiosum
1433 2501 1536 2529 fontem
1553 2500 1722 2529 habentibus
1736 2500 1806 2528 nihil

1015 2556 1087 2584 opus
1102 2554 1144 2576 est
1161 2549 1268 2577 rivulos
1291 2547 1506 2585 Synaxariorum
1525 2547 1639 2580 sectari,
1652 2547 1681 2574 in
1703 2546 1807 2583 quibus

1013 2594 1135 2631 elogium
1148 2594 1215 2623 alibi
1228 2594 1354 2627 brevius,
1368 2593 1435 2622 alibi
1451 2593 1590 2630 prolixius
1604 2594 1716 2630 legitur.

1549 3007 1588 3037 9's
