2148 3246
359 214 430 247 2383

993 211 1023 240 3.
1044 208 1191 240 SYMEON
1210 206 1360 239 JUNlOR.

1911 205 1982 237 233i

395 269 439 296 40.
453 268 566 302 Contigit
580 269 668 293 autem
681 265 735 292 illis
748 265 883 294 tlielms,ut
899 264 937 290 vir
952 263 1058 297 quidam
1073 270 1143 289 mer-
1161 262 1181 292 λ
1197 261 1381 288 scribentem:
1396 259 1472 291 Quod
1486 259 1517 285 de
1528 259 1614 286 (odire
1626 259 1734 294 qua‘ris.
1747 265 1778 283 ea:
1788 259 1981 302 quodest-rip”

360 317 435 340 cator
450 312 561 339 ciuitatis
576 311 719 338 Antiochia!
734 310 809 344 grati
831 308 950 334 molestia
969 307 1001 334 ab
1028 307 1145 342 improbo

360 359 478 386 da'mone
496 356 656 391 aﬂligcrctur
670 355 765 389 diuque
776 359 929 388 angeretur,
943 352 1010 378 adeo
1024 355 1052 377 ut
1066 352 1144 386 stt/fo-

358 407 474 433 caretur,
491 399 635 428 interclusa
654 398 777 434 spirandi
789 397 925 432 facultate.
948 397 995 424 llic
1011 397 1142 432 profectus

358 445 393 472 ad
407 444 546 474 Sanctum,
565 448 589 470 et
613 443 669 477 ejus
684 442 801 477 precibus
816 441 959 468 sanitatem
980 442 1017 467 sic
1039 449 1143 467 assecu-

360 495 412 521 tus.
428 494 457 516 ut
470 490 493 516 si
511 489 576 516 nihil
590 496 707 522 unquam
722 495 858 522 perpessus
869 491 953 519 esset,
969 495 1027 512 cum
1038 487 1064 512 in
1078 494 1141 520 pro-

357 536 443 570 priam
465 535 570 560 domum
596 533 722 564 rediisset,
734 537 762 558 ut
779 533 848 567 grati
869 532 952 559 animi
968 531 1142 566 signiﬁcatio-

357 589 416 607 nem
439 580 525 611 daret.
543 580 569 606 in
603 578 657 605 loco
681 570 794 605 civitatis
817 577 918 612 publica
935 582 1015 612 atque
1029 576 1139 609 illustri,

355 633 436 659 supra
451 625 518 659 fores
535 625 641 659 o/ficime
651 631 715 655 suae,
723 623 863 658 imaginem
876 623 978 649 statuit.
993 622 1068 651 llam:
1079 622 1141 656 inﬁ-

355 669 453 696 delium
466 669 572 704 quidam
588 669 733 703 conspicati
748 667 889 695 luminibus
906 672 929 694 et
947 668 1010 695 relis
1030 666 1141 694 decora-

355 721 422 746 tnm.
435 715 490 742 selo
501 715 584 749 pleni,
599 715 640 741 sui
652 713 749 740 similes
760 714 876 740 homines
885 710 1067 747 incompositos
1077 721 1141 739 con-

354 760 480 790 citarunt,
496 764 525 785 ut
544 758 682 787 multitudo
698 759 845 785 conueniret
869 758 1025 792 confusaque
1048 758 1141 792 uocife-

356 810 463 832 raretur
479 813 488 831 :
502 804 623 831 Tollatur
634 812 647 830 e
659 804 723 836 uita,
739 805 783 839 qui
794 805 841 830 hoc
855 804 923 838 (coit,
939 808 963 830 et
973 805 1060 838 imago
1073 803 1140 838 deji-

353 851 450 876 ciatur.
467 849 562 876 Divina
579 854 666 876 autem
682 849 844 884 providentia
858 849 957 883 factum
971 853 1020 880 est,
1033 853 1061 875 ut
1083 853 1139 875 tum

354 895 425 921 domi
434 903 489 921 sui:
502 903 553 922 non
565 887 887 932 inocuireturﬁupiebant
901 895 970 920 enim
983 902 1041 920 eum
1054 894 1138 921 inter-

355 938 452 973 ﬁcere;
468 947 528 965 eum
548 938 616 965 alius
636 930 710 966 aliud
733 938 880 964 clamaret:
896 945 958 963 nam
978 945 1068 963 eorum
1091 944 1138 963 ne-
1153 930 1176 960 Β

353 985 436 1017 quitia
451 983 534 1011 multa
559 987 583 1010 et
600 991 697 1018 magna
719 983 820 1019 erat‘in
834 985 970 1017 conspectu
983 981 1031 1008 Dei
1051 981 1137 1013 ualde,

353 1035 378 1056 et
392 1030 520 1056 immensa
535 1029 646 1060 invidia,
659 1037 711 1063 qua
726 1028 829 1063 quidem
841 1027 948 1062 impulsi
964 1035 994 1054 eo
1011 1034 1138 1053 conuene-

353 1079 426 1106 runt,
439 1075 617 1100 existimantes
640 1081 668 1100 se
695 1077 785 1099 nactos
801 1080 855 1099 esse
879 1072 1052 1103 occasionem,
1085 1079 1138 1106 qua

351 1124 474 1147 sanctum
500 1119 630 1146 hominem
654 1119 832 1153 opprimerent
858 1122 883 1144 ct
913 1118 1043 1152 ofﬁcerent
1061 1118 1138 1152 igno-

352 1165 446 1196 minia,
464 1165 534 1199 quod
559 1171 628 1199 stupe
653 1164 811 1199 impietatem
826 1167 851 1190 et
880 1171 994 1190 errorem
1016 1162 1134 1195 illorum,

352 1210 465 1244 quicum
477 1209 539 1244 ipsis
553 1209 585 1235 de
597 1208 721 1243 religione
736 1208 806 1234 male
824 1209 969 1240 sentirent,
986 1207 1137 1242 redarguit-

350 1257 399 1280 set.
417 1252 482 1280 Cum
497 1254 576 1288 igitur
593 1256 697 1279 tantam
714 1252 847 1279 insaniam
871 1252 987 1278 cohibere
1004 1259 1055 1278 non
1076 1259 1137 1286 pos-

352 1303 421 1329 sent,
438 1298 542 1325 cuidam
559 1297 673 1324 militum
701 1297 874 1330 mandarunt,
903 1301 930 1323 ut
955 1297 1053 1332 gradus
1077 1305 1137 1323 con-

351 1344 484 1370 scenderet
499 1347 523 1370 et
549 1343 691 1378 imaginem
708 1343 868 1370 deturbaret.
890 1343 940 1375 Qui
964 1351 1022 1369 cum
1042 1351 1135 1369 ascen-

350 1390 429 1415 disset
439 1393 464 1415 et
484 1397 577 1416 manus
593 1388 752 1417 extenderet.
766 1392 795 1414 ut
803 1385 879 1423 iussa
893 1388 1136 1423 perﬁceret.statim

351 1434 458 1462 eallisus
475 1439 524 1465 ρει,
540 1441 553 1460 e
567 1433 701 1467 superiore
727 1432 782 1459 loco
815 1432 937 1467 delapsus
966 1434 1087 1460 deorsum
1108 1434 1135 1460 in

351 1484 451 1506 terram
463 1488 472 1506 :
488 1485 511 1506 et
529 1486 640 1514 magnus
663 1477 791 1505 tumultus
808 1479 836 1504 in
853 1479 931 1506 turba
944 1483 982 1505 est
997 1481 1134 1506 excitatus.

356 1523 570 1558 ln/lammatique
596 1527 769 1558 perrexerunt
791 1522 904 1549 alterum
923 1523 1045 1550 adhibere
1058 1545 1066 1557 ,
1090 1524 1135 1558 qui

357 1579 437 1600 manu
453 1576 572 1606 protenta
588 1579 647 1599 cum
662 1571 799 1601 detrahere
815 1572 956 1610 i'maginem
970 1575 1024 1609 ipse
1034 1583 1136 1610 quoque

343 1618 504 1652 'eonarctur,
518 1620 591 1647 humi
606 1621 707 1656 pariter
722 1621 821 1655 afficias
836 1626 883 1648 est.
900 1621 956 1654 Quo
974 1622 1078 1656 quidem
1096 1621 1136 1655 fa-

352 1668 404 1696 cto,
420 1669 488 1691 metu
515 1673 603 1692 omnes
618 1666 763 1700 perterriti,
779 1667 863 1693 crucis
884 1667 988 1701 signum
1008 1667 1057 1693 sibi
1084 1667 1134 1701 ipsi

351 1713 483 1744 ceperunt
510 1710 657 1737 admovere.
672 1710 766 1738 Verum
785 1720 843 1738 cum
862 1712 946 1738 adhuc
959 1712 1077 1746 inﬁdeles
1096 1712 1136 1739 illi

348 1754 507 1786 insanirent,
523 1755 629 1781 tertium
639 1755 729 1782 eodem
745 1756 880 1791 impellere
891 1764 942 1783 non
956 1757 1109 1784 destiterunt
1126 1765 1134 1784 :

352 1800 396 1833 qui
412 1807 470 1826 eum
488 1808 597 1827 manum
612 1802 780 1833 attendisset,
795 1806 824 1828 ut
841 1802 981 1837 imaginem
993 1802 1115 1837 dejicere!
1126 1822 1133 1834 ,

351 1844 406 1879 ipse
418 1852 524 1879 quoque
544 1844 665 1871 similiter
688 1846 848 1880 confractus,
863 1847 890 1872 in
913 1850 1011 1873 terram
1028 1847 1132 1874 decidit.

350 1889 419 1916 Tunc
428 1889 518 1923 ﬁdeles
535 1899 634 1921 omnes,
649 1891 694 1925 qui
709 1892 924 1923 circumstabant,
936 1900 1048 1926 magnus
1060 1892 1135 1918 inva-

349 1935 383 1961 sit
399 1935 488 1966 timor,
506 1939 530 1961 et
559 1935 705 1968 inﬁdelium
728 1936 871 1963 cacitutem
898 1941 976 1971 atque
995 1937 1134 1964 audac.am

349 1980 485 2012 admirati,
493 1981 635 2015 imaginem
649 1982 790 2008 adorantes
805 1989 864 2008 cum
880 1982 1071 2016 precationibus
1081 1983 1134 2009 dis-

348 2029 493 2052 cesserunt.
521 2025 658 2054 Hactenus
679 2027 875 2055 Damascenus.
889 2027 1018 2055 Recitatis
1027 2028 1101 2056 hisce
1118 2036 1134 2055 a

348 2070 445 2101 Cosma
461 2071 578 2098 diacono
594 2079 684 2099 coram
701 2072 828 2100 Patribus
843 2073 952 2100 concilii
975 2073 1133 2106 miraculis,

349 2116 408 2143 lucc
437 2117 530 2143 statim
556 2117 761 2152 subjiciuntur,
779 2118 960 2152 i|lorum,uti
992 2124 1019 2146 et
1048 2120 1133 2147 totius

348 2161 416 2189 Vita:
432 2167 542 2193 nostrae,
557 2162 636 2189 fidem
652 2167 679 2189 et
691 2164 882 2191 auctoritatem
894 2165 1022 2200 augentia
1040 2174 1047 2192 :
1063 2165 1133 2193 Con-

345 2208 480 2235 stantinus
509 2209 689 2235 sanctissimus
716 2209 848 2244 episcopus
870 2209 1030 2238 Constantia
1053 2211 1132 2246 Cypri

1197 310 1269 336 sunt,
1283 310 1340 332 erat
1358 305 1380 332 is
1394 304 1498 339 quidem
1513 305 1539 330 in
1564 302 1725 330 Bibliothera
1736 298 1911 331 'Vallicettana
1927 313 1984 331 mu-

1197 351 1258 377 tilus
1284 354 1308 376 et
1338 349 1472 382 ἀκέφαλος
1486 357 1493 364 ·
1512 349 1558 376 sed
1575 348 1732 375 Laurentius
1758 348 1863 375 Portius
1879 349 1932 383 (est
1960 350 1984 376 is

1196 396 1333 430 Symonis,
1348 395 1394 429 qui
1409 387 1603 421 Dictionarium
1631 393 1767 425 Latinum,
1781 393 1982 422 Greco—barba-

1196 450 1255 468 rum
1281 445 1304 467 et
1328 440 1442 467 litterate
1467 440 1582 467 Parisiis
1608 439 1687 471 1635,
1703 439 1810 471 edidit,
1826 439 1911 466 frater
1926 447 1934 470 ;
1952 442 1981 466 et

1195 494 1272 514 suam
1299 485 1379 512 nobis
1394 492 1506 520 operam
1527 484 1554 511 in
1571 484 1763 511 describendis
1789 483 1864 511 Actis
1879 483 1981 511 Gmcis

1194 531 1284 569 pretio
1299 530 1440 559 moderato
1457 529 1568 562 locavit,
1585 529 1664 556 istius
1677 529 1818 556 idiomatis
1831 528 1980 556 admodum

1193 577 1327 611 peritus),
1344 575 1389 602 sed
1404 575 1574 606 Laurentius,
1589 574 1689 609 inquit,
1705 575 1811 602 Portius
1822 575 1866 608 qui
1880 574 1979 602 deseri-

1193 622 1243 655 psit
1253 628 1284 647 es:
1297 619 1350 646 alio
1363 619 1507 654 exemplari
1521 619 1616 645 ibidem
1633 624 1745 654 reperto,
1756 627 1837 645 manu
1853 618 1912 645 licet
1928 627 1978 645 art--

1194 666 1341 700 tiquissima
1353 670 1377 691 et
1384 665 1445 700 jam
1462 664 1620 691 exolescente
1633 665 1765 700 scriptura
1784 669 1904 695 exarata,
1916 672 1980 698 sup-

1192 712 1270 748 plet-it
1296 720 1347 738 non
1372 719 1453 746 paruo
1467 710 1556 738 labore
1571 718 1617 737 suo
1635 709 1704 746 quod
1719 709 1819 741 deerat,
1835 715 1860 736 et
1870 710 1979 744 integri-

1191 759 1242 785 tati
1252 759 1308 793 [ενι
1323 757 1487 792 primigenia
1504 763 1568 790 opus
1578 755 1625 782 hoc
1637 755 1760 782 reddidit.
1773 755 1861 790 Caput
1872 759 1976 786 autem,

1191 803 1265 839 quod
1281 803 1388 838 reliquo
1404 802 1512 837 corpori
1527 801 1554 830 in
1566 801 1662 829 codice
1679 801 1800 828 defuisse
1821 808 1849 829 et
1865 801 1975 828 aliunde

1191 848 1348 884 suppletum
1372 847 1474 875 dicitur
1491 867 1499 879 .
1529 852 1572 874 est
1599 846 1645 874 illa
1672 854 1736 881 pars
1758 847 1866 882 Prologl
1893 853 1975 881 quam

1190 893 1288 929 primis
1317 892 1426 920 duobus
1449 889 1574 920 numeris
1597 891 1733 926 complexi
1747 899 1852 919 sumus.
1866 891 1976 919 Profert

1191 943 1323 974 praetcrea
1338 938 1470 966 Possinus
1498 938 1525 964 in
1548 937 1645 966 eadem
1658 937 1774 973 epistola
1787 945 1867 964 suum
1881 937 1916 964 de
1932 937 1976 964 his

1190 984 1266 1012 Actis
1291 983 1438 1011 admodum
1463 982 1612 1016 laudabile,
1629 990 1680 1010 nec
1704 983 1834 1018 ponderis
1858 983 1974 1010 minoris

1187 1030 1323 1066 judicium
1340 1038 1348 1059 ;
1367 1030 1409 1057 Ea:
1428 1030 1513 1057 animi
1531 1030 1581 1056 mei
1600 1029 1733 1056 sententia
1747 1049 1754 1060 ,
1768 1029 1868 1064 inquit.
1891 1029 1975 1064 proﬁ-

1190 1081 1246 1102 tear
1259 1084 1308 1107 me,
1322 1076 1349 1102 in
1362 1076 1394 1102 iis
1408 1078 1532 1102 accurate
1540 1075 1675 1110 perlectis,
1691 1074 1757 1102 nihil
1765 1075 1816 1101 nisi
1825 1074 1971 1102 uerisimili-

1189 1125 1239 1152 ter,
1267 1121 1420 1156 prudenter,
1437 1120 1572 1155 eleganter
1597 1121 1726 1155 scriptum
1755 1120 1913 1147 observasse.
1933 1120 1975 1147 Ex

1189 1174 1240 1200 quo
1254 1167 1318 1201 arpi
1329 1165 1424 1201 legere,
1439 1170 1526 1192 tenere
1544 1173 1584 1192 me
1599 1174 1650 1192 non
1661 1171 1780 1200 poteram
1793 1166 1874 1192 donec
1888 1165 1975 1198 absol-

1189 1219 1287 1238 verem.
1304 1211 1389 1238 Tanta
1403 1215 1460 1238 erat
1480 1210 1623 1246 uoluptas;
1641 1219 1688 1238 nec
1703 1212 1791 1238 minor
1805 1215 1902 1239 tenera
1915 1210 1974 1238 reli-

1187 1257 1272 1291 gionis
1287 1264 1388 1288 sensus,
1408 1265 1453 1283 cor
1467 1256 1659 1291 liquefacientis
1673 1252 1756 1292 usque
1772 1257 1807 1284 ad
1829 1257 1972 1292 lacrymas.

1187 1301 1282 1337 Itaque
1297 1310 1361 1329 rara
1372 1302 1492 1329 existimo
1513 1302 1621 1337 reperiri
1638 1302 1695 1337 ejus
1720 1303 1823 1337 generis
1849 1303 1974 1330 ecclesia-

1187 1348 1254 1375 stica
1269 1352 1450 1378 monumenta,
1463 1354 1522 1382 quia
1533 1347 1595 1381 fide,
1613 1348 1781 1381 auctoritate,
1795 1348 1972 1375 concinnitate

1187 1394 1393 1429 compositionis,
1410 1392 1618 1424 admirabilitate
1641 1401 1730 1423 rerum
1755 1402 1809 1421 non
1835 1394 1974 1425 incredibi-

1187 1437 1247 1465 liter
1269 1442 1453 1469 narratarum,
1467 1438 1527 1474 pari
1547 1446 1605 1465 cum
1617 1438 1656 1465 his
1669 1438 1740 1466 Actis
1754 1440 1818 1474 jure
1832 1440 1972 1467 editionem

1187 1484 1322 1522 lucemque
1337 1490 1498 1514 mereantur.
1515 1483 1638 1515 Verbum
1653 1486 1697 1515 his
1718 1494 1773 1515 non
1801 1487 1884 1515 addo.
1897 1488 1973 1516 Belis-

1185 1534 1267 1570 quam
1282 1531 1316 1562 de
1332 1541 1361 1562 se
1374 1532 1432 1569 ipsa
1449 1534 1515 1561 Acta
1533 1533 1613 1562 fidem
1628 1533 1748 1563 facient:
1764 1534 1884 1570 perlege.

1221 1581 1265 1607 η.
1286 1580 1323 1608 De
1338 1584 1451 1608 auctore
1465 1583 1599 1614 quantum
1615 1579 1724 1614 assequi
1739 1579 1821 1612 licet,
1834 1579 1971 1607 dicamus.

1186 1625 1327 1660 Principio
1354 1626 1423 1653 Viue
1436 1624 1565 1660 pimﬁsus
1580 1628 1639 1652 erat
1653 1625 1699 1652 hic
1717 1625 1824 1656 titulus,
1840 1625 1902 1656 Βίος
1923 1624 1973 1651 καὶ

1186 1671 1309 1698 stult-tela.
1333 1671 1379 1698 τοῦ
1399 1671 1473 1697 ὁσίου
1496 1670 1601 1705 ΙΙατρὺς
1613 1670 1691 1705 ἡμῶν
1703 1669 1816 1705 Συμεὼν
1825 1670 1872 1697 τοῦ
1879 1660 1918 1696 *ἐν
1929 1669 1970 1704 τῷ

1186 1716 1339 1751 Θαυμαστῷ
1353 1717 1441 1751 Ὀρει,
1458 1716 1648 1751 συγγραφέντα
1663 1716 1738 1751 παρὰ
1753 1716 1909 1752 Νικηφόρον
1923 1717 1972 1743 τοῦ

1185 1763 1343 1797 Μαγίστρου
1361 1762 1524 1796 Ἀντιοχείας
1538 1762 1585 1789 τοῦ
1597 1761 1729 1797 Οὐρανοῦ·
1741 1761 1800 1791 Vita
1815 1766 1839 1788 et
1858 1771 1966 1789 conuer-

1183 1808 1252 1834 satio
1275 1807 1361 1834 sancti
1379 1807 1468 1834 Patris
1489 1808 1573 1834 uostri
1585 1807 1721 1843 Symeonis
1738 1808 1766 1834 in
1788 1807 1876 1834 Mante
1887 1808 1973 1835 Mira-

1184 1852 1239 1883 bili,
1266 1853 1415 1887 conscripta
1432 1861 1448 1878 a
1470 1851 1617 1887 Nicephoro
1649 1851 1778 1887 Magistro
1799 1852 1944 1885 Antiochia:
1960 1873 1969 1887 ,

1185 1897 1284 1925 Ca'lum
1308 1898 1386 1924 dicto.
1405 1897 1484 1926 Unde
1513 1905 1578 1925 vero
1603 1897 1664 1929 hoc
1679 1897 1704 1925 ei
1731 1899 1971 1933 cognomentum?

1185 1944 1317 1970 Existimo
1329 1943 1402 1978 quod
1415 1943 1449 1971 ab
1462 1944 1637 1978 eloquentiae,
1655 1952 1738 1980 quam
1756 1945 1784 1971 in
1797 1945 1970 1974 Antiochena

1184 1989 1294 2016 civitate
1320 1989 1430 2023 publice
1456 1988 1650 2024 profitebatur,
1682 1994 1783 2017 ornatu
1813 1990 1969 2025 singulari,

1183 2034 1248 2069 quia
1263 2034 1352 2066 oratio
1373 2035 1434 2069 ejus
1461 2034 1551 2062 omnis
1576 2035 1725 2065 rhetoricis
1758 2035 1920 2067 luminibus.
1939 2041 1970 2062 ut

1184 2080 1285 2107 caelum
1313 2080 1412 2112 stellis,
1426 2080 1630 2115 resplendebat.
1646 2080 1734 2108 Habet
1762 2081 1873 2116 quidem
1896 2081 1969 2116 apud

1183 2125 1292 2152 Graecos
1310 2133 1363 2152 vox
1376 2125 1523 2160 Μαγίστηρ
1538 2125 1581 2153 vel
1609 2126 1767 2162 Μαγιστρος
1792 2126 1971 2161 signiﬁcatio-

1184 2178 1246 2197 nem
1261 2170 1343 2198 etiam
1361 2170 1454 2201 aliam,
1470 2175 1501 2198 ut
1515 2171 1551 2199 sit
1577 2171 1674 2200 titulus
1698 2172 1725 2199 in
1743 2171 1804 2198 aula
1823 2173 1969 2206 imperato-

1185 2217 1222 2244 ris
1238 2216 1397 2251 primarius.
1414 2221 1442 2244 et
1456 2216 1582 2244 Caesareo
1604 2217 1756 2253 proximus.
1776 2221 1845 2245 teste
1865 2217 1968 2245 Cedre-

346 2253 431 2279 dirit:
447 2252 509 2280 Haec
525 2253 638 2287 quidem,
664 2255 828 2281 honorabiles
843 2255 947 2289 Patres,
961 2257 993 2283 de
1017 2257 1056 2284 Itis
1072 2264 1131 2291 qua:
1148 2264 1170 2292 ι)
1182 2270 1227 2294 ηε,
1244 2270 1330 2297 quare
1348 2262 1430 2289 etiam
1445 2252 1641 2297 imperatorum
1653 2262 1752 2290 fratres
1771 2263 1875 2298 ﬁliique
1904 2270 1968 2290 eum

349 2298 421 2325 lecta:
431 2303 504 2331 sunt,
520 2298 668 2329 audivimus
680 2303 704 2326 et
723 2300 862 2327 credimus.

347 2376 440 2412 §Vlll.
460 2376 497 2414 De
508 2377 597 2414 sancti
621 2375 758 2412 Symeonis
790 2377 858 2410 Vita,
881 2387 949 2406 nunc
976 2380 1092 2414 primum
1114 2390 1131 2408 a

454 2412 526 2438 nobis
542 2413 569 2438 in
586 2412 671 2438 lucem
691 2413 771 2445 edita,
785 2414 893 2451 ejusque
908 2412 1023 2441 auctore.

380 2480 423 2506 ιι.
442 2479 492 2506 Cui
506 2479 656 2514 plurimum
670 2480 737 2510 Acta
746 2485 913 2515 sanctorum,
926 2486 956 2509 et
971 2490 1022 2510 nos
1034 2503 1042 2515 ,
1062 2487 1091 2511 et
1101 2488 1130 2511 tu

348 2525 461 2557 Lector,
482 2525 611 2553 leitum
630 2526 769 2554 studiosus
791 2527 895 2562 gloriae,
913 2528 1063 2562 debemus,
1088 2536 1131 2559 est

347 2571 380 2598 ιι.
390 2571 418 2598 Ρ.
428 2571 526 2599 Petrus
535 2571 665 2599 Possinus
674 2572 819 2600 Societatis
828 2577 937 2601 nostrte.
949 2574 1053 2603 Nomen
1064 2583 1128 2612 ego;

346 2621 444 2644 caetera
457 2617 522 2645 libri
540 2618 575 2645 ab
590 2618 650 2653 ipso
661 2618 728 2646 editi
745 2624 774 2646 ct
789 2620 919 2655 frequens
934 2621 961 2647 in
987 2621 1062 2650 hisce
1076 2623 1129 2650 Ae-

345 2662 382 2689 tis
398 2663 530 2691 memoria
544 2664 702 2698 loquentur.
720 2664 834 2693 Curavit
863 2666 918 2699 ille,
933 2670 996 2701 post
1022 2673 1129 2696 nostro-

346 2715 405 2735 rum
419 2708 585 2736 lienschenii
602 2713 684 2743 atque
711 2710 891 2744 Papcbrochii
909 2711 1061 2740 discessum
1075 2714 1130 2741 Ro-

346 2761 400 2782 mn.
418 2753 536 2781 describi
552 2754 641 2781 Vitam
657 2755 726 2782 hanc
752 2763 785 2782 ex
804 2756 898 2783 codice
913 2756 1009 2785 Graeco
1025 2758 1128 2786 Biblio-

349 2799 434 2826 ιῑιοοιε
444 2799 636 2832 Vallicellanm,
648 2807 708 2834 quze
719 2805 761 2828 cst
769 2801 995 2837 Congrcgationis
1008 2804 1128 2832 Oratorii

349 2845 377 2870 ς.
394 2845 513 2879 Philippi
545 2845 630 2872 Nerii.
649 2845 702 2872 Sed
725 2847 814 2881 ipsum
839 2849 930 2882 potius
945 2849 979 2876 de
996 2849 1039 2877 his
1052 2851 1126 2880 andi.

347 2893 445 2917 llllL‘l‘tS
461 2898 533 2918 anno
556 2891 633 2924 1036,
649 2899 685 2918 sn
701 2893 757 2919 ttat.
775 2893 860 2920 Julius
884 2894 968 2922 nonin
984 2895 1064 2928 datis,
1088 2898 1127 2924 sic

1183 2315 1238 2335 non
1269 2308 1408 2343 dedignati
1438 2312 1514 2340 sunt,
1528 2312 1557 2335 et
1585 2308 1638 2336 hoc
1667 2316 1750 2335 sensu
1769 2308 1888 2343 Symeon
1910 2309 1968 2342 ille,

1181 2355 1264 2390 vulgo
1279 2354 1487 2389 Metaphrastes,
1502 2354 1630 2389 Magister
1638 2362 1748 2389 quoque
1761 2354 1852 2382 dictus
1860 2355 1968 2382 estNa-

1182 2407 1244 2426 rum
1258 2408 1311 2427 non
1323 2408 1372 2434 pro
1384 2408 1437 2427 una
1454 2400 1566 2428 civitate
1583 2405 1630 2428 aut
1641 2401 1703 2428 loco
1714 2397 1832 2428 dabatur
1843 2400 1889 2427 hic
1899 2400 1967 2427 titu-

1182 2443 1236 2476 lus,
1251 2444 1366 2479 ideoque
1374 2452 1484 2479 semper
1497 2444 1638 2472 invenitur
1647 2445 1707 2472 sine
1718 2444 1852 2478 ejusmodi
1863 2444 1968 2471 addita-

1182 2494 1286 2521 menta,
1301 2497 1372 2525 saepe
1386 2490 1469 2517 etiam
1487 2498 1549 2518 cum
1572 2490 1706 2525 epithetis
1719 2490 1904 2526 Ιῐερισλέπτου
1920 2494 1967 2518 aut

1182 2535 1363 2570 Περιφανοῦς.
1387 2535 1527 2570 Conspicui
1553 2536 1596 2564 vel
1623 2536 1750 2564 lllustris.
1771 2535 1821 2563 llic
1838 2543 1905 2562 vero
1920 2535 1968 2562 Νἱ-

1181 2583 1306 2616 cepharus
1319 2589 1448 2617 expresse
1459 2581 1562 2609 dicitur
1575 2581 1702 2617 Hagister
1725 2582 1869 2611 Antiochia
1881 2589 1889 2608 :
1899 2581 1966 2609 soli-

1181 2631 1223 2655 tas
1238 2632 1330 2655 autem
1341 2627 1469 2655 civitates
1485 2627 1621 2662 ejusmodi
1636 2627 1791 2662 primarius.
1806 2627 1897 2662 qualis
1908 2628 1966 2654 An-

1181 2673 1282 2701 tiochia
1298 2677 1367 2703 erat.
1382 2681 1484 2708 magno
1510 2673 1648 2708 stipendio
1681 2673 1834 2703 conductos
1863 2673 1966 2700 habere

1180 2719 1305 2754 egregios
1318 2719 1484 2753 eloquentiae
1509 2719 1654 2754 magistros
1686 2719 1728 2747 vel
1751 2726 1785 2746 ex
1811 2719 1965 2754 Augustino

1180 2765 1282 2791 scimus
1313 2765 1446 2799 ejusmodi
1459 2772 1510 2799 spe
1526 2765 1642 2792 Romam
1669 2764 1771 2792 delato.
1788 2764 1882 2792 Talem
1898 2772 1964 2791 vero

1180 2806 1264 2834 fuisse
1277 2808 1452 2842 Nicephorum
1468 2808 1539 2836 hunc
1555 2814 1678 2836 nostrum
1694 2809 1767 2844 quod
1782 2813 1810 2836 et
1833 2809 1965 2840 Possinus

1180 2853 1297 2883 censuit,
1317 2861 1372 2880 non
1403 2853 1464 2882 itlno
1483 2853 1612 2887 dubites,
1633 2855 1697 2889 quia
1723 2854 1894 2889 Nicephorus
1908 2853 1963 2881 Ca-

1181 2898 1259 2925 listus
1276 2899 1323 2925 tib.
1336 2907 1402 2925 “uti
1417 2899 1539 2926 llistoric
1565 2899 1653 2926 κάτε.
1668 2907 1727 2935 cap.
1742 2899 1787 2932 26,
1805 2907 1866 2928 cum
1878 2899 1962 2935 hujus
