2148 3258
181 242 254 276 2985

751 239 1053 270 COMMENTARIUS
1070 237 1257 271 PR/EVIUS.

1747 242 1819 275 2986

181 300 246 328 vitae
274 298 411 332 meminit,
428 297 525 326 Latino
558 297 599 325 sic
614 296 733 324 vertitur
753 295 788 323 ab
817 295 969 330 interprete
986 299 1007 326 Α
1022 291 1160 331 principio
1187 295 1292 323 aberit:
1308 294 1370 323 istic
1384 295 1534 331 capitulum
1547 295 1608 329 118.
1630 296 1676 325 hic
1686 305 1820 326 numerus

135 347 137 349 ’
181 345 296 381 Langio,
305 344 384 380 quasi
403 351 455 371 non
470 344 508 370 ita
521 343 594 370 docte
607 346 637 369 ut
651 342 808 377 magnitudo
820 349 909 369 rerum
919 342 972 377 ﬂa-

181 391 282 427 gitabat
301 390 449 425 conscripta
463 390 515 417 sit:
541 389 630 417 utitur
652 388 728 416 enim
762 388 808 415 ille
838 386 973 415 adverbio

183 437 221 473 μὴ
234 437 327 472 ἀξίως,
341 445 394 464 non
408 437 495 474 digne,
513 436 586 472 quod
605 435 688 464 etiam
703 434 893 463 Ciceronianas
917 433 975 461 elo-

180 483 302 520 quentia
316 488 410 518 posset
427 483 529 518 aptari.
547 482 582 511 ad
611 481 825 518 exprimendum
846 480 970 516 singula-

180 537 236 557 rem
249 529 454 563 excellentiam,
479 529 557 557 omni
574 529 697 556 humano
727 524 860 555 sermone
882 526 972 554 subli-

179 575 426 610 miorem:alioqui
443 575 547 604 fatetur
567 575 740 610 Nicephorus
765 572 850 609 quod,
874 573 972 600 cumln

178 622 248 648 hanc
259 621 342 648 vitam
360 621 463 656 incidit,
479 621 612 656 obstupuit
624 620 838 656 magnitudinem
854 627 886 646 ac
899 618 970 646 mul-

178 667 317 694 titudinem
333 668 458 695 nimiam
471 675 582 703 operum
592 675 609 694 α
625 671 719 695 sancto
730 669 901 702 patratorum
913 673 922 692 .'
938 673 971 693 ea

177 718 282 744 autem.
296 713 398 748 inquit,
414 721 496 749 usque
511 712 587 740 hodie
602 711 770 739 celebrantur
784 711 904 739 omnium
917 711 970 738 lin-

177 757 245 794 guis,
261 759 392 794 descripta
405 759 458 786 ὐπδ
474 758 598 794 Συμεῶνι
617 758 774 794 (Νικηφόρῳ
794 757 884 785 voluit
899 756 969 785 scri-

177 805 254 838 bere,
270 809 318 832 aut
330 805 414 832 etiam
425 805 549 841 scripsit,
565 804 615 833 sed
633 804 740 832 sciolus
752 803 855 839 aliquis
868 810 970 830 nomen

178 851 296 889 mutavit
309 850 522 886 Metaphrastem
549 849 666 886 intelligi
694 849 801 884 volens)
818 849 971 883 Μαγιστρῳ

177 897 216 933 τῷ
242 896 376 932 Οὐρανῷ·
397 897 471 932 quod
497 897 658 925 abbreviate
679 896 825 931 scriptum,
847 902 880 922 ex
893 902 970 922 more

176 942 278 970 Graecis
305 943 509 975 usitatissimo,
536 950 587 978 pro
616 942 742 978 οὐρανῷ,
770 949 826 969 non
854 940 969 976 capiens

1026 343 1088 370 123.
1101 342 1141 370 En
1156 342 1319 380 quantulum
1332 341 1482 370 discrimen
1494 343 1501 370 !
1515 343 1641 371 Alterum
1656 345 1819 373 miraculum

1026 388 1108 423 paulo
1120 388 1231 424 Idngius
1241 388 1349 416 recedit
1372 388 1400 416 in
1415 393 1509 416 nostra
1526 389 1599 422 Vita,
1621 398 1704 425 quam
1730 391 1819 420 Arca-

1025 434 1108 462 diana
1121 443 1129 467 ;
1143 434 1192 462 sed
1207 434 1361 462 notandum
1376 442 1509 463 numeros
1523 435 1555 475 in]
1566 435 1627 463 vita
1635 441 1730 465 nostra
1743 437 1819 466 circa

1024 480 1147 509 medium
1161 480 1363 509 contractiores
1372 489 1445 515 esse,
1466 489 1548 517 quam
1569 489 1669 510 versus
1687 483 1818 512 initium:

1023 528 1149 564 adeoque
1159 529 1346 557 convenirent
1378 528 1494 566 propius
1523 529 1646 562 numeri,
1671 520 1755 558 etiam
1773 531 1820 560 hic

1023 574 1124 606 nostri,
1141 581 1205 601 cum
1231 581 1350 602 numero
1373 573 1455 613 istius
1477 573 1614 607 miraculi,
1630 574 1652 602 si
1667 576 1766 611 aequali
1780 581 1821 604 tc-

1023 625 1092 646 nore
1104 626 1137 646 ac
1151 619 1240 654 spatio
1252 623 1364 647 nostros
1376 619 1477 654 ubique
1502 619 1709 649 incidissemus.

1058 664 1103 692 u.
1115 664 1169 692 Sed
1187 664 1335 693 redeamus
1350 665 1383 692 ad
1398 664 1574 693 collationem
1583 666 1723 700 miraculi,
1739 672 1769 696 et
1782 668 1821 696 vis

1022 710 1138 738 deamus
1151 718 1213 746 quae
1228 711 1316 739 videri
1328 711 1436 747 possint
1451 711 1479 740 in
1495 712 1558 740 Vita
1570 717 1666 741 nostra
1683 715 1819 750 superad-

1022 755 1090 789 dita,
1104 756 1148 783 wl
1163 756 1273 784 decoris
1284 757 1328 784 vel
1341 757 1478 786 claritatis
1492 765 1585 786 causa.
1603 758 1675 787 Sunt
1694 759 1740 793 illa
1752 768 1824 796 per»

1021 807 1179 838 opportuna
1206 807 1303 832 etere
1329 808 1404 832 nata.
1419 804 1473 833 Ubi
1504 805 1538 833 de
1565 805 1692 834 daemone
1714 807 1817 842 agitur.

1022 848 1165 878 interserit
1181 859 1188 877 :
1207 849 1438 883 Quemadmodum
1453 844 1539 879 isthoc
1553 854 1639 880 scelus
1653 861 1705 881 non
1730 854 1819 890 loqui-

1021 899 1065 922 tur
1092 896 1143 924 nisi
1168 897 1279 925 scelera.
1300 898 1406 926 Deinde
1427 904 1542 935 accepta
1567 900 1704 928 bencllcia
1732 902 1818 930 simul

1019 947 1166 970 enumerat
1176 946 1205 970 et
1217 944 1296 971 velut
1311 945 1473 979 parenthesi
1489 945 1609 974 includit
1622 946 1725 982 (Neque
1747 949 1818 975 enim

176 988 297 1024 Longius
313 988 507 1024 pratermisit:
521 977 627 1016 clarum
642 977 734 1016 autem
760 987 790 1015 fit
814 995 848 1016 ex
870 986 968 1022 eodem
984 977 1007 1007 Β
1021 993 1177 1017 acoctaneo
1185 989 1235 1017 sibi
1244 977 1363 1018 damone
1371 991 1508 1024 immunis,
1521 991 1568 1019 sed
1578 996 1603 1019 et
1614 977 1711 1021 marito
1719 994 1818 1029 integre

174 1037 338 1072 cognomine
349 1041 414 1064 ante
430 1036 522 1064 Vitam
537 1036 643 1071 integre
667 1042 809 1070 expresso.

210 1083 254 1110 15.
267 1082 310 1109 Ab
332 1082 388 1110 alio
412 1089 523 1117 quoque
551 1089 663 1116 quama
690 1080 849 1116 Nicephoro
877 1079 967 1107 Vitam

174 1124 312 1161 Symeonis
337 1125 421 1161 hujus
446 1125 551 1153 litteris
580 1125 740 1153 mandatam
759 1129 788 1153 et
811 1124 967 1160 posteritati

174 1171 364 1198 transmissam
379 1178 452 1204 esse,
469 1178 504 1199 ex
522 1171 701 1207 paragrapho
723 1171 869 1207 superiore
887 1171 966 1199 colli-

174 1217 281 1252 gimus:
301 1217 380 1253 cujus
401 1218 746 1252 auetorem,quamvisnon
755 1214 968 1245 nominetconci-

173 1261 253 1294 lium,
264 1269 298 1290 ex
316 1262 485 1291 Damasceno
509 1262 656 1290 Arcadium
678 1261 759 1298 Cypri
791 1260 967 1295 archiepisco-

173 1317 237 1344 pum
246 1309 434 1344 agnoscimus,
452 1308 541 1337 nihilo
552 1308 692 1336 notiorem
704 1308 850 1344 Nicephoro
857 1310 965 1339 nostro,

173 1355 228 1382 nisi
243 1355 326 1382 etiam
342 1355 534 1383 obscuriorem
553 1354 640 1387 velis;
661 1357 757 1389 utpote
788 1353 836 1388 qui
852 1361 888 1380 ne
917 1360 967 1388 per

173 1398 274 1437 scripta
304 1402 438 1437 quidem,
464 1410 529 1438 quae
555 1401 770 1433 interciderunt,
802 1400 964 1428 innotescit.

173 1446 278 1484 (lolligo
293 1448 389 1480 etiam,
413 1447 626 1483 prolisissimam
655 1447 740 1474 luisse
765 1445 856 1474 Vitam
876 1445 963 1478 illam,

173 1501 206 1521 ac
237 1499 338 1522 nostras
362 1501 419 1522 non
444 1493 524 1521 valde
548 1493 682 1529 imparem
707 1491 902 1528 longitudine;
928 1491 966 1519 ita

174 1539 329 1575 Capitulum
346 1539 409 1572 118,
424 1539 462 1567 ita
477 1539 637 1567 Hiraculum
653 1537 715 1570 152,
734 1545 818 1573 supra
851 1537 965 1565 recitata

174 1584 316 1618 obtinent;
342 1584 428 1612 multa
454 1584 528 1611 enim
556 1576 748 1619 praecessisse]
763 1586 884 1618 oportet.
907 1582 965 1609 lmo

175 1630 282 1658 nullum
299 1630 423 1663 dubium,
455 1630 523 1665 quin
555 1630 642 1657 altera
657 1636 691 1657 ex
718 1629 804 1656 altera
826 1627 965 1662 descripta

175 1677 212 1706 sit
228 1676 307 1710 Vita;
322 1681 350 1704 et
362 1680 457 1709 nostra
473 1676 566 1712 potius
580 1683 615 1703 ex
640 1674 686 1702 illa
714 1673 838 1706 Arcadii,
863 1672 967 1703 additis

175 1724 301 1759 pauculis
332 1723 376 1751 vel
408 1721 672 1754 exclamationibus,
701 1720 743 1748 vel
773 1719 964 1756 apostropbis,

175 1771 286 1804 aliisve,
299 1774 329 1798 ut
344 1769 382 1797 rei
396 1769 535 1805 exigentis
548 1772 577 1796 et
591 1769 681 1804 pietas
694 1768 818 1796 auctoris
832 1767 966 1794 tulerunt.

174 1819 243 1848 Nam
258 1818 412 1847 conlerenti
437 1817 590 1853 superioris
604 1815 770 1852 paragraphi
800 1814 966 1843 miraculum

174 1865 296 1900 primum
314 1871 376 1892 cum
389 1870 507 1891 numero
523 1862 575 1890 125
591 1861 671 1894 Vite,
687 1865 716 1889 et
736 1860 890 1889 secundum
903 1867 967 1888 cum

176 1918 252 1938 num.
276 1909 338 1942 171,
360 1912 487 1944 apparet,
503 1907 732 1938 lundamentalia.
750 1905 894 1938 notabilia,
911 1905 967 1933 cir-

175 1954 358 1982 cumstantias
369 1954 465 1986 etiam,
481 1952 630 1988 utrobique
642 1952 739 1980 eadem
754 1958 827 1979 esse.
843 1951 872 1978 In
886 1950 966 1986 prio-

176 1999 263 2032 ribus,
278 1998 466 2027 locusRliosus
475 2006 522 2026 seu
536 1995 689 2034 Rhosopolis
705 1996 805 2025 Cilicii:
820 1996 903 2030 urbs;
923 2003 971 2024 no-

178 2053 241 2072 men
258 2044 384 2072 mulieris
398 2044 543 2072 Theotecna
554 2063 561 2076 ,
578 2048 688 2079 tempus
699 2043 821 2079 coniugii
847 2043 914 2070 anni
928 2043 968 2070 υἱ-

175 2092 242 2127 ginti
249 2101 259 2125 ;
272 2091 381 2128 repudii
392 2092 457 2119 anni
465 2096 597 2127 quatuor;
610 2090 801 2118 hmmorrhma:
811 2090 877 2117 anni
890 2090 969 2125 quin»

151 2175 154 2177 _
175 2139 273 2172 decim;
286 2145 368 2166 causa
385 2137 505 2166 adeundi
528 2141 672 2170 sanctum;
692 2136 802 2164 aversio
817 2135 968 2169 daemonis;

176 2183 297 2219 querela:
313 2183 461 2219 ejusdem;
483 2183 602 2218 raptatio
638 2183 744 2211 circum
781 2182 941 2210 columnam
960 2191 966 2209 :

176 2230 313 2266 promissa
334 2229 445 2258 mulieri
457 2231 540 2257 data:
555 2234 719 2265 conceptus,
738 2234 831 2263 natus,
860 2229 970 2257 oblatus

177 2277 267 2311 ﬁlius;
287 2276 438 2313 gratitudo,
449 2281 542 2305 erecta
559 2276 653 2307 icone;
679 2276 840 2304 sanationes
856 2278 906 2311 per
934 2275 969 2302 il-

1019 1040 1127 1066 snnata,
1147 1036 1269 1064 restituta
1297 1036 1419 1072 fuit:ad
1444 1037 1499 1068 hac
1523 1045 1589 1073 puer
1606 1046 1710 1074 quoque
1725 1047 1757 1066 ea:
1772 1047 1815 1070 ea.

1020 1081 1089 1117 quod
1112 1089 1251 1117 nunquam
1268 1086 1341 1118 ante,
1354 1087 1499 1118 prognatus
1514 1083 1575 1119 est).
1591 1083 1718 1120 Denique
1733 1084 1815 1113 istam

1019 1125 1048 1152 in
1078 1126 1132 1154 line
1163 1126 1371 1154 conclusionem
1401 1127 1519 1163 adjicit:
1536 1128 1580 1156 Ita
1592 1129 1643 1157 viri
1663 1131 1750 1158 sancti
1774 1130 1816 1158 uel

1018 1172 1105 1199 tenuis
1119 1172 1148 1199 in
1160 1172 1277 1208 imagine
1286 1173 1540 1210 aspectusrsignum
1553 1175 1652 1208 crucis,
1667 1176 1754 1212 uirga,
1763 1177 1817 1212 for-

1018 1225 1074 1250 ma,
1089 1217 1207 1251 uerbum,
1223 1219 1370 1252 invocatio,
1387 1224 1412 1246 et
1429 1220 1453 1247 si
1464 1220 1528 1256 quid
1548 1220 1625 1249 aliud
1644 1230 1732 1250 rerum
1743 1222 1816 1250 illius

1018 1267 1094 1296 esset,
1107 1264 1253 1300 sufﬁciebat
1266 1264 1371 1292 cuilibet
1381 1266 1533 1294 morborum
1547 1268 1637 1303 generi
1651 1268 1814 1303 depellenda.

1053 1310 1099 1342 45.
1119 1309 1183 1349 Haec
1199 1310 1234 1338 de
1247 1310 1400 1346 prioribus.
1421 1311 1548 1340 Otiosum
1565 1312 1638 1340 foret
1660 1314 1815 1348 posteriora

1017 1355 1100 1382 simili
1123 1355 1206 1383 modo
1227 1356 1355 1384 conferre
1377 1365 1384 1384 :
1401 1357 1527 1385 conferat
1542 1358 1587 1385 cui
1613 1358 1715 1386 lubet:
1738 1367 1813 1394 repe-

1017 1401 1071 1428 riet
1103 1401 1201 1440 eadem
1223 1402 1386 1438 utrobique.
1402 1402 1505 1431 Refero
1529 1403 1664 1431 duntaxat
1685 1404 1732 1432 illa
1754 1412 1814 1440 quae

1017 1447 1125 1483 adjecta
1141 1447 1284 1476 videntur.
1297 1448 1424 1476 Primum
1436 1454 1537 1477 erectae
1551 1449 1626 1477 iconi
1639 1457 1719 1477 suum
1737 1450 1817 1478 addit

1016 1497 1157 1526 ornatum,
1169 1502 1234 1522 cum
1258 1494 1334 1522 illam
1351 1494 1490 1523 describit
1503 1504 1510 1522 :
1522 1497 1687 1524 Peruenuste
1700 1505 1754 1526 non
1769 1505 1814 1524 so-

1016 1538 1072 1566 lum
1082 1539 1224 1573 coloribus,
1234 1540 1281 1567 sed
1298 1541 1381 1568 etiam
1398 1541 1499 1568 amictu
1514 1545 1540 1569 et
1557 1543 1714 1577 tegumentis
1737 1551 1813 1570 orna-

1017 1589 1083 1612 tam.
1105 1585 1192 1614 Paulo
1217 1591 1281 1621 post
1304 1587 1535 1615 exclamationem
1547 1587 1621 1615 hanc
1646 1588 1788 1620 interserit
1807 1598 1814 1616 :

1023 1627 1046 1656 ο
1060 1627 1143 1661 Deus,
1163 1632 1264 1663 quanta
1280 1628 1368 1656 hostes
1383 1628 1510 1657 adversus
1525 1628 1654 1657 Sanctum
1669 1633 1743 1656 tuum
1757 1636 1814 1655 ma-

1024 1675 1127 1702 chinati
1141 1675 1220 1702 sunt!
1237 1674 1299 1702 llos
1315 1683 1379 1702 cum
1395 1675 1556 1704 extenderet
1573 1683 1647 1703 unus
1663 1675 1690 1703 in
1704 1675 1812 1703 ieonem

1023 1726 1147 1752 manum,
1161 1718 1323 1747 deturbatus
1338 1719 1441 1747 dicitur
1451 1724 1572 1748 venusta
1581 1720 1632 1748 hac
1647 1725 1675 1749 et
1687 1720 1731 1756 pia
1748 1727 1814 1755 apo-

1023 1765 1137 1801 strophe
1151 1773 1159 1792 :
1174 1765 1300 1793 Manibus
1313 1765 1380 1798 illis,
1391 1770 1512 1801 quarta.
1527 1766 1640 1799 Christe,
1660 1774 1739 1801 super
1752 1766 1814 1794 illo-

1024 1820 1083 1839 rum
1098 1810 1250 1847 superbiam
1260 1812 1392 1846 extulisti,
1413 1812 1608 1847 deﬁcientibus.
1624 1812 1736 1840 Demum
1750 1819 1813 1839 eum

1024 1859 1122 1888 tertius
1133 1866 1244 1894 quoque
1258 1859 1382 1893 dejectus
1393 1864 1476 1891 esset,
1492 1859 1572 1895 quasi
1593 1858 1814 1894 epiphonematis

1024 1905 1085 1932 loco
1108 1904 1210 1933 dicitur
1230 1914 1238 1933 :
1255 1904 1342 1932 Nullo
1362 1905 1495 1940 prioribus
1513 1905 1612 1941 majori
1631 1904 1747 1932 ludibrio
1771 1904 1815 1931 di-

1023 1961 1107 1988 gnus,
1123 1953 1193 1989 quod
1208 1953 1317 1981 illorum
1332 1954 1451 1988 ett‘emplo
1467 1953 1551 1981 nihilo
1569 1953 1700 1988 sopuisset
1716 1953 1813 1988 magis.

1019 2000 1092 2036 Quid
1103 2001 1164 2030 haec
1171 2000 1224 2028 nisi
1236 2000 1427 2036 parentheses,
1438 1999 1655 2028 exclamationes
1664 2019 1673 2033 ,
1689 2005 1815 2036 apostro-

1020 2048 1093 2083 pha,
1107 2047 1376 2083 epiphonemata,cx
1391 2045 1474 2073 rebus
1489 2045 1560 2073 nihil
1572 2046 1728 2075 immutatis
1739 2051 1816 2079 nata,

1020 2099 1049 2122 et
1064 2093 1204 2129 emphasis
1219 2092 1307 2129 gratia
1320 2096 1437 2120 venuste
1449 2091 1575 2128 adjecta?

1059 2141 1105 2169 16.
1118 2140 1195 2168 Ordo
1209 2144 1303 2168 autem
1318 2144 1394 2169 totus
1413 2139 1441 2167 in
1462 2139 1515 2167 hac
1534 2138 1652 2167 historia
1667 2143 1710 2167 est
1723 2138 1816 2166 admo-

1022 2188 1089 2215 dum
1105 2187 1252 2220 naturalis,
1271 2186 1410 2222 incipiens
1427 2193 1442 2214 a
1456 2185 1619 2219 nativitate,
1635 2185 1818 2222 progrediens

1022 2240 1086 2260 cum
1103 2232 1194 2265 annis,
1211 2232 1344 2260 desinens
1368 2231 1397 2259 in
1412 2236 1503 2260 morte
1516 2239 1524 2259 :
1535 2232 1590 2258 imo
1603 2238 1658 2258 non
1677 2237 1748 2258 vana
1761 2230 1817 2258 erit

1021 2278 1195 2314 suspicio,si
1224 2278 1358 2306 miracula
1386 2277 1520 2313 pleraque
1541 2276 1642 2304 ordine
1666 2275 1816 2311 temporis,

178 2322 231 2351 lam
245 2323 338 2351 factze.
357 2322 424 2358 quid
438 2323 538 2358 plura?
555 2322 653 2350 eadem
671 2322 821 2358 utrobique
835 2325 967 2349 notantur
985 2325 1005 2352 ο
1020 2330 1077 2359 quo
1092 2323 1165 2351 facta
1188 2327 1263 2354 sunt,
1278 2326 1415 2358 putentur
1437 2322 1558 2358 primum
1573 2321 1714 2357 descripta
1729 2329 1792 2350 esse
1808 2329 1815 2349 :

177 2369 279 2398 omnia.
292 2369 353 2397 Non
365 2374 594 2405 potucruntergo
608 2377 666 2397 non
684 2369 729 2396 vel
743 2369 829 2396 altera
845 2375 880 2395 ex
895 2367 964 2395 alte-

177 2416 226 2447 ris,
242 2415 286 2443 vel
301 2420 419 2450 utraque
431 2422 466 2442 ex
486 2414 584 2442 iisdem
603 2414 801 2442 ‘monumentis
829 2413 967 2450 descripta

177 2462 275 2489 videri.
292 2461 352 2495 Qua
374 2460 626 2489 conﬁrmaberisiu
651 2461 800 2493 sententia,
828 2461 850 2488 si
877 2461 970 2488 conci-

177 2508 248 2543 pias,
272 2507 356 2535 vitam
387 2507 462 2535 illam
490 2514 540 2543 per
557 2505 689 2542 capitula,
718 2506 843 2534 numeris
866 2507 970 2534 nostris

176 2553 235 2582 [ere
247 2554 333 2590 paria,
346 2554 507 2582 distinctam
523 2552 624 2587 luisse;
648 2553 689 2580 sic
702 2553 776 2582 enim
795 2553 870 2581 istud
886 2554 969 2581 mira-

176 2599 271 2628 culum
286 2599 490 2637 propemodum
516 2599 576 2634 pari
604 2598 752 2627 intervallo
778 2599 926 2635 utrobique
953 2607 968 2626 a

336 3010 472 3041 PATROL.
486 3011 544 3043 Gn.
569 3011 745 3042 LXXXVI.

1021 2369 1050 2397 id
1064 2369 1138 2397 enim
1154 2369 1225 2396 ordo
1236 2368 1325 2396 aetatis
1336 2372 1364 2395 et
1376 2367 1418 2396 hae
1430 2367 1584 2403 particulae,
1599 2371 1700 2403 postea,
1712 2366 1816 2399 deinde,

1022 2420 1079 2451 post
1092 2415 1157 2447 hinc,
1172 2415 1226 2443 illis
1239 2415 1363 2452 peractis.
1375 2421 1407 2442 ac
1418 2414 1533 2447 similes,
1549 2414 1576 2441 in
1586 2414 1725 2450 principio
1734 2414 1817 2441 mira-

1024 2462 1152 2489 culorum
1181 2460 1332 2489 identidem
1358 2460 1504 2496 repetitse,
1528 2459 1660 2488 videntur
1687 2459 1814 2487 innuero.

1025 2507 1105 2535 Hune
1119 2514 1202 2542 pcrro
1215 2511 1270 2535 tam
1285 2507 1429 2543 copiosum
1443 2506 1546 2535 fontem
1563 2506 1732 2534 habentibus
1746 2505 1816 2533 nihil

1024 2562 1096 2590 opus
1111 2560 1154 2582 est
1171 2554 1277 2582 rivulos
1301 2552 1516 2590 Synaxariorum
1535 2552 1648 2585 sectari,
1662 2552 1690 2580 in
1712 2552 1816 2588 quibus

1023 2600 1144 2636 elogium
1157 2600 1224 2628 alibi
1238 2599 1363 2633 brevius,
1378 2599 1446 2627 alibi
1461 2599 1600 2636 prolixius
1614 2599 1726 2636 legitur.

1558 3012 1597 3043 9's
