2148 3262
182 215 252 249 E93

182 272 284 300 οἰκεῖον
306 271 445 300 ιπάνεισιν
464 271 550 308 οἷκον,
568 273 634 302 είσω
654 275 748 303 πυλῶν
764 275 814 312 τῆς
835 273 974 310 Ἀντιόχου
987 270 1015 301 A-

183 319 265 346 δντα⁸
281 319 489 356 καταλαμδάνει
507 319 537 347 δι
561 320 608 348 τδν
634 321 736 357 εαυτῆς
757 321 841 358 ἄνδρα
871 321 912 357 τῷ
932 320 974 357 βι-

185 365 253 401 ϐλίῳ
269 366 480 401 προσκείμενον,
493 365 508 392 δ
523 365 573 402 τὴν
597 366 731 402 ἐξήγησιν
747 368 798 404 τῆς
826 367 902 402 ίερᾶς
927 366 975 394 τοῦ

186 410 345 447 Προδρόμου
353 411 477 447 κεφαλῆς
489 413 638 448 περιεῖχεν,
653 412 729 446 ὅπως
747 414 761 440 ό
779 413 909 445 τοσοῦτος
925 412 976 447 θη-

186 457 298 493 σαυρὸς,
314 457 362 484 καὶ
377 457 424 485 τοῦ
444 457 481 493 μὴ
495 458 588 486 λαθεῖν
606 458 683 492 ἄξιος
693 478 701 492 ,
718 459 770 486 ὑπὸ
786 458 839 495 γῆν
854 459 978 496 κρυπτό-

188 510 269 537 μενος
278 501 416 539 εὑρεθείη.
434 502 584 539 Σύμϐολον,
599 501 689 540 οἶμαι,
707 503 757 538 τῆς
768 502 818 530 τοῦ
833 502 978 538 εὖαγγελι·

187 547 298 580 σθέντος
313 547 383 584 αὐτῇ
401 547 572 584 προφητείας
586 549 634 576 καὶ
649 549 740 582 τοῦτο,
753 549 794 576 ὅτι
811 549 888 584 μέγα
897 557 924 577 τι
940 548 979 582 τῷ

188 593 239 630 βίῳ
252 593 416 628 ἀγαθὸνκαὶ
431 590 510 627 οὗτος
523 595 657 631 φανεῖται.
674 594 754 631 Παρὰ
775 594 816 631 τῷ
830 594 909 631 ἀνδρὶ
925 595 980 622 τοί-

187 648 235 667 νυν
263 639 410 673 καθίσασα,
435 640 487 675 τῆς
512 640 695 675 ἀναγνώσεως
719 641 859 676 ἠκροᾶτο·
885 641 924 673 ὡς
950 640 980 667 δὲ

188 684 258 721 αὕτη
286 685 374 721 πέρας
398 682 472 721 εἶχεν
501 685 587 721 αὐτῷ,
601 686 621 721 ἡ
634 685 702 721 γυνὴ
717 685 767 721 τὴν
779 685 841 720 δψιν
854 686 894 718 εἰς
912 684 980 713 ’νοῦν

188 731 376 767 λαμϐάνουσα,
391 731 476 766 φόϐου
492 731 540 758 καὶ
566 731 654 767 χαρᾶς
669 730 718 767 τὴν
731 731 821 768 ψυχὴν
837 732 982 765 ὑπόπλεως

189 774 269 809 οὖσα,
286 776 347 805 οὐδδ
371 776 515 808 καθεκτῶς
536 776 611 812 εχειν
625 776 670 804 οῐα
685 785 716 804 τε
726 774 771 812 ἧν,
787 777 856 805 ἀλλά
877 787 904 805 τι
921 778 982 806 λίαν

189 822 297 858 οίκτρδν
315 822 415 858 ἑαυτὴν
429 821 605 859 ὠλοφύρετο,
621 823 660 856 ὡς
688 822 757 860 μηδι
784 823 982 860 πυνθανομένῳ

189 867 241 903 τὴν
251 867 342 895 αἰτίαν
354 867 394 904 τῷ
404 867 484 904 ἀνδρὶ
497 867 709 904 ἀποκρίνεσθαι,
720 867 779 895 ἀλλ’
788 868 819 895 ιν
833 867 984 905 ἀπορρήτῳ

190 912 305 949 καρδίας
334 913 369 940 τὰ
399 913 518 949 ὀφθέντα
529 946 532 948 η
545 913 673 949 κατέχειν
686 921 694 929 ⁸
708 914 801 950 εκείνη
817 914 869 949 μὲν
882 913 930 941 οὖν
942 914 982 950 τῷ

190 947 270 994 ἀνδρὶ
285 947 450 986 συνοικοῦσα
467 947 600 987 συνιλαδε
615 947 670 987 απὸ
685 959 747 986 τότε
861 959 912 996 τὴν
932 947 980 988 rei:
995 947 1024 978 Β

176 1005 351 1042 -Προδρόμου
376 1005 480 1042 φωνὴν,
494 1005 543 1033 καὶ
567 1006 716 1042 συνετήρει
738 1006 875 1035 πάντοθεν
897 1007 983 1042 αὐτὴν

190 1050 285 1087 ὥσπερ
299 1060 326 1079 τι
338 1050 410 1078 θείον
426 1051 455 1078 ιν
469 1051 553 1087 ἑαυτῇ
570 1051 693 1087 φέρουσα
718 1051 816 1084 σκεῦος
829 1060 837 1068 ·
855 1049 897 1085 οἷς
919 1052 984 1088 μέν·

190 1105 232 1125 τοι
248 1097 360 1134 θαρῤείν
371 1096 440 1133 εἶχε,
454 1097 502 1125 καὶ
517 1093 638 1133 μάλιστα
658 1097 698 1134 τῷ
713 1097 791 1134 ἀνδρὶ
805 1117 813 1129 .
830 1099 983 1136 παρεδήλου

192 1143 322 1176 πολλάκις
336 1164 344 1176 ,
358 1143 396 1176 ὥς
412 1143 528 1180 ἄρρενος
545 1142 675 1179 ιγκΰμων
691 1143 735 1180 είη
748 1145 843 1180 γονῆς.
871 1145 919 1172 καὶ
943 1146 984 1172 δτι

192 1189 304 1225 Συμεὼν
329 1190 360 1217 τδ
386 1188 590 1225 τεχθησόμενον
606 1188 750 1225 ὀνομάσοι.
763 1189 818 1217 Τοῦ
833 1189 932 1226 χρόνου
956 1190 985 1218 δι

192 1235 243 1272 ἢδη
256 1235 312 1263 τῶν
325 1235 429 1262 ὠδίνων
442 1235 677 1267 συντελεσθέντος,
690 1234 790 1269 τίκτει,
806 1235 862 1263 τῶν
875 1236 927 1271 τῆς
942 1236 986 1264 λος

191 1282 269 1318 χείας
297 1281 398 1309 ὀδυνῶν
418 1281 488 1317 αὐτῇ
515 1280 552 1318 μὴ
569 1280 641 1308 κατὰ
653 1281 704 1316 τὴν
719 1281 825 1308 οίκείαν
836 1281 918 1317 φύσιν
928 1282 986 1309 επι-

192 1327 325 1364 θεμένων,
341 1327 412 1354 ἀλλὰ
441 1327 489 1354 καὶ
511 1326 570 1354 λίαν
585 1326 683 1363 ἀλύπῳ
691 1326 796 1362 τοκετῷ
809 1327 984 1364 χρησαμένη,

193 1374 409 1410 Τεσσαρακοστῇ
424 1373 518 1408 τοίνυν
540 1372 609 1408 μετὰ
624 1373 671 1400 τὸν
686 1373 767 1400 τόκον
781 1373 876 1409 ἡμέρα
900 1382 986 1410 προσ-

194 1421 257 1455 άγει
270 1420 302 1447 τὸ
317 1419 418 1456 βρέφος
432 1419 471 1458 τῷ
487 1419 535 1447 τοῦ
551 1418 711 1455 Προδρόμου
727 1418 783 1454 ναῷ
793 1439 801 1453 ,
815 1419 987 1447 ἁντιδιδοῦσα

194 1466 323 1503 καθάπερ
345 1466 360 1493 δ
385 1466 477 1499 ῑλασε,
507 1466 556 1493 καὶ
583 1464 644 1501 Θεῷ
672 1465 713 1503 τῷ
739 1464 868 1494 δεδωκότι
892 1465 986 1493 καθιε-

197 1521 298 1548 ρουσαω

231 1563 268 1596 η’.
284 1560 339 1587 Καὶ
353 1560 370 1595 ἡ
393 1559 443 1595 μὲν
462 1558 537 1595 αὒτῷ
552 1557 602 1594 τὴν
621 1557 714 1591 δεξιὰν
727 1557 822 1594 ιπείχε
836 1557 932 1594 θηλὴν,
949 1557 988 1589 ὡς

196 1605 251 1634 ὑπὸ
271 1604 319 1632 τοῦ
350 1604 638 1650 Προδρόμουῌείρητο,
651 1604 700 1650 καὶ
725 1603 860 1650 ταύτῃᾼτδ
886 1603 989 1650 βρέφος
1002 1619 1025 1650 c

196 1650 347 1686 ιτιθηνιϊτο
360 1658 367 1666 ·
383 1649 489 1684 ὀλίγαις
503 1648 533 1676 δὶ
550 1648 664 1686 ὕστερον
676 1649 797 1685 ἡμέραις
814 1648 903 1677 ιννοια
917 1649 991 1684 γίνε-

195 1705 242 1724 ται
257 1697 290 1732 τῇ
305 1696 400 1732 μητρὶ,
417 1695 466 1723 καὶ
476 1695 526 1731 τὴν
539 1694 683 1731 εὐώνυμον
697 1694 774 1730 αὺτῷ
789 1695 925 1730 ἐπισχεῖν,
943 1695 991 1722 καὶ

197 1743 266 1778 δῆτα
289 1742 415 1778 δεόμενον
442 1742 534 1769 ίδοῠσα
561 1740 656 1776 θηλῆς,
669 1741 716 1767 τδν
728 1740 875 1777 ἀριστερὸν
897 1740 991 1776 ἐπέχει

199 1787 313 1825 μαστόν.
323 1787 380 1815 Καὶ
389 1786 420 1814 τὸ
429 1787 479 1823 μὲν
488 1787 537 1822 οὐχ
548 1785 662 1822 ἥπτετο,
669 1785 737 1813 ἀλλὰ
747 1785 989 1822 κλαυθμυριζόμε-

198 1842 244 1860 νον
254 1832 452 1869 ἁπεστρέφετο·
468 1831 517 1868 ἠδ’
529 1831 647 1866 ιπέμενε
665 1830 766 1867 μᾶλλον
779 1830 925 1867 ἐπέχουσα.
948 1830 992 1863 Ὦς

198 1878 227 1905 δὲ
244 1878 322 1906 τοῦτο
336 1878 428 1905 πᾶσαν
443 1877 553 1913 εκείνην
570 1877 715 1913 παρέτεινε
739 1876 833 1912 σχεδὸν
847 1875 898 1913 τὴν
920 1876 992 1912 ἡμέ-

200 1932 261 1960 ραν,
276 1923 324 1951 καὶ
347 1923 378 1950 τὺ
399 1923 507 1950 παιδίον
529 1923 663 1959 ἄγευστον
685 1922 770 1960 θηλῆς
796 1922 992 1958 διεμεμενήχει

199 1971 250 2005 τῆς
263 1969 361 2001 νυκτὸς
374 1969 483 2004 δκείνης
500 1970 544 2005 (Ὦ
559 1968 618 2000 πῶς
634 1977 682 1996 σου
698 1968 733 1996 τὰ
746 1968 888 2005 θαυμάσια
899 1989 907 2002 ,
923 1969 993 2005 Χρι-

201 2016 258 2048 uti,
273 2015 443 2051 διηγήσομαι
457 2015 478 2051 l)
495 2014 669 2042 συστέλλεται
681 2015 715 2050 τῇ
731 2015 817 2050 μητρὶ
832 2015 863 2042 τὸ
876 2014 993 2042 διοιδοῦν

201 2061 249 2089 καὶ
279 2061 431 2096 ἀνεστηκδς
461 2059 507 2087 τοῦ
532 2059 675 2095 εὐωνύμου
706 2059 823 2095 μαστοῦ,
838 2061 890 2088 είτ*
911 2057 960 2088 οὖν
979 2061 993 2088 ό

202 2106 428 2142 ὐποπιπλάμενος
440 2105 488 2133 τοῦ
511 2105 651 2141 γάλακτος
666 2105 779 2138 κόλπος,
796 2106 847 2132 καὶ
864 2105 994 2133 ὐπολεαί-

201 2162 276 2181 νεται
295 2153 343 2180 καὶ
355 2152 524 2188 ξηραίνεται.
544 2151 592 2179 καὶ
608 2151 725 2188 ἀνδρείῳ
734 2151 766 2178 τὸ
782 2151 837 2179 πᾶν
853 2151 900 2180 ῐσα
918 2152 993 2187 γίνε-

201 2207 266 2226 ται·
279 2200 294 2226 ό
308 2198 397 2231 δεξιὸς
413 2198 452 2231 δὲ,
466 2197 505 2229 ὡς
533 2197 582 2225 καὶ
607 2196 741 2233 πρότερον
765 2195 850 2233 εῖχεν,
870 2197 996 2234 ἀφθόνως

202 2245 331 2282 θηλάζειν
345 2244 376 2272 τδ
397 2243 504 2272 παιδίον
529 2244 690 2279 δυνάμενος.
704 2242 853 2280 Μάρτυρες
868 2243 916 2270 τοῦ
932 2251 996 2270 τοσ-

202 2291 281 2319 ούτου
293 2291 433 2327 θαύματος
449 2290 511 2317 ὅσαι
524 2289 580 2317 τῶν
595 2289 734 2324 γυναικῶν
761 2289 936 2324 ιγγειτόνων,
951 2286 996 2321 αἷς
1008 2293 1036 2324 1)

203 2338 221 2374 ἡ
235 2337 330 2364 τούτου
361 2337 464 2372 μήτηρ,
481 2335 585 2371 χλωρδν
601 2335 654 2362 ὑπὸ
681 2335 760 2368 δέους
780 2334 885 2371 δρῶσα,
900 2334 948 2362 τόν
965 2343 994 2362 τε

204 2382 307 2420 μαστὸν
322 2382 423 2414 εὐθέως
434 2381 550 2414 ἐδείκνυ,
564 2381 611 2408 καὶ
620 2380 671 2416 τὴν
688 2380 778 2408 αἰτίαν
789 2380 961 2417 ὲπεξηγεϊτο.

240 2429 272 2456 θ’.
289 2428 382 2460 Διετες
400 2427 429 2454 δε
447 2426 559 2462 γεγονὸς
574 2427 605 2454 τὺ
624 2427 731 2455 παιδίον
745 2427 775 2454 ἑν
792 2426 831 2463 τῷ
855 2427 903 2455 τοῦ
925 2428 998 2464 Προ-

203 2473 305 2509 δρόμου
318 2471 385 2508 ναῷ,
400 2471 472 2499 κατὰ
483 2472 534 2507 τὴν
551 2471 656 2498 ἐκείνου
670 2472 853 2508 προφητείαν,
885 2472 923 2500 τδί
946 2472 998 2508 βά-

204 2527 312 2555 πτισμα
334 2519 455 2555 διχεται,
471 2518 520 2545 καὶ
536 2517 650 2554 Συμεὼν
663 2517 813 2554 ἐπικληθὲν
843 2518 948 2548 ᾶνεισιν
965 2521 999 2549 ἐκ

204 2563 253 2592 τοῦ
269 2564 375 2597 ὕδατος.
395 2564 503 2592 Γίνεται
513 2564 542 2591 δέ
555 2573 581 2591 τι
593 2563 687 2599 θαῦμα
703 2565 768 2600 περὶ
780 2565 847 2592 αὐτὸ
862 2565 912 2593 τοῦ
928 2575 998 2602 προ-

205 2611 287 2646 τέρου
311 2610 538 2647 παραδοξότερον.
576 2610 689 2646 Γλώττῃ
707 2611 761 2646 γὰρ
794 2612 875 2645 εὐθὺς
898 2613 1001 2649 ἤρξατο

205 2659 293 2695 τρανῇ
308 2657 409 2692 λέγειν,
423 2657 437 2684 δ
463 2657 510 2684 καὶ
526 2656 565 2692 τῷ
583 2656 723 2692 Βαπτιοτῇ
755 2657 856 2695 δηλαδὴ
882 2659 1002 2695 προηγό.

210 2712 300 2740 ρευτοι
315 2703 391 2739 Ἔχω
421 2703 529 2739 πατέρα
551 2702 600 2730 καὶ
614 2703 663 2730 οὐκ
678 2703 743 2738 ἔχω,
758 2703 814 2739 ἔχω
830 2704 938 2741 μητέρα
953 2705 1002 2733 καὶ

208 2750 260 2777 οὐκ
273 2750 347 2785 ἔχω·
360 2749 440 2776 τοῦτο
466 2749 495 2776 δὲ
527 2749 575 2776 καὶ
591 2750 620 2782 ἐς
640 2749 758 2785 ἑϐδόμην
782 2750 899 2786 ἐπέμενε
922 2753 1001 2788 λέγον

208 2795 328 2832 ἡμέραν,
346 2796 478 2831 σημαῖνον
507 2795 632 2822 ἐντεῦθεν
650 2795 700 2832 τὴν
726 2795 831 2822 οίκείαν
864 2795 918 2822 τῶν
942 2795 1003 2831 γητ-

209 2850 263 2869 νων
290 2842 406 2878 ἄρνησίν
433 2849 462 2869 τε
491 2842 538 2869 καὶ
563 2841 749 2879 ἀναχώρησιν,
776 2842 825 2869 καὶ
854 2842 903 2879 τὴν
934 2842 1004 2879 πρὸς

209 2887 244 2915 τὰ
266 2887 380 2924 οὐράνια
414 2887 516 2924 μᾶλλον
535 2888 672 2916 οίκείωσιν
693 2888 777 2916 αὑτοῦ
795 2888 842 2916 καὶ
859 2887 1002 2916 ἀνάϐασιν.

216 2933 260 2968 Ἐξ
275 2934 380 2963 ὶκεενον
393 2934 482 2963 τοίνυν
496 2935 591 2968 ὁσάκις
610 2936 626 2971 ἡ
653 2935 743 2971 μήτηρ
767 2935 855 2972 κρεῶν
886 2934 1005 2971 μεταλά-

694 219 784 253 VITA
801 219 826 250 A
844 213 1064 249 NICEPHORO
1083 212 1330 245 CONSCRIPTA.

1747 211 1819 245 299‘

1025 269 1188 302 revertitur,
1202 269 1276 296 intra
1288 271 1385 304 portas
1401 266 1557 296 Antiochia:
1573 267 1674 302 sitam;
1689 269 1818 299 accedit-

1025 323 1080 352 que
1095 315 1129 343 ad
1146 315 1288 348 maritum,
1301 321 1412 350 operam
1423 313 1537 343 dantem
1550 313 1665 342 lectioni
1675 314 1819 350 cujusdam

1026 361 1101 393 libri,
1126 360 1314 389 narrationem
1350 359 1385 388 de
1412 367 1494 389 sacro
1516 359 1702 389 Praecursoris
1729 359 1820 395 capite

1026 406 1213 440 continentis;
1227 414 1284 442 quo
1303 405 1411 435 scilicet
1424 411 1510 442 pacto
1535 407 1684 434 thesaurus
1700 405 1758 439 ille,
1771 405 1820 436 in—

1027 453 1118 490 dignis
1135 453 1188 481 sub
1204 457 1276 481 terra
1296 453 1422 481 tenebris
1435 453 1584 481 abstrusus
1605 453 1732 486 latitans,
1757 456 1820 482 tan-

1027 499 1090 527 dem
1105 498 1170 527 inde
1182 497 1303 527 eductus
1318 498 1366 526 sit.
1385 497 1546 534 Symbolum
1567 497 1595 526 id
1611 505 1664 534 ego
1675 497 1822 526 existima-

1028 554 1104 574 vero»
1123 545 1279 583 prophetia:
1304 545 1415 573 mulieri
1445 544 1646 578 denuntiata,
1665 545 1741 580 quod
1775 543 1822 573 hic

1028 600 1138 628 quoque
1151 600 1282 629 magnum
1297 591 1412 627 aliquod
1428 591 1496 620 huic
1523 591 1630 620 mundo
1644 591 1751 620 bonum
1774 598 1823 626 ap-

1029 638 1171 674 pariturus
1195 642 1280 667 esset.
1307 638 1395 674 Igitur
1417 638 1520 666 marito
1543 637 1680 671 assidens,
1707 636 1822 665 lectioni

1030 683 1170 720 praebebat
1182 692 1281 718 aures;
1299 691 1353 720 qua
1371 683 1462 717 ﬁnita.
1477 683 1623 712 recordata
1638 682 1756 711 visionis
1766 690 1823 710 sua:

1030 729 1164 766 repletam
1181 728 1280 758 timore
1290 727 1448 766 gaudioque
1470 734 1594 757 mentem
1614 728 1761 757 continere
1775 735 1825 755 nc-

1030 776 1147 813 quibat:
1167 776 1216 805 sed
1229 776 1389 805 luctuosum
1409 776 1477 812 quid
1502 777 1632 805 evenisse
1649 775 1705 804 sibi
1719 776 1826 803 lamen-

1032 823 1116 851 tando
1136 822 1294 857 simulabat,
1323 827 1355 851 ut
1375 830 1412 851 ne
1428 830 1539 851 causam
1567 822 1741 859 percontanti
1760 828 1821 849 mav

1033 869 1088 897 rito
1113 868 1238 897 revelare
1268 867 1464 904 respondendo
1485 872 1649 904 cogeretur,
1675 875 1773 897 verum
1796 867 1825 895 in

1035 913 1223 950 penetralibus
1251 913 1346 942 cordis
1373 921 1436 950 qua
1463 913 1572 944 viderat
1601 913 1732 942 conclusa
1757 913 1827 941 retis

1032 965 1121 990 nerei.
1136 961 1224 991 Porro
1239 961 1285 990 illa
1299 960 1361 989 viro
1384 967 1535 997 congressa
1561 960 1655 988 statim
1685 959 1825 996 concepit,

1032 1008 1073 1036 uti
1087 1007 1253 1044 praedixerat
1265 1011 1378 1036 sanctus
1390 1007 1531 1041 Joannes;
1547 1006 1788 1041 conservabatque
1796 1014 1827 1034 se

1033 1051 1109 1080 omni
1124 1051 1152 1078 in
1162 1051 1234 1084 loco,
1250 1058 1307 1079 non
1319 1059 1402 1083 secus
1415 1059 1448 1079 ac
1462 1051 1485 1079 si
1495 1058 1545 1080 vas
1556 1051 1699 1087 quoddam
1715 1058 1826 1079 sacrum

1033 1097 1130 1126 ferret:
1142 1104 1175 1125 ac
1186 1097 1282 1126 multis
1298 1097 1424 1134 quidem,
1447 1098 1550 1134 quibus
1561 1097 1728 1131 conﬁdebat,
1743 1102 1827 1133 atque

1035 1143 1172 1180 imprimis
1187 1144 1288 1172 marito
1300 1144 1369 1172 satis
1394 1143 1541 1173 manifeste
1564 1143 1707 1172 indicabat
1726 1143 1828 1179 sapius

1034 1190 1149 1219 virilem
1179 1198 1210 1219 se
1233 1190 1322 1219 fetum
1347 1195 1457 1227 gestare
1487 1195 1578 1224 utero,
1606 1190 1688 1226 eique
1725 1183 1828 1218 nomen

1035 1236 1155 1273 Symeon
1167 1236 1379 1272 imponendum.
1392 1232 1452 1265 lam
1466 1243 1534 1265 vero
1549 1236 1661 1272 expleto
1678 1235 1830 1272 gravidita-

1037 1282 1074 1310 tis
1084 1288 1220 1317 tempore,
1237 1290 1294 1311 non
1307 1283 1391 1312 modo
1408 1282 1479 1310 nihil
1496 1281 1673 1318 aegritudinis
1686 1289 1720 1310 ex
1735 1286 1829 1317 partu,

1036 1332 1119 1362 prout
1130 1326 1500 1364 reinaturafert,persensit,
1518 1327 1566 1356 sed
1597 1328 1689 1356 omnis
1715 1328 1831 1356 omnino

1037 1373 1141 1404 doloris
1152 1381 1252 1410 expers
1279 1373 1360 1402 enixa
1380 1378 1436 1402 est.
1459 1373 1676 1410 Quadragesima
1699 1374 1801 1403 deinde
1815 1382 1831 1402 a

1037 1424 1119 1456 partu
1143 1419 1188 1448 die
1215 1419 1349 1448 infantem
1380 1420 1410 1448 in
1440 1421 1531 1449 sancti
1558 1420 1674 1449 Joannis
1701 1421 1832 1456 Baptista:

1038 1466 1172 1502 templum
1188 1465 1315 1499 adducit,
1331 1466 1477 1494 redditura
1492 1467 1621 1502 eumdem
1648 1467 1831 1503 quemadmo-

1038 1514 1104 1542 dum
1116 1516 1273 1548 acceperat,
1284 1513 1398 1547 Deoque
1413 1511 1505 1540 datori
1515 1517 1724 1540 consecratum.

1076 1557 1103 1584 8.
1129 1557 1262 1584 Dextrum
1276 1563 1362 1592 porro
1381 1556 1463 1589 uber.
1479 1556 1518 1583 uti
1545 1556 1580 1584 ab
1606 1556 1706 1585 eodem
1737 1562 1834 1585 sancto

1041 1603 1147 1631 dictum
1164 1607 1234 1635 erat.
1245 1603 1271 1630 ei
1285 1602 1438 1638 praebebat,
1456 1609 1489 1631 ac
1506 1602 1713 1631 nutrimentum
1734 1611 1836 1640 suppe-

1041 1648 1157 1677 ditabat.
1172 1648 1273 1676 Paucis
1288 1655 1354 1677 vero
1368 1653 1432 1684 post
1461 1648 1561 1677 diebus
1576 1648 1605 1677 in
1620 1655 1742 1678 mentem
1759 1651 1836 1679 venit

1042 1695 1134 1728 matri,
1149 1694 1269 1722 sinistrae
1278 1701 1389 1730 quoque
1400 1701 1528 1722 mammae
1538 1695 1687 1724 admovere
1699 1704 1835 1731 puerum;

1041 1746 1125 1776 atque
1140 1740 1211 1769 adeo
1227 1744 1387 1776 poscentem
1405 1739 1492 1768 ubera
1515 1748 1546 1769 re
1562 1741 1621 1776 ipsa
1636 1741 1785 1770 admovet:
1807 1747 1837 1770 at

1042 1787 1090 1815 ille
1102 1790 1215 1822 tangere
1227 1794 1360 1819 renuens,
1374 1786 1543 1822 ploransque
1557 1786 1659 1815 faciem
1682 1788 1844 1816 avertebatt

1042 1831 1112 1860 Cum
1127 1836 1220 1859 autem
1236 1836 1326 1860 mater
1342 1837 1547 1867 perseveraret,
1570 1837 1684 1869 totoque
1704 1841 1775 1869 pene
1791 1835 1840 1862 illo

1043 1876 1089 1905 die
1101 1876 1170 1904 uber
1181 1876 1326 1905 sinistrum
1345 1877 1512 1913 porrigeret,
1525 1883 1555 1906 et
1566 1885 1636 1914 puer
1648 1879 1733 1907 etiam
1757 1884 1840 1907 nocte

1043 1922 1113 1951 nihil
1141 1922 1259 1950 materni
1281 1922 1361 1950 lactis
1386 1927 1525 1958 gustasset
1540 1924 1690 1959 (quomodo
1711 1925 1842 1961 prodigia

1044 1967 1154 1996 Domini
1176 1967 1354 2002 enarraboi),
1370 1968 1546 1996 contrahitur
1565 1971 1648 1998 matri
1684 1970 1838 1999 distentum

1044 2019 1128 2051 atque
1145 2015 1280 2043 tumidum
1294 2015 1365 2043 lacte
1379 2015 1450 2043 uber
1463 2016 1626 2050 sinistrum;
1641 2021 1670 2044 et
1681 2017 1760 2045 sinus
1776 2023 1840 2046 ante

1044 2059 1242 2096 protuberaus,
1259 2060 1359 2094 mollis,
1375 2059 1471 2088 aridus
1497 2065 1526 2088 et
1537 2061 1612 2089 virili
1624 2062 1740 2090 omnino
1764 2063 1842 2090 simi-

1045 2106 1081 2135 lis
1096 2105 1233 2134 etiicitur:
1255 2106 1353 2135 dexter
1363 2114 1441 2140 vero,
1457 2107 1498 2135 uti
1511 2107 1599 2142 prius,
1615 2108 1754 2136 retinebat
1773 2109 1842 2137 alfa-

1031 2151 1108 2185 -tim,
1139 2151 1214 2179 unde
1239 2158 1309 2186 puer
1337 2151 1439 2179 nutriri
1465 2156 1568 2187 posset.
1589 2152 1688 2181 Testes
1712 2154 1752 2181 rei
1786 2158 1841 2182 tam

1047 2196 1219 2225 admirabilis
1229 2202 1304 2230 sunt,
1315 2201 1451 2233 quotquot
1459 2198 1488 2226 in
1505 2197 1603 2228 vicinia
1616 2199 1761 2233 mulieres;
1779 2200 1843 2235 qui-

1046 2243 1099 2272 bus
1108 2247 1198 2271 mater
1210 2251 1267 2279 pra:
1276 2243 1444 2271 verecundia
1465 2244 1636 2272 erubesuens
1663 2245 1730 2273 illud
1749 2246 1841 2281 ipsum

1049 2289 1118 2320 uber
1129 2288 1305 2322 monstravit,
1325 2295 1357 2317 ac
1369 2291 1453 2324 gestae
1467 2288 1507 2318 rei
1523 2289 1625 2318 seriem
1649 2291 1789 2326 eiposuitt

1089 2419 1116 2448 9.
1132 2418 1268 2448 Caterum
1289 2422 1384 2453 postea
1400 2424 1483 2454 quam
1497 2415 1650 2445 biennium
1662 2415 1851 2450 compleverat

1049 2474 1130 2504 puer.
1139 2467 1167 2494 in
1177 2466 1233 2494 divi
1244 2462 1591 2496 Praecursorisaedcn‘eluti
1600 2461 1635 2490 ab
1641 2461 1736 2490 eodem
1745 2459 1849 2487 dictum

1051 2517 1123 2546 erat,
1134 2519 1215 2541 sacro
1230 2510 1404 2547 baptismatis
1417 2510 1540 2538 abluitur
1553 2509 1639 2540 ionte,
1657 2515 1689 2535 ac
1704 2505 1851 2543 Symconis

1052 2558 1164 2586 nomine
1174 2557 1324 2593 insignitus
1333 2556 1396 2584 inde
1404 2548 1643 2590 emergit.Aecidit
1652 2553 1705 2580 hoc
1714 2553 1774 2588 ipso
1786 2555 1851 2579 tem-

1052 2611 1121 2640 pore
1129 2603 1284 2639 prodigium
1293 2602 1430 2638 quoddam
1439 2600 1632 2629 admirabilius
1643 2599 1743 2635 priere.
1754 2597 1852 2625 Conti-

1053 2657 1109 2678 nuo
1121 2657 1240 2685 namque
1250 2649 1325 2676 clara
1334 2647 1490 2684 voce(quod
1502 2647 1591 2682 ipsum
1614 2653 1726 2682 quoque
1738 2649 1853 2673 sanctus

1053 2694 1174 2723 Joannes
1189 2693 1382 2730 praedixerat),
1401 2692 1528 2728 proloqui
1547 2692 1712 2727 incipiebat:
1724 2690 1774 2718 Est
1785 2689 1853 2716 milii

1054 2744 1173 2776 pater,et
1182 2747 1236 2768 non
1246 2744 1303 2769 est:
1314 2739 1434 2768 estmibi
1446 2742 1575 2772 mater,et
1583 2746 1638 2766 non
1647 2741 1691 2766 est
1699 2745 1707 2770 ;
1714 2736 1854 2766 eumdem-

1055 2794 1108 2822 que
1120 2787 1148 2814 in
1159 2787 1305 2822 septimam
1315 2793 1403 2821 usque
1411 2785 1482 2813 diem
1491 2784 1672 2813 continuabat
1685 2790 1854 2815 sermonem,
1879 2813 1881 2816 ι

1055 2833 1228 2870 signiﬁcatis,
1250 2841 1280 2862 se
1291 2833 1353 2861 dein
1364 2832 1449 2860 rebus
1459 2831 1578 2860 terrenis
1590 2830 1686 2858 nuntio
1698 2829 1826 2862 remisso,
1840 2835 1855 2854 τι

1056 2881 1171 2916 strepitu
1192 2881 1284 2917 populi
1305 2886 1484 2908 recessurum
1496 2899 1503 2911 ,
1522 2878 1740 2912 caelestibusque
1755 2875 1855 2904 melius

1056 2928 1211 2961 intentum,
1235 2935 1266 2955 eo
1290 2931 1346 2955 tota
1364 2929 1456 2955 mente
1472 2931 1663 2955 asconsurum.
1682 2922 1808 2951 Proiecto
1821 2928 1856 2949 co
