2138 3258
201 239 271 272 3009

200 295 334 331 διαλέκτῳ
348 296 470 323 καλεῖται
485 318 492 328 ,
515 296 602 328 πάσας
621 295 658 328 ὡς
673 295 762 322 ἐδόκει
778 293 869 325 καλῶς
884 293 934 326 τὰς
949 293 996 321 ὑπ’
1008 296 1028 324 Α

201 341 284 368 αὑτὸν
298 341 444 376 φάλαγγας
460 340 623 377 ἐξαρτύσας,
636 339 752 376 δευτέρᾳ
766 339 874 375 φυλακῇ
889 339 940 373 τῆς
953 347 996 366 νυ·

201 387 264 418 mh,-
281 387 473 423 ἐπιστρατεύει
489 387 529 422 τῷ
540 387 664 422 Συμεὼν,
683 388 730 415 καὶ
743 387 790 413 τὸν
806 386 997 421 γεγλυμμένον

200 434 409 469 αὐτίκαμόδιον
422 434 492 468 ἄρας
504 434 573 468 αὐτῇ
592 433 705 469 μελωπῇ
722 453 729 465 ,
741 433 838 468 ἀφίησι
858 431 930 458 κατὰ
947 429 996 458 τοῦ

200 479 338 513 κρημνοῦ.
363 478 444 511 Δεξιά
466 479 495 505 δὲ
518 479 623 514 Κυρίου
639 479 720 510 εὐθὺς
737 478 781 505 ἐπ’
796 478 891 510 αὑτὸν,
919 477 996 510 δεξιά

200 527 305 561 Κυρίου
323 527 440 553 ποιοῦσα
455 526 585 561 δύναμιν·
602 527 676 553 καὶὸ
692 527 741 562 μὲν
754 526 872 557 ἁκλινῶς
885 526 930 551 ἐπὶ
947 525 997 559 τῆς

201 571 307 607 βάσεως
329 572 416 603 ἑστὼς
432 572 478 599 καὶ
498 573 719 608 προσευχόμενος
733 570 784 603 ἦν·
799 572 814 598 ό
831 571 859 609 δὲ
875 571 997 607 ὄμϐρους

200 618 256 644 ἀπὸ
272 618 321 653 τῆς
344 617 484 654 θαλάσσης
505 619 553 645 καὶ
576 619 706 654 ἀνέμους,
731 619 778 645 καί
799 618 924 652 τυφῶνας
949 617 997 644 καὶ

200 664 373 699 πρηστῆρας.
402 664 449 692 καὶ
471 664 632 698 καταιγίδας
662 663 767 693 ὲκίνει’.
795 663 936 698 ἀστραπαί
966 672 996 695 τε

201 709 329 745 διάπυροι
355 710 402 737 καὶ
416 710 576 746 φλογώδεις,
603 711 651 737 καὶ
677 710 788 746 βρονταὶ
815 710 923 746 βαρεῖαι
947 710 995 737 καὶ

200 752 318 792 σκληραὶ
339 756 552 792 ὲξερῤήγνυντο,
565 756 604 788 ὡς
621 757 658 791 μὴ
674 757 725 788 τὰς
737 755 827 791 ψυχὰς
849 756 930 791 μόνον
947 756 995 783 ἐκ·

201 802 370 837 τεταράχθαι
386 802 449 834 τοὺς
467 802 602 837 μοναχοὺς
619 801 687 828 ἀλλά
701 802 748 827 καὶ
763 801 797 827 τὰ
810 799 868 827 ὢτα
882 800 995 832 τούτους

198 847 448 882 ὲκκεκωφωμένοις
472 847 677 882 προσεοικέναι.
701 847 730 873 ὐ
754 846 804 881 μὲν
820 844 867 873 οὖν
881 845 995 882 Συμεὼν

198 892 348 927 ἀκλόνητός
357 901 386 918 τε
400 893 447 919 καὶ
458 891 672 928 ἀπερίτρεπτος,
685 892 716 918 οὒ
731 891 813 926 σῶμα
826 891 916 926 μόνον,
926 890 996 919 ἀλλά

198 938 247 964 καὶ
259 938 321 966 νοῦν
336 938 406 974 πρὸς
417 938 587 974 τηλικαύτας
604 938 698 965 ἵστατο
711 937 783 973 βίας.
1007 962 1028 991 Β

235 1022 292 1051 κς’.
309 1019 339 1046 '0
352 1019 381 1046 δὲ
404 1019 476 1053 θεῖος
495 1021 626 1058 Ἰωάννης
643 1023 775 1051 ὲκόπτετο
797 1024 832 1052 τά
849 1025 992 1061 σπλάγχνα

200 1064 265 1098 περὶ
284 1064 378 1098 αὐτοῦ,
390 1065 506 1093 ἀστακτὶ
530 1067 658 1103 δακρύων
670 1089 677 1102 ,
692 1069 741 1096 καὶ
767 1071 831 1102 τοὺς
857 1073 992 1107 μοναχοὺς

202 1107 318 1135 καθ’ἓνα
328 1117 356 1136 τε
370 1108 498 1148 καὶκοινῇ
510 1113 665 1147 συγκαλῶν.
684 1115 716 1142 Οἱ
736 1108 764 1143 ἑὲ
783 1116 822 1151 τῷ
842 1118 992 1154 παραλόγῳ

200 1155 249 1188 τῆς
264 1154 323 1188 βίας
341 1156 576 1192 καταπλαγέντες,
594 1159 654 1186 οὐδὲ
671 1161 874 1196 ἀποκρίνασθαι
891 1161 943 1190 οἶοί
963 1172 992 1190 τε

199 1196 286 1234 ἦσαν’
305 1200 362 1227 ἀλλ’
377 1201 393 1236 ἢ
413 1202 464 1236 μὲν
474 1203 650 1232 ἀποθανεῖται
667 1205 725 1237 νῦν,
740 1206 843 1240 ἔλεγον,
864 1208 932 1243 πρὸς
948 1209 993 1237 ἀλ-

201 1244 309 1278 λήλους,
319 1248 332 1273 ό
344 1247 468 1282 Συμεών.
481 1247 548 1276 Εἶτα
560 1251 607 1277 καὶ
619 1251 654 1278 τὰ
666 1252 698 1278 ἐκ
709 1252 756 1279 τοῦ
774 1254 894 1289 πονηροῦ
911 1264 994 1290 προσ-

201 1290 333 1318 ετίέσαν.
353 1292 408 1319 Ποῦ
421 1295 563 1331 ,φηοὶν,ἠ
585 1297 656 1332 ὑπὲρ
681 1297 826 1333 ἄνθρωπον
848 1300 932 1327 αὐτοῦ
950 1310 995 1328 πο-

201 1334 288 1362 λιτεὲα
304 1344 312 1367 ',
327 1337 380 1364 ποῦ
414 1338 430 1373 ἡ
457 1340 507 1375 τῆς
539 1342 684 1377 ἀσκήσεως
715 1344 812 1378 μανίας
832 1345 914 1381 ποῡή
939 1347 994 1373 τῶν

201 1380 350 1417 θαυμάτων
362 1384 495 1417 ἐπίδειξις
513 1395 520 1418 ;
541 1387 622 1419 αὐτὸς
647 1390 816 1424 παραστήτω
833 1390 880 1417 νῦν
906 1392 995 1428 ἑαυτῷ

203 1425 310 1461 βοηθὸς,
324 1428 406 1460 αὐτὸς
421 1428 468 1456 τὸν
487 1430 557 1466 ὑπὲρ
573 1432 695 1468 κεφαλῆς
708 1434 844 1470 διαδράτω
859 1425 993 1466 κίνδυνον.

202 1471 266 1520 Τοιῖ⁸
275 1473 298 1499 δ’
310 1472 357 1500 οὖν
375 1475 500 1502 Ἰωάννου
514 1477 551 1512 μὴ
565 1478 701 1511 ἀνιέντος,
715 1480 782 1507 ἀλλὰ
804 1490 869 1508 συντ
876 1483 953 1510 ,νωτέ
958 1492 994 1520 ρᾳ

203 1517 304 1551 μᾶλλον
312 1518 351 1545 ἑτι
362 1519 409 1546 καὶ
421 1520 645 1558 περιπαθεστέρᾳ
655 1524 688 1559 τῇ
699 1526 774 1560 φωνῇ
784 1526 935 1561 χρωμένου,
948 1517 992 1554 Mi

201 1561 233 1589 δὲ
247 1563 296 1598 μία
311 1572 353 1591 σοι
366 1565 401 1592 δι’
414 1566 463 1601 ἐμὲ
478 1565 562 1602 λῦπη,
578 1568 680 1604 Πάτερ,
697 1570 764 1606 μηδὲ
777 1572 897 1607 φροντὶς,
909 1573 923 1599 ό
937 1572 991 1598 Συ-

713 238 801 268 VITA
819 239 843 268 A
861 234 1081 268 NICEPHORO
1098 234 1257 266 CONSCR]
1265 235 1342 266 ΡΤᾹ-

1765 236 1838 270 3010

1044 298 1101 322 stra
1124 293 1219 330 lingua
1244 294 1398 322 December
1417 299 1606 330 nuncupatur,
1635 293 1766 324 omnibus
1795 298 1837 327 (ut

1041 341 1152 376 quidem
1169 341 1327 376 videbatur)
1342 340 1526 376 phalangibus
1542 341 1699 373 instructis,
1715 343 1837 371 secunda

1041 387 1132 415 noctis
1147 387 1251 423 vigilia,
1265 387 1391 414 adoritur
1415 387 1600 422 Symconem;
1624 388 1772 423 subitoque
1788 397 1838 416 cx-

1041 438 1167 460 cavatum
1197 432 1330 466 modium,
1356 439 1420 459 eum
1449 432 1507 467 ipsa
1531 432 1602 467 pelle
1624 428 1778 468 arreptum,
1807 435 1836 462 in

1041 486 1163 514 praaceps
1178 478 1234 506 dat.
1255 479 1372 506 Dextera
1386 482 1480 505 autem
1505 477 1615 505 Domini
1632 480 1766 507 continuo
1785 480 1838 507 fuit

1041 532 1124 559 Super
1138 525 1238 559 ipsum,
1253 524 1366 551 dextera
1378 524 1488 551 Domini
1504 523 1609 551 faciens
1621 524 1766 555 virtutem;
1779 525 1839 560 ipse

1041 570 1178 605 siquidem
1194 571 1325 597 immotus
1339 571 1429 598 stabat
1444 578 1527 605 supra
1544 571 1713 604 columnam.
1725 572 1839 599 orabat-

1042 623 1114 651 que;
1139 615 1246 643 daemon
1263 623 1330 643 vero
1353 623 1368 642 a
1396 615 1465 642 mari
1500 615 1614 647 imbres,
1642 619 1751 648 ventos,
1776 624 1839 650 pro~

1041 661 1135 693 cellas,
1149 661 1276 688 turbines
1288 661 1383 696 igneos
1395 669 1427 688 ac
1437 665 1616 698 tempestates
1629 661 1730 692 ciebat.
1746 661 1839 689 fulmi-

1041 714 1132 741 naque
1156 707 1326 734 inﬂammata
1342 712 1370 734 et
1395 707 1500 742 ignita:
1521 712 1548 734 et
1565 708 1686 735 tonitrua
1702 712 1757 735 tam
1772 709 1839 735 hor-

1041 753 1128 781 renda
1153 757 1237 788 atque
1264 752 1372 788 fragosa
1395 753 1591 788 erumpebant,
1621 757 1650 780 ut
1673 761 1729 780 non
1756 753 1840 780 modo

1042 800 1107 827 totis
1117 800 1234 827 artubus
1242 800 1491 827 contremiscerent
1501 800 1640 832 monachi,
1650 807 1745 827 verum
1754 800 1839 828 etiam

1042 846 1190 874 surdorum
1208 845 1295 873 instar
1308 845 1377 872 nihil
1393 845 1509 872 auribus
1530 845 1777 880 persentiscerent.
1794 845 1839 872 ln-

1042 896 1119 920 terca
1131 891 1260 927 Symeon,
1278 892 1459 919 inconcussus
1471 899 1503 919 ac
1518 891 1696 919 circumverti
1715 892 1838 925 nescius,

1042 945 1099 965 non
1112 945 1230 973 corpore
1247 942 1364 970 tantum,
1377 937 1427 965 sed
1437 937 1480 965 vel
1493 937 1613 965 maxime
1625 938 1728 970 animo,
1744 937 1841 965 adver-

1043 991 1091 1012 sus
1106 983 1168 1011 illos
1182 984 1302 1019 impetus
1316 984 1418 1012 stabat.

1079 1029 1125 1057 26.
1147 1024 1264 1057 Divinus
1276 1030 1389 1058 interim
1412 1030 1536 1058 Joannes
1563 1029 1744 1058 cruciabatur
1775 1030 1841 1058 inti-

1043 1075 1097 1103 mis
1111 1075 1267 1104 visceribus
1282 1075 1428 1112 Symeonis
1462 1084 1559 1108 causa,
1585 1076 1712 1103 ubertim
1743 1076 1838 1112 lacry-

1043 1128 1135 1154 mans,
1152 1122 1362 1156 monachosque
1377 1122 1406 1149 in
1422 1130 1508 1149 unum
1540 1121 1653 1156 publice
1679 1127 1814 1150 convocat
1831 1131 1838 1149 :

1044 1168 1092 1202 qui
1106 1167 1258 1202 inopinatae
1287 1168 1463 1203 tempestatis
1492 1167 1626 1196 violentia
1653 1169 1839 1201 consternati.

1044 1213 1114 1240 nihil
1127 1213 1193 1241 dare
1209 1214 1335 1249 responsi
1346 1218 1476 1249 poterant
1487 1214 1631 1247 universi;
1650 1214 1698 1242 sed
1716 1215 1788 1242 inter
1799 1222 1840 1248 se,

1045 1259 1106 1286 .Iam
1123 1259 1194 1287 forte
1208 1259 1329 1295 Symeon
1351 1265 1441 1288 morte
1466 1260 1641 1292 occubuerit,
1663 1260 1840 1295 inquiebant.

1045 1304 1150 1332 Deinde
1162 1305 1248 1333 etiam
1265 1306 1392 1341 quzedam
1405 1314 1420 1334 e
1437 1306 1560 1341 pessimo
1587 1305 1713 1341 profecta
1740 1306 1841 1341 spiritu

1045 1350 1223 1386 adjiciebant,
1242 1351 1368 1380 dicentes
1383 1361 1389 1379 :
1405 1352 1457 1380 Ubi
1468 1360 1544 1380 nunc
1554 1353 1733 1381 conversatio
1763 1353 1842 1381 illius

1046 1395 1169 1424 humana
1195 1397 1365 1425 sublimior?
1382 1399 1429 1426 ubi
1451 1399 1521 1426 illud
1548 1398 1677 1426 insanum
1703 1400 1842 1427 exercita-

1046 1442 1131 1470 tionis
1144 1443 1252 1478 genus?
1267 1443 1316 1471 ubi
1332 1445 1485 1472 ostentatio
1493 1445 1687 1481 prodigiorum
1699 1446 1726 1478 γ,
1738 1445 1842 1479 Opitu-

1046 1487 1121 1516 letur
1135 1496 1211 1516 nunc
1226 1490 1281 1518 sibi
1304 1491 1374 1526 ipse,
1391 1496 1420 1518 et
1447 1493 1604 1527 periculum
1634 1501 1650 1520 a
1682 1493 1773 1528 capite
1790 1501 1842 1521 suo

1046 1534 1204 1562 amoltatur.
1221 1535 1297 1563 Inter
1308 1536 1368 1564 haec
1389 1537 1495 1565 Joanne
1526 1538 1634 1565 nullum
1652 1538 1765 1566 dolendi
1782 1546 1844 1567 mo-

1047 1579 1115 1607 dum
1132 1579 1263 1613 faciente,
1274 1581 1324 1609 sed
1338 1582 1427 1618 magis
1440 1582 1526 1610 etiam
1540 1583 1650 1611 intonsa
1671 1591 1704 1611 ac
1730 1584 1843 1620 lugubri

204 1607 277 1665 μξὼν
299 1610 476 1665 ἀποκρίνεται
495 1620 503 1627 ·
519 1613 532 1639 ό
548 1613 599 1648 μὲν
620 1613 675 1648 γὰρ
702 1615 798 1651 ἐχθρὸς
823 1617 996 1653 κατήργηται
1011 1629 1032 1659 c

1275 1607 1323 1609 ψ
1339 1607 1426 1618 κρυ.-
1443 1607 1526 1610 ψ---
1541 1607 1650 1611 .-.ηηη
1671 1607 1704 1611 --
1732 1607 1842 1620 .-ο--.-

1011 1629 1032 1659 c
1048 1634 1117 1654 voce
1134 1633 1318 1662 personante,
1344 1636 1508 1664 responsum
1530 1629 1676 1665 Symeonis
1704 1630 1818 1658 auditur
1834 1639 1842 1657 :

203 1653 253 1689 ἤδη
269 1654 316 1681 καὶ
330 1656 547 1692 καταϐέϐληται·
562 1659 624 1694 ἐμοὶ
647 1663 674 1691 δὲ
706 1660 826 1697 ἔρρωται
840 1663 874 1698 τῇ
891 1662 996 1691 ἀνωθεν

203 1699 296 1734 χάριτι
325 1701 425 1735 πάντα,
445 1704 493 1729 καὶ
505 1704 636 1738 ἀσφαλῶς
662 1705 697 1731 τὰ
715 1708 766 1742 τῆς
781 1707 902 1740 στάσεως
925 1708 993 1745 εχει.

205 1746 281 1781 Ἅμα
308 1747 337 1774 δὲ
360 1749 453 1785 ἡμέρᾳ
473 1750 578 1777 συνίασι
591 1752 637 1777 καὶ
649 1751 674 1778 οι
687 1753 813 1788 μοναχοὶ,
830 1755 995 1784 καταλαϐεῖν

204 1791 285 1818 αὑτὸν
309 1793 360 1828 ῆῖη
384 1795 524 1823 τεθνεῶτα
546 1796 704 1832 νομίζοντες
718 1808 725 1815 -
741 1799 810 1826 ἀλλὰ
838 1802 994 1839 κρεῖττονῆ

203 1837 275 1883 κατά
304 1839 469 1874 προσδοκίαν
491 1841 601 1877 ἀπήντα
625 1843 656 1870 τδ
676 1844 815 1872 ὲλπισθέν.
830 1846 885 1874 Καὶ
899 1848 913 1874 ό
934 1837 994 1883 μὲνς

207 1882 297 1918 ψυχὴν
325 1884 383 1920 ἅμα
401 1886 448 1913 καὶ
463 1886 524 1922 ὄψιν
538 1887 698 1922 ἠγαλλιᾶτο,
719 1890 757 1922 ὡς
777 1890 822 1918 διὰ
845 1892 892 1918 τοῦ
911 1882 996 1928 προσ-

204 1927 280 1961 ώπου
293 1929 342 1966 τὴν
358 1931 431 1958 ἔνεον
443 1933 613 1972 ¹φαιδρότητα
628 1937 863 1972 παραδείκνυσθαι
878 1947 886 1954 ·
906 1927 939 1966 οἰῶ
957 1940 996 1974 δὲ,

205 1975 281 2010 παρά
305 1976 351 2003 τοῦ
378 1977 450 2005 θείου
470 1977 595 2007 Ἰωάννου
617 1982 652 2008 τά
679 1982 772 2009 εἰκότα
794 1982 996 2020 ὀνειδιζόμενοι,

205 2020 371 2058 ἀνεχώρουν.

1050 1671 1125 1698 Nihil
1155 1671 1205 1699 tibi
1232 1680 1292 1700 mea
1308 1679 1404 1705 causa,
1433 1674 1470 1700 mi
1491 1674 1584 1707 Pater,
1614 1675 1688 1710 quod
1707 1675 1844 1704 crucicris

1050 1721 1098 1744 aut
1128 1717 1245 1745 doleas:
1272 1718 1300 1745 in
1325 1727 1428 1746 vanum
1458 1719 1584 1747 recidere
1616 1721 1843 1749 machinamenta

1050 1762 1139 1790 hostis
1159 1763 1280 1798 turpiter
1296 1765 1449 1800 prostrati;
1465 1773 1509 1793 me
1525 1770 1617 1793 autem
1638 1767 1661 1793 si
1691 1772 1801 1801 spectes
1814 1772 1844 1794 et

1049 1808 1207 1836 columnam
1224 1810 1297 1844 (qua:
1308 1817 1439 1845 superum
1453 1811 1540 1846 gratia
1556 1811 1620 1845 est),
1638 1811 1712 1838 salva
1738 1811 1843 1838 omnia.

1050 1853 1139 1881 Simul
1156 1858 1240 1889 atque
1254 1855 1355 1887 illuxit,
1375 1856 1594 1891 progrediuntur
1622 1864 1676 1884 una
1702 1857 1843 1889 monachi.

1050 1899 1153 1934 ipsum,
1171 1904 1201 1927 ut
1232 1901 1380 1935 putabant,
1404 1902 1462 1935 jam
1494 1908 1635 1930 mortuum
1661 1895 1844 1938 suscepturi:

1050 1951 1147 1971 verum
1163 1946 1307 1978 euntibus,
1323 1946 1422 1974 melior
1432 1947 1565 1982 opinione
1580 1955 1630 1975 sua
1645 1955 1720 1982 spes,
1745 1955 1846 1975 occur-

1051 1989 1088 2018 rit
1101 1990 1159 2025 ipse
1176 1990 1305 2025 Symeon,
1321 1997 1350 2020 et
1365 1993 1460 2020 animo
1475 1998 1503 2021 et
1519 1994 1597 2020 vultu
1626 1993 1730 2028 pariter
1749 1994 1845 2021 exsul-

1052 2040 1114 2063 tans
1128 2045 1136 2070 ;
1155 2037 1281 2065 externis
1297 2039 1390 2066 vultus
1404 2039 1478 2066 notis
1490 2039 1634 2067 internum
1663 2039 1749 2066 animi
1775 2047 1844 2074 gau-

204 2067 282 2095 dium
299 2076 355 2097 non
369 2070 489 2121 obscure
507 2073 685 2102 testantibus.
699 2074 826 2104 Monacbi
847 2085 943 2112 porro,
962 2083 993 2106 ut
1013 2081 1106 2109 meriti
1129 2067 1230 2117 erant,
1245 2091 1260 2111 a
1277 2083 1372 2112 divino
1387 2085 1494 2113 Joanne
1519 2085 1662 2121 increpiti,
1675 2085 1709 2112 ad
1725 2092 1754 2112 se
1768 2067 1846 2114 Jun.

204 2122 259 2149 que
275 2116 497 2146 revertebantur.

935 2180 1050 2209 CAPUT
1073 2182 1116 2210 IV.

699 2237 858 2266 Exhortatio
870 2239 969 2276 duplex
981 2240 1128 2278 ngeonis,
1147 2247 1172 2269 et
1193 2244 1355 2276 paenitentia.

241 2286 294 2318 κζ’.
317 2285 441 2321 ὀμιλίας
450 2288 479 2315 δέ
490 2286 555 2316 ποτε
571 2291 639 2325 πρὸς
651 2292 749 2324 αὐτοὺς
760 2294 774 2320 ό
794 2294 908 2330 Συμεὼν
928 2295 998 2330 άψά-
1016 2298 1036 2326 D

1016 2298 1036 2326 D
1086 2297 1130 2325 27.
1141 2297 1210 2326 Cum
1222 2299 1366 2328 incidisset
1393 2301 1544 2337 aliquando
1566 2303 1728 2339 Symeonin
1757 2305 1843 2333 collo-

208 2339 298 2378 μενος,
315 2333 428 2378 τοιαῦτα
450 2336 611 2371 παραδόξως
638 2338 731 2371 αὐτοτς
756 2339 904 2375 διελέγετο,
928 2342 944 2378 ἢ
964 2343 997 2377 τῇ

205 2376 254 2403 τοῦ
272 2377 352 2412 ἁγίου
370 2379 531 2415 Πνεῦματος
549 2382 664 2418 δυνάμει
681 2384 783 2419 μᾶλλον
798 2376 967 2422 ἐφθέγγετο,

207 2423 252 2467 καὶ
273 2423 317 2451 διὰ
333 2424 433 2458 παντὸς
451 2426 652 2463 ιμφιλοχωρεῖν
669 2426 743 2465 εἶχεν
763 2429 838 2466 αὐτῷ
851 2431 898 2458 καὶ
910 2432 999 2467 ἡδέως

210 2466 454 2512 ἐπαναπαύεσθαι-
468 2471 567 2505 Ἔλεγε
585 2472 687 2505 τοίνυν,
710 2473 772 2502 ὀτι
797 2466 1006 2512 δημιουργήσας

207 2510 237 2536 ὲν
251 2512 320 2546 ἀρχῇ
334 2513 379 2539 τὸν
395 2513 560 2549 ἄνθρωπονό
569 2516 646 2549 Θεὸς,
659 2517 723 2544 νοῦν
738 2518 768 2545 ἑν
783 2519 858 2554 αὐτῷ
871 2510 1006 2555 κατέστη-

207 2564 254 2582 σεν
264 2557 398 2592 ἡγεμόνα,
406 2559 576 2595 δοκιμαστὴν
587 2561 684 2597 ὥσπερ
694 2564 741 2590 καὶ
750 2564 883 2600 δικαστὴν
891 2565 948 2593 τῶν
958 2567 1005 2601 ἑγ-

205 2603 359 2638 γινομὲνων
376 2605 442 2640 ἡμῖν
465 2605 606 2643 λογισμῶν
628 2608 740 2643 ἀγαθῶν
760 2618 789 2636 τε
810 2611 858 2638 καὶ
879 2611 1001 2646 φαύλων,

205 2647 275 2694 ὥστε
294 2649 381 2682 οὐδεὶς
396 2650 509 2685 ἄγνοιαν
525 2653 599 2688 ἔχειν
609 2654 655 2681 τοῦ
667 2655 750 2682 καλοῦ
762 2665 792 2683 τι
805 2657 852 2684 καὶ
863 2658 902 2694 μὴ
912 2659 1002 2686 τοιού-

204 2701 252 2719 του
264 2693 355 2729 λίγειν
365 2695 522 2732 δυνήσεται.
535 2698 567 2725 El
578 2699 668 2727 τοίνυν
682 2700 711 2726 at
722 2700 778 2727 τῶν
790 2693 999 2737 ἡδονῶνὶὲπιθυ-

205 2737 265 2772 μίαι
285 2741 486 2775 περιγένωνται
506 2743 596 2779 ἡμῶν,
607 2746 653 2772 καὶ
670 2746 715 2773 ὑπ’
730 2746 822 2774 αὐτῶν
835 2748 1002 2784 αἰχμαλωτι-

204 2785 323 2820 σθῶμεν,
339 2788 386 2814 καὶ
402 2788 440 2824 μὴ
458 2789 562 2825 μᾶλλον
575 2792 709 2825 γενναίως
718 2793 919 2829 ἀγωνισώμεθα
931 2795 1001 2831 πρὸς

203 2831 299 2864 αὑτὰς,
310 2834 380 2869 μηδὲ
390 2835 505 2870 δυνάμει
517 2837 549 2873 τῇ
563 2838 638 2874 πάσῃ
651 2838 760 2875 στῶμεν
772 2840 840 2876 πρὸς
849 2841 899 2873 τὰς
907 2841 999 2869 αὐτῶν

204 2878 357 2913 προσϐολάς
369 2901 376 2914 ,
397 2881 514 2916 ψεῦσται
534 2884 644 2916 πάντως
663 2886 713 2921 τῆς
733 2886 838 2914 ἑαυτῶν
853 2888 999 2923 ὁμολογίας

203 2925 351 2961 γινόμεθα,
366 2927 400 2963 ἢν
414 2928 454 2964 τῷ
475 2930 587 2966 Χριστῷ
609 2931 653 2959 διὰ
676 2932 724 2960 τοῦ
744 2932 933 2970 βαπτίσματος
950 2936 998 2963 καὶ

1049 2342 1146 2377 quium
1160 2350 1223 2370 cum
1243 2345 1397 2378 monachis,
1408 2346 1472 2373 talia
1488 2351 1590 2381 praeter
1607 2349 1842 2383 exspectationem

1050 2387 1258 2422 disseruit,aut
1272 2390 1365 2425 potius
1392 2391 1497 2419 virtute
1521 2393 1612 2420 sancti
1642 2394 1776 2429 Spiritus,
1795 2397 1843 2431 qui

1050 2438 1217 2469 perpetuam
1243 2436 1271 2462 in
1298 2436 1358 2471 ipso
1370 2437 1423 2464 sibi
1455 2443 1617 2474 gratamque
1639 2440 1842 2470 habitationem

1049 2479 1171 2516 elegerat
1187 2482 1366 2517 suaviterque
1398 2484 1605 2519 requiescebat,
1632 2486 1761 2515 elocutus
1774 2492 1818 2516 est
1834 2497 1842 2522 ;

1049 2525 1202 2554 videlicet:
1216 2527 1307 2561 Quod,
1325 2536 1388 2556 cum
1403 2529 1474 2557 Deus
1491 2530 1518 2557 in
1552 2531 1693 2567 principio
1710 2525 1843 2562 conderet

1050 2569 1204 2605 hominem,
1238 2578 1359 2601 mentem
1375 2574 1402 2601 ei
1419 2575 1531 2608 ducem,
1548 2576 1698 2611 arbitrum,
1713 2586 1745 2606 ac
1765 2580 1844 2608 velut

1047 2615 1171 2650 iudicem
1180 2618 1380 2653 cogitationum
1396 2619 1532 2648 bonarum
1547 2622 1738 2659 malarumque
1772 2625 1844 2652 indi-

1049 2660 1132 2694 derit,
1151 2666 1182 2689 ut
1198 2671 1233 2703 ne
1249 2665 1312 2698 quis
1325 2664 1512 2700 ignorantiam
1525 2668 1639 2697 virtutis
1650 2669 1843 2706 vitiorumque

1049 2710 1143 2740 posset
1160 2708 1343 2742 praetendere.
1363 2709 1390 2737 Si
1405 2718 1466 2746 quae
1488 2711 1573 2747 igitur
1601 2720 1686 2747 prava
1714 2714 1843 2750 volupta-

1050 2753 1108 2778 tum
1121 2751 1261 2781 desideria
1273 2762 1325 2781 nos
1349 2755 1492 2790 invadant,
1521 2757 1612 2792 iisque
1637 2758 1844 2794 quodammodo

1049 2798 1151 2833 captivi
1170 2802 1325 2834 teneamur,
1349 2806 1379 2828 et
1404 2809 1470 2833 non,
1492 2802 1613 2831 viriliter
1628 2804 1729 2839 pedem
1747 2806 1843 2834 confe-

1049 2850 1154 2876 ramus,
1166 2853 1218 2873 nec
1228 2850 1286 2874 tota
1296 2847 1400 2875 virtute
1411 2848 1605 2877 invadentium
1618 2850 1740 2879 insultus
1752 2852 1843 2887 repri-

1048 2897 1157 2918 mamus
1170 2899 1178 2923 ;
1194 2890 1278 2920 fallax
1293 2897 1377 2928 atque
1395 2895 1516 2923 mendax
1527 2900 1570 2924 est
1587 2896 1725 2932 professio
1736 2902 1842 2931 nostra.

1049 2943 1132 2972 quam
1147 2936 1260 2967 Christo
1277 2943 1335 2968 tum
1352 2948 1403 2976 per
1417 2941 1599 2978 baptismum,
1626 2948 1685 2972 tum
1715 2952 1764 2980 per
1777 2952 1843 2973 sus-
