2138 3270
186 255 256 286 3057

689 258 775 288 “TA
795 264 818 286 Λ
837 256 1054 286 NICEPHORO
1073 256 1303 287 CONSCRIPTA

1737 257 1806 288 3053

189 314 237 350 μὲν
250 313 380 340 ἐπύθοντο
395 314 459 349 περὶ
482 314 643 350 Ἐφραιμιου
660 314 696 345 ὥς
714 313 841 348 ὑγιαίνοι,
852 315 928 342 Μετὰ
942 314 970 341 δὲ
984 316 1010 345 Δ
1025 313 1031 340 i

961 315 1010 345 ὲΔ
1025 313 1200 341 illucescente
1220 314 1274 349 jam
1299 314 1414 346 \feneris
1434 313 1489 346 die,
1518 313 1680 340 convocavit
1713 314 1805 341 denuo

185 358 271 386 ταῦτα
287 359 403 390 καλέσας
415 359 492 390 αὖθις
513 361 526 386 ὁ
540 360 586 386 τοῦ
607 359 674 385 Θεοῦ
689 359 780 391 δοῦλος
797 360 895 392 αὐτο-ἇς
907 369 914 375 ·
931 361 972 387 δι-

187 406 342 439 αυγάζουσα
368 406 397 433 δὲ
421 404 455 442 ἦν
488 406 537 441 ἤδη
573 406 745 442 Παρασκευή·
776 404 806 432 Ὀ
828 406 972 440 ἀρχιερεὺς

186 450 242 487 τοῦ,
257 451 323 477 Θεοῦ
336 452 404 478 κατά
421 452 469 486 τὴν
489 451 584 484 νύκτα,
595 452 671 486 φησὶ,
693 452 762 486 me;
778 451 859 478 αὑτὸν
874 452 973 486 ἐξεδή-

189 504 259 531 μησε
274 504 281 510 ·
297 497 428 529 τεθέαμαι
453 496 507 531 γὰρ
525 497 607 523 αὑτοῦ
628 497 677 532 τὴν
698 496 786 531 ψυχὴν
806 497 857 523 ὑπὸ
878 497 972 531 πλήθει

187 541 431 576 λευχειμονοὺντων
445 543 508 577 τῇδε
521 542 742 578 παραϐαλοῦσαν·
762 542 778 574 ἡ
789 542 818 568 δὲ
833 542 973 576 ἠσπάσατό

190 595 234 620 με,
246 586 293 612 καὶ
308 587 418 622 μνήμην
431 587 516 621 αὐτῆς
528 587 661 614 ποιεῖσθαι
677 587 746 622 πρὸς
759 587 825 613 Θεὸν
840 587 974 613 ἐνετείλα-

188 639 228 662 το,
241 631 281 657 ἔτι
294 631 340 657 καὶ
353 627 468 666 σχέσεως
484 632 566 660 αὑτοῦ
580 633 647 667 πρός
663 641 691 658 τε
706 632 787 658 αὐτὸν
799 633 847 667 ἐμὲ
861 632 908 658 καὶ
925 632 974 666 τὴν

191 677 297 711 μητέρα
308 677 356 712 τὴν
369 677 438 714 ἐμὴν
451 678 640 712 άναμνήσασα.
653 676 746 703 Ταῦτα
760 677 774 702 6
790 678 838 710 μὲν
853 677 915 712 περὶ
927 677 973 703 τ·,ῦ

191 721 346 756 ἀρχιερέως
374 724 429 753 τοῖς
443 723 567 756 ἀδελφοῖς
582 723 760 758 προειρήκει·
777 723 801 748 οἱ
815 722 843 748 δὲ
854 722 899 748 τὸν
912 731 974 748 και-

191 765 238 800 ρδν
262 767 506 801 ὲττιιτημηνάμενοι,
524 764 603 802 εὖρον
621 767 669 802 τῆς
687 767 782 793 νυκτδι
803 766 909 802 ὲκείνης
930 767 975 793 τὸν

191 810 263 837 θεῖον
285 812 446 847 Ἐφραίμιον
461 813 675 848 ὲκδεδημηκότα.

226 860 277 888 ος¹.
293 857 399 883 Πολλῶν
417 859 456 891 δὲ,
474 857 516 885 οἶα
533 859 616 892 εἰκὸς,
642 859 691 893 τῆς
708 857 841 892 καθέδρας
866 857 977 891 ἐφιεμέ-

191 909 255 932 νων,
265 901 312 927 καὶ
322 901 423 940 ταύτην
435 903 540 934 ἑαυτοῖς
552 902 769 934 σπουδαζόντων,
784 902 882 938 συνέϐη
892 903 987 938 Δομνῖ-

192 945 237 972 νόν
262 955 332 979 τινα,
348 947 398 981 τῆς
425 948 541 983 Θρᾳκῶν
554 948 731 983 ὡρμημένον,
743 946 877 982 πτωχείου
904 946 976 972 κατὰ

192 988 309 1026 Δυχνίδα
335 993 412 1019 πόλιν
439 994 614 1028 προεστῶτα,
635 997 669 1030 τῇ
696 994 810 1029 βασιλίδι
826 993 976 1029 τηνικαῦτα

192 1039 263 1064 κατά
280 1047 338 1064 τινα
353 1039 446 1074 χρείαν
455 1040 623 1075 ὶπιδημῆσαι
641 1049 648 1055 ·
668 1040 697 1072 ὃς
714 1040 788 1076 νόμῳ
805 1040 896 1073 φιλίας
917 1040 976 1066 τισὶ

191 1082 246 1109 τῶν
263 1084 291 1110 ὲν
311 1085 365 1116 τοῖς
382 1083 526 1118 βασιλείοις
542 1085 726 1120 ᾡκειωμένος,
738 1085 777 1120 τῷ
791 1084 896 1120 βασιλεῖ
911 1085 976 1119 παρ’

192 1128 283 1154 αὐτῶν
297 1128 499 1163 (Ίουστινιανδς
513 1130 541 1156 δὲ
563 1129 598 1165 ἦν
618 1128 706 1165 οὗτος)
722 1131 876 1165 εἰσάγεται.
903 1130 932 1156 ’0
943 1129 972 1156 δι

194 1172 342 1207 κανονικῆς
356 1173 510 1208 ἀκριϐείας,
526 1174 713 1201 ἀποστολικῶν
726 1181 756 1200 τε
781 1173 977 1208 παραγγελμά-

192 1225 246 1243 των
261 1217 338 1252 δλίγα
358 1219 513 1254 φροντίσας,
528 1220 561 1254 τῇ
577 1218 674 1254 πρώτῃ
688 1218 735 1245 τοῦ
755 1219 850 1254 ἀνδρὸς
867 1218 916 1254 θέᾳ
931 1219 977 1246 καὶ

192 1261 242 1295 τὴν
257 1261 613 1297 ψῆφινσυνάπτειἺδοὺότῆς
632 1263 770 1297 ’Δντιόχου
795 1262 976 1298 πατριάρχης,

193 1304 279 1331 εἰπών
295 1313 302 1321 ·
320 1307 368 1332 καὶ
390 1305 435 1331 τδν
452 1305 546 1340 θρόνον
562 1306 662 1338 εὐθέως
676 1308 825 1342 όΔομνῖνος
835 1308 975 1342 καταλαμ-

193 1349 281 1377 ϐάνει.
297 1350 409 1385 Παριὼν
422 1351 450 1377 δὲ
477 1351 522 1377 διὰ
549 1352 603 1378 τῶν
619 1353 790 1389 πρραστείων
803 1352 854 1387 τῆς
874 1353 976 1385 Ἀντιό-

193 1403 252 1430 χου,
265 1396 312 1422 καὶ
331 1397 395 1427 τοὺς
413 1397 443 1423 ὲν
466 1396 505 1431 τῷ
524 1397 582 1433 ναῷ
605 1397 652 1423 τοῦ
669 1397 775 1423 δικαίου
793 1396 864 1429 Ίὼΰ,
880 1398 910 1429 ὃς
926 1398 978 1433 πρὸ

192 1440 243 1475 τῆς
259 1440 362 1471 πόλεως
382 1440 484 1475 ἵδρυτο,
500 1440 706 1476 λελωϐημένους
723 1440 794 1474 ίδὼν,
810 1442 857 1468 καὶ
884 1442 978 1474 δεινῶς

195 1485 293 1517 αὐτοὺς
308 1485 513 1520 βδελυξάμενος,
527 1486 581 1513 δεῖν
599 1486 669 1520 ἔγνω
685 1486 797 1518 τούτους
812 1487 916 1514 ἐκεῖθεν
931 1488 978 1514 ἁλ-

195 1527 277 1562 λαχοῦ
305 1529 484 1564 μεταστῆσαι,
502 1529 546 1555 ἵνα
563 1530 599 1564 μὴ
613 1530 666 1564 πρὸ
685 1530 732 1556 τοῦ
749 1531 798 1565 τῆς
813 1531 915 1564 πόλεως
932 1532 978 1558 κό-

197 1581 266 1607 σμου
284 1574 365 1608 φησὶν
397 1574 463 1607 ἄγος
487 1573 552 1601 εἷεν.
566 1568 656 1610 ’ὑπερ
669 1576 769 1608 αὐτοὺς
789 1577 977 1612 αἰσθομένους,

1023 360 1132 391 fratres.
1148 360 1289 394 dixitque:
1302 359 1428 386 Pontifex
1439 359 1485 386 Dei
1501 359 1552 386 hac
1564 364 1644 386 nocte
1657 367 1672 386 e
1689 360 1742 386 vita
1755 360 1808 387 mi-

1023 405 1130 440 gravit:
1153 405 1208 432 vidi
1224 413 1342 439 namque
1358 405 1478 432 animam
1490 405 1577 437 illius,
1607 405 1687 432 turba
1710 413 1807 439 magna

1023 451 1148 478 candidis
1183 451 1281 478 vestita
1304 451 1472 484 comitante,
1495 451 1547 478 hac
1578 450 1806 481 transvolantcm.

1023 496 1243 530 salutantemquc
1259 499 1319 528 me,‘
1340 501 1368 523 et
1384 495 1544 524 memoriam
1567 495 1609 523 sui
1627 495 1699 530 apud
1723 496 1807 522 Deum

1025 545 1061 576 nt_
1078 541 1207 572 facerem,
1231 541 1433 576 praecipientem
1455 550 1462 568 :
1487 545 1806 575 commem'oranlemque

1024 573 1143 620 qlialiter
1155 593 1219 621 erga
1231 593 1275 613 me
1295 593 1327 613 ae
1340 590 1454 613 matrem
1477 593 1565 613 meam
1577 586 1661 615 fuerit
1682 586 1807 613 affectus.

1025 630 1106 658 Hisce
1124 631 1158 658 de
1174 630 1303 666 pontifice
1316 631 1448 658 fratribus
1466 639 1480 658 a
1498 630 1631 666 Symeone
1657 631 1808 666 praedictis.

1026 680 1158 704 notarunt
1184 677 1222 703 illi
1243 680 1364 711 tempus,
1393 682 1642 711 compereruntque
1670 677 1722 704 hac
1751 677 1810 712 ipsa

1024 727 1106 750 nocte
1122 727 1246 750 sanetum
1263 722 1447 755 Ephraamium
1468 722 1629 749 decessisse.

1061 849 1103 876 76.
1125 849 1270 880 Pluribus,
1287 853 1316 876 ut
1331 848 1371 880 ﬁt.
1391 848 1549 875 cathedram
1569 847 1643 875 illam
1659 849 1812 882 appetenti-

1026 889 1089 922 bus,
1103 892 1211 926 sibique
1227 899 1387 926 comparare
1396 891 1593 925 satagentibus,
1606 889 1709 917 factum
1721 895 1764 918 est
1782 895 1812 918 ut

1026 936 1069 963 vir
1097 937 1219 971 quidam,
1239 936 1392 964 Domniuus
1407 937 1469 972 (l9)-
1481 937 1603 968 nomine,
1628 944 1662 964 ex
1693 937 1811 964 Thracia

1027 981 1170 1014 oriundus,
1186 980 1334 1016 praefectus
1348 981 1455 1009 cuidam
1483 982 1560 1016 juxta
1587 981 1729 1018 Lychnida
1754 982 1811 1017 (ευ)

1027 1020 1165 1054 civitatem
1178 1025 1402 1061 ptochotrophio,
1414 1026 1586 1061 negotiorum
1601 1034 1683 1054 causa
1692 1027 1812 1062 imperti-

1028 1071 1124 1098 tricem
1140 1078 1190 1105 per
1213 1070 1281 1098 illud
1297 1075 1405 1106 tempus
1417 1071 1578 1104 conveniret
1600 1080 1607 1098 :
1623 1071 1671 1106 qui
1684 1071 1814 1098 amicitia:

1025 1115 1087 1150 jure
1103 1115 1269 1150 quibusdam
1287 1115 1384 1144 aulicis
1402 1115 1562 1143 familiarior
1580 1115 1680 1148 factus,
1700 1115 1734 1143 ab
1759 1114 1814 1143 illis

1028 1161 1062 1188 ad
1084 1161 1278 1196 imperatorem
1301 1161 1372 1197 (erat
1396 1161 1420 1189 is
1447 1161 1632 1193 Justinianus)
1654 1161 1813 1188 adducitur.

1028 1206 1188 1241 Imperator,
1205 1211 1235 1234 ut
1248 1211 1308 1234 erat
1324 1207 1459 1241 regularis
1473 1206 1627 1242 disciplinae
1647 1211 1730 1242 atque
1749 1215 1816 1242 apo-

1028 1251 1185 1279 stolicarum
1199 1251 1427 1279 constitutionum
1442 1259 1539 1286 parum
1556 1251 1708 1284 studiosus,
1727 1252 1817 1287 primo

1029 1304 1091 1324 mox
1103 1304 1250 1331 congressu
1263 1297 1353 1324 virum
1380 1296 1511 1332 suﬂ'ragio
1533 1304 1584 1324 suo
1605 1297 1683 1332 eligit
1700 1306 1707 1325 :
1727 1298 1810 1328 Ecce.

1029 1342 1230 1377 inquiens,.hic
1252 1347 1295 1370 est
1313 1342 1467 1370 Antiochiae
1484 1343 1650 1378 patriarcha.
1667 1341 1819 1370 EtDomni-

1029 1395 1083 1415 nus
1098 1389 1192 1415 statim
1204 1387 1239 1415 ad
1253 1388 1350 1415 sedem
1367 1388 1442 1416 illam
1467 1396 1497 1416 se
1520 1389 1641 1416 confert.
1668 1388 1818 1416 Transiens

1030 1433 1121 1468 itaque
1151 1442 1201 1469 per
1223 1434 1356 1462 suburbia
1382 1435 1578 1467 Antiochena,
1608 1435 1759 1470 vidensque
1790 1435 1816 1462 in

1029 1479 1133 1514 templo
1148 1480 1216 1515 justi
1231 1480 1294 1513 Job,
1310 1480 1384 1515 quod
1406 1480 1467 1507 urbi
1485 1481 1606 1508 vicinum
1629 1485 1683 1512 est,
1708 1480 1818 1507 saucios

1030 1525 1201 1560 mutilosque
1217 1526 1345 1554 homines
1358 1546 1366 1558 ,
1388 1533 1459 1561 quos
1476 1526 1656 1554 vehementer
1688 1533 1817 1553 exsecra-

1029 1571 1123 1603 batur,
1132 1571 1196 1598 inde
1203 1572 1311 1598 censuit
1322 1572 1376 1598 alio
1388 1571 1667 1604 transferendoszNe,
1679 1571 1818 1606 inquiens.

198 1618 245 1644 καὶ
261 1618 327 1653 πρὸς
369 1618 415 1645 τὸν
428 1620 534 1653 ’Δγιον,
549 1621 587 1651 ὡς
617 1620 732 1652 ἕκαστος
754 1619 810 1656 εἶχε
821 1621 886 1648 δυνά
893 1631 976 1657 μεως,
992 1631 1014 1661 α
1031 1625 1042 1652 ῐ

973 1643 976 1653 ,
992 1631 1014 1661 α
1031 1625 1083 1652 pro
1097 1617 1175 1644 urbis
1184 1617 1301 1652 hujusce
1318 1623 1431 1649 ornatu,
1442 1618 1564 1645 dedecus
1582 1618 1622 1645 illi
1650 1619 1716 1646 sint.
1739 1618 1817 1651 Quod

194 1662 363 1696 ἀνελθόντας,
380 1665 444 1695 τοὺς
469 1665 518 1700 μὲν
543 1665 608 1692 ποσὶ
634 1666 681 1692 καὶ
702 1665 848 1703 βακτηρίᾳ,
877 1668 939 1699 τοὺς
953 1667 981 1694 δὲ

197 1706 295 1741 φόρτον
321 1708 381 1734 ἐκεῖ
408 1709 608 1743 κομισθέντας,
623 1710 672 1745 τὴν
690 1710 719 1736 δι
743 1710 791 1737 τοῦ
821 1712 851 1738 ἔν
880 1711 982 1746 ’Δγίοις

202 1751 363 1788 Ἐφραιμίηυ
389 1754 569 1787 συμπάθειαν,
589 1757 637 1781 καὶ
648 1756 699 1781 ὅσα
720 1756 779 1791 μετ’
793 1756 883 1783 αὐτῶν
906 1757 980 1792 ξδρα,

196 1797 255 1829 οἵας
280 1806 310 1824 τε
329 1798 384 1825 ’τοῦ
402 1798 450 1825 νῦν
464 1800 614 1835 ἀρχιερέως
638 1801 688 1835 τῆς
711 1801 899 1836 άσπλαγχνίας
931 1812 982 1830 πε-

195 1842 350 1878 πείρανται,
365 1843 413 1870 καὶ
440 1844 514 1876 ὅπως
539 1844 601 1871 οὐδὲ
622 1846 675 1880 πρὸ
705 1845 754 1881 τῆς
782 1846 886 1879 πόλεως
907 1847 982 1883 αὐτῷ

195 1887 306 1920 τούτους
328 1889 394 1925 όρᾷν
419 1889 543 1923 ἀνεκτὸν,
569 1890 680 1926 θρήνοις
703 1890 762 1926 ἅμα
778 1892 826 1919 καὶ
853 1892 982 1928 ὀδυρμοῖς

196 1934 371 1968 ἀπαγγεῖλαι.
389 1935 440 1962 Τὸν
459 1935 488 1961 δὶ
517 1935 601 1962 πολὺν
626 1935 716 1963 αὐτῶν
741 1935 831 1964 οἶκτον
853 1937 981 1966 λαϐόνταθ

197 1979 352 2012 Παύσασθε,
365 1980 486 2015 ἀδελφοὶ,
495 1981 577 2015 φάναι
588 1982 691 2014 ὀὐδεὶς
700 1983 772 2018 ὑμᾶς
783 1983 887 2010 ἐκεῖθεν
899 1993 983 2020 μετα-

197 2027 294 2062 στῆσαι
318 2027 474 2063 δυνήσεται.
511 2028 584 2055 Ἀλλ’
601 2029 618 2065 ἡ
638 2029 748 2056 παιδεία
773 2028 878 2066 Κυρίου
911 2031 982 2066 αὐτὴ

197 2072 341 2107 συναλγεῖν
355 2073 436 2101 αὑτὸν
451 2074 551 2107 διδάξει
564 2075 622 2107 τοῖς
643 2075 804 2110 πάσχουσιν,
815 2075 982 2113 ὥστε-πείρᾳ

197 2120 304 2155 μαθεῖν,
320 2119 335 2146 ό
346 2120 523 2154 γεωργοῦσαν
537 2121 587 2150 οὐκ
599 2121 677 2156 ἔσχεν
693 2121 800 2148 οἴκοθεν
818 2122 868 2158 τὴν
883 2116 981 2158 προαί-

196 2174 283 2201 ρισιν.
293 2166 385 2193 Ταῦτα
398 2163 472 2200 εἷπε,
482 2167 530 2194 καὶ
557 2167 615 2202 μετ’
628 2167 719 2202 ὀλίγον
734 2167 805 2195 οὕτω
821 2169 911 2204 χεῖρες
934 2169 982 2196 καὶ

195 2211 275 2244 πόδες
297 2211 337 2246 τῷ
349 2212 475 2248 ἀρχιερεῖ
499 2212 689 2248 κάμπτονται,
706 2213 745 2245 ὡς
768 2214 835 2250 μηδὲ
849 2214 981 2241 δύνασθαί

194 2265 222 2282 τι
246 2257 343 2292 δρᾶσαι
373 2257 406 2284 δι’
421 2258 510 2286 αὐτῶν
528 2258 558 2284 τδ
580 2259 722 2294 παράπαν,
742 2259 800 2286 ἀλλ’
811 2259 856 2288 οἷά
864 2269 925 2288 τινα
941 2269 981 2288 νε-

197 2302 261 2336 κρὸν
276 2302 397 2339 ἔμψυχον
415 2303 665 2339 διαδασταζόμενον
672 2304 814 2342 φέρεσθαι.

230 2434 390 2468 οςνηἌνδρί
411 2442 466 2460 τινι
489 2435 560 2462 κατὰ
581 2435 631 2470 τὴν
649 2434 764 2469 Περσῶν
776 2436 845 2471 πρὸς
860 2437 981 2471 χαλεπὸν

196 2477 337 2504 παλαίοντι
362 2477 488 2513 δαίμονα,
513 2478 674 2513 ἀπαλλαγήν
689 2487 718 2505 τε
733 2478 827 2506 τούτου
842 2480 980 2515 μηδεμίαν

197 2524 361 2558 εὑρίσκοντι,
380 2525 513 2558 Ἀγγελος
525 2524 593 2551 Θεοῦ
607 2525 760 2560 παραστὰς,
779 2526 884 2560 Ἀπιθι,
901 2529 979 2562 φησι,

197 2570 275 2605 παρὰ
291 2571 337 2597 τὸν
351 2570 443 2597 δοῦλον
465 2570 512 2597 τοῦ
536 2570 603 2597 Θεοῦ
618 2571 749 2607 Συμεών·
770 2573 842 2600 οἰκεῖ
865 2574 893 2600 δὲ
916 2575 987 2602 κατὰ

198 2617 336 2653 μετέωρον
347 2617 408 2652 θρος
420 2618 451 2644 ὲκ
462 2617 579 2652 πλαγίου
590 2618 640 2653 τῆς
648 2618 796 2654 Ἀντιόχου,
806 2619 945 2656 Θαλάσσης
955 2623 986 2648 οὐ

195 2661 239 2688 διὰ
252 2662 357 2698 μακροῦ
369 2662 495 2697 κεξμενον
506 2670 514 2679 '
527 2663 560 2689 δι’
583 2663 666 2690 αὑτοῦ
681 2664 827 2700 τοιγαροῦν
838 2666 914 2702 παρὰ
928 2667 986 2694 Κυ-

198 2709 255 2742 ρίου
266 2708 337 2740 ίασις
347 2708 423 2735 ἔσται
435 2717 486 2735 σοι.
496 2709 550 2735 Καὶ
559 2709 588 2740 ὃς
596 2709 645 2743 τὴν
658 2709 762 2745 μεταξὺ
771 2711 863 2738 πᾶσαν
871 2713 985 2747 ἀνύσας,

197 2753 243 2780 καὶ
254 2753 292 2785 ὡς
303 2754 348 2780 τὸν
362 2754 457 2788 ’Δγιον
474 2755 651 2790 ἀφικόμενος,
665 2756 769 2783 ἕκαστα
781 2758 875 2792 σαφῶς
891 2760 984 2794 ἀπαγ-

195 2800 297 2834 γέλλει.
317 2800 346 2827 ’0
359 2801 386 2827 δὲ
402 2800 449 2827 τοῦ
464 2800 533 2827 Θεοῦ
557 2801 674 2838 δεηθεὶς,
691 2803 809 2836 ἐξελθεῖν
822 2804 861 2834 τῶ
875 2806 984 2841 δαίμονι

196 2862 289 2925 mtiliti
301 2863 444 2899 Niceplioro
461 2870 484 2892 et
498 2865 648 2901 Theophani
672 2866 794 2894 Domnus
810 2876 817 2901 ;
836 2869 903 2896 redit
931 2880 980 2898 (ιιι.

231 2933 285 2967 (ΞΟ)
301 2932 386 2965 Quam
397 2935 437 2961 hic
449 2940 541 2962 uuctor
558 2935 698 2969 Lycltnida
715 2943 797 2970 vocat,
817 2939 877 2966 aliis
894 2939 982 2976 Lych-

1032 1666 1089 1689 uta
1105 1662 1216 1688 miseris
1229 1662 1290 1689 istis
1314 1662 1446 1690 rescitum
1474 1667 1526 1695 est,
1551 1662 1584 1689 ad
1613 1667 1752 1696 sanctum,
1778 1664 1818 1691 uti

1031 1709 1148 1744 quisque
1159 1713 1295 1743 poterant,
1313 1709 1366 1735 iter
1377 1708 1569 1740 instituerunt,
1586 1709 1632 1736 alii
1652 1710 1771 1744 pedibus
1786 1717 1819 1738 ac

1032 1754 1140 1786 baculo,
1156 1754 1201 1781 alii
1213 1754 1336 1782 humeris
1347 1754 1431 1785 delati
1443 1763 1450 1781 :
1464 1758 1547 1790 atque
1565 1762 1661 1782 coram
1675 1756 1735 1790 ipso
1754 1764 1817 1783 cum

1031 1799 1143 1834 planctu
1155 1804 1184 1827 et
1199 1799 1328 1827 lamentis
1343 1801 1611 1832 commemorabam,
1629 1806 1734 1836 quanta
1763 1803 1818 1830 sibi

1031 1843 1153 1871 exhibita
1171 1843 1269 1872 fuisset
1284 1852 1300 1872 a
1315 1848 1412 1872 sancto
1429 1844 1585 1880 Ephrazmio
1612 1846 1818 1879 misericordia,

1031 1893 1060 1917 et
1071 1897 1151 1924 quam
1163 1894 1276 1924 paterne
1291 1897 1385 1918 secum
1396 1890 1513 1925 egisset:
1527 1895 1622 1918 contra
1645 1899 1723 1925 vero,
1736 1901 1818 1927 quam

1032 1942 1107 1962 nunc
1127 1935 1257 1965 immitem
1300 1937 1496 1971 experirentur
1508 1937 1679 1972 episcopum,
1690 1939 1819 1974 quodque

1034 1987 1067 2007 ne
1080 1979 1158 2006 urbis
1169 1980 1281 2014 quidem
1295 1984 1372 2007 extra
1382 1985 1478 2016 portas
1499 1981 1573 2016 ipsos
1587 1982 1728 2010 toleraret.
1750 1983 1818 2010 San-

1032 2029 1093 2052 ctus
1116 2033 1184 2052 vero
1215 2026 1332 2055 multum
1358 2027 1421 2053 illos
1450 2026 1623 2054 miseratus:
1642 2021 1833 2063 Exspectatcf

1032 2070 1244 2105 inquit,fratres
1258 2080 1264 2098 :
1282 2079 1365 2098 nemo
1380 2080 1430 2099 vos
1445 2071 1506 2099 loco
1516 2072 1563 2098 illo
1577 2073 1681 2107 poterit
1697 2080 1817 2100 movere.

1032 2116 1183 2151 Castigatio
1198 2116 1306 2144 Domini
1316 2117 1430 2144 docebit
1445 2116 1535 2152 ipsum
1552 2117 1677 2145 misereri
1704 2118 1819 2146 afflicto-

1033 2169 1106 2195 rum,
1120 2167 1152 2189 ut
1165 2161 1253 2190 discat
1265 2162 1446 2197 experientia,
1463 2162 1638 2197 propositum
1656 2161 1737 2190 sdum
1770 2164 1820 2190 mi-

1032 2206 1107 2234 nime
1122 2206 1296 2236 conducibile
1328 2205 1427 2234 fuisse.
1440 2207 1507 2234 Post
1533 2207 1592 2234 [nec
1607 2208 1720 2235 oracula
1741 2207 1820 2236 bretIi

1032 2252 1125 2287 elapso
1140 2255 1275 2287 tempore,
1294 2256 1349 2279 tam
1366 2252 1422 2279 acri
1437 2251 1534 2280 dolore
1546 2253 1678 2280 manibus
1689 2253 1820 2288 pedibus-

991 2291 1019 2321 D
1033 2304 1087 2332 que
1099 2296 1219 2324 cruciari
1242 2296 1389 2332 episcopus
1413 2296 1497 2331 coepit
1511 2316 1519 2330 ,
1554 2295 1819 2332 .itnihilquidqunm

1035 2343 1074 2370 rei
1087 2347 1206 2371 tractare
1222 2343 1278 2371 illis
1299 2347 1404 2378 posset.
1426 2349 1455 2370 et.
1477 2343 1548 2371 sicut
1571 2351 1673 2379 corpus
1697 2344 1822 2372 exanime

1036 2390 1102 2417 ferri
1120 2397 1265 2417 necessum
1281 2389 1409 2422 haberet.

1069 2436 1114 2464 77.
1129 2435 1240 2463 Homini
1250 2435 1359 2463 cuidam
1374 2435 1464 2463 Persa:
1478 2435 1571 2470 gravis
1590 2434 1739 2462 admodum
1755 2442 1819 2462 cum

1034 2481 1158 2509 d:emone
1173 2481 1247 2509 lucta
1261 2486 1331 2514 erat,
1348 2489 1404 2516 quo
1428 2489 1480 2508 nec
1505 2481 1617 2508 liberari
1651 2481 1708 2508 ullo
1735 2481 1818 2508 modo

1033 2531 1152 2562 poterat.
1173 2527 1269 2554 Astitit
1290 2527 1357 2554 huic
1383 2527 1508 2563 angelus,
1526 2526 1651 2562 dixitque
1677 2535 1684 2553 :
1707 2526 1757 2553 Abi
1783 2526 1818 2553 ad

1032 2581 1140 2600 servum
1155 2573 1203 2600 Dei
1218 2573 1397 2608 Symeoncm,
1413 2578 1629 2600 commorantem
1650 2573 1678 2599 in
1705 2572 1820 2600 sublimi

1031 2623 1182 2651 monte,ex
1193 2619 1314 2646 adverso
1336 2619 1501 2652 Antiochia,
1528 2626 1583 2646 non
1611 2618 1649 2646 ita
1682 2618 1779 2653 procul
1806 2626 1822 2646 a

1034 2666 1102 2692 mari
1122 2665 1193 2692 sito:
1208 2665 1255 2692 illo
1268 2665 1459 2692 intercedente
1472 2669 1548 2692 certa
1565 2665 1614 2692 tibi
1631 2669 1726 2692 manet.
1740 2672 1755 2691 a
1766 2664 1823 2692 Deo

1033 2712 1118 2739 salus.
1131 2711 1283 2738 Exsecutus
1295 2711 1341 2738 ille
1352 2711 1444 2738 omnia
1451 2716 1507 2744 est;
1521 2711 1822 2746 cumqucpervenissct

1033 2756 1067 2784 ad
1080 2761 1218 2789 sanctum,
1233 2755 1342 2791 singula
1356 2756 1449 2790 palam
1460 2756 1601 2784 enarravit
1614 2765 1620 2783 :
1639 2756 1686 2790 qui
1701 2754 1760 2783 fusa
1787 2755 1820 2783 ad

1034 2804 1120 2831 Deum
1137 2809 1231 2838 prece,
1249 2802 1324 2829 exire
1340 2802 1493 2830 daemonem
1518 2802 1615 2839 jubet;
1632 2802 1712 2837 cujus
1734 2801 1821 2829 conti-

1032 2873 1114 2900 nidus
1138 2876 1163 2898 et
1189 2869 1370 2906 Lychnidium
1393 2871 1545 2906 appellatur
1563 2870 1624 2898 urbs
1650 2870 1818 2904 archiepisco-

1032 2908 1100 2943 palis
1119 2907 1290 2934 Macedonian
