2138 3262
183 234 251 266 306Ξ

687 237 772 268 νΙΤΑ
792 239 815 267 Α
834 224 1053 268 ΝΙΟΕΡΗΟΒΟ
1072 236 1310 270 CUNSCRIPTA.

1739 233 1812 266 3066

183 287 301 320 (ἐξέλιπε
315 288 368 325 γὰρ
383 291 401 325 ἦ
418 298 447 316 τε
461 290 559 326 καρδία
575 289 614 326 τῷ
626 291 714 327 ἀνδρὶ,
725 292 772 319 καὶ
785 293 802 327 ή
820 292 899 328 σὰρξ)
914 293 972 319 ἀντ’
985 294 1010 322 Α
1022 301 1027 319 ε

965 293 972 303 '
985 294 1010 322 Α
1022 300 1052 320 se
1067 292 1196 328 habebat,
1211 287 1404 332 cecideratque
1415 290 1471 326 jam
1484 294 1512 318 et
1527 290 1627 318 animis
1640 294 1668 316 et
1682 296 1808 325 corpore.

182 333 261 360 ἄλλου
275 334 347 366 τινὸς
358 335 450 366 ὅπλου,
466 335 496 362 τὺ
510 336 557 362 τοῦ
575 336 667 371 Ἀγίου
681 337 861 372 προῦάλλεται
873 338 969 372 ὄνομα,

183 379 230 405 καὶ
242 379 322 406 αὺτὸν
336 379 427 406 ἐκάλει
437 380 475 413 ὡς
487 379 593 415 ἄμυναν
604 389 611 396 ·
627 382 674 408 καὶ
686 374 787 408 αὐτίκα
797 383 971 417 προσήλωντο

181 424 215 459 τῇ
241 425 276 460 γῇ
300 425 422 459 στόματά
440 433 470 451 τε
487 422 534 452 καὶ
549 425 628 458 πόδες
645 427 738 457 αὐτοῖς
754 426 788 462 (ὦ
802 427 848 453 τοῦ
864 427 971 462 θαύμα-

182 470 260 505 τοςι)
276 470 402 506 καθάπερ
420 471 492 497 τισὶν
508 471 639 505 ἀφύκτοις
657 472 774 507 ἐχόμενα
795 472 898 505 πέδαις,
917 473 971 504 ἕως

182 515 291 550 ἀπαθής
306 515 400 542 κακῶν
419 516 573 550 ἀπέσωστο,
588 517 833 552 ἐξομολογούμενος
852 518 890 552 τῷ
913 518 970 544 Κυ-

185 560 234 596 ρίῳ
254 562 289 588 τά
314 561 376 597 έλέη
404 562 498 595 αὑτοῦ,
523 563 570 590 καὶ
586 564 619 590 τὰ
636 563 775 598 θαυμάσια
802 563 889 591 αὑποῦ
913 565 970 596 τοῖς

184 607 251 638 υῑοτς
273 606 328 634 τῶν
353 608 515 643 ἀνθρώπων.
538 609 639 645 Ἐτέρῳ
655 609 736 636 πάλιν
758 611 831 645 τρεῖς
844 608 970 645 δαίμονες

183 652 349 684 ἐνοικοῦντες
370 652 441 689 ἦσαν
458 655 540 691 (ὅπερ
562 655 669 690 ἀπόχρη
694 655 741 682 καὶ
766 655 847 690 μόνον
869 655 970 687 ίκανῶς

183 698 367 734 παραστῆσαι,
383 697 427 726 οἷα
439 701 504 734 παρ’
514 700 604 727 αὐτῶν
616 701 631 726 ό
641 701 756 733 δείλαιος
768 701 877 735 πάσχοι,
889 701 970 727 ὁπότε

182 744 228 770 καὶ
252 738 355 772 τούτων
374 745 432 777 ἑνὸς
448 747 477 772 ού
498 747 602 782 φορητὴ
657 747 796 782 έπήρεια),
811 749 925 782 παρεῖτο
941 747 970 774 δὲ

183 790 229 824 καὶ
251 790 300 821 τὰς
316 790 398 825 ψύας,
415 791 483 818 ἀλλά
503 793 549 818 καὶ
565 791 596 818 τὸ
615 793 669 819 τῶν
686 792 833 827 ὀφθαλμῶν
845 793 970 828 ἀφῄρητο

183 834 250 868 φῶς.
268 836 394 870 Πρόσέισι
411 837 450 872 τῷ
469 837 516 864 τοῦ
531 837 598 865 Θεοῦ
617 837 704 873 δούλῳ
726 838 825 871 τοίνυν,
848 838 909 869 ὅλος
925 838 970 865 πί-

183 889 250 913 ctu,
267 881 326 913 ὅλος
338 882 427 914 ἐλπὶς,
447 883 507 915 ὅλος
517 883 618 918 δέησις,
635 884 700 915 οἵοις
723 885 860 920 συνέχοιτο
874 886 970 917 κακοῖς

182 927 307 957 ἐλεεινῶς
319 928 509 962 ἀπαγγέλλων.
523 929 666 964 summos;
677 930 820 965 τοιγαροῦν
835 931 876 962 εἰς
888 930 969 957 αὑτὸν

181 971 284 1004 ἐκεῖνος
296 972 368 1004 ἰδὼν,
383 971 443 1000 εἶτα
456 975 502 1000 καὶ
515 975 556 1006 είς
569 975 710 1010 σπλάγχνα
723 975 824 1011 βλέψας
838 976 885 1002 τοῦ
901 977 969 1010 ἀγα-

181 1017 240 1051 θοῦ,
256 1018 302 1044 καὶ
324 1019 378 1045 τῶν
395 1019 501 1046 ἐκείνου
527 1019 634 1055 δεηθεὶς
649 1014 810 1056 οίκτιρμῶν·
827 1019 921 1056 χαμαί
937 1029 968 1048 τε

181 1063 298 1096 πτύσας,
311 1063 360 1090 καὶ
372 1063 419 1090 τοῦ
437 1064 560 1090 ἐντεῦθεν
574 1065 661 1100 πηλοῦ
680 1065 743 1097 τοὺς
758 1065 915 1101 ὀφθαλμοὺς
929 1066 969 1101 τῷ

179 1108 273 1142 τυφλῷ
280 1109 432 1143 διαχρίσαςο
447 1109 492 1136 Ἐν
506 1110 546 1145 τῷ
558 1110 682 1146 ὀνόματι,
699 1111 776 1146 φησι,
790 1111 838 1138 τοῦ
854 1120 968 1147 μονογε-

180 1153 242 1186 νοῦς
255 1154 320 1181 Υίοῦ
335 1155 382 1181 τοῦ
393 1155 640 1193 Θεοῦ,τοῦπτυέλῳ
651 1157 699 1183 καὶ
710 1158 745 1192 γῇ
764 1157 809 1184 τὸν
823 1158 853 1184 ἐν
872 1166 969 1192 γεννη-

179 1201 236 1232 τοῖς
250 1200 351 1235 τυφλὺν
362 1200 460 1236 βλέψαι
477 1203 654 1237 ποιήσαντος,
671 1202 833 1237 ἀνάϐλεψον.
849 1203 903 1230 Καὶ
918 1212 969 1231 πα-

181 1247 310 1281 ραχρῆμα
326 1247 423 1282 (πολλὰ
441 1247 573 1283 ἐποίησας
593 1248 636 1280 σὺ,
652 1248 739 1284 Κύριε
752 1250 766 1275 ό
781 1249 847 1281 Θεός
859 1258 921 1284 μου,
934 1250 968 1276 τὰ

180 1292 321 1327 θαυμάσιά
332 1293 392 1325 σου)
402 1291 471 1318 τότε
483 1294 541 1328 φῶς
560 1294 635 1329 αὺτῷ
648 1293 762 1330 ἔρρωτο,
779 1296 825 1322 καὶ
845 1296 929 1330 ὑγιῶς
944 1297 968 1323 ot

178 1336 312 1371 ὀφθαλμοὶ
324 1333 407 1372 εῐχον.
421 1337 537 1364 Ἔπειτα
554 1338 645 1373 μέντοι
661 1338 766 1373 πλήξας
779 1339 812 1373 τῇ
825 1338 904 1374 βαῖνῃ
920 1338 969 1373 ῥά-

180 1381 234 1416 ϐδῳ
249 1382 297 1414 τὶς
312 1377 393 1417 ψύας,
407 1383 573 1418 ιπιτιμήσας
588 1383 617 1410 δι
629 1384 675 1410 καὶ
690 1385 748 1415 τοῖς
762 1383 898 1419 δαίμοσιν,
910 1384 970 1412 ὅλον

178 1427 313 1454 δείκνυσιν
325 1428 406 1460 εὐθὺς
419 1429 493 1465 ὑγιῆ,
511 1430 575 1464 μιᾶς
586 1429 666 1465 ἔργον
676 1429 759 1464 εὐχῆς
771 1430 864 1458 κακῶν
877 1430 970 1457 τοσού-

179 1481 232 1499 των
249 1473 471 1509 ἀπηλλαγμένον.

984 961 1005 988 Β

215 1561 268 1588 πᾶν.
289 1561 384 1593 Ἀλλος
396 1562 460 1593 τοὺς
476 1561 560 1593 πόδας
573 1561 722 1597 ἑκατέρους
740 1561 845 1597 μακρὸν
858 1562 970 1596 ήδη-πι-

180 1607 292 1642 πὴρωτο
306 1607 413 1643 χρόνον,
428 1608 465 1638 ὠς
480 1607 547 1642 μηδὲ
559 1607 590 1634 τὸ
604 1607 735 1656 παράπαν
746 1608 838 1638 αὐτοῖς
851 1607 1005 1656 χρῖνισθαιθϐ

179 1652 319 1679 δύνασθαι.
338 1653 490 1685 Πιστεύσας
509 1651 556 1680 οὖν
570 1653 686 1688 δυνατὴν
702 1650 771 1679 εἷναι
788 1653 826 1689 τῷ
840 1653 910 1688 ἁγίῳ
921 1652 970 1688 τὴν

180 1697 345 1733 Θεραπείαν,
362 1699 413 1734 ὁρᾷ
430 1698 524 1725 τοῦτον
548 1697 613 1734 map
630 1699 729 1730 αὐτοὺς
747 1699 781 1734 τῇ
805 1699 885 1734 βαῖνῃ
904 1698 971 1734 πλή-

181 1743 264 1776 ξαντα
280 1743 380 1779 ῥάϐδῳ.
401 1744 448 1770 καὶ
460 1745 477 1779 ἡ
491 1744 598 1779 πληγὴ,
611 1744 658 1770 τοῦ
669 1753 700 1770 τε
713 1743 798 1771 ὕπνου
818 1745 890 1771 κατά
903 1745 971 1770 ταύ-

180 1789 226 1816 τδν
238 1789 381 1824 ἀπαλλαγὴ
393 1790 440 1816 καὶ
452 1789 499 1816 τοῦ
515 1790 618 1821 πάθους
632 1790 730 1825 ἐκείνῳ
743 1790 859 1824 γίνεται,
872 1789 909 1821 ὡς
924 1790 972 1816 καὶ

183 1833 304 1869 μηνυτὴν
320 1833 402 1860 αὑτὸν
418 1834 452 1861 δι’
468 1833 566 1860 ἑαυτοῦ
579 1834 708 1869 φοιτῆσαι
722 1834 761 1869 τῷ
779 1834 902 1869 Συμεὼν,
920 1834 971 1868 τῆς

181 1879 339 1914 εὐεργεσίας
355 1879 402 1906 καὶ
413 1878 459 1906 τοῦ
472 1879 610 1914 θαύματος
623 1879 749 1914 ἄγγελον.
761 1880 832 1914 Γυνή
848 1888 889 1912 τις
908 1880 972 1907 Ἰου-

181 1925 261 1960 λιανὴ
276 1925 325 1960 τὴν
342 1925 440 1961 κλῆσιν
465 1925 495 1952 τὸ
516 1926 596 1960 σῶμα
626 1926 797 1961 πεπονηκυῖα
810 1947 818 1959 ,
835 1927 882 1952 καὶ
906 1926 970 1961 μηδ’

182 1971 271 1998 ὁτιοῦν
302 1970 386 2005 ἑαυτῇ
413 1971 568 2006 χρήσασθαι
596 1971 746 2007 δυναμένη,
778 1972 904 2007 πρόσεισι
932 1971 972 2006 τῷ

188 2016 283 2061 'A'Tlm,
298 2016 424 2052 δακρύων
436 2015 576 2052 ὠνουμένη
591 2017 640 2053 τὴν
652 2017 812 2052 θεραπείαν,
828 2018 914 2052 ὅσπερ
923 2019 980 2045 αὺ-’

182 2064 232 2098 τὴν
246 2063 309 2090 ίδὼν
320 2063 407 2090 πολλά
419 2064 545 2098 χέουσαν,
561 2064 609 2090 καὶ
624 2065 673 2099 τὴν
683 2064 772 2100 ψυχὴν
785 2064 828 2091 ἐπ’
838 2065 907 2100 αὐτῇ
921 2073 974 2091 πα-

183 2108 248 2141 θὼν,
273 2107 347 2135 παίει
369 2109 403 2144 τῇ
424 2107 503 2144 βαίνῃ
523 2108 631 2144 ῥάϐδῳ·
652 2109 700 2135 καὶ
721 2110 738 2144 ὴ
762 2109 812 2144 μὲν
839 2109 973 2144 ῥώννυται

183 2156 354 2190 παραχρῆμα
367 2175 375 2187 ,
400 2154 478 2181 νόσου
492 2154 523 2181 τὸ
539 2154 633 2182 λοιπὸν
650 2155 715 2190 ἄχρι
731 2156 825 2191 γήρως
845 2155 973 2192 οὐδεμιᾶς

184 2201 357 2236 πειραθεῖσα.
375 2201 415 2236 Τῇ
427 2201 455 2228 δὲ
471 2198 506 2236 ἦν
530 2201 631 2236 ἀδελφὴ
647 2200 766 2236 μασθοὺς
784 2201 843 2236 ἀμα
863 2203 910 2229 καὶ
923 2203 973 2229 πό-

182 2247 230 2278 δας
253 2246 378 2279 νοσοῦσα,
402 2247 449 2273 καὶ
471 2246 532 2274 λίαν
554 2247 656 2282 ἀμφοῖν
679 2247 834 2282 περιαλγῶς
857 2248 972 2283 ἐχουσα’

1021 338 1074 364 Pro
1091 336 1175 364 armis
1190 337 1273 371 igitur
1281 336 1343 363 aliis
1351 335 1437 363 sancti
1446 336 1557 363 nomine
1568 343 1597 362 se
1608 334 1708 367 munit,
1720 335 1809 369 ipsum

1022 382 1048 409 in
1064 382 1217 410 subsidium
1229 382 1356 414 advocat,
1372 381 1504 416 dictoque
1521 381 1604 408 citius
1621 381 1740 408 ferarum
1761 388 1810 407 ora

1020 432 1103 462 alque
1122 427 1235 462 vestigia
1253 427 1309 469 (res
1325 426 1393 453 mira
1408 425 1428 460 l)
1448 430 1528 453 terrae
1548 425 1698 456 cohmrent,
1724 425 1809 452 veluti

1017 472 1185 507 quibusdam
1203 471 1424 499 inenodabilibus
1434 471 1540 506 pedicis
1549 469 1709 502 constricta;
1722 470 1812 497 donec

1021 518 1072 545 iste
1097 518 1234 545 indemnis
1249 517 1400 545 discrimini
1425 522 1540 552 ereptus
1563 521 1646 548 esset,
1676 515 1816 544 conﬁtens

1020 563 1137 591 Domino
1160 562 1379 590 misericordiam
1407 570 1496 594 suam,
1523 566 1550 589 et
1575 561 1638 588 ﬁliis
1664 560 1810 588 hominm

1020 609 1155 636 mirabilia
1175 608 1387 646 ejus.\Rursum
1406 608 1478 635 alius
1493 616 1508 635 a
1526 607 1616 635 tribus
1631 606 1812 635 obsidebatur

1021 654 1202 686 daemonibus,
1215 654 1289 681 unde
1300 653 1445 688 perspicue
1457 653 1539 691 datur
1553 652 1717 687 intelligere,
1728 658 1810 685 qnam

1021 700 1119 728 acerbe
1129 699 1223 727 infelix
1232 699 1283 726 iste
1295 703 1483 734 torqueretur.
1494 697 1718 733 quandoquidem
1729 695 1812 722 unius

1020 747 1104 774 etiam
1130 746 1217 772 solius
1232 745 1341 780 vexatio
1358 744 1542 772 intolerabilis
1558 743 1605 770 sit.
1628 743 1729 770 Laxata
1745 741 1810 768 huic

1020 792 1195 827 dependebat
1205 791 1286 823 cutis,
1299 791 1354 818 imo
1371 790 1554 819 etoculorum
1573 789 1664 816 lumen
1680 791 1813 816 cratere-

1020 841 1108 870 ptuln.
1124 834 1254 870 Confugit
1270 835 1354 870 igitur
1370 834 1404 862 ad
1418 841 1529 862 servum
1544 833 1593 861 Dei
1608 853 1616 866 ,
1638 833 1734 860 ﬁrmus
1745 831 1810 864 ﬁde,

1020 888 1068 915 spe
1082 882 1189 915 plenus,
1203 880 1328 908 oratione
1340 879 1476 911 fervidus,
1493 879 1659 914 quantisque
1670 881 1813 913 prematur

1021 927 1101 954 malis
1123 926 1339 954 lamentabililer
1362 926 1485 960 exponit.
1508 925 1705 953 Commovetur
1730 924 1813 951 mise-

1021 971 1127 998 ratione
1150 971 1280 1006 Symeon,
1305 970 1446 998 hominem
1470 969 1594 1004 respicit,
1614 969 1678 996 inde
1699 968 1733 996 ad
1760 968 1813 995 mi-

1020 1016 1201 1043 sericordiam
1231 1023 1368 1051 supremae
1396 1015 1530 1042 bonitatis
1558 1014 1677 1042 reﬁectit
1705 1014 1810 1045 oculos,

1020 1062 1204 1097 precibusque
1214 1062 1338 1089 eamdem
1357 1061 1496 1097 implorat.
1509 1061 1579 1088 Tum
1599 1060 1677 1088 humi
1691 1059 1810 1095 exspuit,

1020 1113 1226 1144 temperatoque
1244 1109 1308 1137 inde
1324 1109 1382 1136 luto
1399 1109 1463 1136 caeci
1486 1108 1582 1136 oculos
1597 1108 1734 1142 inungens
1754 1115 1760 1133 :
1783 1107 1812 1134 In

1019 1155 1143 1186 nomine,
1167 1154 1276 1189 inquit,
1294 1154 1429 1190 unigeniti
1453 1153 1514 1181 Filii
1537 1153 1597 1185 Dei,
1621 1153 1668 1188 qui
1687 1156 1768 1187 sputo
1784 1155 1813 1178 et

1021 1205 1095 1228 terra
1113 1201 1189 1228 illum
1200 1209 1215 1228 a
1225 1201 1370 1229 nativitate
1381 1208 1430 1228 sua
1441 1207 1545 1228 caecum
1555 1199 1659 1227 lumine
1667 1198 1811 1226 oculorum

1020 1247 1182 1282 impertivit,
1209 1247 1334 1281 respice:
1351 1247 1499 1282 statimque
1517 1250 1611 1282 (quam
1638 1246 1725 1277 multa
1746 1245 1814 1273 facil

1020 1292 1170 1324 mirabilia,
1187 1290 1302 1319 Domine
1319 1292 1392 1319 Deus
1414 1293 1520 1324 meus!)
1534 1289 1563 1319 el
1579 1291 1668 1318 oculis
1682 1290 1813 1318 corrobo-

1023 1336 1088 1364 ratis
1113 1336 1202 1363 lucem
1219 1336 1354 1372 percepit,
1370 1340 1399 1364 et
1418 1335 1571 1371 perfectum
1594 1335 1704 1362 illorum
1732 1341 1812 1361 usum

1021 1381 1151 1408 obtinuit.
1166 1381 1270 1408 Deinde
1285 1381 1394 1416 palmca
1413 1381 1487 1416 virga
1506 1380 1623 1407 laxatam
1639 1383 1731 1406 cutem
1749 1386 1812 1414 per-

1021 1426 1139 1459 cutiens,
1161 1427 1305 1461 increpitis
1324 1426 1507 1458 daemonibus.
1519 1425 1665 1453 confestim
1681 1424 1755 1452 omni
1778 1431 1813 1451 ex

1021 1476 1099 1506 parte
1110 1479 1207 1503 sanum
1221 1471 1358 1506 exhibuit,
1371 1471 1454 1499 unius
1463 1471 1599 1499 orationis
1612 1478 1664 1506 ope
1679 1475 1719 1497 tot
1734 1469 1814 1497 malis

1022 1519 1182 1546 liberatum.

1056 1564 1100 1591 84.
1121 1565 1207 1592 Alteri
1219 1564 1255 1591 ob
1265 1564 1400 1592 diutinam
1417 1564 1562 1598 utriusque
1571 1562 1651 1598 pedis
1662 1561 1815 1589 inﬂamma-

1022 1611 1125 1638 tionem
1144 1607 1238 1639 nullus
1259 1611 1372 1638 omnino
1391 1618 1489 1638 eorum
1510 1618 1577 1638 usus
1599 1614 1660 1637 erat
1676 1618 1682 1636 :
1696 1609 1816 1637 credidit

1022 1663 1107 1691 penes
1123 1660 1248 1683 sanctum
1263 1655 1436 1683 medicamen
1451 1655 1503 1682 sibi
1520 1662 1676 1690 superesse,
1690 1661 1773 1689 quem
1787 1657 1816 1681 et

1021 1700 1159 1735 conspicit
1172 1708 1222 1735 per
1238 1707 1366 1728 somnum
1382 1700 1459 1735 virga
1481 1699 1589 1735 palmea
1605 1707 1635 1727 se
1655 1697 1815 1733 percutien-

1021 1749 1077 1776 tem
1100 1745 1146 1772 tali
1160 1745 1249 1780 plaga,
1266 1752 1327 1780 quae
1339 1745 1423 1773 simul
1439 1749 1468 1772 et
1483 1752 1581 1772 somno
1596 1749 1625 1772 et
1640 1743 1735 1771 dolore
1751 1750 1815 1770 eum

1022 1789 1162 1824 privavit':
1179 1790 1219 1816 uti
1238 1790 1297 1825 ipse
1315 1797 1365 1825 per
1381 1797 1411 1817 se
1434 1789 1599 1826 Symeonem
1618 1788 1725 1820 adiens.
1742 1788 1814 1815 idem

1021 1836 1150 1864 beneﬁcii
1165 1841 1194 1864 et
1215 1836 1341 1864 miraculi
1361 1837 1487 1868 nuntius.
1506 1841 1624 1865 testatus
1643 1841 1697 1872 est.
1718 1829 1816 1864 Mulier

1022 1881 1146 1916 quaidam
1161 1881 1270 1909 Iuliana
1290 1882 1437 1917 appellata.
1453 1882 1489 1909 ob
1500 1882 1587 1910 totius
1602 1881 1727 1916 corporis
1741 1880 1817 1908 inﬁr-

1023 1927 1148 1954 mitatem
1162 1927 1300 1962 impotens
1315 1935 1376 1963 quae
1392 1935 1422 1955 se
1435 1927 1518 1955 alicui
1536 1927 1576 1955 rei
1599 1924 1760 1962 applicaret,
1781 1926 1814 1952 ad

1024 1977 1149 2000 sanctum
1170 1972 1304 2007 confugit,
1321 1972 1451 2008 lacrymis
1469 1973 1521 2000 sibi
1543 1973 1690 2000 sanitatem
1702 1979 1815 2006 compa-

1024 2021 1128 2043 ratura.
1142 2015 1230 2049 Quam
1247 2016 1293 2043 ubi
1312 2016 1357 2052 ille
1373 2015 1454 2048 vidit.
1468 2015 1588 2043 ubertim
1604 2016 1714 2043 ﬂentem
1732 2015 1815 2042 mise-

1024 2066 1111 2094 ratus,
1137 2061 1213 2096 virga
1237 2061 1345 2096 palmea
1371 2061 1435 2089 {erit
1455 2069 1462 2087 τ
1486 2065 1515 2088 et
1530 2061 1632 2089 mulier
1650 2060 1817 2088 convalescit

1024 2107 1110 2140 illico,
1127 2115 1179 2135 nec
1200 2107 1256 2134 ullo
1273 2107 1407 2142 deinceps
1430 2114 1519 2142 usque
1538 2106 1571 2134 ad
1592 2106 1700 2134 senium
1721 2104 1817 2132 morb.)

1024 2157 1128 2180 tentata
1143 2151 1205 2179 fuit.
1219 2152 1286 2179 Erat
1298 2151 1366 2179 huic
1383 2159 1473 2184 soror,
1484 2158 1554 2186 'quar,
1568 2155 1597 2178 et
1611 2150 1670 2185 ipsa
1685 2149 1818 2177 uberibus

1024 2197 1197 2233 pedibusque
1220 2197 1327 2225 affectis
1341 2197 1498 2225 vehementi
1514 2197 1691 2224 cruciabatur
1705 2196 1817 2223 dolore:

1024 2242 1139 2270 adducit
1153 2243 1238 2278 igitur
1252 2243 1324 2271 hanc
1341 2251 1453 2278 quoque
1468 2242 1502 2269 ad
1517 2242 1645 2270 eumdem
1661 2241 1816 2273 medicum;

183 2293 317 2328 προσάγει
328 2292 419 2318 τοίνυν
436 2292 476 2327 τῷ
490 2292 575 2327 ’Δγίῳ
587 2293 635 2319 καὶ
645 2292 759 2329 ταύτην,
773 2294 818 2320 καὶ
832 2293 861 2326 ὃς
874 2293 913 2329 τῷ
923 2293 971 2321 τοῦ
984 2289 1011 2319 Ι)
1024 2300 1027 2314 ι

984 2289 1011 2319 D
1024 2289 1071 2324 qni
1088 2289 1222 2323 impresso
1237 2288 1329 2316 crucis
1345 2288 1423 2323 signo
1436 2287 1572 2315 laboranti
1589 2287 1738 2319 succurrit,
1754 2293 1818 2315 cru-

183 2335 302 2372 σταυροῦ
314 2337 392 2372 τύπῳ
406 2337 617 2372 διασφραγισας,
632 2337 680 2364 τοῦ
695 2338 798 2369 πάθους
810 2338 911 2370 εὐθέως
925 2340 973 2366 καὶ

183 2383 267 2417 αὐτὴν
281 2383 457 2415 ἀπαλλάττει,
471 2383 520 2415 τὰς
534 2383 630 2416 ὀδύνας
646 2383 756 2417 σϐέσας,
769 2385 816 2411 καὶ
828 2384 861 2416 ἃς
874 2386 973 2420 ἑχουσα

182 2430 258 2465 τύχοι
275 2429 383 2465 πληγὰς
400 2429 556 2464 ἰασάμενος.

217 2478 272 2504 πέ.
292 2475 331 2510 Τῇ
349 2475 377 2502 δὲ
407 2475 489 2501 πάλιν
517 2475 664 2510 θυγάτριον
678 2473 712 2511 ἦν
723 2496 730 2508 ,
747 2475 897 2511 προσώπου
922 2477 972 2511 μὲν

183 2521 230 2546 καὶ
243 2520 317 2555 ὥρας
337 2520 398 2556 ἔχον
420 2520 471 2546 οὐκ
487 2520 592 2555 ἀφυῶς,
608 2521 694 2557 κλόνῳ
711 2522 740 2549 δὲ
756 2521 884 2558 σώματος
909 2531 972 2549 τοσ-

182 2565 254 2600 ούτῳ
276 2565 324 2591 καὶ
348 2564 463 2600 παρέσει
486 2565 614 2600 κάτοχον,
628 2567 666 2598 ὡς
684 2567 732 2593 καὶ
747 2567 853 2602 φρενῶν
869 2567 973 2604 ἔρημον

183 2608 262 2643 εἶναι,
281 2611 404 2637 οίκτιστα
428 2610 475 2636 καὶ
498 2609 602 2637 τούτων
628 2612 786 2648 ὲξεστηκός.
807 2613 836 2640 '0
861 2613 911 2648 μὲν
926 2613 973 2640 οὖν

182 2657 232 2691 τῆς
248 2657 388 2691 παρέσεως
405 2657 452 2683 καὶ
465 2657 514 2691 τῆς
530 2657 710 2693 ἀναισθησίας
727 2659 803 2686 αίτία
816 2659 922 2695 δαίμων
937 2657 972 2695 ἦν

183 2703 310 2737 χαλεπὸς,
329 2702 501 2738 ἐπιπηδήσας
511 2702 550 2737 τῷ
566 2704 687 2739 κορασίῳ
699 2711 706 2719 '
725 2705 773 2740 ἠδ’
785 2705 859 2732 αίτὶα
888 2705 971 2732 πάλιν

182 2751 232 2783 τῆς
245 2751 278 2775 ἐκ
294 2749 341 2776 τοῦ
370 2749 497 2785 δαίμονος
521 2751 664 2786 ἐπηρείας,
678 2750 832 2786 ἁμάρτημα
854 2751 902 2786 τῆς
921 2759 971 2785 μη-

182 2795 258 2829 τρὶς,
273 2794 374 2827 κακίας
387 2791 649 2830 εἶσπραξινέκτῖνον
662 2795 711 2830 τὴν
724 2797 773 2830 τῆς
795 2796 889 2828 παιδὸς
919 2798 973 2824 πά-

184 2848 268 2874 ρεσιν.
287 2840 436 2876 Ἀράμεναι
450 2842 540 2868 τοίνυν
569 2842 665 2877 αὐτὴν,
681 2842 698 2877 ἢ
716 2851 745 2868 τε
768 2843 864 2878 μήτηρ
893 2843 940 2869 καὶ
955 2844 972 2878 ή

182 2886 232 2919 τῆς
257 2887 358 2921 μητρὸς
386 2887 498 2923 ἀδελφὴ,
525 2887 624 2923 φόρτον
660 2888 798 2921 ἐλεεινὸν,
813 2888 912 2924 φόρτον
933 2890 973 2920 εἰς

185 2931 288 2968 δάκρυα
301 2932 347 2959 καὶ
361 2933 452 2969 ἄψυχα
470 2934 571 2969 κινοῦν,
588 2934 715 2972 ῥίπτουσι
733 2935 784 2971 πρὸ
799 2935 845 2962 τοῦ
867 2935 968 2970 Ἀγίου·

1027 2335 1129 2362 ciatum
1143 2334 1223 2368 tollit,
1237 2333 1401 2361 vulneribus
1413 2333 1552 2360 medetur.

1060 2477 1106 2508 85.
1139 2476 1203 2506 Hec
1226 2485 1323 2505 rursus
1353 2477 1467 2504 ﬁliolam
1496 2476 1616 2504 habebat
1645 2476 1734 2504 forma
1762 2485 1819 2504 non

1027 2522 1184 2556 invenusta,
1204 2530 1287 2557 quam
1301 2526 1375 2549 tanta
1391 2522 1582 2549 membrorum
1595 2521 1770 2556 perturbatio
1785 2529 1818 2548 ac

1026 2567 1162 2603 paralysis
1178 2571 1362 2603 occupaverat
1373 2587 1381 2599 ,
1398 2571 1428 2594 ut
1443 2571 1472 2594 et
1489 2567 1645 2602 deliquium
1667 2566 1752 2594 ammi
1769 2575 1817 2602 pa-

1027 2617 1133 2641 teretur
1147 2621 1229 2648 satpe,
1258 2618 1286 2641 et
1317 2621 1332 2641 a
1354 2617 1427 2640 statu
1454 2613 1556 2641 mentis
1579 2613 1768 2641 miserandum
1789 2613 1818 2640 in

1026 2658 1139 2686 modum
1159 2658 1335 2693 dejicerctur.
1350 2657 1438 2685 Causa
1464 2658 1622 2693 paralyticze
1651 2657 1819 2685 inﬁrmitatis

1027 2704 1146 2732 diﬁicilis
1158 2703 1264 2731 daemon
1276 2708 1345 2737 erat,
1356 2703 1403 2738 qui
1415 2704 1535 2739 puellam
1552 2704 1704 2732 incesserat
1717 2711 1724 2730 :
1737 2707 1820 2738 atque

1027 2750 1129 2777 iterum
1145 2749 1280 2777 damonis
1298 2749 1436 2777 smvientis
1451 2757 1534 2777 causa
1551 2754 1695 2785 peccatum
1711 2749 1817 2781 matris,

1027 2796 1055 2824 in
1071 2795 1244 2830 punitionem
1261 2795 1392 2830 nequitiae
1415 2795 1565 2831 paralysim
1592 2796 1663 2830 proli
1685 2795 1815 2822 aﬁ'erens.

1027 2842 1169 2870 Sublatam
1196 2842 1288 2876 itaque
1323 2842 1443 2877 puellam
1481 2846 1570 2870 mater
1598 2849 1631 2869 ac
1657 2846 1817 2872 matertera,

1026 2889 1163 2917 sarcinam
1180 2888 1374 2920 miserabilem,
1403 2889 1541 2919 sarcinam
1571 2888 1706 2923 lacrymas
1730 2886 1815 2914 etiam

1027 2935 1186 2963 inanimatis
1202 2935 1370 2968 eliciente-ni,
1385 2934 1420 2962 ad
1439 2934 1527 2964 sancti
1541 2934 1628 2970 pedes
1635 2931 1786 2969 projiciunt
1804 2940 1812 2959 :
