  <div class='ocr_page' id='page_1' title='image "/cluster/home/n/w/nwhite01/storage/ocr_20150623/86/njp.32101064224528/675.png"; bbox 0 0 2138 3283; ppageno 0'>
   <div class='ocr_carea' id='block_1_1' title="bbox 325 233 392 266">
    <p class='ocr_par' dir='ltr' id='par_1_1' title="bbox 325 233 392 266">
     <span class='ocr_line' id='line_1_1' title="bbox 325 233 392 266; baseline -0.015 0"><span class='ocrx_word' id='word_1_1' title='bbox 325 233 392 266; x_wconf 69' lang='lat' dir='ltr'><strong>SD71</strong></span> 
     </span>
    </p>
   </div>
   <div class='ocr_carea' id='block_1_2' title="bbox 931 230 1366 261">
    <p class='ocr_par' dir='ltr' id='par_1_2' title="bbox 931 230 1366 261">
     <span class='ocr_line' id='line_1_2' title="bbox 931 230 1366 261; baseline -0.002 0"><span class='ocrx_word' id='word_1_2' title='bbox 931 233 962 261; x_wconf 90' lang='lat' dir='ltr'><strong>S.</strong></span> <span class='ocrx_word' id='word_1_3' title='bbox 980 231 1168 261; x_wconf 79' lang='lat' dir='ltr'><strong>SYMEONIS</strong></span> <span class='ocrx_word' id='word_1_4' title='bbox 1186 230 1366 261; x_wconf 61' lang='lat' dir='ltr'><strong>JUNIORIS</strong></span> 
     </span>
    </p>
   </div>
   <div class='ocr_carea' id='block_1_3' title="bbox 1876 228 1946 259">
    <p class='ocr_par' dir='ltr' id='par_1_3' title="bbox 1876 228 1946 259">
     <span class='ocr_line' id='line_1_3' title="bbox 1876 228 1946 259; baseline -0.014 0"><span class='ocrx_word' id='word_1_5' title='bbox 1876 228 1946 259; x_wconf 75' lang='lat'><strong>3072</strong></span> 
     </span>
    </p>
   </div>
   <div class='ocr_carea' id='block_1_4' title="bbox 328 282 1172 323">
    <p class='ocr_par' dir='ltr' id='par_1_4' title="bbox 328 286 1172 323">
     <span class='ocr_line' id='line_1_4' title="bbox 328 286 1172 323; baseline -0.005 -8"><span class='ocrx_word' id='word_1_6' title='bbox 328 290 430 317; x_wconf 84' lang='lat' dir='ltr'><strong>virtute</strong></span> <span class='ocrx_word' id='word_1_7' title='bbox 445 289 502 316; x_wconf 72' lang='lat' dir='ltr'><strong>hmc</strong></span> <span class='ocrx_word' id='word_1_8' title='bbox 518 291 607 323; x_wconf 84' lang='lat' dir='ltr'><strong>patro.</strong></span> <span class='ocrx_word' id='word_1_9' title='bbox 619 287 671 315; x_wconf 81' lang='lat' dir='ltr'><strong>Sed</strong></span> <span class='ocrx_word' id='word_1_10' title='bbox 684 295 744 322; x_wconf 69' lang='lat' dir='ltr'><strong>quae</strong></span> <span class='ocrx_word' id='word_1_11' title='bbox 757 294 806 314; x_wconf 86' lang='lat' dir='ltr'><strong>vos</strong></span> <span class='ocrx_word' id='word_1_12' title='bbox 820 287 847 314; x_wconf 92' lang='lat' dir='ltr'><strong>in</strong></span> <span class='ocrx_word' id='word_1_13' title='bbox 857 286 939 313; x_wconf 91' lang='lat' dir='ltr'><strong>corde</strong></span> <span class='ocrx_word' id='word_1_14' title='bbox 948 286 981 313; x_wconf 92' lang='lat' dir='ltr'><strong>dc</strong></span> <span class='ocrx_word' id='word_1_15' title='bbox 995 294 1037 313; x_wconf 70' lang='lat' dir='ltr'><strong>me</strong></span> <span class='ocrx_word' id='word_1_16' title='bbox 1049 293 1113 320; x_wconf 86' lang='lat' dir='ltr'><strong>per-</strong></span> <span class='ocrx_word' id='word_1_17' title='bbox 1127 287 1151 315; x_wconf 82' lang='grc' dir='ltr'><strong>Α</strong></span> <span class='ocrx_word' id='word_1_18' title='bbox 1166 286 1172 311; x_wconf 81' lang='grc' dir='ltr'><strong>ί</strong></span> 
     </span>
    </p>
   </div>
   <div class='ocr_carea' id='block_1_5' title="bbox 1100 282 1944 323">
    <p class='ocr_par' dir='ltr' id='par_1_5' title="bbox 1100 282 1944 320">
     <span class='ocr_line' id='line_1_5' title="bbox 1100 282 1944 320; baseline -0.005 -8"><span class='ocrx_word' id='word_1_19' title='bbox 1100 300 1113 305; x_wconf 94' lang='grc'><strong>-</strong></span> <span class='ocrx_word' id='word_1_20' title='bbox 1127 287 1151 315; x_wconf 82' lang='grc' dir='ltr'><strong>Α</strong></span> <span class='ocrx_word' id='word_1_21' title='bbox 1166 285 1229 319; x_wconf 81' lang='grc' dir='ltr'>ὑμῖν</span> <span class='ocrx_word' id='word_1_22' title='bbox 1261 286 1301 316; x_wconf 83' lang='grc' dir='ltr'><strong>είς</strong></span> <span class='ocrx_word' id='word_1_23' title='bbox 1324 284 1438 320; x_wconf 75' lang='grc' dir='ltr'><strong>καρδίαν</strong></span> <span class='ocrx_word' id='word_1_24' title='bbox 1453 284 1518 319; x_wconf 73' lang='grc' dir='ltr'>περὶ</span> <span class='ocrx_word' id='word_1_25' title='bbox 1534 282 1612 319; x_wconf 76' lang='grc' dir='ltr'>ἐμοῦ,</span> <span class='ocrx_word' id='word_1_26' title='bbox 1629 283 1707 316; x_wconf 75' lang='grc' dir='ltr'>τλεως</span> <span class='ocrx_word' id='word_1_27' title='bbox 1730 284 1794 317; x_wconf 81' lang='grc' dir='ltr'>ὑμῖν</span> <span class='ocrx_word' id='word_1_28' title='bbox 1808 282 1849 317; x_wconf 69' lang='grc' dir='ltr'><strong>εἴη</strong></span> <span class='ocrx_word' id='word_1_29' title='bbox 1861 282 1924 313; x_wconf 65' lang='lat' dir='ltr'><strong>Sed;</strong></span> <span class='ocrx_word' id='word_1_30' title='bbox 1937 289 1944 297; x_wconf 83' lang='lat'>&#39;</span> 
     </span>
    </p>
   </div>
   <div class='ocr_carea' id='block_1_6' title="bbox 328 330 1109 370">
    <p class='ocr_par' dir='ltr' id='par_1_6' title="bbox 328 330 1109 370">
     <span class='ocr_line' id='line_1_6' title="bbox 328 330 1109 370; baseline -0.008 -9"><span class='ocrx_word' id='word_1_31' title='bbox 328 343 422 370; x_wconf 81' lang='lat' dir='ltr'><strong>peram</strong></span> <span class='ocrx_word' id='word_1_32' title='bbox 444 333 596 369; x_wconf 81' lang='lat' dir='ltr'><strong>cogitastis,</strong></span> <span class='ocrx_word' id='word_1_33' title='bbox 618 334 754 368; x_wconf 83' lang='lat' dir='ltr'><strong>propitius</strong></span> <span class='ocrx_word' id='word_1_34' title='bbox 777 331 855 358; x_wconf 84' lang='lat' dir='ltr'><strong>vobis</strong></span> <span class='ocrx_word' id='word_1_35' title='bbox 877 331 999 365; x_wconf 86' lang='lat' dir='ltr'><strong>ignoscat</strong></span> <span class='ocrx_word' id='word_1_36' title='bbox 1024 330 1109 357; x_wconf 81' lang='lat' dir='ltr'><strong>Deus:</strong></span> 
     </span>
    </p>
   </div>
   <div class='ocr_carea' id='block_1_7' title="bbox 328 377 1113 414">
    <p class='ocr_par' dir='ltr' id='par_1_7' title="bbox 328 377 1113 414">
     <span class='ocr_line' id='line_1_7' title="bbox 328 377 1113 414; baseline -0.008 -7"><span class='ocrx_word' id='word_1_37' title='bbox 328 381 462 407; x_wconf 81' lang='lat' dir='ltr'><strong>adversus</strong></span> <span class='ocrx_word' id='word_1_38' title='bbox 487 379 578 414; x_wconf 86' lang='lat' dir='ltr'><strong>ipsum</strong></span> <span class='ocrx_word' id='word_1_39' title='bbox 595 379 669 406; x_wconf 86' lang='lat' dir='ltr'><strong>enim</strong></span> <span class='ocrx_word' id='word_1_40' title='bbox 684 377 830 412; x_wconf 84' lang='lat' dir='ltr'><strong>aperuistis</strong></span> <span class='ocrx_word' id='word_1_41' title='bbox 854 383 884 403; x_wconf 91' lang='lat' dir='ltr'><strong>os</strong></span> <span class='ocrx_word' id='word_1_42' title='bbox 901 381 1033 407; x_wconf 80' lang='lat' dir='ltr'><strong>vestrum,</strong></span> <span class='ocrx_word' id='word_1_43' title='bbox 1059 382 1113 401; x_wconf 90' lang='lat' dir='ltr'><strong>non</strong></span> 
     </span>
    </p>
   </div>
   <div class='ocr_carea' id='block_1_8' title="bbox 328 420 1114 458">
    <p class='ocr_par' dir='ltr' id='par_1_8' title="bbox 328 420 1114 458">
     <span class='ocr_line' id='line_1_8' title="bbox 328 420 1114 458; baseline -0.01 -5"><span class='ocrx_word' id='word_1_44' title='bbox 328 426 473 452; x_wconf 80' lang='lat' dir='ltr'><strong>adversum</strong></span> <span class='ocrx_word' id='word_1_45' title='bbox 491 433 552 457; x_wconf 83' lang='lat' dir='ltr'><strong>me;</strong></span> <span class='ocrx_word' id='word_1_46' title='bbox 572 424 712 451; x_wconf 81' lang='lat' dir='ltr'><strong>Altissimo</strong></span> <span class='ocrx_word' id='word_1_47' title='bbox 728 423 856 458; x_wconf 76' lang='lat' dir='ltr'><strong>iniuriam</strong></span> <span class='ocrx_word' id='word_1_48' title='bbox 877 422 1050 456; x_wconf 80' lang='lat' dir='ltr'><strong>irrogaslisin</strong></span> <span class='ocrx_word' id='word_1_49' title='bbox 1063 420 1114 446; x_wconf 85' lang='lat' dir='ltr'><strong>ini-</strong></span> 
     </span>
    </p>
   </div>
   <div class='ocr_carea' id='block_1_9' title="bbox 327 465 1115 505">
    <p class='ocr_par' dir='ltr' id='par_1_9' title="bbox 327 465 1115 505">
     <span class='ocr_line' id='line_1_9' title="bbox 327 465 1115 505; baseline -0.009 -7"><span class='ocrx_word' id='word_1_50' title='bbox 327 471 434 505; x_wconf 83' lang='lat' dir='ltr'><strong>quitate</strong></span> <span class='ocrx_word' id='word_1_51' title='bbox 457 476 548 498; x_wconf 88' lang='lat' dir='ltr'><strong>vestra</strong></span> <span class='ocrx_word' id='word_1_52' title='bbox 572 468 784 504; x_wconf 75' lang='lat' dir='ltr'><strong>cogitationibus</strong></span> <span class='ocrx_word' id='word_1_53' title='bbox 808 471 836 494; x_wconf 91' lang='lat' dir='ltr'><strong>et</strong></span> <span class='ocrx_word' id='word_1_54' title='bbox 850 467 952 494; x_wconf 84' lang='lat' dir='ltr'><strong>verbis.</strong></span> <span class='ocrx_word' id='word_1_55' title='bbox 976 465 1015 492; x_wconf 79' lang='lat' dir='ltr'><strong>Ex</strong></span> <span class='ocrx_word' id='word_1_56' title='bbox 1040 465 1115 492; x_wconf 91' lang='lat' dir='ltr'><strong>hisce</strong></span> 
     </span>
    </p>
   </div>
   <div class='ocr_carea' id='block_1_10' title="bbox 328 510 1115 545">
    <p class='ocr_par' dir='ltr' id='par_1_10' title="bbox 328 510 1115 545">
     <span class='ocr_line' id='line_1_10' title="bbox 328 510 1115 545; baseline -0.006 -4"><span class='ocrx_word' id='word_1_57' title='bbox 328 523 395 543; x_wconf 90' lang='lat' dir='ltr'><strong>vero</strong></span> <span class='ocrx_word' id='word_1_58' title='bbox 407 514 494 542; x_wconf 82' lang='lat' dir='ltr'><strong>sancti</strong></span> <span class='ocrx_word' id='word_1_59' title='bbox 505 514 587 541; x_wconf 88' lang='lat' dir='ltr'><strong>dictis</strong></span> <span class='ocrx_word' id='word_1_60' title='bbox 599 517 705 541; x_wconf 81' lang='lat' dir='ltr'><strong>tantum</strong></span> <span class='ocrx_word' id='word_1_61' title='bbox 717 511 895 540; x_wconf 89' lang='lat' dir='ltr'><strong>emolumenti</strong></span> <span class='ocrx_word' id='word_1_62' title='bbox 907 514 1039 545; x_wconf 88' lang='lat' dir='ltr'><strong>ceperunt</strong></span> <span class='ocrx_word' id='word_1_63' title='bbox 1049 510 1115 537; x_wconf 83' lang='lat' dir='ltr'><strong>tide-</strong></span> 
     </span>
    </p>
   </div>
   <div class='ocr_carea' id='block_1_11' title="bbox 329 556 974 595">
    <p class='ocr_par' dir='ltr' id='par_1_11' title="bbox 329 556 974 595">
     <span class='ocr_line' id='line_1_11' title="bbox 329 556 974 595; baseline -0.008 -8"><span class='ocrx_word' id='word_1_64' title='bbox 329 560 379 592; x_wconf 73' lang='lat' dir='ltr'><strong>les,</strong></span> <span class='ocrx_word' id='word_1_65' title='bbox 394 564 497 595; x_wconf 85' lang='lat' dir='ltr'><strong>quanto</strong></span> <span class='ocrx_word' id='word_1_66' title='bbox 522 559 648 586; x_wconf 84' lang='lat' dir='ltr'><strong>inﬁdeles</strong></span> <span class='ocrx_word' id='word_1_67' title='bbox 670 558 775 593; x_wconf 90' lang='lat' dir='ltr'><strong>pudore</strong></span> <span class='ocrx_word' id='word_1_68' title='bbox 787 556 884 584; x_wconf 83' lang='lat' dir='ltr'><strong>sull‘usi</strong></span> <span class='ocrx_word' id='word_1_69' title='bbox 900 559 974 583; x_wconf 85' lang='lat' dir='ltr'><strong>sunt.</strong></span> 
     </span>
    </p>
   </div>
   <div class='ocr_carea' id='block_1_12' title="bbox 364 599 1115 639">
    <p class='ocr_par' dir='ltr' id='par_1_12' title="bbox 364 599 1115 639">
     <span class='ocr_line' id='line_1_12' title="bbox 364 599 1115 639; baseline -0.008 -7"><span class='ocrx_word' id='word_1_70' title='bbox 364 604 410 632; x_wconf 87' lang='lat'><strong>90.</strong></span> <span class='ocrx_word' id='word_1_71' title='bbox 426 605 514 639; x_wconf 85' lang='lat' dir='ltr'><strong>Pagus</strong></span> <span class='ocrx_word' id='word_1_72' title='bbox 530 608 600 635; x_wconf 89' lang='lat' dir='ltr'><strong>erat,</strong></span> <span class='ocrx_word' id='word_1_73' title='bbox 624 603 725 630; x_wconf 76' lang='lat' dir='ltr'><strong>Severe</strong></span> <span class='ocrx_word' id='word_1_74' title='bbox 749 602 850 633; x_wconf 89' lang='lat' dir='ltr'><strong>dictus,</strong></span> <span class='ocrx_word' id='word_1_75' title='bbox 866 601 912 628; x_wconf 90' lang='lat' dir='ltr'><strong>ubi</strong></span> <span class='ocrx_word' id='word_1_76' title='bbox 930 601 958 627; x_wconf 88' lang='lat' dir='ltr'><strong>in</strong></span> <span class='ocrx_word' id='word_1_77' title='bbox 983 599 1115 635; x_wconf 82' lang='lat' dir='ltr'><strong>praecipiti</strong></span> 
     </span>
    </p>
   </div>
   <div class='ocr_carea' id='block_1_13' title="bbox 330 646 1116 684">
    <p class='ocr_par' dir='ltr' id='par_1_13' title="bbox 330 646 1116 684">
     <span class='ocr_line' id='line_1_13' title="bbox 330 646 1116 684; baseline -0.009 -8"><span class='ocrx_word' id='word_1_78' title='bbox 330 654 523 684; x_wconf 74' lang='lat' dir='ltr'><strong>pmruptoque</strong></span> <span class='ocrx_word' id='word_1_79' title='bbox 539 649 615 682; x_wconf 77' lang='lat' dir='ltr'><strong>juxta</strong></span> <span class='ocrx_word' id='word_1_80' title='bbox 627 647 698 674; x_wconf 87' lang='lat' dir='ltr'><strong>viam</strong></span> <span class='ocrx_word' id='word_1_81' title='bbox 715 646 774 681; x_wconf 84' lang='lat' dir='ltr'><strong>loco</strong></span> <span class='ocrx_word' id='word_1_82' title='bbox 786 646 869 680; x_wconf 85' lang='lat' dir='ltr'><strong>pinus</strong></span> <span class='ocrx_word' id='word_1_83' title='bbox 879 648 1037 684; x_wconf 78' lang='lat' dir='ltr'><strong>excreverat</strong></span> <span class='ocrx_word' id='word_1_84' title='bbox 1051 651 1116 670; x_wconf 76' lang='lat' dir='ltr'><strong>zac-</strong></span> 
     </span>
    </p>
   </div>
   <div class='ocr_carea' id='block_1_14' title="bbox 331 682 1116 727">
    <p class='ocr_par' dir='ltr' id='par_1_14' title="bbox 331 682 1116 727">
     <span class='ocr_line' id='line_1_14' title="bbox 331 682 1116 727; baseline -0.009 -7"><span class='ocrx_word' id='word_1_85' title='bbox 331 682 402 720; x_wconf 71' lang='lat' dir='ltr'><strong>cidit</strong></span> <span class='ocrx_word' id='word_1_86' title='bbox 417 682 566 727; x_wconf 78' lang='lat' dir='ltr'><strong>aliquando</strong></span> <span class='ocrx_word' id='word_1_87' title='bbox 578 695 608 718; x_wconf 92' lang='lat' dir='ltr'><strong>ut</strong></span> <span class='ocrx_word' id='word_1_88' title='bbox 618 691 679 726; x_wconf 84' lang='lat' dir='ltr'><strong>pagi</strong></span> <span class='ocrx_word' id='word_1_89' title='bbox 696 690 792 717; x_wconf 69' lang='lat' dir='ltr'><strong>incolae</strong></span> <span class='ocrx_word' id='word_1_90' title='bbox 805 688 927 716; x_wconf 89' lang='lat' dir='ltr'><strong>nonnulli</strong></span> <span class='ocrx_word' id='word_1_91' title='bbox 946 682 996 715; x_wconf 86' lang='lat' dir='ltr'><strong>sub</strong></span> <span class='ocrx_word' id='word_1_92' title='bbox 1009 687 1116 714; x_wconf 85' lang='lat' dir='ltr'><strong>arboris</strong></span> 
     </span>
    </p>
   </div>
   <div class='ocr_carea' id='block_1_15' title="bbox 331 731 1115 770">
    <p class='ocr_par' dir='ltr' id='par_1_15' title="bbox 331 731 1115 770">
     <span class='ocr_line' id='line_1_15' title="bbox 331 731 1115 770; baseline -0.01 -5"><span class='ocrx_word' id='word_1_93' title='bbox 331 737 429 764; x_wconf 81' lang='lat' dir='ltr'><strong>umbra</strong></span> <span class='ocrx_word' id='word_1_94' title='bbox 445 736 630 767; x_wconf 80' lang='lat' dir='ltr'><strong>considerent,</strong></span> <span class='ocrx_word' id='word_1_95' title='bbox 650 739 732 770; x_wconf 85' lang='lat' dir='ltr'><strong>atque</strong></span> <span class='ocrx_word' id='word_1_96' title='bbox 750 741 822 761; x_wconf 90' lang='lat' dir='ltr'><strong>unus</strong></span> <span class='ocrx_word' id='word_1_97' title='bbox 835 742 851 760; x_wconf 88' lang='lat' dir='ltr'><strong>e</strong></span> <span class='ocrx_word' id='word_1_98' title='bbox 865 739 991 763; x_wconf 89' lang='lat' dir='ltr'><strong>numero,</strong></span> <span class='ocrx_word' id='word_1_99' title='bbox 1006 731 1115 758; x_wconf 85' lang='lat' dir='ltr'><strong>nomine</strong></span> 
     </span>
    </p>
   </div>
   <div class='ocr_carea' id='block_1_16' title="bbox 330 778 1118 816">
    <p class='ocr_par' dir='ltr' id='par_1_16' title="bbox 330 778 1118 816">
     <span class='ocr_line' id='line_1_16' title="bbox 330 778 1118 816; baseline -0.008 -7"><span class='ocrx_word' id='word_1_100' title='bbox 330 782 458 814; x_wconf 80' lang='lat' dir='ltr'><strong>Jacobus,</strong></span> <span class='ocrx_word' id='word_1_101' title='bbox 469 782 543 808; x_wconf 86' lang='lat' dir='ltr'><strong>illam</strong></span> <span class='ocrx_word' id='word_1_102' title='bbox 553 780 682 816; x_wconf 88' lang='lat' dir='ltr'><strong>cupidine</strong></span> <span class='ocrx_word' id='word_1_103' title='bbox 694 780 833 807; x_wconf 83' lang='lat' dir='ltr'><strong>fructuum</strong></span> <span class='ocrx_word' id='word_1_104' title='bbox 842 778 1041 813; x_wconf 87' lang='lat' dir='ltr'><strong>carpendorum</strong></span> <span class='ocrx_word' id='word_1_105' title='bbox 1052 783 1118 804; x_wconf 89' lang='lat' dir='ltr'><strong>con-</strong></span> 
     </span>
    </p>
   </div>
   <div class='ocr_carea' id='block_1_17' title="bbox 331 822 1117 860">
    <p class='ocr_par' dir='ltr' id='par_1_17' title="bbox 331 822 1117 860">
     <span class='ocr_line' id='line_1_17' title="bbox 331 822 1117 860; baseline -0.008 -6"><span class='ocrx_word' id='word_1_106' title='bbox 331 827 486 854; x_wconf 87' lang='lat' dir='ltr'><strong>scenderet.</strong></span> <span class='ocrx_word' id='word_1_107' title='bbox 502 825 581 858; x_wconf 84' lang='lat' dir='ltr'><strong>Quod</strong></span> <span class='ocrx_word' id='word_1_108' title='bbox 594 825 659 852; x_wconf 91' lang='lat' dir='ltr'><strong>dum</strong></span> <span class='ocrx_word' id='word_1_109' title='bbox 672 825 738 860; x_wconf 87' lang='lat' dir='ltr'><strong>agit,</strong></span> <span class='ocrx_word' id='word_1_110' title='bbox 751 824 886 858; x_wconf 86' lang='lat' dir='ltr'><strong>conspicit</strong></span> <span class='ocrx_word' id='word_1_111' title='bbox 898 823 967 849; x_wconf 91' lang='lat' dir='ltr'><strong>duos</strong></span> <span class='ocrx_word' id='word_1_112' title='bbox 979 822 1117 849; x_wconf 61' lang='lat' dir='ltr'><strong>daemones</strong></span> 
     </span>
    </p>
   </div>
   <div class='ocr_carea' id='block_1_18' title="bbox 331 867 1117 906">
    <p class='ocr_par' dir='ltr' id='par_1_18' title="bbox 331 867 1117 906">
     <span class='ocr_line' id='line_1_18' title="bbox 331 867 1117 906; baseline -0.006 -8"><span class='ocrx_word' id='word_1_113' title='bbox 331 871 367 898; x_wconf 88' lang='lat' dir='ltr'><strong>ad</strong></span> <span class='ocrx_word' id='word_1_114' title='bbox 383 879 412 898; x_wconf 90' lang='lat' dir='ltr'><strong>se</strong></span> <span class='ocrx_word' id='word_1_115' title='bbox 430 875 618 906; x_wconf 83' lang='lat' dir='ltr'><strong>properantes,</strong></span> <span class='ocrx_word' id='word_1_116' title='bbox 633 874 828 904; x_wconf 82' lang='lat' dir='ltr'><strong>arreptumque</strong></span> <span class='ocrx_word' id='word_1_117' title='bbox 850 867 967 902; x_wconf 88' lang='lat' dir='ltr'><strong>pedibus</strong></span> <span class='ocrx_word' id='word_1_118' title='bbox 987 868 1014 894; x_wconf 91' lang='lat' dir='ltr'><strong>in</strong></span> <span class='ocrx_word' id='word_1_119' title='bbox 1024 867 1117 901; x_wconf 84' lang='lat' dir='ltr'><strong>subje-</strong></span> 
     </span>
    </p>
   </div>
   <div class='ocr_carea' id='block_1_19' title="bbox 332 911 1117 951">
    <p class='ocr_par' dir='ltr' id='par_1_19' title="bbox 332 911 1117 951">
     <span class='ocr_line' id='line_1_19' title="bbox 332 911 1117 951; baseline -0.006 -8"><span class='ocrx_word' id='word_1_120' title='bbox 332 921 406 943; x_wconf 88' lang='lat' dir='ltr'><strong>ctum</strong></span> <span class='ocrx_word' id='word_1_121' title='bbox 423 916 602 951; x_wconf 73' lang='lat' dir='ltr'><strong>przecipitium</strong></span> <span class='ocrx_word' id='word_1_122' title='bbox 614 916 759 950; x_wconf 79' lang='lat' dir='ltr'><strong>jactantes,</strong></span> <span class='ocrx_word' id='word_1_123' title='bbox 775 914 853 948; x_wconf 82' lang='lat' dir='ltr'><strong>cujus</strong></span> <span class='ocrx_word' id='word_1_124' title='bbox 866 913 945 940; x_wconf 86' lang='lat' dir='ltr'><strong>simul</strong></span> <span class='ocrx_word' id='word_1_125' title='bbox 959 916 986 939; x_wconf 86' lang='lat' dir='ltr'><strong>et</strong></span> <span class='ocrx_word' id='word_1_126' title='bbox 1010 911 1117 939; x_wconf 87' lang='lat' dir='ltr'><strong>arboris</strong></span> 
     </span>
    </p>
   </div>
   <div class='ocr_carea' id='block_1_20' title="bbox 1163 326 1947 363">
    <p class='ocr_par' dir='ltr' id='par_1_20' title="bbox 1163 326 1947 363">
     <span class='ocr_line' id='line_1_20' title="bbox 1163 326 1947 363; baseline -0.005 -7"><span class='ocrx_word' id='word_1_127' title='bbox 1163 331 1202 361; x_wconf 78' lang='grc' dir='ltr'><strong>είς</strong></span> <span class='ocrx_word' id='word_1_128' title='bbox 1226 330 1329 355; x_wconf 80' lang='grc' dir='ltr'>ἐκεῖνον</span> <span class='ocrx_word' id='word_1_129' title='bbox 1355 329 1409 363; x_wconf 72' lang='grc' dir='ltr'><strong>γὰρ</strong></span> <span class='ocrx_word' id='word_1_130' title='bbox 1436 329 1529 355; x_wconf 80' lang='grc' dir='ltr'><strong>ἔθεσθε</strong></span> <span class='ocrx_word' id='word_1_131' title='bbox 1560 329 1590 354; x_wconf 81' lang='grc' dir='ltr'>τὸ</span> <span class='ocrx_word' id='word_1_132' title='bbox 1619 328 1706 362; x_wconf 76' lang='grc' dir='ltr'>στόμα</span> <span class='ocrx_word' id='word_1_133' title='bbox 1732 327 1806 362; x_wconf 73' lang='grc' dir='ltr'>ὑμῶν</span> <span class='ocrx_word' id='word_1_134' title='bbox 1827 326 1873 352; x_wconf 76' lang='grc' dir='ltr'>καὶ</span> <span class='ocrx_word' id='word_1_135' title='bbox 1898 326 1947 352; x_wconf 77' lang='grc' dir='ltr'><strong>οὐκ</strong></span> 
     </span>
    </p>
   </div>
   <div class='ocr_carea' id='block_1_21' title="bbox 1163 371 1946 408">
    <p class='ocr_par' dir='ltr' id='par_1_21' title="bbox 1163 371 1946 408">
     <span class='ocr_line' id='line_1_21' title="bbox 1163 371 1946 408; baseline -0.003 -8"><span class='ocrx_word' id='word_1_136' title='bbox 1163 375 1206 405; x_wconf 74' lang='grc' dir='ltr'><strong>είς</strong></span> <span class='ocrx_word' id='word_1_137' title='bbox 1230 374 1290 408; x_wconf 68' lang='grc' dir='ltr'><strong>ἐμὲ,</strong></span> <span class='ocrx_word' id='word_1_138' title='bbox 1314 373 1421 400; x_wconf 81' lang='grc' dir='ltr'>ἀδικίαν</span> <span class='ocrx_word' id='word_1_139' title='bbox 1453 374 1492 404; x_wconf 80' lang='grc' dir='ltr'><strong>εἰς</strong></span> <span class='ocrx_word' id='word_1_140' title='bbox 1515 374 1545 400; x_wconf 77' lang='grc' dir='ltr'><strong>τδ</strong></span> <span class='ocrx_word' id='word_1_141' title='bbox 1569 373 1636 407; x_wconf 81' lang='grc' dir='ltr'>ὕψος</span> <span class='ocrx_word' id='word_1_142' title='bbox 1655 374 1684 399; x_wconf 81' lang='grc' dir='ltr'>ὲν</span> <span class='ocrx_word' id='word_1_143' title='bbox 1700 373 1818 408; x_wconf 76' lang='grc' dir='ltr'><strong>πονηρίᾳ</strong></span> <span class='ocrx_word' id='word_1_144' title='bbox 1839 371 1946 406; x_wconf 79' lang='grc' dir='ltr'>διανοη-</span> 
     </span>
    </p>
   </div>
   <div class='ocr_carea' id='block_1_22' title="bbox 1164 418 1948 453">
    <p class='ocr_par' dir='ltr' id='par_1_22' title="bbox 1164 418 1948 453">
     <span class='ocr_line' id='line_1_22' title="bbox 1164 418 1948 453; baseline -0.003 -8"><span class='ocrx_word' id='word_1_145' title='bbox 1164 419 1256 450; x_wconf 80' lang='grc' dir='ltr'>Θέντες</span> <span class='ocrx_word' id='word_1_146' title='bbox 1275 428 1305 445; x_wconf 86' lang='grc' dir='ltr'><strong>τε</strong></span> <span class='ocrx_word' id='word_1_147' title='bbox 1328 420 1375 445; x_wconf 69' lang='grc' dir='ltr'>καὶ</span> <span class='ocrx_word' id='word_1_148' title='bbox 1396 419 1572 453; x_wconf 76' lang='grc' dir='ltr'>λαλήσαντες.</span> <span class='ocrx_word' id='word_1_149' title='bbox 1594 418 1687 445; x_wconf 84' lang='grc' dir='ltr'>Ταῦτα</span> <span class='ocrx_word' id='word_1_150' title='bbox 1708 419 1781 452; x_wconf 71' lang='grc' dir='ltr'>παρὰ</span> <span class='ocrx_word' id='word_1_151' title='bbox 1800 422 1847 444; x_wconf 78' lang='grc' dir='ltr'><strong>του</strong></span> <span class='ocrx_word' id='word_1_152' title='bbox 1868 419 1948 451; x_wconf 78' lang='grc' dir='ltr'>ἁγίου</span> 
     </span>
    </p>
   </div>
   <div class='ocr_carea' id='block_1_23' title="bbox 1164 463 1948 499">
    <p class='ocr_par' dir='ltr' id='par_1_23' title="bbox 1164 463 1948 499">
     <span class='ocr_line' id='line_1_23' title="bbox 1164 463 1948 499; baseline -0.003 -8"><span class='ocrx_word' id='word_1_153' title='bbox 1164 465 1309 499; x_wconf 82' lang='grc' dir='ltr'>λεγόμενα,</span> <span class='ocrx_word' id='word_1_154' title='bbox 1323 464 1458 498; x_wconf 79' lang='grc' dir='ltr'><strong>τοσαύτης</strong></span> <span class='ocrx_word' id='word_1_155' title='bbox 1471 463 1521 494; x_wconf 77' lang='grc' dir='ltr'>τὰς</span> <span class='ocrx_word' id='word_1_156' title='bbox 1533 463 1588 490; x_wconf 82' lang='grc' dir='ltr'><strong>τῶν</strong></span> <span class='ocrx_word' id='word_1_157' title='bbox 1600 463 1704 490; x_wconf 84' lang='grc' dir='ltr'>πίστῶν</span> <span class='ocrx_word' id='word_1_158' title='bbox 1717 463 1807 498; x_wconf 70' lang='grc' dir='ltr'>ψυχὰς</span> <span class='ocrx_word' id='word_1_159' title='bbox 1818 464 1948 497; x_wconf 72' lang='grc' dir='ltr'>ὠφελείας</span> 
     </span>
    </p>
   </div>
   <div class='ocr_carea' id='block_1_24' title="bbox 1167 510 1950 546">
    <p class='ocr_par' dir='ltr' id='par_1_24' title="bbox 1167 510 1950 546">
     <span class='ocr_line' id='line_1_24' title="bbox 1167 510 1950 546; baseline -0.003 -9"><span class='ocrx_word' id='word_1_160' title='bbox 1167 510 1297 545; x_wconf 58' lang='grc' dir='ltr'>ἐπλήρου,</span> <span class='ocrx_word' id='word_1_161' title='bbox 1311 510 1362 546; x_wconf 81' lang='grc' dir='ltr'>ὅση</span> <span class='ocrx_word' id='word_1_162' title='bbox 1375 510 1424 543; x_wconf 75' lang='grc' dir='ltr'><strong>τὰς</strong></span> <span class='ocrx_word' id='word_1_163' title='bbox 1435 510 1489 537; x_wconf 84' lang='grc' dir='ltr'><strong>τῶν</strong></span> <span class='ocrx_word' id='word_1_164' title='bbox 1509 510 1630 537; x_wconf 79' lang='grc' dir='ltr'>ἀπίστων</span> <span class='ocrx_word' id='word_1_165' title='bbox 1648 510 1723 545; x_wconf 71' lang='grc' dir='ltr'>ὄψεις</span> <span class='ocrx_word' id='word_1_166' title='bbox 1739 510 1888 536; x_wconf 71' lang='grc' dir='ltr'><strong>ἐκάλυπτεν</strong></span> <span class='ocrx_word' id='word_1_167' title='bbox 1907 510 1950 535; x_wconf 78' lang='grc' dir='ltr'><strong>ὲν-</strong></span> 
     </span>
    </p>
   </div>
   <div class='ocr_carea' id='block_1_25' title="bbox 1165 555 1266 590">
    <p class='ocr_par' dir='ltr' id='par_1_25' title="bbox 1165 555 1266 590">
     <span class='ocr_line' id='line_1_25' title="bbox 1165 555 1266 590; baseline 0.01 -9"><span class='ocrx_word' id='word_1_168' title='bbox 1165 555 1266 590; x_wconf 81' lang='grc' dir='ltr'>τροπή.</span> 
     </span>
    </p>
   </div>
   <div class='ocr_carea' id='block_1_26' title="bbox 1202 599 1945 636">
    <p class='ocr_par' dir='ltr' id='par_1_26' title="bbox 1202 599 1945 636">
     <span class='ocr_line' id='line_1_26' title="bbox 1202 599 1945 636; baseline -0.001 -9"><span class='ocrx_word' id='word_1_169' title='bbox 1202 599 1338 635; x_wconf 61' lang='grc' dir='ltr'><strong>ιτ’.Κώμη</strong></span> <span class='ocrx_word' id='word_1_170' title='bbox 1363 609 1405 632; x_wconf 83' lang='grc' dir='ltr'><strong>τις</strong></span> <span class='ocrx_word' id='word_1_171' title='bbox 1430 600 1464 636; x_wconf 79' lang='grc' dir='ltr'>ἦν</span> <span class='ocrx_word' id='word_1_172' title='bbox 1490 600 1644 635; x_wconf 76' lang='grc' dir='ltr'><strong>καλουμένη</strong></span> <span class='ocrx_word' id='word_1_173' title='bbox 1671 601 1790 635; x_wconf 85' lang='grc' dir='ltr'>Σευὴρα,</span> <span class='ocrx_word' id='word_1_174' title='bbox 1807 600 1945 636; x_wconf 71' lang='grc' dir='ltr'>στρόϐιλος</span> 
     </span>
    </p>
   </div>
   <div class='ocr_carea' id='block_1_27' title="bbox 1165 645 1950 681">
    <p class='ocr_par' dir='ltr' id='par_1_27' title="bbox 1165 645 1950 681">
     <span class='ocr_line' id='line_1_27' title="bbox 1165 645 1950 681; baseline 0 -10"><span class='ocrx_word' id='word_1_175' title='bbox 1165 645 1195 672; x_wconf 80' lang='grc' dir='ltr'>δὲ</span> <span class='ocrx_word' id='word_1_176' title='bbox 1210 646 1270 672; x_wconf 82' lang='grc' dir='ltr'>κατ’</span> <span class='ocrx_word' id='word_1_177' title='bbox 1284 645 1369 680; x_wconf 84' lang='grc' dir='ltr'>αὐτὴν</span> <span class='ocrx_word' id='word_1_178' title='bbox 1380 646 1426 672; x_wconf 67' lang='grc' dir='ltr'>ἐπί</span> <span class='ocrx_word' id='word_1_179' title='bbox 1442 655 1514 678; x_wconf 87' lang='grc' dir='ltr'>τινος</span> <span class='ocrx_word' id='word_1_180' title='bbox 1525 646 1648 681; x_wconf 77' lang='grc' dir='ltr'><strong>κρημνοῦ</strong></span> <span class='ocrx_word' id='word_1_181' title='bbox 1667 646 1788 681; x_wconf 78' lang='grc' dir='ltr'><strong>μεγάλου</strong></span> <span class='ocrx_word' id='word_1_182' title='bbox 1801 646 1849 672; x_wconf 77' lang='grc' dir='ltr'><strong>καὶ</strong></span> <span class='ocrx_word' id='word_1_183' title='bbox 1863 646 1950 681; x_wconf 64' lang='lat' dir='ltr'><strong>amp.</strong></span> 
     </span>
    </p>
   </div>
   <div class='ocr_carea' id='block_1_28' title="bbox 1168 689 1952 726">
    <p class='ocr_par' dir='ltr' id='par_1_28' title="bbox 1168 689 1952 726">
     <span class='ocr_line' id='line_1_28' title="bbox 1168 689 1952 726; baseline 0.001 -10"><span class='ocrx_word' id='word_1_184' title='bbox 1168 689 1256 725; x_wconf 79' lang='grc' dir='ltr'><strong>ρὦος</strong></span> <span class='ocrx_word' id='word_1_185' title='bbox 1274 691 1307 726; x_wconf 78' lang='grc' dir='ltr'>τῇ</span> <span class='ocrx_word' id='word_1_186' title='bbox 1321 690 1373 725; x_wconf 79' lang='grc' dir='ltr'>6δῷ</span> <span class='ocrx_word' id='word_1_187' title='bbox 1388 691 1588 726; x_wconf 76' lang='grc' dir='ltr'>παρεπεφύκει.</span> <span class='ocrx_word' id='word_1_188' title='bbox 1605 692 1704 726; x_wconf 84' lang='grc' dir='ltr'>Ἔτυχε</span> <span class='ocrx_word' id='word_1_189' title='bbox 1732 691 1782 726; x_wconf 75' lang='grc' dir='ltr'><strong>μὲν</strong></span> <span class='ocrx_word' id='word_1_190' title='bbox 1797 691 1843 717; x_wconf 79' lang='grc' dir='ltr'>οὖν</span> <span class='ocrx_word' id='word_1_191' title='bbox 1858 691 1952 722; x_wconf 85' lang='grc' dir='ltr'>καθῆ-</span> 
     </span>
    </p>
   </div>
   <div class='ocr_carea' id='block_1_29' title="bbox 1168 734 1951 771">
    <p class='ocr_par' dir='ltr' id='par_1_29' title="bbox 1168 734 1951 771">
     <span class='ocr_line' id='line_1_29' title="bbox 1168 734 1951 771; baseline 0 -10"><span class='ocrx_word' id='word_1_192' title='bbox 1168 734 1230 766; x_wconf 82' lang='grc' dir='ltr'>σθαι</span> <span class='ocrx_word' id='word_1_193' title='bbox 1242 744 1308 762; x_wconf 80' lang='grc' dir='ltr'>ποτε</span> <span class='ocrx_word' id='word_1_194' title='bbox 1323 736 1378 762; x_wconf 83' lang='grc' dir='ltr'>τῶν</span> <span class='ocrx_word' id='word_1_195' title='bbox 1390 736 1422 762; x_wconf 78' lang='grc' dir='ltr'>ἐκ</span> <span class='ocrx_word' id='word_1_196' title='bbox 1436 736 1486 771; x_wconf 87' lang='grc' dir='ltr'>τῆς</span> <span class='ocrx_word' id='word_1_197' title='bbox 1499 735 1597 771; x_wconf 81' lang='grc' dir='ltr'>κώμης</span> <span class='ocrx_word' id='word_1_198' title='bbox 1609 735 1686 766; x_wconf 74' lang='grc' dir='ltr'>τινας</span> <span class='ocrx_word' id='word_1_199' title='bbox 1711 736 1763 762; x_wconf 71' lang='grc' dir='ltr'>ὑπὸ</span> <span class='ocrx_word' id='word_1_200' title='bbox 1780 736 1812 771; x_wconf 79' lang='grc' dir='ltr'>τῇ</span> <span class='ocrx_word' id='word_1_201' title='bbox 1829 735 1875 761; x_wconf 82' lang='grc' dir='ltr'><strong>τοῦ</strong></span> <span class='ocrx_word' id='word_1_202' title='bbox 1891 734 1951 761; x_wconf 69' lang='grc' dir='ltr'><strong>διν-</strong></span> 
     </span>
    </p>
   </div>
   <div class='ocr_carea' id='block_1_30' title="bbox 1167 779 1953 816">
    <p class='ocr_par' dir='ltr' id='par_1_30' title="bbox 1167 779 1953 816">
     <span class='ocr_line' id='line_1_30' title="bbox 1167 779 1953 816; baseline 0 -10"><span class='ocrx_word' id='word_1_203' title='bbox 1167 779 1230 815; x_wconf 85' lang='grc' dir='ltr'>δρου</span> <span class='ocrx_word' id='word_1_204' title='bbox 1248 782 1311 816; x_wconf 80' lang='grc' dir='ltr'>σκιᾷ</span> <span class='ocrx_word' id='word_1_205' title='bbox 1325 789 1331 796; x_wconf 94' lang='grc'><strong>·</strong></span> <span class='ocrx_word' id='word_1_206' title='bbox 1351 781 1399 807; x_wconf 69' lang='grc' dir='ltr'>ἕνα</span> <span class='ocrx_word' id='word_1_207' title='bbox 1414 781 1443 807; x_wconf 74' lang='grc' dir='ltr'>δι</span> <span class='ocrx_word' id='word_1_208' title='bbox 1455 781 1557 808; x_wconf 86' lang='grc' dir='ltr'>τούτων</span> <span class='ocrx_word' id='word_1_209' title='bbox 1579 780 1707 808; x_wconf 77' lang='grc' dir='ltr'>Ἰάκωϐον</span> <span class='ocrx_word' id='word_1_210' title='bbox 1748 781 1844 815; x_wconf 78' lang='grc' dir='ltr'>δνομα,</span> <span class='ocrx_word' id='word_1_211' title='bbox 1857 780 1953 806; x_wconf 71' lang='grc' dir='ltr'>ἐπιουι-</span> 
     </span>
    </p>
   </div>
   <div class='ocr_carea' id='block_1_31' title="bbox 1169 825 1951 862">
    <p class='ocr_par' dir='ltr' id='par_1_31' title="bbox 1169 825 1951 862">
     <span class='ocr_line' id='line_1_31' title="bbox 1169 825 1951 862; baseline 0.001 -10"><span class='ocrx_word' id='word_1_212' title='bbox 1169 825 1218 862; x_wconf 76' lang='grc' dir='ltr'><strong>μία</strong></span> <span class='ocrx_word' id='word_1_213' title='bbox 1234 826 1288 853; x_wconf 83' lang='grc' dir='ltr'><strong>τῶν</strong></span> <span class='ocrx_word' id='word_1_214' title='bbox 1306 827 1338 853; x_wconf 79' lang='grc' dir='ltr'>ἐκ</span> <span class='ocrx_word' id='word_1_215' title='bbox 1352 827 1398 853; x_wconf 88' lang='grc' dir='ltr'><strong>τοῦ</strong></span> <span class='ocrx_word' id='word_1_216' title='bbox 1413 827 1521 861; x_wconf 80' lang='grc' dir='ltr'><strong>δένδρου</strong></span> <span class='ocrx_word' id='word_1_217' title='bbox 1538 826 1662 861; x_wconf 79' lang='grc' dir='ltr'><strong>καρπῶν,</strong></span> <span class='ocrx_word' id='word_1_218' title='bbox 1673 826 1716 852; x_wconf 73' lang='grc' dir='ltr'><strong>ἐπ’</strong></span> <span class='ocrx_word' id='word_1_219' title='bbox 1728 827 1794 853; x_wconf 67' lang='grc' dir='ltr'>αὐτὸ</span> <span class='ocrx_word' id='word_1_220' title='bbox 1808 825 1951 861; x_wconf 74' lang='grc' dir='ltr'><strong>ἀναϐῆναι.</strong></span> 
     </span>
    </p>
   </div>
   <div class='ocr_carea' id='block_1_32' title="bbox 1173 871 1952 907">
    <p class='ocr_par' dir='ltr' id='par_1_32' title="bbox 1173 871 1952 907">
     <span class='ocr_line' id='line_1_32' title="bbox 1173 871 1952 907; baseline 0 -9"><span class='ocrx_word' id='word_1_221' title='bbox 1173 871 1240 907; x_wconf 80' lang='grc' dir='ltr'><strong>Ὁρᾷ</strong></span> <span class='ocrx_word' id='word_1_222' title='bbox 1254 872 1343 898; x_wconf 79' lang='grc' dir='ltr'><strong>τοίνυν</strong></span> <span class='ocrx_word' id='word_1_223' title='bbox 1357 873 1404 898; x_wconf 82' lang='grc' dir='ltr'><strong>δύο</strong></span> <span class='ocrx_word' id='word_1_224' title='bbox 1413 872 1543 907; x_wconf 74' lang='grc' dir='ltr'>δαίμονας</span> <span class='ocrx_word' id='word_1_225' title='bbox 1557 871 1600 898; x_wconf 75' lang='grc' dir='ltr'><strong>ἐπ’</strong></span> <span class='ocrx_word' id='word_1_226' title='bbox 1618 872 1698 898; x_wconf 71' lang='grc' dir='ltr'>αὑτὸν</span> <span class='ocrx_word' id='word_1_227' title='bbox 1719 872 1844 903; x_wconf 73' lang='grc' dir='ltr'><strong>ἐλθόντας</strong></span> <span class='ocrx_word' id='word_1_228' title='bbox 1857 872 1871 898; x_wconf 78' lang='grc' dir='ltr'>ὁ</span> <span class='ocrx_word' id='word_1_229' title='bbox 1894 871 1952 898; x_wconf 80' lang='grc' dir='ltr'><strong>Ἰά-</strong></span> 
     </span>
    </p>
   </div>
   <div class='ocr_carea' id='block_1_33' title="bbox 1167 914 1952 952">
    <p class='ocr_par' dir='ltr' id='par_1_33' title="bbox 1167 914 1952 952">
     <span class='ocr_line' id='line_1_33' title="bbox 1167 914 1952 952; baseline 0 -9"><span class='ocrx_word' id='word_1_230' title='bbox 1167 917 1256 948; x_wconf 75' lang='grc' dir='ltr'>κωϐος</span> <span class='ocrx_word' id='word_1_231' title='bbox 1270 914 1357 949; x_wconf 72' lang='grc' dir='ltr'>οὗτος,</span> <span class='ocrx_word' id='word_1_232' title='bbox 1374 918 1428 944; x_wconf 82' lang='grc' dir='ltr'><strong>τῶν</strong></span> <span class='ocrx_word' id='word_1_233' title='bbox 1442 926 1470 944; x_wconf 88' lang='grc' dir='ltr'><strong>τε</strong></span> <span class='ocrx_word' id='word_1_234' title='bbox 1485 917 1574 944; x_wconf 84' lang='grc' dir='ltr'>ποδῶν</span> <span class='ocrx_word' id='word_1_235' title='bbox 1588 917 1755 952; x_wconf 74' lang='grc' dir='ltr'>λαϐομένους</span> <span class='ocrx_word' id='word_1_236' title='bbox 1770 937 1778 948; x_wconf 84' lang='grc'><em>,</em></span> <span class='ocrx_word' id='word_1_237' title='bbox 1793 917 1840 943; x_wconf 84' lang='grc' dir='ltr'>καὶ</span> <span class='ocrx_word' id='word_1_238' title='bbox 1859 916 1952 943; x_wconf 80' lang='grc' dir='ltr'>τοῦτον</span> 
     </span>
    </p>
   </div>
   <div class='ocr_carea' id='block_1_34' title="bbox 331 948 1175 998">
    <p class='ocr_par' dir='ltr' id='par_1_34' title="bbox 331 948 1175 994">
     <span class='ocr_line' id='line_1_34' title="bbox 331 948 1175 994; baseline -0.006 -8"><span class='ocrx_word' id='word_1_239' title='bbox 331 948 448 987; x_wconf 76' lang='lat' dir='ltr'><strong>altitudo</strong></span> <span class='ocrx_word' id='word_1_240' title='bbox 458 948 630 994; x_wconf 71' lang='lat' dir='ltr'><strong>septuaginta</strong></span> <span class='ocrx_word' id='word_1_241' title='bbox 642 958 697 985; x_wconf 84' lang='lat' dir='ltr'><strong>iere</strong></span> <span class='ocrx_word' id='word_1_242' title='bbox 713 958 813 992; x_wconf 90' lang='lat' dir='ltr'><strong>pedum</strong></span> <span class='ocrx_word' id='word_1_243' title='bbox 826 961 896 983; x_wconf 85' lang='lat' dir='ltr'><strong>erat.</strong></span> <span class='ocrx_word' id='word_1_244' title='bbox 907 957 976 983; x_wconf 93' lang='lat' dir='ltr'><strong>Dum</strong></span> <span class='ocrx_word' id='word_1_245' title='bbox 990 955 1074 990; x_wconf 87' lang='lat' dir='ltr'><strong>igitur</strong></span> <span class='ocrx_word' id='word_1_246' title='bbox 1087 955 1114 982; x_wconf 92' lang='lat' dir='ltr'><strong>in</strong></span> <span class='ocrx_word' id='word_1_247' title='bbox 1132 948 1153 976; x_wconf 79' lang='grc' dir='ltr'><strong><em>Β</em></strong></span> <span class='ocrx_word' id='word_1_248' title='bbox 1169 971 1175 988; x_wconf 64' lang='grc' dir='ltr'><strong>ι</strong></span> 
     </span>
    </p>
   </div>
   <div class='ocr_carea' id='block_1_35' title="bbox 1104 948 1948 998">
    <p class='ocr_par' dir='ltr' id='par_1_35' title="bbox 1104 948 1948 998">
     <span class='ocr_line' id='line_1_35' title="bbox 1104 948 1948 998; baseline 0.001 -10"><span class='ocrx_word' id='word_1_249' title='bbox 1104 964 1114 982; x_wconf 71' lang='lat'>1</span> <span class='ocrx_word' id='word_1_250' title='bbox 1132 948 1153 976; x_wconf 73' lang='grc' dir='ltr'><strong><em>Β</em></strong></span> <span class='ocrx_word' id='word_1_251' title='bbox 1169 961 1239 988; x_wconf 81' lang='grc' dir='ltr'>κατὰ</span> <span class='ocrx_word' id='word_1_252' title='bbox 1252 962 1298 989; x_wconf 84' lang='grc' dir='ltr'><strong>τοῦ</strong></span> <span class='ocrx_word' id='word_1_253' title='bbox 1315 962 1438 998; x_wconf 82' lang='grc' dir='ltr'>κρημνοῦ</span> <span class='ocrx_word' id='word_1_254' title='bbox 1455 963 1596 998; x_wconf 74' lang='grc' dir='ltr'><strong>ῥίψαντας.</strong></span> <span class='ocrx_word' id='word_1_255' title='bbox 1612 948 1713 997; x_wconf 49' lang='grc' dir='ltr'><strong>Τὸ-μὲν</strong></span> <span class='ocrx_word' id='word_1_256' title='bbox 1726 962 1773 989; x_wconf 83' lang='grc' dir='ltr'>οὗν</span> <span class='ocrx_word' id='word_1_257' title='bbox 1781 962 1827 989; x_wconf 82' lang='grc' dir='ltr'><strong>τοῦ</strong></span> <span class='ocrx_word' id='word_1_258' title='bbox 1840 963 1948 998; x_wconf 75' lang='grc' dir='ltr'><strong>δένδρου</strong></span> 
     </span>
    </p>
   </div>
   <div class='ocr_carea' id='block_1_36' title="bbox 331 1000 1116 1038">
    <p class='ocr_par' dir='ltr' id='par_1_36' title="bbox 331 1000 1116 1038">
     <span class='ocr_line' id='line_1_36' title="bbox 331 1000 1116 1038; baseline -0.006 -7"><span class='ocrx_word' id='word_1_259' title='bbox 331 1000 484 1031; x_wconf 77' lang='lat' dir='ltr'><strong>extremum</strong></span> <span class='ocrx_word' id='word_1_260' title='bbox 493 1003 591 1038; x_wconf 88' lang='lat' dir='ltr'><strong>capitis</strong></span> <span class='ocrx_word' id='word_1_261' title='bbox 601 1002 749 1029; x_wconf 81' lang='lat' dir='ltr'><strong>discrimen</strong></span> <span class='ocrx_word' id='word_1_262' title='bbox 760 1009 789 1028; x_wconf 92' lang='lat' dir='ltr'><strong>se</strong></span> <span class='ocrx_word' id='word_1_263' title='bbox 798 1001 862 1028; x_wconf 77' lang='lat' dir='ltr'><strong>ferri</strong></span> <span class='ocrx_word' id='word_1_264' title='bbox 873 1001 968 1032; x_wconf 80' lang='lat' dir='ltr'><strong>sentit,</strong></span> <span class='ocrx_word' id='word_1_265' title='bbox 976 1007 1027 1027; x_wconf 87' lang='lat' dir='ltr'><strong>nec</strong></span> <span class='ocrx_word' id='word_1_266' title='bbox 1034 1000 1116 1026; x_wconf 79' lang='lat' dir='ltr'><strong>saluti</strong></span> 
     </span>
    </p>
   </div>
   <div class='ocr_carea' id='block_1_37' title="bbox 332 1045 1118 1083">
    <p class='ocr_par' dir='ltr' id='par_1_37' title="bbox 332 1045 1118 1083">
     <span class='ocr_line' id='line_1_37' title="bbox 332 1045 1118 1083; baseline -0.005 -7"><span class='ocrx_word' id='word_1_267' title='bbox 332 1049 483 1083; x_wconf 73' lang='lat' dir='ltr'><strong>desperata:</strong></span> <span class='ocrx_word' id='word_1_268' title='bbox 491 1049 571 1075; x_wconf 87' lang='lat' dir='ltr'><strong>aliter</strong></span> <span class='ocrx_word' id='word_1_269' title='bbox 579 1047 704 1074; x_wconf 84' lang='lat' dir='ltr'><strong>succurri</strong></span> <span class='ocrx_word' id='word_1_270' title='bbox 717 1051 819 1081; x_wconf 84' lang='lat' dir='ltr'><strong>posset,</strong></span> <span class='ocrx_word' id='word_1_271' title='bbox 829 1053 910 1080; x_wconf 90' lang='lat' dir='ltr'><strong>quam</strong></span> <span class='ocrx_word' id='word_1_272' title='bbox 921 1050 1011 1080; x_wconf 90' lang='lat' dir='ltr'><strong>potest</strong></span> <span class='ocrx_word' id='word_1_273' title='bbox 1023 1045 1118 1072; x_wconf 80' lang='lat' dir='ltr'><strong>claris-</strong></span> 
     </span>
    </p>
   </div>
   <div class='ocr_carea' id='block_1_38' title="bbox 331 1091 1116 1128">
    <p class='ocr_par' dir='ltr' id='par_1_38' title="bbox 331 1091 1116 1128">
     <span class='ocr_line' id='line_1_38' title="bbox 331 1091 1116 1128; baseline -0.004 -7"><span class='ocrx_word' id='word_1_274' title='bbox 331 1095 472 1122; x_wconf 86' lang='lat' dir='ltr'><strong>simavoce</strong></span> <span class='ocrx_word' id='word_1_275' title='bbox 480 1097 633 1128; x_wconf 82' lang='lat' dir='ltr'><strong>promptam</strong></span> <span class='ocrx_word' id='word_1_276' title='bbox 645 1096 755 1127; x_wconf 58' lang='lat' dir='ltr'><strong>semper</strong></span> <span class='ocrx_word' id='word_1_277' title='bbox 770 1099 860 1126; x_wconf 89' lang='lat' dir='ltr'><strong>opem,</strong></span> <span class='ocrx_word' id='word_1_278' title='bbox 878 1091 1116 1126; x_wconf 77' lang='lat' dir='ltr'><strong>inexpugnabilem</strong></span> 
     </span>
    </p>
   </div>
   <div class='ocr_carea' id='block_1_39' title="bbox 331 1136 1116 1173">
    <p class='ocr_par' dir='ltr' id='par_1_39' title="bbox 331 1136 1116 1173">
     <span class='ocr_line' id='line_1_39' title="bbox 331 1136 1116 1173; baseline -0.003 -8"><span class='ocrx_word' id='word_1_279' title='bbox 331 1141 460 1167; x_wconf 87' lang='lat' dir='ltr'><strong>virtutem</strong></span> <span class='ocrx_word' id='word_1_280' title='bbox 472 1160 479 1172; x_wconf 93' lang='lat'><strong>,</strong></span> <span class='ocrx_word' id='word_1_281' title='bbox 495 1147 550 1166; x_wconf 90' lang='lat' dir='ltr'><strong>non</strong></span> <span class='ocrx_word' id='word_1_282' title='bbox 568 1139 743 1166; x_wconf 87' lang='lat' dir='ltr'><strong>imminutam</strong></span> <span class='ocrx_word' id='word_1_283' title='bbox 758 1138 872 1173; x_wconf 78' lang='lat' dir='ltr'><strong>gratiam</strong></span> <span class='ocrx_word' id='word_1_284' title='bbox 885 1157 891 1169; x_wconf 92' lang='lat'><strong>,</strong></span> <span class='ocrx_word' id='word_1_285' title='bbox 913 1136 1046 1164; x_wconf 78' lang='lat' dir='ltr'><strong>famulum</strong></span> <span class='ocrx_word' id='word_1_286' title='bbox 1068 1136 1116 1163; x_wconf 90' lang='lat' dir='ltr'><strong>Dei</strong></span> 
     </span>
    </p>
   </div>
   <div class='ocr_carea' id='block_1_40' title="bbox 331 1181 1116 1220">
    <p class='ocr_par' dir='ltr' id='par_1_40' title="bbox 331 1181 1116 1220">
     <span class='ocr_line' id='line_1_40' title="bbox 331 1181 1116 1220; baseline -0.006 -8"><span class='ocrx_word' id='word_1_287' title='bbox 331 1185 494 1220; x_wconf 84' lang='lat' dir='ltr'><strong>Symeonem</strong></span> <span class='ocrx_word' id='word_1_288' title='bbox 510 1185 647 1211; x_wconf 84' lang='lat' dir='ltr'><strong>inclamat.</strong></span> <span class='ocrx_word' id='word_1_289' title='bbox 674 1183 744 1210; x_wconf 87' lang='lat' dir='ltr'><strong>Ecce</strong></span> <span class='ocrx_word' id='word_1_290' title='bbox 762 1187 854 1210; x_wconf 85' lang='lat' dir='ltr'><strong>autem</strong></span> <span class='ocrx_word' id='word_1_291' title='bbox 879 1182 1043 1209; x_wconf 81' lang='lat' dir='ltr'><strong>inclamatus</strong></span> <span class='ocrx_word' id='word_1_292' title='bbox 1071 1181 1116 1208; x_wconf 89' lang='lat' dir='ltr'><strong>ille</strong></span> 
     </span>
    </p>
   </div>
   <div class='ocr_carea' id='block_1_41' title="bbox 331 1228 1117 1266">
    <p class='ocr_par' dir='ltr' id='par_1_41' title="bbox 331 1228 1117 1266">
     <span class='ocr_line' id='line_1_41' title="bbox 331 1228 1117 1266; baseline -0.006 -7"><span class='ocrx_word' id='word_1_293' title='bbox 331 1231 461 1266; x_wconf 84' lang='lat' dir='ltr'><strong>supponit</strong></span> <span class='ocrx_word' id='word_1_294' title='bbox 472 1230 575 1257; x_wconf 89' lang='lat' dir='ltr'><strong>labenti</strong></span> <span class='ocrx_word' id='word_1_295' title='bbox 590 1237 699 1262; x_wconf 86' lang='lat' dir='ltr'><strong>manus,</strong></span> <span class='ocrx_word' id='word_1_296' title='bbox 719 1230 808 1264; x_wconf 87' lang='lat' dir='ltr'><strong>iisque</strong></span> <span class='ocrx_word' id='word_1_297' title='bbox 822 1229 930 1263; x_wconf 83' lang='lat' dir='ltr'><strong>supinis</strong></span> <span class='ocrx_word' id='word_1_298' title='bbox 943 1228 1021 1255; x_wconf 90' lang='lat' dir='ltr'><strong>illum</strong></span> <span class='ocrx_word' id='word_1_299' title='bbox 1043 1228 1117 1255; x_wconf 83' lang='lat' dir='ltr'><strong>exci-</strong></span> 
     </span>
    </p>
   </div>
   <div class='ocr_carea' id='block_1_42' title="bbox 332 1273 1117 1310">
    <p class='ocr_par' dir='ltr' id='par_1_42' title="bbox 332 1273 1117 1310">
     <span class='ocr_line' id='line_1_42' title="bbox 332 1273 1117 1310; baseline -0.003 -8"><span class='ocrx_word' id='word_1_300' title='bbox 332 1275 382 1310; x_wconf 73' lang='lat' dir='ltr'><strong>pit,</strong></span> <span class='ocrx_word' id='word_1_301' title='bbox 396 1280 424 1302; x_wconf 85' lang='lat' dir='ltr'><strong>et</strong></span> <span class='ocrx_word' id='word_1_302' title='bbox 435 1280 558 1302; x_wconf 90' lang='lat' dir='ltr'><strong>erectum</strong></span> <span class='ocrx_word' id='word_1_303' title='bbox 571 1275 647 1307; x_wconf 84' lang='lat' dir='ltr'><strong>humi</strong></span> <span class='ocrx_word' id='word_1_304' title='bbox 663 1274 786 1309; x_wconf 83' lang='lat' dir='ltr'><strong>deponit.</strong></span> <span class='ocrx_word' id='word_1_305' title='bbox 801 1273 905 1302; x_wconf 87' lang='lat' dir='ltr'><strong>Deinde</strong></span> <span class='ocrx_word' id='word_1_306' title='bbox 922 1279 1031 1301; x_wconf 82' lang='lat' dir='ltr'><strong>rursum</strong></span> <span class='ocrx_word' id='word_1_307' title='bbox 1043 1273 1117 1300; x_wconf 85' lang='lat' dir='ltr'><strong>videt</strong></span> 
     </span>
    </p>
   </div>
   <div class='ocr_carea' id='block_1_43' title="bbox 332 1319 1116 1355">
    <p class='ocr_par' dir='ltr' id='par_1_43' title="bbox 332 1319 1116 1355">
     <span class='ocr_line' id='line_1_43' title="bbox 332 1319 1116 1355; baseline -0.001 -9"><span class='ocrx_word' id='word_1_308' title='bbox 332 1325 433 1347; x_wconf 88' lang='lat' dir='ltr'><strong>terram</strong></span> <span class='ocrx_word' id='word_1_309' title='bbox 455 1319 494 1347; x_wconf 82' lang='lat' dir='ltr'><strong>ita</strong></span> <span class='ocrx_word' id='word_1_310' title='bbox 519 1319 612 1347; x_wconf 87' lang='lat' dir='ltr'><strong>diduci</strong></span> <span class='ocrx_word' id='word_1_311' title='bbox 629 1324 659 1347; x_wconf 91' lang='lat' dir='ltr'><strong>ut</strong></span> <span class='ocrx_word' id='word_1_312' title='bbox 675 1320 733 1354; x_wconf 87' lang='lat' dir='ltr'><strong>ipsa</strong></span> <span class='ocrx_word' id='word_1_313' title='bbox 749 1320 944 1355; x_wconf 87' lang='lat' dir='ltr'><strong>detegerentur</strong></span> <span class='ocrx_word' id='word_1_314' title='bbox 952 1319 1116 1346; x_wconf 81' lang='lat' dir='ltr'><strong>fundamen-</strong></span> 
     </span>
    </p>
   </div>
   <div class='ocr_carea' id='block_1_44' title="bbox 333 1364 1115 1400">
    <p class='ocr_par' dir='ltr' id='par_1_44' title="bbox 333 1364 1115 1400">
     <span class='ocr_line' id='line_1_44' title="bbox 333 1364 1115 1400; baseline -0.001 -8"><span class='ocrx_word' id='word_1_315' title='bbox 333 1369 376 1398; x_wconf 85' lang='lat' dir='ltr'><strong>ta;</strong></span> <span class='ocrx_word' id='word_1_316' title='bbox 393 1365 468 1392; x_wconf 83' lang='lat' dir='ltr'><strong>videt</strong></span> <span class='ocrx_word' id='word_1_317' title='bbox 481 1369 509 1392; x_wconf 88' lang='lat' dir='ltr'><strong>et</strong></span> <span class='ocrx_word' id='word_1_318' title='bbox 520 1369 644 1392; x_wconf 76' lang='lat' dir='ltr'><strong>sanctum</strong></span> <span class='ocrx_word' id='word_1_319' title='bbox 656 1365 745 1400; x_wconf 85' lang='lat' dir='ltr'><strong>cippis</strong></span> <span class='ocrx_word' id='word_1_320' title='bbox 765 1365 905 1392; x_wconf 76' lang='lat' dir='ltr'><strong>dzemones</strong></span> <span class='ocrx_word' id='word_1_321' title='bbox 931 1364 1115 1392; x_wconf 87' lang='lat' dir='ltr'><strong>includentem</strong></span> 
     </span>
    </p>
   </div>
   <div class='ocr_carea' id='block_1_45' title="bbox 332 1409 1118 1445">
    <p class='ocr_par' dir='ltr' id='par_1_45' title="bbox 332 1409 1118 1445">
     <span class='ocr_line' id='line_1_45' title="bbox 332 1409 1118 1445; baseline 0 -8"><span class='ocrx_word' id='word_1_322' title='bbox 332 1413 361 1437; x_wconf 84' lang='lat' dir='ltr'><strong>et</strong></span> <span class='ocrx_word' id='word_1_323' title='bbox 376 1409 404 1437; x_wconf 87' lang='lat' dir='ltr'><strong>in</strong></span> <span class='ocrx_word' id='word_1_324' title='bbox 416 1410 545 1445; x_wconf 80' lang='lat' dir='ltr'><strong>abyssum</strong></span> <span class='ocrx_word' id='word_1_325' title='bbox 557 1410 728 1445; x_wconf 84' lang='lat' dir='ltr'><strong>ablegantem</strong></span> <span class='ocrx_word' id='word_1_326' title='bbox 742 1419 749 1444; x_wconf 90' lang='lat'><strong>;</strong></span> <span class='ocrx_word' id='word_1_327' title='bbox 778 1418 810 1438; x_wconf 88' lang='lat' dir='ltr'><strong>ac</strong></span> <span class='ocrx_word' id='word_1_328' title='bbox 839 1411 931 1438; x_wconf 88' lang='lat' dir='ltr'><strong>denuo</strong></span> <span class='ocrx_word' id='word_1_329' title='bbox 960 1416 1073 1442; x_wconf 84' lang='lat' dir='ltr'><strong>terram,</strong></span> <span class='ocrx_word' id='word_1_330' title='bbox 1087 1414 1118 1437; x_wconf 88' lang='lat' dir='ltr'><strong>ut</strong></span> 
     </span>
    </p>
   </div>
   <div class='ocr_carea' id='block_1_46' title="bbox 332 1454 1117 1490">
    <p class='ocr_par' dir='ltr' id='par_1_46' title="bbox 332 1454 1117 1490">
     <span class='ocr_line' id='line_1_46' title="bbox 332 1454 1117 1490; baseline 0.003 -9"><span class='ocrx_word' id='word_1_331' title='bbox 332 1454 413 1482; x_wconf 64' lang='lat' dir='ltr'><strong>initio</strong></span> <span class='ocrx_word' id='word_1_332' title='bbox 423 1454 523 1488; x_wconf 76' lang='lat' dir='ltr'><strong>fuerat,</strong></span> <span class='ocrx_word' id='word_1_333' title='bbox 544 1460 700 1483; x_wconf 89' lang='lat' dir='ltr'><strong>coenntem.</strong></span> <span class='ocrx_word' id='word_1_334' title='bbox 713 1456 773 1489; x_wconf 87' lang='lat' dir='ltr'><strong>Quo</strong></span> <span class='ocrx_word' id='word_1_335' title='bbox 789 1460 922 1490; x_wconf 89' lang='lat' dir='ltr'><strong>tempore,</strong></span> <span class='ocrx_word' id='word_1_336' title='bbox 936 1456 1020 1483; x_wconf 87' lang='lat' dir='ltr'><strong>tantis</strong></span> <span class='ocrx_word' id='word_1_337' title='bbox 1035 1456 1117 1483; x_wconf 81' lang='lat' dir='ltr'><strong>mira-</strong></span> 
     </span>
    </p>
   </div>
   <div class='ocr_carea' id='block_1_47' title="bbox 333 1500 1118 1536">
    <p class='ocr_par' dir='ltr' id='par_1_47' title="bbox 333 1500 1118 1536">
     <span class='ocr_line' id='line_1_47' title="bbox 333 1500 1118 1536; baseline 0.003 -8"><span class='ocrx_word' id='word_1_338' title='bbox 333 1500 404 1528; x_wconf 89' lang='lat' dir='ltr'><strong>culis</strong></span> <span class='ocrx_word' id='word_1_339' title='bbox 415 1504 497 1536; x_wconf 84' lang='lat' dir='ltr'><strong>atque</strong></span> <span class='ocrx_word' id='word_1_340' title='bbox 513 1502 630 1529; x_wconf 82' lang='lat' dir='ltr'><strong>ostentis</strong></span> <span class='ocrx_word' id='word_1_341' title='bbox 643 1506 801 1536; x_wconf 84' lang='lat' dir='ltr'><strong>praeventus</strong></span> <span class='ocrx_word' id='word_1_342' title='bbox 812 1502 864 1528; x_wconf 89' lang='lat' dir='ltr'><strong>l‘uit</strong></span> <span class='ocrx_word' id='word_1_343' title='bbox 874 1501 994 1529; x_wconf 77' lang='lat' dir='ltr'><strong>Jacobus</strong></span> <span class='ocrx_word' id='word_1_344' title='bbox 1003 1521 1010 1533; x_wconf 89' lang='lat'><strong>,</strong></span> <span class='ocrx_word' id='word_1_345' title='bbox 1019 1502 1118 1530; x_wconf 92' lang='lat' dir='ltr'><strong>codem</strong></span> 
     </span>
    </p>
   </div>
   <div class='ocr_carea' id='block_1_48' title="bbox 334 1545 1118 1582">
    <p class='ocr_par' dir='ltr' id='par_1_48' title="bbox 334 1545 1118 1582">
     <span class='ocr_line' id='line_1_48' title="bbox 334 1545 1118 1582; baseline 0.003 -9"><span class='ocrx_word' id='word_1_346' title='bbox 334 1545 461 1581; x_wconf 86' lang='lat' dir='ltr'><strong>Symeon,</strong></span> <span class='ocrx_word' id='word_1_347' title='bbox 478 1554 539 1581; x_wconf 67' lang='lat' dir='ltr'><strong>quae</strong></span> <span class='ocrx_word' id='word_1_348' title='bbox 560 1546 632 1574; x_wconf 91' lang='lat' dir='ltr'><strong>circa</strong></span> <span class='ocrx_word' id='word_1_349' title='bbox 651 1547 739 1582; x_wconf 85' lang='lat' dir='ltr'><strong>ipsum</strong></span> <span class='ocrx_word' id='word_1_350' title='bbox 755 1546 848 1573; x_wconf 82' lang='lat' dir='ltr'><strong>divina</strong></span> <span class='ocrx_word' id='word_1_351' title='bbox 869 1547 971 1574; x_wconf 79' lang='lat' dir='ltr'><strong>virtute</strong></span> <span class='ocrx_word' id='word_1_352' title='bbox 989 1547 1118 1581; x_wconf 80' lang='lat' dir='ltr'><strong>contige-</strong></span> 
     </span>
    </p>
   </div>
   <div class='ocr_carea' id='block_1_49' title="bbox 1167 1007 1952 1043">
    <p class='ocr_par' dir='ltr' id='par_1_49' title="bbox 1167 1007 1952 1043">
     <span class='ocr_line' id='line_1_49' title="bbox 1167 1007 1952 1043; baseline -0.001 -9"><span class='ocrx_word' id='word_1_353' title='bbox 1167 1008 1213 1034; x_wconf 76' lang='grc' dir='ltr'>καὶ</span> <span class='ocrx_word' id='word_1_354' title='bbox 1231 1007 1277 1035; x_wconf 85' lang='grc' dir='ltr'><strong>τοῦ</strong></span> <span class='ocrx_word' id='word_1_355' title='bbox 1293 1008 1416 1043; x_wconf 79' lang='grc' dir='ltr'><strong>κρημνοῦ</strong></span> <span class='ocrx_word' id='word_1_356' title='bbox 1431 1007 1498 1042; x_wconf 73' lang='grc' dir='ltr'>ὕψος</span> <span class='ocrx_word' id='word_1_357' title='bbox 1524 1008 1589 1043; x_wconf 79' lang='grc' dir='ltr'>περὶ</span> <span class='ocrx_word' id='word_1_358' title='bbox 1605 1009 1668 1039; x_wconf 71' lang='grc' dir='ltr'>τοὺς</span> <span class='ocrx_word' id='word_1_359' title='bbox 1691 1007 1876 1042; x_wconf 74' lang='grc' dir='ltr'>ἑϐδομήκοντα</span> <span class='ocrx_word' id='word_1_360' title='bbox 1903 1007 1952 1033; x_wconf 79' lang='grc' dir='ltr'>πό-</span> 
     </span>
    </p>
   </div>
   <div class='ocr_carea' id='block_1_50' title="bbox 1165 1051 1951 1088">
    <p class='ocr_par' dir='ltr' id='par_1_50' title="bbox 1165 1051 1951 1088">
     <span class='ocr_line' id='line_1_50' title="bbox 1165 1051 1951 1088; baseline -0.001 -9"><span class='ocrx_word' id='word_1_361' title='bbox 1165 1052 1214 1084; x_wconf 81' lang='grc' dir='ltr'><strong>δας</strong></span> <span class='ocrx_word' id='word_1_362' title='bbox 1226 1051 1270 1088; x_wconf 70' lang='grc' dir='ltr'><strong>ἦν·</strong></span> <span class='ocrx_word' id='word_1_363' title='bbox 1285 1054 1299 1079; x_wconf 84' lang='grc' dir='ltr'><strong>ό</strong></span> <span class='ocrx_word' id='word_1_364' title='bbox 1318 1053 1345 1079; x_wconf 73' lang='grc' dir='ltr'>δὲ</span> <span class='ocrx_word' id='word_1_365' title='bbox 1364 1054 1404 1084; x_wconf 81' lang='grc' dir='ltr'><strong>είς</strong></span> <span class='ocrx_word' id='word_1_366' title='bbox 1419 1053 1531 1088; x_wconf 74' lang='grc' dir='ltr'>ἔσχατον</span> <span class='ocrx_word' id='word_1_367' title='bbox 1559 1053 1682 1080; x_wconf 83' lang='grc' dir='ltr'><strong>κινδύνου</strong></span> <span class='ocrx_word' id='word_1_368' title='bbox 1703 1053 1852 1088; x_wconf 79' lang='grc' dir='ltr'>φερόμενον</span> <span class='ocrx_word' id='word_1_369' title='bbox 1880 1052 1951 1086; x_wconf 76' lang='grc' dir='ltr'>ὀρῶν</span> 
     </span>
    </p>
   </div>
   <div class='ocr_carea' id='block_1_51' title="bbox 1166 1098 1951 1134">
    <p class='ocr_par' dir='ltr' id='par_1_51' title="bbox 1166 1098 1951 1134">
     <span class='ocr_line' id='line_1_51' title="bbox 1166 1098 1951 1134; baseline -0.001 -9"><span class='ocrx_word' id='word_1_370' title='bbox 1166 1099 1273 1131; x_wconf 71' lang='grc' dir='ltr'>ἑαυτὸν,</span> <span class='ocrx_word' id='word_1_371' title='bbox 1294 1099 1342 1125; x_wconf 80' lang='grc' dir='ltr'>καὶ</span> <span class='ocrx_word' id='word_1_372' title='bbox 1375 1099 1437 1134; x_wconf 83' lang='grc' dir='ltr'>μηδ’</span> <span class='ocrx_word' id='word_1_373' title='bbox 1452 1098 1540 1125; x_wconf 78' lang='grc' dir='ltr'><strong>ὁτιοῦν</strong></span> <span class='ocrx_word' id='word_1_374' title='bbox 1565 1099 1595 1124; x_wconf 78' lang='grc' dir='ltr'>ὲν</span> <span class='ocrx_word' id='word_1_375' title='bbox 1614 1098 1700 1130; x_wconf 74' lang='grc' dir='ltr'>οὕτως</span> <span class='ocrx_word' id='word_1_376' title='bbox 1717 1098 1849 1133; x_wconf 74' lang='grc' dir='ltr'>ἀμηχάνῳ</span> <span class='ocrx_word' id='word_1_377' title='bbox 1873 1098 1951 1132; x_wconf 83' lang='grc' dir='ltr'>κακῷ</span> 
     </span>
    </p>
   </div>
   <div class='ocr_carea' id='block_1_52' title="bbox 1166 1141 1951 1179">
    <p class='ocr_par' dir='ltr' id='par_1_52' title="bbox 1166 1141 1951 1179">
     <span class='ocr_line' id='line_1_52' title="bbox 1166 1141 1951 1179; baseline -0.001 -9"><span class='ocrx_word' id='word_1_378' title='bbox 1166 1144 1264 1179; x_wconf 73' lang='grc' dir='ltr'>δρᾶσαι</span> <span class='ocrx_word' id='word_1_379' title='bbox 1277 1143 1436 1178; x_wconf 79' lang='grc' dir='ltr'>δυνάμενος,</span> <span class='ocrx_word' id='word_1_380' title='bbox 1451 1145 1529 1179; x_wconf 81' lang='grc' dir='ltr'>φωνῇ</span> <span class='ocrx_word' id='word_1_381' title='bbox 1545 1143 1582 1175; x_wconf 83' lang='grc' dir='ltr'>ὡς</span> <span class='ocrx_word' id='word_1_382' title='bbox 1606 1141 1663 1178; x_wconf 79' lang='grc' dir='ltr'>εἶχε</span> <span class='ocrx_word' id='word_1_383' title='bbox 1681 1143 1799 1178; x_wconf 83' lang='grc' dir='ltr'>μεγάλῃ,</span> <span class='ocrx_word' id='word_1_384' title='bbox 1813 1143 1861 1178; x_wconf 72' lang='grc' dir='ltr'><strong>τὴν</strong></span> <span class='ocrx_word' id='word_1_385' title='bbox 1880 1143 1951 1169; x_wconf 71' lang='grc' dir='ltr'>ἑτοί-</span> 
     </span>
    </p>
   </div>
   <div class='ocr_carea' id='block_1_53' title="bbox 1168 1187 1953 1224">
    <p class='ocr_par' dir='ltr' id='par_1_53' title="bbox 1168 1187 1953 1224">
     <span class='ocr_line' id='line_1_53' title="bbox 1168 1187 1953 1224; baseline 0 -9"><span class='ocrx_word' id='word_1_386' title='bbox 1168 1198 1221 1224; x_wconf 87' lang='grc' dir='ltr'><strong>μην</strong></span> <span class='ocrx_word' id='word_1_387' title='bbox 1249 1188 1384 1224; x_wconf 82' lang='grc' dir='ltr'>βοήθειαν,</span> <span class='ocrx_word' id='word_1_388' title='bbox 1402 1189 1452 1222; x_wconf 85' lang='grc' dir='ltr'><strong>τὴν</strong></span> <span class='ocrx_word' id='word_1_389' title='bbox 1479 1189 1585 1223; x_wconf 74' lang='grc' dir='ltr'>ἄμαχον</span> <span class='ocrx_word' id='word_1_390' title='bbox 1606 1188 1732 1223; x_wconf 76' lang='grc' dir='ltr'>δύναμιν,</span> <span class='ocrx_word' id='word_1_391' title='bbox 1749 1189 1798 1223; x_wconf 83' lang='grc' dir='ltr'>τὴν</span> <span class='ocrx_word' id='word_1_392' title='bbox 1812 1189 1842 1214; x_wconf 85' lang='grc' dir='ltr'>οὑ</span> <span class='ocrx_word' id='word_1_393' title='bbox 1854 1187 1953 1224; x_wconf 78' lang='grc' dir='ltr'>βραδὺο</span> 
     </span>
    </p>
   </div>
   <div class='ocr_carea' id='block_1_54' title="bbox 1166 1234 1952 1271">
    <p class='ocr_par' dir='ltr' id='par_1_54' title="bbox 1166 1234 1952 1271">
     <span class='ocr_line' id='line_1_54' title="bbox 1166 1234 1952 1271; baseline -0.001 -9"><span class='ocrx_word' id='word_1_394' title='bbox 1166 1244 1264 1262; x_wconf 89' lang='grc' dir='ltr'>νουσαν</span> <span class='ocrx_word' id='word_1_395' title='bbox 1277 1235 1366 1271; x_wconf 84' lang='grc' dir='ltr'>χάριν,</span> <span class='ocrx_word' id='word_1_396' title='bbox 1383 1235 1428 1261; x_wconf 70' lang='grc' dir='ltr'><strong>τὸν</strong></span> <span class='ocrx_word' id='word_1_397' title='bbox 1441 1235 1488 1261; x_wconf 87' lang='grc' dir='ltr'><strong>τοῦ</strong></span> <span class='ocrx_word' id='word_1_398' title='bbox 1500 1234 1567 1261; x_wconf 85' lang='grc' dir='ltr'>Θεοῦ</span> <span class='ocrx_word' id='word_1_399' title='bbox 1590 1235 1743 1270; x_wconf 79' lang='grc' dir='ltr'><strong>θεράποντα</strong></span> <span class='ocrx_word' id='word_1_400' title='bbox 1756 1234 1868 1269; x_wconf 85' lang='grc' dir='ltr'>Συμεὼν</span> <span class='ocrx_word' id='word_1_401' title='bbox 1886 1235 1952 1261; x_wconf 73' lang='grc' dir='ltr'>ἐπε-</span> 
     </span>
    </p>
   </div>
   <div class='ocr_carea' id='block_1_55' title="bbox 1167 1279 1952 1315">
    <p class='ocr_par' dir='ltr' id='par_1_55' title="bbox 1167 1279 1952 1315">
     <span class='ocr_line' id='line_1_55' title="bbox 1167 1279 1952 1315; baseline -0.001 -8"><span class='ocrx_word' id='word_1_402' title='bbox 1167 1282 1284 1307; x_wconf 79' lang='grc' dir='ltr'>καλεῖτο.</span> <span class='ocrx_word' id='word_1_403' title='bbox 1302 1280 1355 1307; x_wconf 81' lang='grc' dir='ltr'>Καὶ</span> <span class='ocrx_word' id='word_1_404' title='bbox 1369 1280 1434 1312; x_wconf 79' lang='grc' dir='ltr'>ἰδοῦ,</span> <span class='ocrx_word' id='word_1_405' title='bbox 1448 1282 1542 1315; x_wconf 82' lang='grc' dir='ltr'>χεῖρας</span> <span class='ocrx_word' id='word_1_406' title='bbox 1555 1279 1666 1315; x_wconf 74' lang='grc' dir='ltr'>ὑπέχων</span> <span class='ocrx_word' id='word_1_407' title='bbox 1680 1281 1792 1312; x_wconf 54' lang='grc' dir='ltr'>ἐκεῖνος</span> <span class='ocrx_word' id='word_1_408' title='bbox 1813 1281 1860 1306; x_wconf 73' lang='grc' dir='ltr'>καὶ</span> <span class='ocrx_word' id='word_1_409' title='bbox 1887 1279 1952 1306; x_wconf 85' lang='grc' dir='ltr'>ταύ-</span> 
     </span>
    </p>
   </div>
   <div class='ocr_carea' id='block_1_56' title="bbox 1167 1325 1951 1361">
    <p class='ocr_par' dir='ltr' id='par_1_56' title="bbox 1167 1325 1951 1361">
     <span class='ocr_line' id='line_1_56' title="bbox 1167 1325 1951 1361; baseline -0.003 -8"><span class='ocrx_word' id='word_1_410' title='bbox 1167 1335 1227 1358; x_wconf 84' lang='grc' dir='ltr'>ταις</span> <span class='ocrx_word' id='word_1_411' title='bbox 1250 1326 1330 1353; x_wconf 76' lang='grc' dir='ltr'>αὑτὸν</span> <span class='ocrx_word' id='word_1_412' title='bbox 1352 1326 1461 1357; x_wconf 78' lang='grc' dir='ltr'><strong>ὑπτίαις</strong></span> <span class='ocrx_word' id='word_1_413' title='bbox 1489 1326 1645 1360; x_wconf 77' lang='grc' dir='ltr'>δεξάμενος,</span> <span class='ocrx_word' id='word_1_414' title='bbox 1658 1326 1705 1352; x_wconf 79' lang='grc' dir='ltr'>καὶ</span> <span class='ocrx_word' id='word_1_415' title='bbox 1724 1325 1814 1361; x_wconf 71' lang='grc' dir='ltr'>ὄρθιον</span> <span class='ocrx_word' id='word_1_416' title='bbox 1838 1326 1951 1360; x_wconf 84' lang='grc' dir='ltr'>στήσας.</span> 
     </span>
    </p>
   </div>
   <div class='ocr_carea' id='block_1_57' title="bbox 1168 1369 1954 1406">
    <p class='ocr_par' dir='ltr' id='par_1_57' title="bbox 1168 1369 1954 1406">
     <span class='ocr_line' id='line_1_57' title="bbox 1168 1369 1954 1406; baseline -0.001 -10"><span class='ocrx_word' id='word_1_417' title='bbox 1168 1369 1234 1397; x_wconf 83' lang='grc' dir='ltr'>Εἶτα</span> <span class='ocrx_word' id='word_1_418' title='bbox 1246 1370 1324 1397; x_wconf 75' lang='grc' dir='ltr'>πάλιν</span> <span class='ocrx_word' id='word_1_419' title='bbox 1339 1370 1389 1406; x_wconf 80' lang='grc' dir='ltr'>ὁρᾷ</span> <span class='ocrx_word' id='word_1_420' title='bbox 1403 1370 1452 1406; x_wconf 78' lang='grc' dir='ltr'>τὴν</span> <span class='ocrx_word' id='word_1_421' title='bbox 1461 1369 1514 1404; x_wconf 80' lang='grc' dir='ltr'>γῆν</span> <span class='ocrx_word' id='word_1_422' title='bbox 1527 1369 1598 1396; x_wconf 77' lang='grc' dir='ltr'>οὕτω</span> <span class='ocrx_word' id='word_1_423' title='bbox 1614 1369 1788 1404; x_wconf 83' lang='grc' dir='ltr'>διασχοῦσαν,</span> <span class='ocrx_word' id='word_1_424' title='bbox 1801 1369 1838 1400; x_wconf 86' lang='grc' dir='ltr'>ὼς</span> <span class='ocrx_word' id='word_1_425' title='bbox 1852 1371 1954 1396; x_wconf 55' lang='grc' dir='ltr'><strong>ἀντεκα-</strong></span> 
     </span>
    </p>
   </div>
   <div class='ocr_carea' id='block_1_58' title="bbox 1165 1412 1954 1449">
    <p class='ocr_par' dir='ltr' id='par_1_58' title="bbox 1165 1412 1954 1449">
     <span class='ocr_line' id='line_1_58' title="bbox 1165 1412 1954 1449; baseline 0.001 -11"><span class='ocrx_word' id='word_1_426' title='bbox 1165 1413 1298 1449; x_wconf 79' lang='grc' dir='ltr'>λυφθῆναι</span> <span class='ocrx_word' id='word_1_427' title='bbox 1326 1412 1375 1440; x_wconf 75' lang='grc' dir='ltr'>καὶ</span> <span class='ocrx_word' id='word_1_428' title='bbox 1432 1413 1465 1440; x_wconf 78' lang='grc' dir='ltr'>τὰ</span> <span class='ocrx_word' id='word_1_429' title='bbox 1492 1413 1605 1448; x_wconf 81' lang='grc' dir='ltr'>Θεμέλια</span> <span class='ocrx_word' id='word_1_430' title='bbox 1631 1413 1744 1448; x_wconf 80' lang='grc' dir='ltr'>ταύτης.</span> <span class='ocrx_word' id='word_1_431' title='bbox 1761 1413 1840 1440; x_wconf 55' lang='lat' dir='ltr'><strong>nam</strong></span> <span class='ocrx_word' id='word_1_432' title='bbox 1863 1422 1893 1440; x_wconf 86' lang='grc' dir='ltr'><strong>τε</strong></span> <span class='ocrx_word' id='word_1_433' title='bbox 1907 1413 1954 1440; x_wconf 74' lang='grc' dir='ltr'><strong>τὸν</strong></span> 
     </span>
    </p>
   </div>
   <div class='ocr_carea' id='block_1_59' title="bbox 1169 1459 1953 1494">
    <p class='ocr_par' dir='ltr' id='par_1_59' title="bbox 1169 1459 1953 1494">
     <span class='ocr_line' id='line_1_59' title="bbox 1169 1459 1953 1494; baseline -0.001 -8"><span class='ocrx_word' id='word_1_434' title='bbox 1169 1460 1265 1493; x_wconf 78' lang='grc' dir='ltr'>’Λγιον</span> <span class='ocrx_word' id='word_1_435' title='bbox 1278 1460 1332 1490; x_wconf 68' lang='grc' dir='ltr'>τοῖς</span> <span class='ocrx_word' id='word_1_436' title='bbox 1344 1459 1452 1494; x_wconf 75' lang='grc' dir='ltr'>δαίμοσι</span> <span class='ocrx_word' id='word_1_437' title='bbox 1468 1459 1626 1494; x_wconf 83' lang='grc' dir='ltr'>περιθέντα,</span> <span class='ocrx_word' id='word_1_438' title='bbox 1640 1460 1711 1486; x_wconf 72' lang='grc' dir='ltr'>κατὰ</span> <span class='ocrx_word' id='word_1_439' title='bbox 1724 1459 1773 1494; x_wconf 86' lang='grc' dir='ltr'>τῆς</span> <span class='ocrx_word' id='word_1_440' title='bbox 1790 1459 1910 1485; x_wconf 77' lang='grc' dir='ltr'>ἀϐύσσου</span> <span class='ocrx_word' id='word_1_441' title='bbox 1923 1468 1953 1486; x_wconf 77' lang='grc' dir='ltr'><strong>τε</strong></span> 
     </span>
    </p>
   </div>
   <div class='ocr_carea' id='block_1_60' title="bbox 1169 1503 1954 1540">
    <p class='ocr_par' dir='ltr' id='par_1_60' title="bbox 1169 1503 1954 1540">
     <span class='ocr_line' id='line_1_60' title="bbox 1169 1503 1954 1540; baseline -0.003 -7"><span class='ocrx_word' id='word_1_442' title='bbox 1169 1506 1268 1536; x_wconf 77' lang='grc' dir='ltr'>αὐτοὺς</span> <span class='ocrx_word' id='word_1_443' title='bbox 1287 1503 1398 1537; x_wconf 74' lang='grc' dir='ltr'><strong>ἀφέντα,</strong></span> <span class='ocrx_word' id='word_1_444' title='bbox 1413 1505 1461 1531; x_wconf 77' lang='grc' dir='ltr'>καὶ</span> <span class='ocrx_word' id='word_1_445' title='bbox 1485 1504 1533 1540; x_wconf 83' lang='grc' dir='ltr'><strong>τὴν</strong></span> <span class='ocrx_word' id='word_1_446' title='bbox 1558 1506 1610 1540; x_wconf 81' lang='grc' dir='ltr'><strong>γῆν</strong></span> <span class='ocrx_word' id='word_1_447' title='bbox 1633 1505 1712 1537; x_wconf 82' lang='grc' dir='ltr'>αὖθις</span> <span class='ocrx_word' id='word_1_448' title='bbox 1726 1504 1765 1536; x_wconf 80' lang='grc' dir='ltr'><strong>ὡς</strong></span> <span class='ocrx_word' id='word_1_449' title='bbox 1778 1505 1808 1531; x_wconf 79' lang='grc' dir='ltr'>τὸ</span> <span class='ocrx_word' id='word_1_450' title='bbox 1825 1504 1954 1540; x_wconf 79' lang='grc' dir='ltr'>ἀπαρχῆς</span> 
     </span>
    </p>
   </div>
   <div class='ocr_carea' id='block_1_61' title="bbox 1170 1549 1953 1585">
    <p class='ocr_par' dir='ltr' id='par_1_61' title="bbox 1170 1549 1953 1585">
     <span class='ocr_line' id='line_1_61' title="bbox 1170 1549 1953 1585; baseline -0.005 -7"><span class='ocrx_word' id='word_1_451' title='bbox 1170 1550 1358 1578; x_wconf 82' lang='grc' dir='ltr'><strong>συνελθοῦσαν.</strong></span> <span class='ocrx_word' id='word_1_452' title='bbox 1381 1550 1410 1577; x_wconf 89' lang='grc' dir='ltr'><strong>Ὀ</strong></span> <span class='ocrx_word' id='word_1_453' title='bbox 1426 1550 1475 1585; x_wconf 69' lang='grc' dir='ltr'>μὲν</span> <span class='ocrx_word' id='word_1_454' title='bbox 1495 1550 1542 1577; x_wconf 79' lang='grc' dir='ltr'>οὖν</span> <span class='ocrx_word' id='word_1_455' title='bbox 1563 1550 1690 1582; x_wconf 76' lang='grc' dir='ltr'>Ἰάκωϐος</span> <span class='ocrx_word' id='word_1_456' title='bbox 1708 1550 1837 1577; x_wconf 75' lang='grc' dir='ltr'>τοιούτων</span> <span class='ocrx_word' id='word_1_457' title='bbox 1855 1549 1953 1584; x_wconf 78' lang='grc' dir='ltr'>ἠξίωτο</span> 
     </span>
    </p>
   </div>
   <div class='ocr_carea' id='block_1_62' title="bbox 334 1590 1178 1637">
    <p class='ocr_par' dir='ltr' id='par_1_62' title="bbox 334 1590 1178 1637">
     <span class='ocr_line' id='line_1_62' title="bbox 334 1590 1178 1637; baseline 0.004 -20"><span class='ocrx_word' id='word_1_458' title='bbox 334 1595 407 1623; x_wconf 83' lang='lat' dir='ltr'><strong>rant,</strong></span> <span class='ocrx_word' id='word_1_459' title='bbox 424 1590 557 1618; x_wconf 78' lang='lat' dir='ltr'><strong>fratribus</strong></span> <span class='ocrx_word' id='word_1_460' title='bbox 572 1592 630 1618; x_wconf 85' lang='lat' dir='ltr'><strong>suis</strong></span> <span class='ocrx_word' id='word_1_461' title='bbox 662 1592 767 1618; x_wconf 88' lang='lat' dir='ltr'><strong>retulit.</strong></span> <span class='ocrx_word' id='word_1_462' title='bbox 788 1591 914 1630; x_wconf 66' lang='lat' dir='ltr'><strong>Nondum</strong></span> <span class='ocrx_word' id='word_1_463' title='bbox 941 1596 1033 1619; x_wconf 88' lang='lat' dir='ltr'><strong>autem</strong></span> <span class='ocrx_word' id='word_1_464' title='bbox 1056 1600 1116 1620; x_wconf 88' lang='lat' dir='ltr'><strong>ser-</strong></span> <span class='ocrx_word' id='word_1_465' title='bbox 1132 1609 1153 1637; x_wconf 66' lang='grc' dir='ltr'>ο</span> <span class='ocrx_word' id='word_1_466' title='bbox 1170 1597 1178 1622; x_wconf 81' lang='grc' dir='ltr'>ε</span> 
     </span>
    </p>
   </div>
   <div class='ocr_carea' id='block_1_63' title="bbox 1109 1590 1953 1637">
    <p class='ocr_par' dir='ltr' id='par_1_63' title="bbox 1109 1594 1953 1637">
     <span class='ocr_line' id='line_1_63' title="bbox 1109 1594 1953 1637; baseline -0.004 -14"><span class='ocrx_word' id='word_1_467' title='bbox 1109 1607 1116 1613; x_wconf 94' lang='grc'><strong>-</strong></span> <span class='ocrx_word' id='word_1_468' title='bbox 1132 1609 1153 1637; x_wconf 79' lang='lat' dir='ltr'>c</span> <span class='ocrx_word' id='word_1_469' title='bbox 1170 1596 1316 1631; x_wconf 79' lang='grc' dir='ltr'>Θαυμάτων</span> <span class='ocrx_word' id='word_1_470' title='bbox 1333 1597 1390 1630; x_wconf 73' lang='grc' dir='ltr'>ἅμα</span> <span class='ocrx_word' id='word_1_471' title='bbox 1412 1596 1459 1622; x_wconf 67' lang='grc' dir='ltr'>καὶ</span> <span class='ocrx_word' id='word_1_472' title='bbox 1471 1595 1614 1631; x_wconf 81' lang='grc' dir='ltr'><strong>θεαμάτων</strong></span> <span class='ocrx_word' id='word_1_473' title='bbox 1625 1603 1632 1611; x_wconf 89' lang='grc'><strong>·</strong></span> <span class='ocrx_word' id='word_1_474' title='bbox 1651 1597 1680 1622; x_wconf 82' lang='grc' dir='ltr'>ὲν</span> <span class='ocrx_word' id='word_1_475' title='bbox 1694 1595 1814 1629; x_wconf 80' lang='grc' dir='ltr'>τοσούτῳ</span> <span class='ocrx_word' id='word_1_476' title='bbox 1828 1594 1856 1620; x_wconf 79' lang='grc' dir='ltr'>δὲ</span> <span class='ocrx_word' id='word_1_477' title='bbox 1878 1595 1924 1621; x_wconf 78' lang='grc' dir='ltr'><strong>καὶ</strong></span> <span class='ocrx_word' id='word_1_478' title='bbox 1940 1595 1953 1620; x_wconf 84' lang='grc' dir='ltr'><strong>ό</strong></span> 
     </span>
    </p>
   </div>
   <div class='ocr_carea' id='block_1_64' title="bbox 335 1627 1117 1670">
    <p class='ocr_par' dir='ltr' id='par_1_64' title="bbox 335 1627 1117 1670">
     <span class='ocr_line' id='line_1_64' title="bbox 335 1627 1117 1670; baseline 0.004 -9"><span class='ocrx_word' id='word_1_479' title='bbox 335 1635 410 1662; x_wconf 85' lang='lat' dir='ltr'><strong>moui</strong></span> <span class='ocrx_word' id='word_1_480' title='bbox 428 1636 509 1663; x_wconf 83' lang='lat' dir='ltr'><strong>tinem</strong></span> <span class='ocrx_word' id='word_1_481' title='bbox 525 1636 702 1670; x_wconf 88' lang='lat' dir='ltr'><strong>imposuerat,</strong></span> <span class='ocrx_word' id='word_1_482' title='bbox 716 1643 778 1662; x_wconf 92' lang='lat' dir='ltr'><strong>cum</strong></span> <span class='ocrx_word' id='word_1_483' title='bbox 788 1627 875 1662; x_wconf 13' lang='lat' dir='ltr'><strong>ivicini</strong></span> <span class='ocrx_word' id='word_1_484' title='bbox 889 1636 1000 1670; x_wconf 85' lang='lat' dir='ltr'><strong>quidam</strong></span> <span class='ocrx_word' id='word_1_485' title='bbox 1012 1637 1117 1668; x_wconf 83' lang='lat' dir='ltr'><strong>Jacobi,</strong></span> 
     </span>
    </p>
   </div>
   <div class='ocr_carea' id='block_1_65' title="bbox 335 1681 1119 1717">
    <p class='ocr_par' dir='ltr' id='par_1_65' title="bbox 335 1681 1119 1717">
     <span class='ocr_line' id='line_1_65' title="bbox 335 1681 1119 1717; baseline 0.003 -9"><span class='ocrx_word' id='word_1_486' title='bbox 335 1681 436 1715; x_wconf 87' lang='lat' dir='ltr'><strong>gaudio</strong></span> <span class='ocrx_word' id='word_1_487' title='bbox 446 1686 531 1716; x_wconf 86' lang='lat' dir='ltr'><strong>atque</strong></span> <span class='ocrx_word' id='word_1_488' title='bbox 544 1681 727 1709; x_wconf 80' lang='lat' dir='ltr'><strong>admiratione</strong></span> <span class='ocrx_word' id='word_1_489' title='bbox 739 1682 814 1716; x_wconf 88' lang='lat' dir='ltr'><strong>pleni</strong></span> <span class='ocrx_word' id='word_1_490' title='bbox 834 1686 994 1714; x_wconf 91' lang='lat' dir='ltr'><strong>accurrunt,</strong></span> <span class='ocrx_word' id='word_1_491' title='bbox 1014 1683 1119 1717; x_wconf 88' lang='lat' dir='ltr'><strong>accepti</strong></span> 
     </span>
    </p>
   </div>
   <div class='ocr_carea' id='block_1_66' title="bbox 336 1725 1120 1762">
    <p class='ocr_par' dir='ltr' id='par_1_66' title="bbox 336 1725 1120 1762">
     <span class='ocr_line' id='line_1_66' title="bbox 336 1725 1120 1762; baseline 0.003 -10"><span class='ocrx_word' id='word_1_492' title='bbox 336 1725 461 1753; x_wconf 88' lang='lat' dir='ltr'><strong>beneﬁcii</strong></span> <span class='ocrx_word' id='word_1_493' title='bbox 476 1726 590 1761; x_wconf 82' lang='lat' dir='ltr'><strong>gratiam</strong></span> <span class='ocrx_word' id='word_1_494' title='bbox 610 1726 786 1759; x_wconf 85' lang='lat' dir='ltr'><strong>conﬁtentes,</strong></span> <span class='ocrx_word' id='word_1_495' title='bbox 816 1732 844 1754; x_wconf 91' lang='lat' dir='ltr'><strong>et</strong></span> <span class='ocrx_word' id='word_1_496' title='bbox 863 1735 923 1762; x_wconf 73' lang='lat' dir='ltr'><strong>qua:</strong></span> <span class='ocrx_word' id='word_1_497' title='bbox 950 1727 1021 1754; x_wconf 84' lang='lat' dir='ltr'><strong>facta</strong></span> <span class='ocrx_word' id='word_1_498' title='bbox 1042 1733 1120 1755; x_wconf 78' lang='lat' dir='ltr'><strong>erant</strong></span> 
     </span>
    </p>
   </div>
   <div class='ocr_carea' id='block_1_67' title="bbox 336 1770 645 1804">
    <p class='ocr_par' dir='ltr' id='par_1_67' title="bbox 336 1770 645 1804">
     <span class='ocr_line' id='line_1_67' title="bbox 336 1770 645 1804; baseline 0 -7"><span class='ocrx_word' id='word_1_499' title='bbox 336 1770 423 1804; x_wconf 86' lang='lat' dir='ltr'><strong>pal&#39;am</strong></span> <span class='ocrx_word' id='word_1_500' title='bbox 439 1771 645 1797; x_wconf 83' lang='lat' dir='ltr'><strong>annuntiantes.</strong></span> 
     </span>
    </p>
   </div>
   <div class='ocr_carea' id='block_1_68' title="bbox 371 1902 1121 1939">
    <p class='ocr_par' dir='ltr' id='par_1_68' title="bbox 371 1902 1121 1939">
     <span class='ocr_line' id='line_1_68' title="bbox 371 1902 1121 1939; baseline -0.001 -8"><span class='ocrx_word' id='word_1_501' title='bbox 371 1903 415 1931; x_wconf 82' lang='lat'><strong>9|.</strong></span> <span class='ocrx_word' id='word_1_502' title='bbox 431 1904 569 1939; x_wconf 89' lang='lat' dir='ltr'><strong>Leprosus</strong></span> <span class='ocrx_word' id='word_1_503' title='bbox 580 1902 692 1939; x_wconf 86' lang='lat' dir='ltr'><strong>quidam</strong></span> <span class='ocrx_word' id='word_1_504' title='bbox 713 1903 830 1930; x_wconf 90' lang='lat' dir='ltr'><strong>accessit</strong></span> <span class='ocrx_word' id='word_1_505' title='bbox 843 1907 948 1934; x_wconf 88' lang='lat' dir='ltr'><strong>sancto,</strong></span> <span class='ocrx_word' id='word_1_506' title='bbox 964 1908 1002 1935; x_wconf 89' lang='lat' dir='ltr'><strong>et,</strong></span> <span class='ocrx_word' id='word_1_507' title='bbox 1013 1911 1048 1930; x_wconf 90' lang='lat' dir='ltr'><strong>ne</strong></span> <span class='ocrx_word' id='word_1_508' title='bbox 1059 1902 1121 1938; x_wconf 86' lang='lat' dir='ltr'><strong>quis</strong></span> 
     </span>
    </p>
   </div>
   <div class='ocr_carea' id='block_1_69' title="bbox 337 1947 1122 1984">
    <p class='ocr_par' dir='ltr' id='par_1_69' title="bbox 337 1947 1122 1984">
     <span class='ocr_line' id='line_1_69' title="bbox 337 1947 1122 1984; baseline -0.001 -8"><span class='ocrx_word' id='word_1_509' title='bbox 337 1949 463 1976; x_wconf 58' lang='lat' dir='ltr'><strong>amentia)</strong></span> <span class='ocrx_word' id='word_1_510' title='bbox 479 1957 529 1976; x_wconf 91' lang='lat' dir='ltr'><strong>nos</strong></span> <span class='ocrx_word' id='word_1_511' title='bbox 543 1952 650 1984; x_wconf 87' lang='lat' dir='ltr'><strong>arguat,</strong></span> <span class='ocrx_word' id='word_1_512' title='bbox 663 1947 771 1979; x_wconf 89' lang='lat' dir='ltr'><strong>iisdem,</strong></span> <span class='ocrx_word' id='word_1_513' title='bbox 796 1947 896 1982; x_wconf 88' lang='lat' dir='ltr'><strong>quibus</strong></span> <span class='ocrx_word' id='word_1_514' title='bbox 911 1948 975 1975; x_wconf 91' lang='lat' dir='ltr'><strong>olim</strong></span> <span class='ocrx_word' id='word_1_515' title='bbox 995 1948 1122 1982; x_wconf 87' lang='lat' dir='ltr'><strong>leprosus</strong></span> 
     </span>
    </p>
   </div>
   <div class='ocr_carea' id='block_1_70' title="bbox 337 1993 1120 2025">
    <p class='ocr_par' dir='ltr' id='par_1_70' title="bbox 337 1993 1120 2025">
     <span class='ocr_line' id='line_1_70' title="bbox 337 1993 1120 2025; baseline -0.003 -3"><span class='ocrx_word' id='word_1_516' title='bbox 337 1995 384 2022; x_wconf 87' lang='lat' dir='ltr'><strong>ille</strong></span> <span class='ocrx_word' id='word_1_517' title='bbox 399 1994 433 2022; x_wconf 81' lang='lat' dir='ltr'><strong>ad</strong></span> <span class='ocrx_word' id='word_1_518' title='bbox 444 1994 596 2025; x_wconf 86' lang='lat' dir='ltr'><strong>Christum,</strong></span> <span class='ocrx_word' id='word_1_519' title='bbox 610 1993 644 2020; x_wconf 89' lang='lat' dir='ltr'><strong>ad</strong></span> <span class='ocrx_word' id='word_1_520' title='bbox 657 1993 731 2020; x_wconf 83' lang='lat' dir='ltr'><strong>hunc</strong></span> <span class='ocrx_word' id='word_1_521' title='bbox 751 1993 842 2020; x_wconf 89' lang='lat' dir='ltr'><strong>verbis</strong></span> <span class='ocrx_word' id='word_1_522' title='bbox 856 2000 921 2020; x_wconf 83' lang='lat' dir='ltr'><strong>usus</strong></span> <span class='ocrx_word' id='word_1_523' title='bbox 934 1998 975 2020; x_wconf 89' lang='lat' dir='ltr'><strong>est</strong></span> <span class='ocrx_word' id='word_1_524' title='bbox 1004 1993 1101 2020; x_wconf 88' lang='lat' dir='ltr'><strong>dicens</strong></span> <span class='ocrx_word' id='word_1_525' title='bbox 1113 2002 1120 2020; x_wconf 92' lang='lat'><strong>:</strong></span> 
     </span>
    </p>
   </div>
   <div class='ocr_carea' id='block_1_71' title="bbox 337 2038 1120 2074">
    <p class='ocr_par' dir='ltr' id='par_1_71' title="bbox 337 2038 1120 2074">
     <span class='ocr_line' id='line_1_71' title="bbox 337 2038 1120 2074; baseline 0 -8"><span class='ocrx_word' id='word_1_526' title='bbox 337 2039 366 2067; x_wconf 85' lang='lat' dir='ltr'><strong>Si</strong></span> <span class='ocrx_word' id='word_1_527' title='bbox 383 2039 435 2073; x_wconf 87' lang='lat' dir='ltr'><strong>vis,</strong></span> <span class='ocrx_word' id='word_1_528' title='bbox 451 2043 528 2074; x_wconf 89' lang='lat' dir='ltr'><strong>potes</strong></span> <span class='ocrx_word' id='word_1_529' title='bbox 540 2046 582 2066; x_wconf 90' lang='lat' dir='ltr'><strong>me</strong></span> <span class='ocrx_word' id='word_1_530' title='bbox 595 2038 728 2066; x_wconf 92' lang='lat' dir='ltr'><strong>mundare</strong></span> <span class='ocrx_word' id='word_1_531' title='bbox 748 2038 778 2065; x_wconf 88' lang='lat'><strong>“.</strong></span> <span class='ocrx_word' id='word_1_532' title='bbox 796 2038 831 2065; x_wconf 86' lang='lat' dir='ltr'><strong>Et</strong></span> <span class='ocrx_word' id='word_1_533' title='bbox 852 2043 963 2065; x_wconf 87' lang='lat' dir='ltr'><strong>sanctus</strong></span> <span class='ocrx_word' id='word_1_534' title='bbox 982 2039 1042 2073; x_wconf 92' lang='lat' dir='ltr'><strong>pari</strong></span> <span class='ocrx_word' id='word_1_535' title='bbox 1058 2047 1120 2066; x_wconf 91' lang='lat' dir='ltr'><strong>cum</strong></span> 
     </span>
    </p>
   </div>
   <div class='ocr_carea' id='block_1_72' title="bbox 337 2082 1119 2118">
    <p class='ocr_par' dir='ltr' id='par_1_72' title="bbox 337 2082 1119 2118">
     <span class='ocr_line' id='line_1_72' title="bbox 337 2082 1119 2118; baseline -0.001 -6"><span class='ocrx_word' id='word_1_536' title='bbox 337 2085 446 2113; x_wconf 78' lang='lat' dir='ltr'><strong>fervore</strong></span> <span class='ocrx_word' id='word_1_537' title='bbox 460 2092 492 2112; x_wconf 88' lang='lat' dir='ltr'><strong>ac</strong></span> <span class='ocrx_word' id='word_1_538' title='bbox 503 2084 567 2116; x_wconf 87' lang='lat' dir='ltr'><strong>ﬁde,</strong></span> <span class='ocrx_word' id='word_1_539' title='bbox 578 2091 661 2118; x_wconf 89' lang='lat' dir='ltr'><strong>quam</strong></span> <span class='ocrx_word' id='word_1_540' title='bbox 680 2083 709 2110; x_wconf 91' lang='lat' dir='ltr'><strong>in</strong></span> <span class='ocrx_word' id='word_1_541' title='bbox 724 2082 772 2109; x_wconf 92' lang='lat' dir='ltr'><strong>illo</strong></span> <span class='ocrx_word' id='word_1_542' title='bbox 785 2083 922 2117; x_wconf 70' lang='lat' dir='ltr'><strong>pmcipue</strong></span> <span class='ocrx_word' id='word_1_543' title='bbox 949 2088 1119 2117; x_wconf 80' lang='lat' dir='ltr'><strong>respexerat,</strong></span> 
     </span>
    </p>
   </div>
   <div class='ocr_carea' id='block_1_73' title="bbox 337 2127 1119 2164">
    <p class='ocr_par' dir='ltr' id='par_1_73' title="bbox 337 2127 1119 2164">
     <span class='ocr_line' id='line_1_73' title="bbox 337 2127 1119 2164; baseline -0.001 -7"><span class='ocrx_word' id='word_1_544' title='bbox 337 2131 425 2158; x_wconf 84' lang='lat' dir='ltr'><strong>fretus</strong></span> <span class='ocrx_word' id='word_1_545' title='bbox 435 2130 560 2162; x_wconf 88' lang='lat' dir='ltr'><strong>Domino,</strong></span> <span class='ocrx_word' id='word_1_546' title='bbox 574 2129 621 2164; x_wconf 90' lang='lat' dir='ltr'><strong>qui</strong></span> <span class='ocrx_word' id='word_1_547' title='bbox 638 2128 730 2156; x_wconf 88' lang='lat' dir='ltr'><strong>omnia</strong></span> <span class='ocrx_word' id='word_1_548' title='bbox 745 2127 869 2155; x_wconf 86' lang='lat' dir='ltr'><strong>credenti</strong></span> <span class='ocrx_word' id='word_1_549' title='bbox 885 2128 1029 2163; x_wconf 72' lang='lat' dir='ltr'><strong>posaibilia</strong></span> <span class='ocrx_word' id='word_1_550' title='bbox 1058 2137 1119 2156; x_wconf 87' lang='lat' dir='ltr'><strong>esse</strong></span> 
     </span>
    </p>
   </div>
   <div class='ocr_carea' id='block_1_74' title="bbox 338 2173 1121 2209">
    <p class='ocr_par' dir='ltr' id='par_1_74' title="bbox 338 2173 1121 2209">
     <span class='ocr_line' id='line_1_74' title="bbox 338 2173 1121 2209; baseline 0 -7"><span class='ocrx_word' id='word_1_551' title='bbox 338 2176 514 2203; x_wconf 82' lang='lat' dir='ltr'><strong>enuntiavit:</strong></span> <span class='ocrx_word' id='word_1_552' title='bbox 535 2175 613 2207; x_wconf 85' lang='lat' dir='ltr'><strong>Volo,</strong></span> <span class='ocrx_word' id='word_1_553' title='bbox 629 2174 728 2209; x_wconf 81' lang='lat' dir='ltr'><strong>inquit,</strong></span> <span class='ocrx_word' id='word_1_554' title='bbox 745 2178 771 2200; x_wconf 89' lang='lat' dir='ltr'><strong>te</strong></span> <span class='ocrx_word' id='word_1_555' title='bbox 792 2173 920 2200; x_wconf 86' lang='lat' dir='ltr'><strong>mundari</strong></span> <span class='ocrx_word' id='word_1_556' title='bbox 935 2184 942 2201; x_wconf 87' lang='lat'><strong>:</strong></span> <span class='ocrx_word' id='word_1_557' title='bbox 966 2182 1061 2202; x_wconf 89' lang='lat' dir='ltr'><strong>verum</strong></span> <span class='ocrx_word' id='word_1_558' title='bbox 1079 2175 1121 2202; x_wconf 83' lang='lat' dir='ltr'><strong>fac</strong></span> 
     </span>
    </p>
   </div>
   <div class='ocr_carea' id='block_1_75' title="bbox 338 2218 1121 2254">
    <p class='ocr_par' dir='ltr' id='par_1_75' title="bbox 338 2218 1121 2254">
     <span class='ocr_line' id='line_1_75' title="bbox 338 2218 1121 2254; baseline -0.001 -5"><span class='ocrx_word' id='word_1_559' title='bbox 338 2222 450 2249; x_wconf 93' lang='lat' dir='ltr'><strong>domum</strong></span> <span class='ocrx_word' id='word_1_560' title='bbox 463 2220 556 2250; x_wconf 78' lang='lat' dir='ltr'><strong>abeas,</strong></span> <span class='ocrx_word' id='word_1_561' title='bbox 573 2224 601 2247; x_wconf 90' lang='lat' dir='ltr'><strong>et</strong></span> <span class='ocrx_word' id='word_1_562' title='bbox 615 2219 749 2254; x_wconf 80' lang='lat' dir='ltr'><strong>benignus</strong></span> <span class='ocrx_word' id='word_1_563' title='bbox 763 2219 845 2251; x_wconf 85' lang='lat' dir='ltr'><strong>Deus,</strong></span> <span class='ocrx_word' id='word_1_564' title='bbox 860 2218 908 2253; x_wconf 86' lang='lat' dir='ltr'><strong>qui</strong></span> <span class='ocrx_word' id='word_1_565' title='bbox 926 2224 1021 2246; x_wconf 87' lang='lat' dir='ltr'><strong>nostra</strong></span> <span class='ocrx_word' id='word_1_566' title='bbox 1039 2227 1121 2248; x_wconf 84' lang='lat' dir='ltr'><strong>causa</strong></span> 
     </span>
    </p>
   </div>
   <div class='ocr_carea' id='block_1_76' title="bbox 1172 1639 1954 1676">
    <p class='ocr_par' dir='ltr' id='par_1_76' title="bbox 1172 1639 1954 1676">
     <span class='ocr_line' id='line_1_76' title="bbox 1172 1639 1954 1676; baseline -0.003 -8"><span class='ocrx_word' id='word_1_567' title='bbox 1172 1642 1283 1676; x_wconf 79' lang='grc' dir='ltr'>Συμεὼν</span> <span class='ocrx_word' id='word_1_568' title='bbox 1299 1641 1332 1667; x_wconf 65' lang='grc' dir='ltr'>τὶ</span> <span class='ocrx_word' id='word_1_569' title='bbox 1356 1641 1395 1672; x_wconf 77' lang='grc' dir='ltr'><strong>είς</strong></span> <span class='ocrx_word' id='word_1_570' title='bbox 1413 1641 1515 1667; x_wconf 75' lang='grc' dir='ltr'>ἐκεῖνον</span> <span class='ocrx_word' id='word_1_571' title='bbox 1529 1641 1589 1675; x_wconf 81' lang='grc' dir='ltr'>Θείᾳ</span> <span class='ocrx_word' id='word_1_572' title='bbox 1609 1640 1721 1674; x_wconf 83' lang='grc' dir='ltr'><strong>δυνάμει</strong></span> <span class='ocrx_word' id='word_1_573' title='bbox 1738 1641 1873 1674; x_wconf 77' lang='grc' dir='ltr'>γενόμενα</span> <span class='ocrx_word' id='word_1_574' title='bbox 1887 1639 1954 1674; x_wconf 80' lang='grc' dir='ltr'>πρὸς</span> 
     </span>
    </p>
   </div>
   <div class='ocr_carea' id='block_1_77' title="bbox 1170 1681 1954 1721">
    <p class='ocr_par' dir='ltr' id='par_1_77' title="bbox 1170 1681 1954 1721">
     <span class='ocr_line' id='line_1_77' title="bbox 1170 1681 1954 1721; baseline -0.004 -9"><span class='ocrx_word' id='word_1_575' title='bbox 1170 1686 1220 1721; x_wconf 86' lang='grc' dir='ltr'>τὴν</span> <span class='ocrx_word' id='word_1_576' title='bbox 1236 1686 1402 1720; x_wconf 77' lang='grc' dir='ltr'><strong>ἀδελφότητα</strong></span> <span class='ocrx_word' id='word_1_577' title='bbox 1429 1684 1538 1720; x_wconf 78' lang='grc' dir='ltr'>διεξῄει.</span> <span class='ocrx_word' id='word_1_578' title='bbox 1561 1684 1644 1711; x_wconf 76' lang='grc' dir='ltr'>Οὔπω</span> <span class='ocrx_word' id='word_1_579' title='bbox 1671 1684 1746 1715; x_wconf 82' lang='grc' dir='ltr'>τέλος</span> <span class='ocrx_word' id='word_1_580' title='bbox 1764 1683 1839 1719; x_wconf 82' lang='grc' dir='ltr'>αὐτῷ</span> <span class='ocrx_word' id='word_1_581' title='bbox 1853 1681 1925 1718; x_wconf 78' lang='grc' dir='ltr'>εἶχεν</span> <span class='ocrx_word' id='word_1_582' title='bbox 1939 1684 1954 1709; x_wconf 86' lang='grc' dir='ltr'><strong>ὁ</strong></span> 
     </span>
    </p>
   </div>
   <div class='ocr_carea' id='block_1_78' title="bbox 1170 1727 1954 1766">
    <p class='ocr_par' dir='ltr' id='par_1_78' title="bbox 1170 1727 1954 1766">
     <span class='ocr_line' id='line_1_78' title="bbox 1170 1727 1954 1766; baseline -0.004 -8"><span class='ocrx_word' id='word_1_583' title='bbox 1170 1733 1258 1766; x_wconf 80' lang='grc' dir='ltr'>λόγος,</span> <span class='ocrx_word' id='word_1_584' title='bbox 1278 1731 1324 1757; x_wconf 75' lang='grc' dir='ltr'>καὶ</span> <span class='ocrx_word' id='word_1_585' title='bbox 1333 1731 1351 1758; x_wconf 85' lang='grc' dir='ltr'>ἀ</span> <span class='ocrx_word' id='word_1_586' title='bbox 1359 1731 1509 1765; x_wconf 69' lang='grc' dir='ltr'><strong>⁵ωινοῦνταί</strong></span> <span class='ocrx_word' id='word_1_587' title='bbox 1520 1738 1592 1761; x_wconf 80' lang='grc' dir='ltr'>τινες</span> <span class='ocrx_word' id='word_1_588' title='bbox 1605 1729 1659 1756; x_wconf 86' lang='grc' dir='ltr'><strong>τῶν</strong></span> <span class='ocrx_word' id='word_1_589' title='bbox 1672 1727 1868 1764; x_wconf 73' lang='grc' dir='ltr'>πλησιοχώρων</span> <span class='ocrx_word' id='word_1_590' title='bbox 1879 1728 1954 1764; x_wconf 81' lang='grc' dir='ltr'><strong>αὐτῷ</strong></span> 
     </span>
    </p>
   </div>
   <div class='ocr_carea' id='block_1_79' title="bbox 1177 1776 1955 1812">
    <p class='ocr_par' dir='ltr' id='par_1_79' title="bbox 1177 1776 1955 1812">
     <span class='ocr_line' id='line_1_79' title="bbox 1177 1776 1955 1812; baseline -0.003 -8"><span class='ocrx_word' id='word_1_591' title='bbox 1177 1777 1307 1812; x_wconf 74' lang='grc' dir='ltr'><strong>Ἰακώϐῳ,</strong></span> <span class='ocrx_word' id='word_1_592' title='bbox 1319 1777 1458 1812; x_wconf 84' lang='grc' dir='ltr'>θαύματος</span> <span class='ocrx_word' id='word_1_593' title='bbox 1481 1776 1575 1811; x_wconf 83' lang='grc' dir='ltr'>μεστοὶ</span> <span class='ocrx_word' id='word_1_594' title='bbox 1596 1777 1647 1808; x_wconf 73' lang='grc' dir='ltr'><strong>τὰς</strong></span> <span class='ocrx_word' id='word_1_595' title='bbox 1669 1776 1769 1811; x_wconf 72' lang='grc' dir='ltr'>ψυχὰς,</span> <span class='ocrx_word' id='word_1_596' title='bbox 1782 1777 1896 1812; x_wconf 83' lang='grc' dir='ltr'>χάριτάς</span> <span class='ocrx_word' id='word_1_597' title='bbox 1924 1784 1955 1801; x_wconf 79' lang='grc' dir='ltr'><strong>τε</strong></span> 
     </span>
    </p>
   </div>
   <div class='ocr_carea' id='block_1_80' title="bbox 1170 1815 1955 1857">
    <p class='ocr_par' dir='ltr' id='par_1_80' title="bbox 1170 1815 1955 1857">
     <span class='ocr_line' id='line_1_80' title="bbox 1170 1815 1955 1857; baseline -0.001 -9"><span class='ocrx_word' id='word_1_598' title='bbox 1170 1822 1302 1857; x_wconf 75' lang='grc' dir='ltr'>τοσαύτης</span> <span class='ocrx_word' id='word_1_599' title='bbox 1315 1815 1473 1856; x_wconf 73' lang='grc' dir='ltr'>εὐεργεσίας</span> <span class='ocrx_word' id='word_1_600' title='bbox 1487 1820 1693 1857; x_wconf 79' lang='grc' dir='ltr'>ὁμολογοῦντες,</span> <span class='ocrx_word' id='word_1_601' title='bbox 1714 1822 1762 1848; x_wconf 77' lang='grc' dir='ltr'>καὶ</span> <span class='ocrx_word' id='word_1_602' title='bbox 1790 1822 1886 1855; x_wconf 81' lang='grc' dir='ltr'>σαφεῖς</span> <span class='ocrx_word' id='word_1_603' title='bbox 1901 1820 1955 1848; x_wconf 75' lang='grc' dir='ltr'><strong>τῶν</strong></span> 
     </span>
    </p>
   </div>
   <div class='ocr_carea' id='block_1_81' title="bbox 1170 1867 1496 1902">
    <p class='ocr_par' dir='ltr' id='par_1_81' title="bbox 1170 1867 1496 1902">
     <span class='ocr_line' id='line_1_81' title="bbox 1170 1867 1496 1902; baseline 0.003 -9"><span class='ocrx_word' id='word_1_604' title='bbox 1170 1867 1362 1902; x_wconf 78' lang='grc' dir='ltr'><strong>γεγενημένων</strong></span> <span class='ocrx_word' id='word_1_605' title='bbox 1375 1867 1496 1901; x_wconf 76' lang='grc' dir='ltr'>ἄγγελοι.</span> 
     </span>
    </p>
   </div>
   <div class='ocr_carea' id='block_1_82' title="bbox 1207 1911 1956 1948">
    <p class='ocr_par' dir='ltr' id='par_1_82' title="bbox 1207 1911 1956 1948">
     <span class='ocr_line' id='line_1_82' title="bbox 1207 1911 1956 1948; baseline -0.001 -10"><span class='ocrx_word' id='word_1_606' title='bbox 1207 1914 1261 1946; x_wconf 63' lang='grc' dir='ltr'>ιιαν.</span> <span class='ocrx_word' id='word_1_607' title='bbox 1276 1912 1416 1948; x_wconf 74' lang='grc' dir='ltr'>Προσῆλθέ</span> <span class='ocrx_word' id='word_1_608' title='bbox 1430 1921 1473 1943; x_wconf 74' lang='grc' dir='ltr'><strong>τις</strong></span> <span class='ocrx_word' id='word_1_609' title='bbox 1499 1912 1536 1948; x_wconf 83' lang='grc' dir='ltr'>τῷ</span> <span class='ocrx_word' id='word_1_610' title='bbox 1556 1912 1640 1946; x_wconf 80' lang='grc' dir='ltr'>Ἀγίῳ</span> <span class='ocrx_word' id='word_1_611' title='bbox 1663 1911 1773 1945; x_wconf 72' lang='grc' dir='ltr'>λεπρὸς,</span> <span class='ocrx_word' id='word_1_612' title='bbox 1790 1912 1836 1938; x_wconf 72' lang='grc' dir='ltr'>καὶ</span> <span class='ocrx_word' id='word_1_613' title='bbox 1848 1911 1897 1946; x_wconf 76' lang='grc' dir='ltr'><strong>(μή</strong></span> <span class='ocrx_word' id='word_1_614' title='bbox 1915 1920 1956 1942; x_wconf 81' lang='grc' dir='ltr'><strong>τις</strong></span> 
     </span>
    </p>
   </div>
   <div class='ocr_carea' id='block_1_83' title="bbox 1171 1956 1955 1993">
    <p class='ocr_par' dir='ltr' id='par_1_83' title="bbox 1171 1956 1955 1993">
     <span class='ocr_line' id='line_1_83' title="bbox 1171 1956 1955 1993; baseline -0.003 -9"><span class='ocrx_word' id='word_1_615' title='bbox 1171 1958 1246 1992; x_wconf 78' lang='grc' dir='ltr'>ἡμᾶς</span> <span class='ocrx_word' id='word_1_616' title='bbox 1259 1957 1411 1993; x_wconf 68' lang='grc' dir='ltr'>ἐπιτιμάτω</span> <span class='ocrx_word' id='word_1_617' title='bbox 1427 1957 1476 1992; x_wconf 83' lang='grc' dir='ltr'>τῆς</span> <span class='ocrx_word' id='word_1_618' title='bbox 1490 1957 1629 1992; x_wconf 78' lang='grc' dir='ltr'>ἀπονοίας)</span> <span class='ocrx_word' id='word_1_619' title='bbox 1644 1957 1682 1989; x_wconf 82' lang='grc' dir='ltr'>ὦς</span> <span class='ocrx_word' id='word_1_620' title='bbox 1695 1965 1761 1983; x_wconf 85' lang='grc' dir='ltr'>ποτε</span> <span class='ocrx_word' id='word_1_621' title='bbox 1777 1958 1823 1983; x_wconf 82' lang='grc' dir='ltr'>καὶ</span> <span class='ocrx_word' id='word_1_622' title='bbox 1844 1956 1883 1991; x_wconf 86' lang='grc' dir='ltr'><strong>τῷ</strong></span> <span class='ocrx_word' id='word_1_623' title='bbox 1901 1957 1955 1991; x_wconf 88' lang='grc' dir='ltr'><strong>Ἰη-</strong></span> 
     </span>
    </p>
   </div>
   <div class='ocr_carea' id='block_1_84' title="bbox 1173 1999 1953 2036">
    <p class='ocr_par' dir='ltr' id='par_1_84' title="bbox 1173 1999 1953 2036">
     <span class='ocr_line' id='line_1_84' title="bbox 1173 1999 1953 2036; baseline -0.001 -9"><span class='ocrx_word' id='word_1_624' title='bbox 1173 2001 1220 2027; x_wconf 86' lang='grc' dir='ltr'><strong>σοῦ</strong></span> <span class='ocrx_word' id='word_1_625' title='bbox 1247 2002 1282 2028; x_wconf 85' lang='grc' dir='ltr'>τὰ</span> <span class='ocrx_word' id='word_1_626' title='bbox 1306 2002 1375 2030; x_wconf 81' lang='grc' dir='ltr'>αὑτά</span> <span class='ocrx_word' id='word_1_627' title='bbox 1400 2010 1430 2028; x_wconf 86' lang='grc' dir='ltr'><strong>τε</strong></span> <span class='ocrx_word' id='word_1_628' title='bbox 1457 2001 1642 2036; x_wconf 76' lang='grc' dir='ltr'>φθεγγόμενος</span> <span class='ocrx_word' id='word_1_629' title='bbox 1660 2001 1769 2035; x_wconf 67' lang='grc' dir='ltr'>ἐκείνῳ,</span> <span class='ocrx_word' id='word_1_630' title='bbox 1787 2000 1849 2026; x_wconf 74' lang='grc' dir='ltr'><strong>Ἐὰν</strong></span> <span class='ocrx_word' id='word_1_631' title='bbox 1863 1999 1953 2035; x_wconf 80' lang='grc' dir='ltr'>θέλῃς,</span> 
     </span>
    </p>
   </div>
   <div class='ocr_carea' id='block_1_85' title="bbox 1171 2044 1955 2081">
    <p class='ocr_par' dir='ltr' id='par_1_85' title="bbox 1171 2044 1955 2081">
     <span class='ocr_line' id='line_1_85' title="bbox 1171 2044 1955 2081; baseline -0.003 -9"><span class='ocrx_word' id='word_1_632' title='bbox 1171 2046 1283 2072; x_wconf 88' lang='grc' dir='ltr'>δύνασαί</span> <span class='ocrx_word' id='word_1_633' title='bbox 1309 2055 1343 2080; x_wconf 84' lang='grc' dir='ltr'><strong>με</strong></span> <span class='ocrx_word' id='word_1_634' title='bbox 1368 2045 1526 2081; x_wconf 76' lang='grc' dir='ltr'>καθαρίσαι,</span> <span class='ocrx_word' id='word_1_635' title='bbox 1541 2045 1590 2072; x_wconf 77' lang='grc' dir='ltr'>καὶ</span> <span class='ocrx_word' id='word_1_636' title='bbox 1616 2044 1684 2080; x_wconf 83' lang='grc' dir='ltr'>μετὰ</span> <span class='ocrx_word' id='word_1_637' title='bbox 1699 2045 1749 2079; x_wconf 85' lang='grc' dir='ltr'>τῆς</span> <span class='ocrx_word' id='word_1_638' title='bbox 1778 2045 1839 2079; x_wconf 78' lang='grc' dir='ltr'>ίσης</span> <span class='ocrx_word' id='word_1_639' title='bbox 1851 2044 1955 2079; x_wconf 75' lang='grc' dir='ltr'>θέρμης</span> 
     </span>
    </p>
   </div>
   <div class='ocr_carea' id='block_1_86' title="bbox 1172 2089 1957 2125">
    <p class='ocr_par' dir='ltr' id='par_1_86' title="bbox 1172 2089 1957 2125">
     <span class='ocr_line' id='line_1_86' title="bbox 1172 2089 1957 2125; baseline -0.004 -7"><span class='ocrx_word' id='word_1_640' title='bbox 1172 2092 1218 2118; x_wconf 77' lang='grc' dir='ltr'>καὶ</span> <span class='ocrx_word' id='word_1_641' title='bbox 1235 2091 1361 2122; x_wconf 83' lang='grc' dir='ltr'>πίστεως.</span> <span class='ocrx_word' id='word_1_642' title='bbox 1379 2091 1451 2125; x_wconf 76' lang='grc' dir='ltr'>Πρὸς</span> <span class='ocrx_word' id='word_1_643' title='bbox 1471 2091 1498 2117; x_wconf 82' lang='grc' dir='ltr'>ὃν</span> <span class='ocrx_word' id='word_1_644' title='bbox 1513 2092 1526 2117; x_wconf 77' lang='grc' dir='ltr'><strong><em>ὁ</em></strong></span> <span class='ocrx_word' id='word_1_645' title='bbox 1544 2090 1590 2116; x_wconf 87' lang='grc' dir='ltr'><strong>τοῦ</strong></span> <span class='ocrx_word' id='word_1_646' title='bbox 1615 2089 1682 2116; x_wconf 84' lang='grc' dir='ltr'>Θεοῦ</span> <span class='ocrx_word' id='word_1_647' title='bbox 1708 2089 1800 2121; x_wconf 80' lang='grc' dir='ltr'>δοῦλος</span> <span class='ocrx_word' id='word_1_648' title='bbox 1829 2089 1902 2120; x_wconf 77' lang='grc' dir='ltr'>ίδὼν,</span> <span class='ocrx_word' id='word_1_649' title='bbox 1919 2089 1957 2124; x_wconf 82' lang='grc' dir='ltr'>τῷ</span> 
     </span>
    </p>
   </div>
   <div class='ocr_carea' id='block_1_87' title="bbox 1171 2133 1957 2171">
    <p class='ocr_par' dir='ltr' id='par_1_87' title="bbox 1171 2133 1957 2171">
     <span class='ocr_line' id='line_1_87' title="bbox 1171 2133 1957 2171; baseline -0.003 -9"><span class='ocrx_word' id='word_1_650' title='bbox 1171 2144 1201 2162; x_wconf 82' lang='grc' dir='ltr'><strong>τε</strong></span> <span class='ocrx_word' id='word_1_651' title='bbox 1231 2136 1324 2171; x_wconf 74' lang='grc' dir='ltr'>οἰκείῳ</span> <span class='ocrx_word' id='word_1_652' title='bbox 1349 2135 1481 2171; x_wconf 77' lang='grc' dir='ltr'>Δεσπὸτῃ,</span> <span class='ocrx_word' id='word_1_653' title='bbox 1497 2135 1598 2161; x_wconf 80' lang='grc' dir='ltr'>δυνατὰ</span> <span class='ocrx_word' id='word_1_654' title='bbox 1621 2133 1660 2169; x_wconf 85' lang='grc' dir='ltr'>τῷ</span> <span class='ocrx_word' id='word_1_655' title='bbox 1692 2133 1847 2160; x_wconf 78' lang='grc' dir='ltr'>πιστεύοντι</span> <span class='ocrx_word' id='word_1_656' title='bbox 1869 2134 1957 2160; x_wconf 82' lang='grc' dir='ltr'>πάντα</span> 
     </span>
    </p>
   </div>
   <div class='ocr_carea' id='block_1_88' title="bbox 1171 2178 1957 2216">
    <p class='ocr_par' dir='ltr' id='par_1_88' title="bbox 1171 2178 1957 2216">
     <span class='ocr_line' id='line_1_88' title="bbox 1171 2178 1957 2216; baseline -0.004 -9"><span class='ocrx_word' id='word_1_657' title='bbox 1171 2180 1534 2216; x_wconf 74' lang='grc' dir='ltr'>είπόντι,θαρρήσας,Θέλω,</span> <span class='ocrx_word' id='word_1_658' title='bbox 1549 2180 1627 2215; x_wconf 74' lang='grc' dir='ltr'>φησι,</span> <span class='ocrx_word' id='word_1_659' title='bbox 1643 2178 1889 2214; x_wconf 82' lang='grc' dir='ltr'>καθαρισθῆναί·σε,</span> <span class='ocrx_word' id='word_1_660' title='bbox 1901 2179 1957 2205; x_wconf 82' lang='grc' dir='ltr'>ἀλλ’</span> 
     </span>
    </p>
   </div>
   <div class='ocr_carea' id='block_1_89' title="bbox 1172 2223 1958 2261">
    <p class='ocr_par' dir='ltr' id='par_1_89' title="bbox 1172 2223 1958 2261">
     <span class='ocr_line' id='line_1_89' title="bbox 1172 2223 1958 2261; baseline -0.004 -9"><span class='ocrx_word' id='word_1_661' title='bbox 1172 2224 1231 2261; x_wconf 77' lang='grc' dir='ltr'><strong>ὥρα</strong></span> <span class='ocrx_word' id='word_1_662' title='bbox 1242 2234 1282 2251; x_wconf 88' lang='grc' dir='ltr'><strong>σοι</strong></span> <span class='ocrx_word' id='word_1_663' title='bbox 1297 2225 1388 2251; x_wconf 80' lang='grc' dir='ltr'>λοιπὸν</span> <span class='ocrx_word' id='word_1_664' title='bbox 1401 2224 1494 2251; x_wconf 83' lang='grc' dir='ltr'>οίκαδε</span> <span class='ocrx_word' id='word_1_665' title='bbox 1510 2224 1654 2255; x_wconf 79' lang='grc' dir='ltr'>ἀπελθεῖν,</span> <span class='ocrx_word' id='word_1_666' title='bbox 1675 2224 1725 2250; x_wconf 68' lang='grc' dir='ltr'>καὶ</span> <span class='ocrx_word' id='word_1_667' title='bbox 1739 2224 1753 2250; x_wconf 86' lang='grc' dir='ltr'><strong><em>ὁ</em></strong></span> <span class='ocrx_word' id='word_1_668' title='bbox 1775 2223 1876 2257; x_wconf 78' lang='grc' dir='ltr'>ἀγαθὸς</span> <span class='ocrx_word' id='word_1_669' title='bbox 1892 2223 1958 2254; x_wconf 83' lang='grc' dir='ltr'>Θεός</span> 
     </span>
    </p>
   </div>
   <div class='ocr_carea' id='block_1_90' title="bbox 337 2263 1181 2306">
    <p class='ocr_par' dir='ltr' id='par_1_90' title="bbox 337 2263 1181 2306">
     <span class='ocr_line' id='line_1_90' title="bbox 337 2263 1181 2306; baseline -0.002 -12"><span class='ocrx_word' id='word_1_670' title='bbox 337 2275 353 2294; x_wconf 90' lang='lat' dir='ltr'><strong>e</strong></span> <span class='ocrx_word' id='word_1_671' title='bbox 365 2273 448 2294; x_wconf 84' lang='lat' dir='ltr'><strong>cruce</strong></span> <span class='ocrx_word' id='word_1_672' title='bbox 462 2265 593 2299; x_wconf 87' lang='lat' dir='ltr'><strong>suspendi</strong></span> <span class='ocrx_word' id='word_1_673' title='bbox 609 2264 736 2299; x_wconf 81' lang='lat' dir='ltr'><strong>dignatus</strong></span> <span class='ocrx_word' id='word_1_674' title='bbox 748 2268 800 2296; x_wconf 89' lang='lat' dir='ltr'><strong>est,</strong></span> <span class='ocrx_word' id='word_1_675' title='bbox 815 2263 874 2298; x_wconf 90' lang='lat' dir='ltr'><strong>ipse</strong></span> <span class='ocrx_word' id='word_1_676' title='bbox 886 2271 936 2298; x_wconf 85' lang='lat' dir='ltr'><strong>per</strong></span> <span class='ocrx_word' id='word_1_677' title='bbox 959 2263 1120 2292; x_wconf 77' lang='lat' dir='ltr'><strong>immensam</strong></span> <span class='ocrx_word' id='word_1_678' title='bbox 1135 2275 1161 2304; x_wconf 83' lang='lat' dir='ltr'><strong>D</strong></span> <span class='ocrx_word' id='word_1_679' title='bbox 1177 2280 1181 2306; x_wconf 74' lang='grc' dir='ltr'><strong>Ι</strong></span> 
     </span>
    </p>
   </div>
   <div class='ocr_carea' id='block_1_91' title="bbox 1115 2263 1959 2306">
    <p class='ocr_par' dir='ltr' id='par_1_91' title="bbox 1115 2268 1959 2306">
     <span class='ocr_line' id='line_1_91' title="bbox 1115 2268 1959 2306; baseline -0.006 -8"><span class='ocrx_word' id='word_1_680' title='bbox 1115 2273 1120 2292; x_wconf 86' lang='grc' dir='ltr'>ι</span> <span class='ocrx_word' id='word_1_681' title='bbox 1135 2275 1161 2304; x_wconf 88' lang='lat' dir='ltr'><strong>D</strong></span> <span class='ocrx_word' id='word_1_682' title='bbox 1177 2280 1237 2306; x_wconf 86' lang='grc' dir='ltr'>μου,</span> <span class='ocrx_word' id='word_1_683' title='bbox 1250 2271 1264 2298; x_wconf 82' lang='grc' dir='ltr'><strong><em>ὁ</em></strong></span> <span class='ocrx_word' id='word_1_684' title='bbox 1278 2271 1324 2297; x_wconf 80' lang='grc' dir='ltr'>καὶ</span> <span class='ocrx_word' id='word_1_685' title='bbox 1339 2269 1448 2304; x_wconf 81' lang='grc' dir='ltr'>σταυρῷ</span> <span class='ocrx_word' id='word_1_686' title='bbox 1464 2268 1656 2304; x_wconf 75' lang='grc' dir='ltr'>κρεμασθῆναι</span> <span class='ocrx_word' id='word_1_687' title='bbox 1672 2268 1705 2295; x_wconf 75' lang='grc' dir='ltr'><strong>δι’</strong></span> <span class='ocrx_word' id='word_1_688' title='bbox 1721 2269 1794 2304; x_wconf 77' lang='grc' dir='ltr'>ἡμᾶς</span> <span class='ocrx_word' id='word_1_689' title='bbox 1821 2268 1871 2294; x_wconf 82' lang='grc' dir='ltr'>οὐκ</span> <span class='ocrx_word' id='word_1_690' title='bbox 1887 2269 1959 2294; x_wconf 76' lang='grc' dir='ltr'>ἁπα-</span> 
     </span>
    </p>
   </div>
   <div class='ocr_carea' id='block_1_92' title="bbox 338 2309 1122 2340">
    <p class='ocr_par' dir='ltr' id='par_1_92' title="bbox 338 2309 1122 2340">
     <span class='ocr_line' id='line_1_92' title="bbox 338 2309 1122 2340; baseline -0.003 0"><span class='ocrx_word' id='word_1_691' title='bbox 338 2312 490 2340; x_wconf 80' lang='lat' dir='ltr'><strong>bonitatem</strong></span> <span class='ocrx_word' id='word_1_692' title='bbox 504 2316 577 2338; x_wconf 87' lang='lat' dir='ltr'><strong>tuam</strong></span> <span class='ocrx_word' id='word_1_693' title='bbox 598 2314 624 2337; x_wconf 85' lang='lat' dir='ltr'><strong>te</strong></span> <span class='ocrx_word' id='word_1_694' title='bbox 641 2310 751 2337; x_wconf 86' lang='lat' dir='ltr'><strong>inviset.</strong></span> <span class='ocrx_word' id='word_1_695' title='bbox 769 2310 855 2337; x_wconf 86' lang='lat' dir='ltr'><strong>Dictis</strong></span> <span class='ocrx_word' id='word_1_696' title='bbox 880 2309 963 2337; x_wconf 89' lang='lat' dir='ltr'><strong>ﬁdem</strong></span> <span class='ocrx_word' id='word_1_697' title='bbox 987 2310 1122 2338; x_wconf 89' lang='lat' dir='ltr'><strong>adhibens</strong></span> 
     </span>
    </p>
   </div>
   <div class='ocr_carea' id='block_1_93' title="bbox 336 2356 1125 2396">
    <p class='ocr_par' dir='ltr' id='par_1_93' title="bbox 336 2356 1125 2396">
     <span class='ocr_line' id='line_1_93' title="bbox 336 2356 1125 2396; baseline -0.004 -10"><span class='ocrx_word' id='word_1_698' title='bbox 336 2359 475 2396; x_wconf 84' lang='lat' dir='ltr'><strong>leprosus,</strong></span> <span class='ocrx_word' id='word_1_699' title='bbox 488 2357 600 2385; x_wconf 90' lang='lat' dir='ltr'><strong>domum</strong></span> <span class='ocrx_word' id='word_1_700' title='bbox 615 2356 698 2396; x_wconf 75' lang='lat' dir='ltr'><strong>redit,</strong></span> <span class='ocrx_word' id='word_1_701' title='bbox 710 2361 791 2392; x_wconf 89' lang='lat' dir='ltr'><strong>atque</strong></span> <span class='ocrx_word' id='word_1_702' title='bbox 803 2356 849 2383; x_wconf 90' lang='lat' dir='ltr'><strong>illa</strong></span> <span class='ocrx_word' id='word_1_703' title='bbox 862 2362 944 2385; x_wconf 88' lang='lat' dir='ltr'><strong>nocte</strong></span> <span class='ocrx_word' id='word_1_704' title='bbox 969 2357 1041 2391; x_wconf 61' lang='lat' dir='ltr'><strong>(quae</strong></span> <span class='ocrx_word' id='word_1_705' title='bbox 1072 2357 1125 2384; x_wconf 91' lang='lat' dir='ltr'><strong>lin-</strong></span> 
     </span>
    </p>
   </div>
   <div class='ocr_carea' id='block_1_94' title="bbox 337 2393 1122 2441">
    <p class='ocr_par' dir='ltr' id='par_1_94' title="bbox 337 2393 1122 2441">
     <span class='ocr_line' id='line_1_94' title="bbox 337 2393 1122 2441; baseline -0.006 -9"><span class='ocrx_word' id='word_1_706' title='bbox 337 2393 389 2441; x_wconf 75' lang='lat' dir='ltr'><strong>gua</strong></span> <span class='ocrx_word' id='word_1_707' title='bbox 401 2393 627 2432; x_wconf 74' lang='lat' dir='ltr'><strong>misericordiam&#39;</strong></span> <span class='ocrx_word' id='word_1_708' title='bbox 635 2406 711 2429; x_wconf 89' lang='lat' dir='ltr'><strong>tuam</strong></span> <span class='ocrx_word' id='word_1_709' title='bbox 728 2401 884 2433; x_wconf 85' lang='lat' dir='ltr'><strong>annuntiet,</strong></span> <span class='ocrx_word' id='word_1_710' title='bbox 900 2401 1016 2428; x_wconf 84' lang='lat' dir='ltr'><strong>Domine</strong></span> <span class='ocrx_word' id='word_1_711' title='bbox 1039 2401 1122 2433; x_wconf 79' lang='lat' dir='ltr'><strong>Deus,</strong></span> 
     </span>
    </p>
   </div>
   <div class='ocr_carea' id='block_1_95' title="bbox 337 2446 1124 2483">
    <p class='ocr_par' dir='ltr' id='par_1_95' title="bbox 337 2446 1124 2483">
     <span class='ocr_line' id='line_1_95' title="bbox 337 2446 1124 2483; baseline -0.006 -5"><span class='ocrx_word' id='word_1_712' title='bbox 337 2459 386 2478; x_wconf 87' lang='lat' dir='ltr'><strong>rex</strong></span> <span class='ocrx_word' id='word_1_713' title='bbox 405 2449 531 2483; x_wconf 86' lang='lat' dir='ltr'><strong>noster?)</strong></span> <span class='ocrx_word' id='word_1_714' title='bbox 554 2447 689 2482; x_wconf 85' lang='lat' dir='ltr'><strong>conspicit</strong></span> <span class='ocrx_word' id='word_1_715' title='bbox 706 2447 835 2482; x_wconf 83' lang='lat' dir='ltr'><strong>juvenem</strong></span> <span class='ocrx_word' id='word_1_716' title='bbox 862 2446 1009 2481; x_wconf 81' lang='lat' dir='ltr'><strong>quemdam</strong></span> <span class='ocrx_word' id='word_1_717' title='bbox 1032 2446 1124 2481; x_wconf 88' lang='lat' dir='ltr'><strong>specie</strong></span> 
     </span>
    </p>
   </div>
   <div class='ocr_carea' id='block_1_96' title="bbox 337 2491 1122 2531">
    <p class='ocr_par' dir='ltr' id='par_1_96' title="bbox 337 2491 1122 2531">
     <span class='ocr_line' id='line_1_96' title="bbox 337 2491 1122 2531; baseline -0.005 -8"><span class='ocrx_word' id='word_1_718' title='bbox 337 2495 464 2531; x_wconf 80' lang='lat' dir='ltr'><strong>fulgenti,</strong></span> <span class='ocrx_word' id='word_1_719' title='bbox 483 2494 636 2521; x_wconf 84' lang='lat' dir='ltr'><strong>dicentem:</strong></span> <span class='ocrx_word' id='word_1_720' title='bbox 657 2492 693 2521; x_wconf 84' lang='lat' dir='ltr'><strong>Ut</strong></span> <span class='ocrx_word' id='word_1_721' title='bbox 713 2491 868 2525; x_wconf 86' lang='lat' dir='ltr'><strong>credidisti,</strong></span> <span class='ocrx_word' id='word_1_722' title='bbox 892 2491 940 2520; x_wconf 85' lang='lat' dir='ltr'><strong>ﬁat</strong></span> <span class='ocrx_word' id='word_1_723' title='bbox 967 2492 1028 2519; x_wconf 90' lang='lat' dir='ltr'><strong>tibi.</strong></span> <span class='ocrx_word' id='word_1_724' title='bbox 1055 2492 1122 2524; x_wconf 69' lang='lat' dir='ltr'><strong>Quae</strong></span> 
     </span>
    </p>
   </div>
   <div class='ocr_carea' id='block_1_97' title="bbox 338 2538 1124 2571">
    <p class='ocr_par' dir='ltr' id='par_1_97' title="bbox 338 2538 1124 2571">
     <span class='ocr_line' id='line_1_97' title="bbox 338 2538 1124 2571; baseline -0.004 -2"><span class='ocrx_word' id='word_1_725' title='bbox 338 2541 423 2569; x_wconf 88' lang='lat' dir='ltr'><strong>verba</strong></span> <span class='ocrx_word' id='word_1_726' title='bbox 439 2547 564 2568; x_wconf 88' lang='lat' dir='ltr'><strong>somnum</strong></span> <span class='ocrx_word' id='word_1_727' title='bbox 573 2542 754 2567; x_wconf 80' lang='lat' dir='ltr'><strong>excusserunt</strong></span> <span class='ocrx_word' id='word_1_728' title='bbox 770 2538 886 2571; x_wconf 86' lang='lat' dir='ltr'><strong>homini,</strong></span> <span class='ocrx_word' id='word_1_729' title='bbox 898 2542 926 2566; x_wconf 89' lang='lat' dir='ltr'><strong>et</strong></span> <span class='ocrx_word' id='word_1_730' title='bbox 951 2546 1013 2565; x_wconf 92' lang='lat' dir='ltr'><strong>cum</strong></span> <span class='ocrx_word' id='word_1_731' title='bbox 1026 2546 1124 2566; x_wconf 90' lang='lat' dir='ltr'><strong>somno</strong></span> 
     </span>
    </p>
   </div>
   <div class='ocr_carea' id='block_1_98' title="bbox 338 2583 1124 2621">
    <p class='ocr_par' dir='ltr' id='par_1_98' title="bbox 338 2583 1124 2621">
     <span class='ocr_line' id='line_1_98' title="bbox 338 2583 1124 2621; baseline -0.004 -8"><span class='ocrx_word' id='word_1_732' title='bbox 338 2587 462 2621; x_wconf 74' lang='lat' dir='ltr'><strong>lcpram;</strong></span> <span class='ocrx_word' id='word_1_733' title='bbox 483 2590 513 2614; x_wconf 91' lang='lat' dir='ltr'><strong>et</strong></span> <span class='ocrx_word' id='word_1_734' title='bbox 528 2590 601 2613; x_wconf 91' lang='lat' dir='ltr'><strong>totus</strong></span> <span class='ocrx_word' id='word_1_735' title='bbox 629 2585 778 2612; x_wconf 86' lang='lat' dir='ltr'><strong>mundatus</strong></span> <span class='ocrx_word' id='word_1_736' title='bbox 799 2585 862 2616; x_wconf 80' lang='lat' dir='ltr'><strong>fuit,</strong></span> <span class='ocrx_word' id='word_1_737' title='bbox 884 2592 973 2619; x_wconf 66' lang='lat' dir='ltr'><strong>praeco</strong></span> <span class='ocrx_word' id='word_1_738' title='bbox 995 2583 1124 2619; x_wconf 67' lang='lat' dir='ltr'><strong>potentia</strong></span> 
     </span>
    </p>
   </div>
   <div class='ocr_carea' id='block_1_99' title="bbox 339 2628 1124 2665">
    <p class='ocr_par' dir='ltr' id='par_1_99' title="bbox 339 2628 1124 2665">
     <span class='ocr_line' id='line_1_99' title="bbox 339 2628 1124 2665; baseline -0.003 -8"><span class='ocrx_word' id='word_1_739' title='bbox 339 2630 440 2658; x_wconf 61' lang='lat' dir='ltr'><strong>divinae</strong></span> <span class='ocrx_word' id='word_1_740' title='bbox 461 2639 491 2657; x_wconf 89' lang='lat' dir='ltr'><strong>re</strong></span> <span class='ocrx_word' id='word_1_741' title='bbox 512 2631 603 2665; x_wconf 87' lang='lat' dir='ltr'><strong>potius</strong></span> <span class='ocrx_word' id='word_1_742' title='bbox 642 2637 723 2665; x_wconf 88' lang='lat' dir='ltr'><strong>quam</strong></span> <span class='ocrx_word' id='word_1_743' title='bbox 756 2629 850 2656; x_wconf 84' lang='lat' dir='ltr'><strong>verbis</strong></span> <span class='ocrx_word' id='word_1_744' title='bbox 875 2628 972 2656; x_wconf 78' lang='lat' dir='ltr'><strong>factus.</strong></span> <span class='ocrx_word' id='word_1_745' title='bbox 998 2628 1124 2663; x_wconf 85' lang='lat' dir='ltr'><strong>Cumque</strong></span> 
     </span>
    </p>
   </div>
   <div class='ocr_carea' id='block_1_100' title="bbox 341 2673 1125 2709">
    <p class='ocr_par' dir='ltr' id='par_1_100' title="bbox 341 2673 1125 2709">
     <span class='ocr_line' id='line_1_100' title="bbox 341 2673 1125 2709; baseline -0.001 -8"><span class='ocrx_word' id='word_1_746' title='bbox 341 2675 415 2709; x_wconf 88' lang='lat' dir='ltr'><strong>quod</strong></span> <span class='ocrx_word' id='word_1_747' title='bbox 432 2675 598 2702; x_wconf 87' lang='lat' dir='ltr'><strong>retribueret</strong></span> <span class='ocrx_word' id='word_1_748' title='bbox 613 2682 667 2701; x_wconf 91' lang='lat' dir='ltr'><strong>non</strong></span> <span class='ocrx_word' id='word_1_749' title='bbox 679 2674 806 2706; x_wconf 82' lang='lat' dir='ltr'><strong>haberet,</strong></span> <span class='ocrx_word' id='word_1_750' title='bbox 832 2673 1029 2708; x_wconf 82' lang='lat' dir='ltr'><strong>gratitudincm</strong></span> <span class='ocrx_word' id='word_1_751' title='bbox 1040 2673 1125 2700; x_wconf 86' lang='lat' dir='ltr'><strong>animi</strong></span> 
     </span>
    </p>
   </div>
   <div class='ocr_carea' id='block_1_101' title="bbox 340 2717 1125 2754">
    <p class='ocr_par' dir='ltr' id='par_1_101' title="bbox 340 2717 1125 2754">
     <span class='ocr_line' id='line_1_101' title="bbox 340 2717 1125 2754; baseline -0.003 -8"><span class='ocrx_word' id='word_1_752' title='bbox 340 2719 482 2752; x_wconf 75' lang='lat' dir='ltr'><strong>exhibuit;</strong></span> <span class='ocrx_word' id='word_1_753' title='bbox 499 2723 673 2754; x_wconf 65' lang='lat' dir='ltr'><strong>acceptoque</strong></span> <span class='ocrx_word' id='word_1_754' title='bbox 695 2725 809 2746; x_wconf 90' lang='lat' dir='ltr'><strong>nummo</strong></span> <span class='ocrx_word' id='word_1_755' title='bbox 828 2725 924 2750; x_wconf 84' lang='lat' dir='ltr'><strong>aureo,</strong></span> <span class='ocrx_word' id='word_1_756' title='bbox 948 2718 1066 2745; x_wconf 90' lang='lat' dir='ltr'><strong>recurrit</strong></span> <span class='ocrx_word' id='word_1_757' title='bbox 1091 2717 1125 2744; x_wconf 85' lang='lat' dir='ltr'><strong>ad</strong></span> 
     </span>
    </p>
   </div>
   <div class='ocr_carea' id='block_1_102' title="bbox 343 2763 1126 2799">
    <p class='ocr_par' dir='ltr' id='par_1_102' title="bbox 343 2763 1126 2799">
     <span class='ocr_line' id='line_1_102' title="bbox 343 2763 1126 2799; baseline -0.003 -7"><span class='ocrx_word' id='word_1_758' title='bbox 343 2770 482 2798; x_wconf 82' lang='lat' dir='ltr'><strong>sanctum;</strong></span> <span class='ocrx_word' id='word_1_759' title='bbox 496 2773 560 2797; x_wconf 91' lang='lat' dir='ltr'><strong>non,</strong></span> <span class='ocrx_word' id='word_1_760' title='bbox 579 2769 608 2791; x_wconf 92' lang='lat' dir='ltr'><strong>ut</strong></span> <span class='ocrx_word' id='word_1_761' title='bbox 627 2765 716 2799; x_wconf 88' lang='lat' dir='ltr'><strong>prius,</strong></span> <span class='ocrx_word' id='word_1_762' title='bbox 745 2763 822 2791; x_wconf 85' lang='lat' dir='ltr'><strong>sanie</strong></span> <span class='ocrx_word' id='word_1_763' title='bbox 845 2763 973 2790; x_wconf 84' lang='lat' dir='ltr'><strong>diﬁlueus</strong></span> <span class='ocrx_word' id='word_1_764' title='bbox 993 2771 1026 2791; x_wconf 82' lang='lat' dir='ltr'><strong>ac</strong></span> <span class='ocrx_word' id='word_1_765' title='bbox 1051 2763 1126 2798; x_wconf 84' lang='lat' dir='ltr'><strong>lepra</strong></span> 
     </span>
    </p>
   </div>
   <div class='ocr_carea' id='block_1_103' title="bbox 344 2807 1124 2844">
    <p class='ocr_par' dir='ltr' id='par_1_103' title="bbox 344 2807 1124 2844">
     <span class='ocr_line' id='line_1_103' title="bbox 344 2807 1124 2844; baseline 0 -7"><span class='ocrx_word' id='word_1_766' title='bbox 344 2809 560 2842; x_wconf 76' lang='lat' dir='ltr'><strong>eoutabescens,</strong></span> <span class='ocrx_word' id='word_1_767' title='bbox 595 2809 643 2837; x_wconf 89' lang='lat' dir='ltr'><strong>sed</strong></span> <span class='ocrx_word' id='word_1_768' title='bbox 667 2808 842 2837; x_wconf 87' lang='lat' dir='ltr'><strong>reviviscenti</strong></span> <span class='ocrx_word' id='word_1_769' title='bbox 885 2807 1124 2844; x_wconf 69' lang='lat' dir='ltr'><strong>reﬁorescentiquc</strong></span> 
     </span>
    </p>
   </div>
   <div class='ocr_carea' id='block_1_104' title="bbox 378 2899 637 2931">
    <p class='ocr_par' dir='ltr' id='par_1_104' title="bbox 378 2899 637 2931">
     <span class='ocr_line' id='line_1_104' title="bbox 378 2899 637 2931; baseline -0.008 -4"><span class='ocrx_word' id='word_1_770' title='bbox 378 2900 398 2916; x_wconf 84' lang='lat'><strong>&quot;</strong></span> <span class='ocrx_word' id='word_1_771' title='bbox 420 2899 513 2927; x_wconf 73' lang='lat' dir='ltr'><strong>Matth.</strong></span> <span class='ocrx_word' id='word_1_772' title='bbox 531 2907 586 2931; x_wconf 78' lang='lat' dir='ltr'><strong>\‘lll,</strong></span> <span class='ocrx_word' id='word_1_773' title='bbox 610 2899 637 2926; x_wconf 75' lang='lat'><strong>‘2.</strong></span> 
     </span>
    </p>
   </div>
   <div class='ocr_carea' id='block_1_105' title="bbox 1173 2313 1958 2350">
    <p class='ocr_par' dir='ltr' id='par_1_105' title="bbox 1173 2313 1958 2350">
     <span class='ocr_line' id='line_1_105' title="bbox 1173 2313 1958 2350; baseline -0.004 -7"><span class='ocrx_word' id='word_1_774' title='bbox 1173 2316 1285 2350; x_wconf 81' lang='grc' dir='ltr'>ξιῶσας,</span> <span class='ocrx_word' id='word_1_775' title='bbox 1301 2316 1381 2348; x_wconf 83' lang='grc' dir='ltr'>αὑτός</span> <span class='ocrx_word' id='word_1_776' title='bbox 1409 2324 1438 2342; x_wconf 88' lang='grc' dir='ltr'><strong>σε</strong></span> <span class='ocrx_word' id='word_1_777' title='bbox 1465 2316 1499 2350; x_wconf 80' lang='grc' dir='ltr'>τῇ</span> <span class='ocrx_word' id='word_1_778' title='bbox 1525 2314 1630 2350; x_wconf 83' lang='grc' dir='ltr'>μεγάλῃ</span> <span class='ocrx_word' id='word_1_779' title='bbox 1643 2315 1785 2349; x_wconf 68' lang='grc' dir='ltr'>ἐπισκοπῇ</span> <span class='ocrx_word' id='word_1_780' title='bbox 1795 2314 1844 2348; x_wconf 79' lang='grc' dir='ltr'>τῆς</span> <span class='ocrx_word' id='word_1_781' title='bbox 1855 2313 1958 2344; x_wconf 77' lang='grc' dir='ltr'>οἰκείας</span> 
     </span>
    </p>
   </div>
   <div class='ocr_carea' id='block_1_106' title="bbox 1172 2358 1958 2397">
    <p class='ocr_par' dir='ltr' id='par_1_106' title="bbox 1172 2358 1958 2397">
     <span class='ocr_line' id='line_1_106' title="bbox 1172 2358 1958 2397; baseline -0.006 -8"><span class='ocrx_word' id='word_1_782' title='bbox 1172 2362 1355 2397; x_wconf 83' lang='grc' dir='ltr'>χρηστότητος</span> <span class='ocrx_word' id='word_1_783' title='bbox 1370 2360 1561 2394; x_wconf 72' lang='grc' dir='ltr'>ἐπισκέψεται.</span> <span class='ocrx_word' id='word_1_784' title='bbox 1576 2359 1687 2390; x_wconf 85' lang='grc' dir='ltr'>Τούτοις</span> <span class='ocrx_word' id='word_1_785' title='bbox 1697 2360 1711 2385; x_wconf 83' lang='grc' dir='ltr'><strong>ό</strong></span> <span class='ocrx_word' id='word_1_786' title='bbox 1725 2358 1824 2393; x_wconf 73' lang='grc' dir='ltr'>λεπρὸς</span> <span class='ocrx_word' id='word_1_787' title='bbox 1846 2358 1958 2384; x_wconf 80' lang='grc' dir='ltr'>πιστεύ-</span> 
     </span>
    </p>
   </div>
   <div class='ocr_carea' id='block_1_107' title="bbox 1175 2403 1959 2438">
    <p class='ocr_par' dir='ltr' id='par_1_107' title="bbox 1175 2403 1959 2438">
     <span class='ocr_line' id='line_1_107' title="bbox 1175 2403 1959 2438; baseline -0.006 -6"><span class='ocrx_word' id='word_1_788' title='bbox 1175 2414 1234 2437; x_wconf 78' lang='grc' dir='ltr'>σας.</span> <span class='ocrx_word' id='word_1_789' title='bbox 1249 2405 1389 2432; x_wconf 71' lang='grc' dir='ltr'>ἐπάνεισιν</span> <span class='ocrx_word' id='word_1_790' title='bbox 1410 2405 1500 2437; x_wconf 77' lang='grc' dir='ltr'>εἰςτδν</span> <span class='ocrx_word' id='word_1_791' title='bbox 1507 2403 1580 2432; x_wconf 79' lang='grc' dir='ltr'>οἷκον</span> <span class='ocrx_word' id='word_1_792' title='bbox 1591 2403 1654 2431; x_wconf 71' lang='grc' dir='ltr'>’καὶ</span> <span class='ocrx_word' id='word_1_793' title='bbox 1667 2403 1716 2438; x_wconf 85' lang='grc' dir='ltr'>τῆς</span> <span class='ocrx_word' id='word_1_794' title='bbox 1732 2403 1829 2434; x_wconf 84' lang='grc' dir='ltr'>νυκτδς</span> <span class='ocrx_word' id='word_1_795' title='bbox 1853 2403 1959 2436; x_wconf 62' lang='grc' dir='ltr'>ἐκείνης</span> 
     </span>
    </p>
   </div>
   <div class='ocr_carea' id='block_1_108' title="bbox 1173 2448 1959 2488">
    <p class='ocr_par' dir='ltr' id='par_1_108' title="bbox 1173 2448 1959 2488">
     <span class='ocr_line' id='line_1_108' title="bbox 1173 2448 1959 2488; baseline -0.005 -10"><span class='ocrx_word' id='word_1_796' title='bbox 1173 2451 1250 2488; x_wconf 83' lang='grc' dir='ltr'>(ποία</span> <span class='ocrx_word' id='word_1_797' title='bbox 1275 2451 1394 2485; x_wconf 69' lang='grc' dir='ltr'>γλῶσσα,</span> <span class='ocrx_word' id='word_1_798' title='bbox 1418 2451 1520 2485; x_wconf 68' lang='grc' dir='ltr'>Χριστὲ</span> <span class='ocrx_word' id='word_1_799' title='bbox 1539 2449 1662 2485; x_wconf 81' lang='grc' dir='ltr'>βασιλεῦ,</span> <span class='ocrx_word' id='word_1_800' title='bbox 1675 2448 1816 2482; x_wconf 74' lang='grc' dir='ltr'>ἐξαγγελεῖ</span> <span class='ocrx_word' id='word_1_801' title='bbox 1835 2448 1869 2475; x_wconf 74' lang='grc' dir='ltr'><strong>τὰ</strong></span> <span class='ocrx_word' id='word_1_802' title='bbox 1895 2448 1959 2482; x_wconf 80' lang='grc' dir='ltr'><strong>ὲλέη</strong></span> 
     </span>
    </p>
   </div>
   <div class='ocr_carea' id='block_1_109' title="bbox 1178 2491 1960 2530">
    <p class='ocr_par' dir='ltr' id='par_1_109' title="bbox 1178 2491 1960 2530">
     <span class='ocr_line' id='line_1_109' title="bbox 1178 2491 1960 2530; baseline -0.004 -8"><span class='ocrx_word' id='word_1_803' title='bbox 1178 2504 1225 2522; x_wconf 84' lang='grc' dir='ltr'><strong>σου</strong></span> <span class='ocrx_word' id='word_1_804' title='bbox 1240 2494 1330 2530; x_wconf 58' lang='lat' dir='ltr'><strong>nep;</strong></span> <span class='ocrx_word' id='word_1_805' title='bbox 1346 2495 1472 2530; x_wconf 84' lang='grc' dir='ltr'>λαμπρόν</span> <span class='ocrx_word' id='word_1_806' title='bbox 1496 2503 1556 2521; x_wconf 86' lang='grc' dir='ltr'>τινα</span> <span class='ocrx_word' id='word_1_807' title='bbox 1583 2494 1692 2520; x_wconf 85' lang='grc' dir='ltr'>νεανίαν</span> <span class='ocrx_word' id='word_1_808' title='bbox 1707 2494 1738 2520; x_wconf 83' lang='grc' dir='ltr'><strong>τὺ</strong></span> <span class='ocrx_word' id='word_1_809' title='bbox 1755 2491 1834 2526; x_wconf 75' lang='grc' dir='ltr'>εἶδος,</span> <span class='ocrx_word' id='word_1_810' title='bbox 1849 2493 1960 2520; x_wconf 81' lang='grc' dir='ltr'>είπόντα</span> 
     </span>
    </p>
   </div>
   <div class='ocr_carea' id='block_1_110' title="bbox 1177 2538 1959 2576">
    <p class='ocr_par' dir='ltr' id='par_1_110' title="bbox 1177 2538 1959 2576">
     <span class='ocr_line' id='line_1_110' title="bbox 1177 2538 1959 2576; baseline -0.004 -9"><span class='ocrx_word' id='word_1_811' title='bbox 1177 2541 1261 2576; x_wconf 83' lang='grc' dir='ltr'>αὐτῷ,</span> <span class='ocrx_word' id='word_1_812' title='bbox 1278 2541 1322 2572; x_wconf 77' lang='grc' dir='ltr'>Ὦς</span> <span class='ocrx_word' id='word_1_813' title='bbox 1337 2540 1511 2572; x_wconf 75' lang='grc' dir='ltr'>ἐπίστευσας,</span> <span class='ocrx_word' id='word_1_814' title='bbox 1528 2539 1670 2574; x_wconf 80' lang='grc' dir='ltr'>γενηθήτω</span> <span class='ocrx_word' id='word_1_815' title='bbox 1688 2548 1739 2566; x_wconf 90' lang='grc' dir='ltr'>σοι.</span> <span class='ocrx_word' id='word_1_816' title='bbox 1753 2539 1807 2566; x_wconf 74' lang='grc' dir='ltr'><strong>Καὶ</strong></span> <span class='ocrx_word' id='word_1_817' title='bbox 1826 2538 1856 2564; x_wconf 77' lang='grc' dir='ltr'>τὸ</span> <span class='ocrx_word' id='word_1_818' title='bbox 1883 2539 1959 2573; x_wconf 80' lang='grc' dir='ltr'><strong>ῥῆμα</strong></span> 
     </span>
    </p>
   </div>
   <div class='ocr_carea' id='block_1_111' title="bbox 1177 2584 1956 2621">
    <p class='ocr_par' dir='ltr' id='par_1_111' title="bbox 1177 2584 1956 2621">
     <span class='ocr_line' id='line_1_111' title="bbox 1177 2584 1956 2621; baseline -0.004 -9"><span class='ocrx_word' id='word_1_819' title='bbox 1177 2586 1222 2612; x_wconf 75' lang='grc' dir='ltr'>τὸν</span> <span class='ocrx_word' id='word_1_820' title='bbox 1237 2586 1337 2621; x_wconf 80' lang='grc' dir='ltr'>λεπρδν</span> <span class='ocrx_word' id='word_1_821' title='bbox 1352 2584 1495 2616; x_wconf 81' lang='grc' dir='ltr'>διῦπνίζει,</span> <span class='ocrx_word' id='word_1_822' title='bbox 1514 2584 1562 2610; x_wconf 79' lang='grc' dir='ltr'>καὶ</span> <span class='ocrx_word' id='word_1_823' title='bbox 1587 2584 1626 2620; x_wconf 82' lang='grc' dir='ltr'>τῷ</span> <span class='ocrx_word' id='word_1_824' title='bbox 1652 2584 1729 2620; x_wconf 78' lang='grc' dir='ltr'>ὕπνῳ</span> <span class='ocrx_word' id='word_1_825' title='bbox 1756 2584 1956 2618; x_wconf 71' lang='grc' dir='ltr'>συναπῆλῠενή</span> 
     </span>
    </p>
   </div>
   <div class='ocr_carea' id='block_1_112' title="bbox 1177 2627 1958 2666">
    <p class='ocr_par' dir='ltr' id='par_1_112' title="bbox 1177 2627 1958 2666">
     <span class='ocr_line' id='line_1_112' title="bbox 1177 2627 1958 2666; baseline -0.003 -9"><span class='ocrx_word' id='word_1_826' title='bbox 1177 2631 1265 2666; x_wconf 83' lang='grc' dir='ltr'>λέπρα</span> <span class='ocrx_word' id='word_1_827' title='bbox 1277 2639 1286 2647; x_wconf 91' lang='grc'><strong>·</strong></span> <span class='ocrx_word' id='word_1_828' title='bbox 1298 2631 1345 2657; x_wconf 64' lang='grc' dir='ltr'><strong>καὶ⁸</strong></span> <span class='ocrx_word' id='word_1_829' title='bbox 1359 2629 1542 2665; x_wconf 75' lang='grc' dir='ltr'>καθαρὸςὸλος</span> <span class='ocrx_word' id='word_1_830' title='bbox 1553 2627 1598 2664; x_wconf 85' lang='grc' dir='ltr'><strong>ἦν,</strong></span> <span class='ocrx_word' id='word_1_831' title='bbox 1611 2630 1755 2664; x_wconf 82' lang='grc' dir='ltr'>πράγμασι</span> <span class='ocrx_word' id='word_1_832' title='bbox 1765 2629 1866 2664; x_wconf 81' lang='grc' dir='ltr'>μᾶλλον</span> <span class='ocrx_word' id='word_1_833' title='bbox 1878 2628 1894 2663; x_wconf 80' lang='grc' dir='ltr'>ἣ</span> <span class='ocrx_word' id='word_1_834' title='bbox 1911 2628 1958 2664; x_wconf 80' lang='grc' dir='ltr'><strong>ῥή-</strong></span> 
     </span>
    </p>
   </div>
   <div class='ocr_carea' id='block_1_113' title="bbox 1181 2673 1960 2709">
    <p class='ocr_par' dir='ltr' id='par_1_113' title="bbox 1181 2673 1960 2709">
     <span class='ocr_line' id='line_1_113' title="bbox 1181 2673 1960 2709; baseline -0.004 -8"><span class='ocrx_word' id='word_1_835' title='bbox 1181 2683 1246 2709; x_wconf 89' lang='grc' dir='ltr'>μασι</span> <span class='ocrx_word' id='word_1_836' title='bbox 1272 2674 1414 2709; x_wconf 84' lang='grc' dir='ltr'>κηρύττων</span> <span class='ocrx_word' id='word_1_837' title='bbox 1429 2674 1478 2705; x_wconf 84' lang='grc' dir='ltr'><strong>τὰς</strong></span> <span class='ocrx_word' id='word_1_838' title='bbox 1492 2674 1540 2700; x_wconf 86' lang='grc' dir='ltr'><strong>τοῦ</strong></span> <span class='ocrx_word' id='word_1_839' title='bbox 1557 2674 1625 2700; x_wconf 81' lang='grc' dir='ltr'>Θεοῦ</span> <span class='ocrx_word' id='word_1_840' title='bbox 1653 2674 1821 2706; x_wconf 85' lang='grc' dir='ltr'>δυναστείας.</span> <span class='ocrx_word' id='word_1_841' title='bbox 1842 2673 1960 2700; x_wconf 70' lang='grc' dir='ltr'>Ἀντίδοο</span> 
     </span>
    </p>
   </div>
   <div class='ocr_carea' id='block_1_114' title="bbox 1180 2717 1962 2754">
    <p class='ocr_par' dir='ltr' id='par_1_114' title="bbox 1180 2717 1962 2754">
     <span class='ocr_line' id='line_1_114' title="bbox 1180 2717 1962 2754; baseline -0.003 -10"><span class='ocrx_word' id='word_1_842' title='bbox 1180 2727 1222 2745; x_wconf 87' lang='grc' dir='ltr'><strong>σιν</strong></span> <span class='ocrx_word' id='word_1_843' title='bbox 1233 2719 1322 2746; x_wconf 85' lang='grc' dir='ltr'>τοίνυν</span> <span class='ocrx_word' id='word_1_844' title='bbox 1341 2718 1444 2752; x_wconf 78' lang='grc' dir='ltr'>ἀγαθοῦ</span> <span class='ocrx_word' id='word_1_845' title='bbox 1456 2718 1569 2745; x_wconf 80' lang='grc' dir='ltr'>τοσοῦδε</span> <span class='ocrx_word' id='word_1_846' title='bbox 1586 2719 1623 2754; x_wconf 82' lang='grc' dir='ltr'>μὴ</span> <span class='ocrx_word' id='word_1_847' title='bbox 1634 2718 1715 2754; x_wconf 70' lang='grc' dir='ltr'><strong>ἔχων,</strong></span> <span class='ocrx_word' id='word_1_848' title='bbox 1727 2719 1802 2753; x_wconf 81' lang='grc' dir='ltr'>ὅμως</span> <span class='ocrx_word' id='word_1_849' title='bbox 1814 2718 1863 2753; x_wconf 86' lang='grc' dir='ltr'>τῆς</span> <span class='ocrx_word' id='word_1_850' title='bbox 1873 2717 1962 2752; x_wconf 79' lang='grc' dir='ltr'>ψυχης</span> 
     </span>
    </p>
   </div>
   <div class='ocr_carea' id='block_1_115' title="bbox 1178 2763 1962 2801">
    <p class='ocr_par' dir='ltr' id='par_1_115' title="bbox 1178 2763 1962 2801">
     <span class='ocr_line' id='line_1_115' title="bbox 1178 2763 1962 2801; baseline -0.003 -11"><span class='ocrx_word' id='word_1_851' title='bbox 1178 2765 1286 2796; x_wconf 82' lang='grc' dir='ltr'>δεικνὺς</span> <span class='ocrx_word' id='word_1_852' title='bbox 1312 2765 1362 2801; x_wconf 76' lang='grc' dir='ltr'>τὴν</span> <span class='ocrx_word' id='word_1_853' title='bbox 1376 2763 1597 2800; x_wconf 75' lang='grc' dir='ltr'>εὐγνωμοσύνην,</span> <span class='ocrx_word' id='word_1_854' title='bbox 1623 2764 1734 2799; x_wconf 86' lang='grc' dir='ltr'>χρυσίον</span> <span class='ocrx_word' id='word_1_855' title='bbox 1755 2763 1855 2796; x_wconf 73' lang='grc' dir='ltr'>λαϐὼν,</span> <span class='ocrx_word' id='word_1_856' title='bbox 1882 2763 1962 2797; x_wconf 73' lang='grc' dir='ltr'>φοιτᾷ</span> 
     </span>
    </p>
   </div>
   <div class='ocr_carea' id='block_1_116' title="bbox 1180 2807 1961 2846">
    <p class='ocr_par' dir='ltr' id='par_1_116' title="bbox 1180 2807 1961 2846">
     <span class='ocr_line' id='line_1_116' title="bbox 1180 2807 1961 2846; baseline -0.005 -9"><span class='ocrx_word' id='word_1_857' title='bbox 1180 2811 1255 2846; x_wconf 82' lang='grc' dir='ltr'>παρά</span> <span class='ocrx_word' id='word_1_858' title='bbox 1282 2810 1327 2837; x_wconf 67' lang='grc' dir='ltr'>τὸν</span> <span class='ocrx_word' id='word_1_859' title='bbox 1354 2810 1450 2845; x_wconf 68' lang='grc' dir='ltr'>Ἱγιον</span> <span class='ocrx_word' id='word_1_860' title='bbox 1479 2808 1578 2843; x_wconf 75' lang='grc' dir='ltr'>αὖθις,</span> <span class='ocrx_word' id='word_1_861' title='bbox 1606 2810 1655 2845; x_wconf 87' lang='grc' dir='ltr'><strong>οὺχ</strong></span> <span class='ocrx_word' id='word_1_862' title='bbox 1680 2809 1718 2841; x_wconf 79' lang='grc' dir='ltr'>ὡς</span> <span class='ocrx_word' id='word_1_863' title='bbox 1745 2809 1840 2845; x_wconf 73' lang='grc' dir='ltr'>πρώην</span> <span class='ocrx_word' id='word_1_864' title='bbox 1867 2807 1961 2843; x_wconf 78' lang='grc' dir='ltr'>ίχῶρτι</span> 
     </span>
    </p>
   </div>
  </div>
