2138 3262
186 216 255 247 3ὓ73

685 215 771 244 vm
793 215 814 243 Α
837 213 1053 243 NICEPIIORO
1072 202 1328 245 CONscnuvmf

1735 211 1805 242 307$

186 274 254 305 ζέων
270 273 314 300 καλ
335 273 424 308 λέπρᾳ
444 271 638 306 κατεσκληκώς
652 292 659 303 ,
675 271 733 297 ἀλλ’
746 268 800 297 οἷον
820 271 971 297 ἁναϐεϐιω-
987 274 1007 298 Λ
1023 278 1030 297 ε

959 286 971 290 -
987 274 1007 298 Λ
1023 270 1121 297 similis
1134 290 1140 298 .
1162 270 1300 305 quomodo
1318 277 1369 296 nec
1394 274 1528 304 speratam
1551 268 1661 304 quidem
1689 269 1803 302 adeptas

186 320 242 351 κὼς
255 320 317 355 ἄρτι
330 320 377 346 καὶ
392 319 539 352 ἁναῡήλας,
553 319 626 347 ὅπως
643 318 691 351 τῆς
705 317 855 352 παραδὸξου
869 317 971 351 ταύτης

189 366 285 395 ligato;
311 364 403 399 τύχοι,
421 363 512 396 σαφῶς
539 362 732 396 ἐξηγούμενος.
766 362 794 387 '0
819 362 847 388 δὲ
871 362 900 388 τὸ
925 363 973 396 μὲν

187 409 297 444 χρυσίον
317 409 386 435 κατὰ
410 409 440 434 τὸ
458 408 571 442 σύνηθες
583 408 613 433 οὐ
636 408 809 442 προσήκατο,
825 407 882 433 ἀλλ’
900 408 974 433 ἀντι-

189 455 297 489 μισθίαν
317 454 411 488 ἱκανὴν
434 453 509 487 αὐτῷ
529 453 596 488 πρὸς
611 453 676 479 Θεὸν
694 451 803 487 διηνεκῆ
821 452 974 486 παραγγέλ-

187 498 341 533 λειμᾶλλον
372 497 557 532 εὐχαριστίαν.
577 496 720 527 Ἰουλιανδς
745 496 773 521 δὲ
799 496 853 523 τῶν
881 496 969 531 μαθη-

187 545 240 570 τῶν
259 542 311 575 εἷς,
323 542 384 569 νοῦν
414 543 491 577 ἔσχεν
506 542 560 568 ἀπὸ
582 541 629 568 τοῦ
643 541 755 576 χρυσίου
767 541 858 567 λαὸεῖν
880 549 887 556 ’
901 541 971 576 ὅπερ

187 590 232 616 τὶν
246 589 315 615 θεῖον
333 587 444 623 Συμεὼν
463 588 519 618 τοῖς
530 587 608 614 ἔνδον
623 586 772 621 ὀφθαλμοῖς
785 587 816 613 οὐ
836 586 971 613 διαλαθόν⁴

188 635 220 661 Εἰ
237 635 336 669 βούλει,
347 635 414 669 πρὸς
430 634 474 660 τὸν
490 633 614 668 μαθητὴν
625 633 689 667 ἔφη,
705 632 773 666 μετὰ
789 631 835 658 τοῦ
860 632 972 666 χρυσίου

189 679 236 705 καὶ
261 679 309 714 τὴν
327 679 431 714 λέπραν
457 677 613 709 ἀναλαῦεῖν,
626 677 664 708 ὡς
679 676 759 710 Γιεζὴ
782 676 830 702 τοῦ
845 675 972 710 Ναιεμὰν

188 725 289 755 ἐκεῖνος
302 744 310 755 ,
327 724 374 750 καὶ
398 724 497 758 τρόπον
509 723 601 758 ἕτερον
614 722 697 756 αὐτὴν
708 720 904 756 ἐξωνήσασθαι,
922 720 970 747 λα-

190 769 243 796 6¹ἷιν
271 769 371 802 μΞλ).ον
397 768 412 802 ἢ
441 767 585 794 δεδωκώςι
615 766 723 791 Τούτων
742 766 897 792 ἀκούσαντα
927 765 971 790 τὸν

1024 315 1194 342 sanationem
1211 321 1283 342 esset
1316 314 1459 341 manifeste
1479 322 1511 341 ac
1535 314 1623 348 palam
1650 313 1803 347 divulgans.

1024 359 1142 387 Sanctus
1160 367 1226 386 vero
1244 367 1340 386 aurum
1361 367 1437 386 more
1451 366 1500 386 suo
1528 366 1584 385 non
1610 358 1730 391 admisit,
1756 358 1804 385 sed

1022 413 1072 440 pro
1092 405 1313 431 remuneratione
1335 404 1418 439 digna
1448 409 1596 438 perpetuas
1620 404 1676 430 Deo
1703 403 1806 438 gratias

1023 449 1180 484 persolvere
1192 449 1320 484 injunxit.
1336 448 1462 475 Julianus
1478 455 1561 482 porro
1592 455 1663 474 unus
1686 447 1807 481 discipu-

1022 494 1123 525 lorum,
1138 494 1246 520 induxit
1264 493 1291 519 in
1305 493 1426 520 animum
1441 493 1564 527 accipere
1587 499 1684 519 aurum
1705 501 1712 518 :
1732 492 1807 526 quod

1028 543 1056 565 ut
1073 538 1197 565 internos
1215 537 1357 573 Symeonis
1366 537 1460 563 oculos
1476 544 1531 563 non
1545 536 1637 568 latuit,
1660 536 1697 563 ait
1724 536 1807 563 disci-

1024 583 1102 618 pulo:
1119 583 1203 610 Visne
1219 591 1281 610 cum
1304 590 1372 609 auro
1392 582 1474 609 simul
1490 585 1518 609 et
1547 581 1651 616 lepram
1669 581 1805 615 accipere,

1024 628 1137 656 utGiezi
1150 628 1196 654 ille
1211 627 1315 661 lepram
1325 626 1431 657 Naami,
1447 630 1475 652 et
1486 625 1539 652 alio
1549 625 1630 652 modo
1646 625 1719 651 illam
1733 624 1807 650 redi-

1024 680 1098 700 mere
1108 693 1114 705 .
1127 672 1195 699 dans
1210 671 1302 707 potius
1309 678 1390 705 quam
1409 670 1565 704 accipiens?
1580 669 1628 696 His
1638 668 1740 696 auditis
1752 676 1806 695 non

1026 717 1108 745 modo
1130 717 1262 744 abstinuit
1281 715 1431 750 discipulus
1456 715 1501 741 ille
1515 735 1522 746 ,
1541 714 1589 742 sed
1614 714 1722 742 veniam
1737 711 1808 748 quoé

1025 771 1078 798 que
1093 762 1322 798 concupiscentize
1340 769 1396 788 sua:
1408 760 1481 787 illico
1495 760 1584 794 petiit,
1601 765 1628 787 et
1643 759 1758 794 accepit.

191 817 314 853 μαθητὴν
328 815 552 849 οὺκλάποσχέσθαι
566 811 656 852 μόνον,
666 814 732 842 ἀλλὰ
748 814 792 840 καὶ
807 812 972 847 συγγνώμην
987 811 1067 842 εὐθὺς
1078 811 1188 845 αίτῆσαι
1199 809 1246 836 τοῦ
1263 809 1455 844 ἐνθυμήματος
1471 809 1518 836 καὶ
1538 808 1641 834 λαϐεῖν.

905 870 1018 898 CAPUT
1032 869 1090 896 Xll.

388 933 585 960 ‘Monasten'um
613 932 727 958 monitus
749 940 764 958 α
793 931 844 958 ι)εο
864 930 1094 961 τπδίνιιίῑεασιιηηι
1107 928 1226 961 impetrat

793 931 844 958 Deo
864 930 1094 961 τπδίνιάῑεασιιηηι
1107 928 1226 961 impetrat
1251 935 1282 954 ac
1304 926 1448 953 diutissime
1471 930 1614 952 conservat.

225 993 278 1028 ιβ’.
297 992 334 1018 To
353 991 443 1026 μέντοι
457 991 529 1026 ὅρος,
545 992 574 1017 ὲν
594 988 616 1024 ᾧ
633 990 683 1026 τὴν
701 989 811 1025 ἀγωγὴν
830 991 843 1015 ὁ
858 988 970 1023 Συμεὼν
989 989 1011 1017 Β
1060 987 1069 1013 ς

962 996 970 1012 ν
989 989 1011 1017 Β
1060 987 1103 1013 92.
1135 986 1271 1013 Ctetet'utn
1301 993 1380 1012 mons
1409 985 1435 1011 in
1452 993 1506 1019 quo
1537 985 1654 1019 Symeon
1681 985 1806 1019 degebat,

191 1039 317 1070 ἐποιεῖτο,
329 1038 432 1073 ἔρημος
445 1035 478 1073 ἧν
491 1037 622 1072 ἀτεχνῶς,
636 1037 686 1071 οὐχ
701 1035 810 1067 ὕδατος,
831 1036 881 1061 οὐκ
895 1034 973 1062 ἄλλου

191 1086 258 1120 πρὸς
274 1084 308 1110 τὰ
324 1083 459 1118 ἀναγκαῖά
480 1091 552 1115 τινος
567 1082 711 1118 εὐποροῦν,
725 1082 766 1108 ὅτι
781 1082 819 1116 μὴ
841 1081 974 1116 καλύϐης,

191 1131 237 1156 καὶ
261 1129 362 1164 ταύτης
383 1129 458 1163 μιᾶς,
477 1128 512 1163 ἢν
537 1129 562 1154 οἱ
586 1127 706 1162 μαθηταὶ
732 1126 844 1162 μετρίαν
868 1127 974 1157 ἑαυτοῖς

191 1175 324 1209 ἐπήξαντο
355 1174 476 1208 σκέπην·
503 1173 583 1204 αὐτὸς
603 1173 657 1206 γὰρ
678 1172 724 1198 ἐπὶ
739 1172 789 1206 τῆς
809 1172 921 1206 πέτρας,
938 1172 975 1203 ὡς

191 1217 378 1253 ἐμνήσθημεν,
389 1219 417 1244 ὲν
426 1217 552 1251 ὑπαίθρῳ
560 1217 696 1251 εἱστήκει,
706 1216 874 1250 δερματίνην
884 1217 977 1251 μηλω-

191 1265 240 1298 τὴν
247 1265 393 1299 περικείμε
403 1273 451 1295 λος.
461 1264 536 1290 Ἐπεὶ
542 1263 570 1289 δὲ
581 1263 667 1289 πολλὰ
673 1262 843 1296 παπαχόθεν
850 1263 978 1298 συνέρρει

191 1306 259 1340 πρὸς
282 1305 364 1332 αὐτὸν
386 1305 515 1331 ἑκάστοτε
533 1305 633 1339 πλήθη,
650 1305 681 1331 οὐ
699 1306 834 1340 πνεύμασι
849 1307 976 1341 πονηροῖς

193 1351 282 1384 μόνον,
310 1350 377 1376 ἀλλὰ
401 1350 447 1376 καὶ
465 1349 645 1381 παντοδαποῖς
666 1349 790 1383 σώματος
815 1350 913 1376 πάθεσι
929 1350 976 1375 καὶ

190 1395 277 1426 νόσοις
290 1395 514 1430 κατειλημμένων
531 1395 632 1430 (ἐπίεζε
648 1395 675 1421 δὲ
693 1396 790 1427 αὐτοὺς
806 1396 823 1430 ἦ
836 1404 865 1421 τε
881 1395 975 1429 ἄφιλος

190 1439 303 1473 ἐρημία,
320 1442 366 1465 καὶ
378 1441 393 1474 ὴ
412 1433 464 1464 τῶν
473 1440 626 1473 ἀναγκαίων
637 1441 734 1472 ἔνδεια,
751 1441 798 1466 καὶ
811 1441 841 1467 τδ
855 1442 975 1476 ἐσχάτως

191 1485 304 1520 ἄνυδρόν
326 1494 356 1511 τε
377 1486 424 1512 καὶ
435 1486 571 1519 ᾶστεγον),
587 1487 600 1512 ὁ
616 1488 703 1518 κοινὶις
724 1487 769 1512 καὶ
786 1487 975 1522 φιλάνθρωπος

191 1531 317 1558 ἁπάντων
343 1533 461 1567 Ποιητὴς
487 1533 533 1559 καὶ
562 1533 655 1568 Πατὴρ
672 1534 725 1560 καὶ
746 1534 893 1568 Δεσπότης,
907 1534 926 1559 ,ὀ
941 1535 973 1568 τῇ

191 1575 264 1610 ίσχύῑ
281 1576 361 1602 αὑτοῦ
383 1578 416 1611 τῇ
440 1577 556 1612 μεγάλῃ,
572 1578 618 1603 καὶ
634 1577 673 1611 τῷ
690 1577 817 1612 βραχίονι
840 1577 922 1603 αὐτοῦ
937 1578 975 1612 τῷ

190 1620 284 1656 ὑψηλῷ
305 1621 392 1648 πάντα
407 1621 503 1652 ποιῶν,
515 1623 529 1648 ὁ
546 1622 632 1657 μέγας
646 1624 679 1657 τῇ
697 1622 777 1657 βουλῇ
800 1623 846 1649 καὶ
862 1623 975 1654 δυνατὸς

189 1667 245 1696 τοῖς
269 1665 369 1700 ἔργοις,
384 1667 398 1692 ὁ
418 1666 494 1697 εἰδὼς
517 1664 554 1693 ὦν
575 1667 670 1702 χρείαν
685 1667 793 1702 ἔχομεν,
816 1668 864 1694 καὶ
883 1668 929 1702 ἀφ’
946 1665 976 1694 οὗ

191 1711 412 1746 ἁποκρυϐἡσεται
437 1712 522 1742 οὐδὲν,
546 1709 623 1742 οὗτος
653 1712 700 1738 καὶ
725 1711 772 1738 νῦν
800 1711 839 1746 τῷ
866 1712 977 1746 Συμεὼν

185 1755 350 1789 παραδόξως
365 1755 468 1790 ὀφθείς·
487 1756 542 1790 Οὐχ
560 1755 625 1792 ὁρᾷς
640 1756 688 1791 τὴν
704 1757 864 1791 ὀλιγόψυχον
876 1757 978 1792 ταύτην

194 1802 295 1834 γενεὰν,
310 1801 373 1836 ἔφη,
387 1802 460 1832 ὅπως
473 1801 599 1832 ἀδύνατος
612 1803 702 1834 αὐτοῖς
717 1804 732 1836 ἡ
748 1802 865 1829 ἐνταῦθα
877 1802 977 1838 διατρι-

190 1846 235 1880 ϐὴ,
249 1848 285 1881 μὴ
294 1847 450 1889 προσόντωη
462 1847 516 1874 τῶν
531 1848 600 1874 κατὰ
614 1849 725 1883 χρείαν;
745 1849 824 1876 Ἀλλὰ
835 1849 900 1885 παρ’
910 1850 976 1884 ἐμοῦ

190 1892 276 1918 ταῦτα
292 1893 338 1918 καὶ
359 1893 434 1919 αὐτοὶ
447 1893 615 1928 κομιοῦνται,
630 1894 676 1920 καὶ
692 1895 723 1921 οὺ
736 1895 905 1929 πραγμάτων
919 1896 977 1921 δια-

186 1937 282 1971 μενεῖς
294 1937 441 1972 ἐλεύθερος.

224 2067 278 2100 Lf.
298 2067 405 2092 Τούτων
426 2067 545 2098 ἀκούσας
568 2068 705 2103 μακαρίας
729 2068 814 2103 ἀκοῆς
832 2070 940 2105 ἐκείνης
961 2071 976 2098 ό

189 2110 310 2144 Συμεὼν,
326 2111 375 2146 ὁρᾷ
387 2111 467 2137 οἱονεὶ
483 2120 508 2137 τι
527 2112 624 2147 μέτρον
638 2113 786 2147 κατέχοντα
802 2115 976 2149 χερσὶνἈγ-

188 2155 276 2188 γελον,
293 2156 338 2182 καὶ
355 2155 389 2181 τὰ
407 2155 453 2181 τοῦ
468 2157 648 2192 μοναστηρίου
666 2158 712 2184 καὶ
728 2158 781 2184 τῶν
796 2159 824 2184 ὲν
841 2159 915 2194 αὐτῷ
930 2168 976 2186 αε-

188 2199 311 2234 6ασμίων
323 2201 394 2226 ναῶν
408 2200 619 2236 διαχαράττοντα
633 2202 703 2238 ἴχνη,
717 2203 831 2238 νεφέλην
844 2213 873 2229 τε
887 2205 974 2238 φωτὸς

187 2245 247 2270 ὅλον
264 2244 294 2270 τὸ
311 2245 466 2280 Θαυμαστὸν
480 2246 640 2280 καλύψασαν
653 2247 726 2280 δρος,
743 2248 788 2274 καὶ
803 2248 833 2274 τὸ
845 2249 891 2275 τοῦ
905 2249 972 2276 Θεοῦ

188 2290 298 2325 Πνεῦμα
310 2292 338 2317 ὲν
353 2291 506 2326 ὁμοιώματι
525 2293 615 2327 χειρὸς
626 2293 659 2319 τὰ
682 2294 734 2319 ὑπὸ
751 2296 783 2329 τῇ
801 2295 900 2330 νεφέλῃ
915 2295 970 2321 δει-
988 2284 1011 2313 θ

187 2335 267 2362 κνύον
277 2344 284 2350 ·
298 2336 345 2362 καὶ
357 2337 398 2362 ὅτι
411 2337 503 2366 Ταῦτα
517 2338 593 2364 ἔσται
611 2346 652 2364 σοι
669 2339 767 2370 πάντα,
783 2340 860 2374 λέγον
875 2340 950 2376 αὐτῷ
963 2362 970 2374 ,

187 2382 227 2412 εἰς
247 2382 395 2417 ὑπουργίαν
410 2382 463 2408 τῶν
477 2383 540 2418 τῇδε
555 2384 640 2410 οἰκεῖν
662 2393 691 2410 τε
713 2385 762 2411 καὶ
781 2387 971 2418 ἐπιξενοῦσθαι

188 2426 346 2460 μελλόντων.
361 2427 513 2460 Μεγαλυνῶ
525 2428 579 2463 γὰρ
591 2429 637 2455 ἐπὶ
650 2429 713 2464 ἔθνη
731 2431 776 2456 καὶ
793 2431 912 2464 βασιλεῖς
924 2433 971 2459 καὶ

188 2472 352 2506 μεγιστᾶνας
380 2473 412 2499 τὺ
436 2473 521 2508 ἤνομά
549 2483 606 2506 σου,
627 2475 674 2501 καί
688 2484 734 2502 σου
757 2477 859 2503 τούτων
879 2478 971 2505 πολλοὶ

185 2516 361 2552 δεηθήσονται
373 2525 381 2532 ο
396 2516 456 2544 εἶτα
471 2519 517 2545 καὶ
533 2519 616 2546 πολλὰ
634 2521 722 2556 πλήθη
735 2521 870 2556 διαφόρων
886 2523 970 2549 ἐθνῶν

186 2563 261 2597 αὐτῷ
293 2563 446 2595 ὑπεδείκνυ,
466 2565 634 2599 πανταχόθεν
657 2567 697 2597 είς
728 2567 808 2593 αὑτὸν
834 2570 968 2595 συνιόντα.

186 2609 295 2639 Τούτοις
309 2608 526 2644 πληροφορηθεὶς
541 2610 591 2645 τὴν
605 2611 719 2646 καρδίαν
731 2613 744 2638 ό
761 2613 882 2647 Συμεὼν,
896 2615 970 2641 εὐδο-

187 2654 247 2680 κὶαν
269 2652 336 2680 εἶναι
363 2654 430 2681 Θεοῦ
447 2655 576 2689 συστῆναι
597 2657 661 2691 περὶ
679 2658 760 2684 αὐτὸν
779 2661 967 2695 μοναστήριον,

187 2699 233 2725 καὶ
251 2699 349 2730 ίκανῶς
375 2700 422 2726 ἐπὶ
439 2700 521 2726 πᾶσιν
540 2701 750 2737 εὐχαριστήσας,
766 2703 899 2739 ἐπέτρεψε
916 2707 971 2738 τοῖς

188 2744 320 2779 μαθηταῖς
334 2745 414 2772 πάλιν
433 2742 511 2777 οὗτος
526 2747 596 2773 κατὰ
614 2749 660 2774 τὸν
683 2748 875 2785 ὑποδειχϐἐντα
893 2753 973 2779 τόπον

186 2789 266 2816 τοῦτο
281 2789 452 2826 διαχαράξαι.

222 2876 272 2908 κδ’.
290 2877 344 2902 Καὶ
359 2877 388 2902 τὺ
409 2878 458 2912 μὲν
480 2879 550 2906 κατὰ
568 2879 616 2915 τὴν
637 2881 734 2917 ἐκείνῳ
757 2885 887 2916 φανεῖσαν
911 2884 972 2919 balatu

1026 1033 1103 1060 locus
1129 1037 1188 1059 erat
1216 1031 1342 1058 desertus
1376 1031 1562 1064 incultusque,
1596 1038 1650 1057 non
1668 1031 1702 1057 ab
1726 1039 1808 1065 aqua,

1025 1082 1109 1109 tecto,
1127 1078 1214 1104 aliave
1227 1085 1255 1104 re
1280 1077 1313 1103 ad
1339 1076 1422 1103 vitam
1449 1076 1606 1102 necessaria
1636 1076 1807 1109 instructius;

1025 1123 1202 1157 tuguriolum,
1216 1121 1297 1156 idque
1311 1121 1434 1152 unicum,
1449 1121 1577 1152 habebat,
1591 1120 1662 1154 quod
1679 1120 1808 1155 discipuli

1025 1167 1078 1194 sibi
1108 1166 1242 1201 refugium
1279 1174 1334 1193 non
1369 1166 1490 1199 amplum
1520 1170 1807 1200 coagmentaverant:

1025 1212 1142 1247 Symeon
1160 1211 1272 1246 quippe,
1283 1215 1312 1237 ut
1326 1218 1407 1244 supra
1423 1210 1610 1241 meminimus,
1627 1210 1653 1236 in
1670 1214 1749 1244 petra
1759 1217 1809 1237 Sua

1028 1258 1078 1284 sub
1095 1257 1141 1284 dio
1158 1262 1233 1284 stans
1251 1256 1429 1291 perennabat,
1458 1255 1579 1290 pellicem
1603 1256 1710 1282 melota:
1732 1255 1812 1282 invo-

1025 1303 1109 1330 lutus.
1124 1303 1221 1329 Postea
1238 1308 1304 1328 vero
1330 1309 1392 1327 cum
1421 1300 1495 1327 omni
1521 1308 1554 1327 ex
1579 1305 1656 1334 parte
1680 1300 1810 1334 frequens

1027 1347 1106 1374 turba
1120 1347 1242 1382 quotidie
1258 1347 1291 1373 ad
1311 1347 1402 1380 ipsqu
1417 1345 1570 1373 conﬂueret
1582 1347 1737 1378 hominum,
1752 1351 1808 1374 tum

1022 1391 1394 1426 amalignisspiritibus,tum
1406 1391 1441 1417 ab
1455 1390 1545 1417 otnnis
1567 1391 1678 1425 generis
1703 1391 1809 1418 morbis

1027 1444 1059 1464 ac
1070 1437 1222 1467 doloribus.
1234 1443 1436 1472 corrcptorum,
1449 1437 1619 1471 miserosque
1629 1437 1689 1471 illos
1700 1437 1811 1471 excipe-

1027 1486 1069 1507 rct
1085 1486 1138 1507 tam
1182 1481 1338 1509 inamabilis
1349 1489 1470 1513 eremus,
1484 1489 1577 1507 rerum
1597 1482 1812 1509 necessariarum

1027 1527 1153 1561 penuria,
1169 1527 1294 1553 delectus
1306 1534 1383 1560 aqua:
1400 1534 1432 1553 ac
1448 1526 1582 1553 domicilii
1595 1535 1602 1556 ς
1616 1527 1770 1559 communis
1781 1534 1813 1554 ac

1028 1572 1178 1599 benevolus
1189 1572 1312 1598 omnium
1329 1571 1455 1602 Creator,
1468 1572 1547 1598 Pater
1572 1576 1654 1606 atque
1670 1571 1812 1604 Dominus,

1028 1617 1075 1651 qui
1090 1617 1212 1651 potentia
1229 1624 1276 1642 sua
1293 1616 1427 1642 immensa
1437 1621 1465 1642 et
1481 1615 1594 1643 brachio
1618 1617 1728 1643 sublimi
1755 1624 1814 1644 mo-

1029 1662 1142 1688 deratur
1154 1661 1293 1691 universa,
1315 1668 1430 1696 magnus
1462 1661 1507 1688 ille
1531 1662 1648 1688 consilio
1670 1666 1698 1688 et
1714 1667 1815 1696 potem

1029 1713 1124 1741 opere,
1136 1706 1182 1740 qui
1198 1714 1253 1732 non
1271 1706 1388 1741 ignorat,
1407 1706 1508 1740 quibus
1519 1714 1569 1733 nos
1595 1707 1754 1734 homunculi
1770 1707 1814 1734 in-

1028 1751 1181 1786 digeamus,
1198 1751 1299 1784 quique
1313 1751 1382 1777 nihil
1400 1751 1526 1785 ignorare
1545 1757 1654 1786 potest;
1684 1753 1732 1779 ille
1756 1753 1815 1787 ipse

1028 1795 1074 1822 bic
1093 1803 1203 1829 quoque
1222 1795 1349 1830 Symeoni
1366 1803 1521 1830 apparens:
1542 1797 1637 1823 Nonne
1659 1797 1747 1829 vides,
1771 1798 1815 1824 in-

1028 1841 1098 1875 quit,
1116 1849 1197 1874 quatn
1212 1841 1331 1874 pendeat
1348 1841 1449 1868 animis
1468 1841 1526 1869 ltzec
1537 1842 1617 1869 turba
1628 1842 1728 1877 ?quam
1744 1851 1814 1877 τρεΓο

1028 1887 1073 1914 hic
1086 1887 1186 1913 morari
1199 1887 1321 1921 possint,
1336 1887 1529 1916 deﬁcientibus
1542 1889 1681 1921 onmibus,
1698 1897 1759 1924 qute
1777 1891 1811 1917 ad

1028 1931 1090 1958 vita:
1102 1939 1180 1958 usum
1198 1932 1319 1958 faciunt?
1334 1931 1434 1959 Verum
1460 1932 1555 1960 istbaec
1573 1934 1628 1968 jam
1647 1941 1662 1960 a
1684 1942 1727 1961 me
1749 1935 1815 1969 ipsis

1027 1976 1293 2012 suppeditabuntur;
1311 1981 1339 2003 et
1359 1983 1388 2004 tu
1413 1977 1495 2006 deses
1516 1987 1681 2013 permanens
1702 1989 1754 2008 mat
1767 1990 1814 2009 um

1027 2023 1103 2058 operi
1117 2030 1172 2049 non
1191 2022 1361 2049 admorebis.

1061 2069 1105 2096 95.
1124 2069 1207 2096 Beata
1221 2068 1266 2095 illa
1278 2075 1345 2094 voce
1356 2067 1484 2102 dignatus
1495 2069 1623 2105 Symeon,
1639 2071 1815 2106 conspicatur

1027 2114 1104 2149 quasi
1120 2113 1245 2148 angelum
1263 2121 1399 2140 mensurae
1414 2114 1544 2148 quiddam
1568 2116 1696 2143 manibus
1710 2122 1814 2150 tenere,

1026 2163 1054 2186 et
1083 2158 1243 2186 monasterii
1269 2163 1505 2193 augustorumque
1533 2161 1696 2194 templorum
1728 2162 1735 2188 i
1780 2171 1815 2190 (ο

1026 2205 1222 2233 struendorum
1239 2205 1378 2232 delineare
1397 2205 1528 2240 vestigia;
1552 2206 1728 2241 conspicatur
1748 2216 1811 2243 quo

1025 2259 1079 2286 que
1102 2251 1203 2278 nubem
1218 2251 1349 2283 lucidam,
1368 2259 1428 2285 qua:
1453 2255 1574 2278 montem
1591 2256 1678 2279 totum
1700 2254 1814 2281 mirabi-

1025 2297 1079 2323 lem
1092 2296 1210 2331 tegebat,
1225 2303 1332 2324 necnon
1346 2295 1479 2330 Spiritum
1491 2297 1538 2323 Dei
1562 2297 1589 2323 in
1605 2297 1690 2324 forma
1707 2307 1813 2332 manus,

1025 2349 1057 2369 ea
1073 2350 1134 2376 qua:
1147 2341 1199 2368 sub
1211 2340 1284 2367 nube
1295 2345 1375 2367 erant
1389 2340 1590 2374 ostendentem,
1607 2343 1812 2378 dicentemque:

1026 2387 1089 2414 Hmc
1103 2387 1195 2414 omnia
1217 2386 1265 2413 tibi
1289 2390 1372 2412 erunt
1388 2386 1416 2413 in
1444 2386 1598 2413 subsidium
1618 2387 1740 2420 illorum,
1766 2391 1813 2424 qui

1026 2432 1223 2460 commoraturi
1236 2433 1281 2459 hic
1299 2436 1346 2458 aut
1363 2432 1526 2466 bospitaturi
1537 2437 1602 2460 sunt
1614 2442 1622 2465 ;
1635 2434 1814 2469 magniﬁcabo

1024 2479 1126 2513 quippe
1143 2486 1243 2506 nomen
1258 2482 1335 2505 tuum
1350 2478 1422 2512 apud
1437 2483 1533 2513 gentes
1544 2483 1572 2505 et
1595 2487 1674 2514 reges
1692 2487 1720 2507 et
1741 2488 1786 2515 opt
1798 2497 1813 2504 -

1026 2527 1129 2556 mates;
1144 2527 1172 2550 et
1184 2523 1261 2560 multi
1279 2523 1377 2550 horum
1392 2523 1585 2558 supplicabunt
1601 2524 1661 2551 tibi.
1678 2525 1742 2554 Post
1755 2515 1827 2556 bare.

1024 2569 1197 2596 diversorum
1232 2569 1396 2603 populorum
1435 2569 1639 2598 multitudinem
1673 2571 1810 2607 ingentem

1025 2614 1205 2647 monstrabat,
1218 2614 1339 2649 undique
1357 2614 1391 2641 ad
1405 2614 1495 2648 ipsum
1512 2620 1716 2649 properantem.
1730 2616 1811 2647 Hisce

1024 2660 1137 2687 omnino
1162 2667 1311 2694 persuasus
1341 2659 1470 2695 Symeon,
1499 2660 1629 2695 placitum
1657 2662 1713 2689 Deo
1739 2671 1810 2695 esse.

1025 2708 1055 2731 ut
1068 2704 1267 2731 monasterium
1285 2705 1357 2732 circa
1371 2705 1461 2739 ipsum
1480 2709 1705 2734 construeretur:
1723 2709 1811 2735 maxi-

1023 2751 1076 2779 mis
1090 2751 1129 2779 illi
1149 2752 1244 2788 gratiis
1267 2753 1426 2788 persolutis,
1443 2754 1581 2782 commisit
1604 2755 1749 2790 discipulis
1765 2764 1813 2784 cu-

1023 2804 1079 2823 ram
1092 2797 1250 2832 illiusjuxta
1264 2799 1404 2826 ostensam
1416 2799 1530 2827 formam
1541 2800 1704 2836 designandi
1717 2809 1723 2833 ;
1735 2801 1810 2837 juxta

1021 2849 1100 2876 quam
1116 2847 1144 2870 et
1160 2843 1280 2877 positum
1295 2847 1347 2872 est.

1057 2888 1100 2914 9t.
1128 2889 1200 2916 Deus
1230 2889 1353 2923 interea,
1379 2891 1425 2925 qui
1457 2899 1486 2918 se
1511 2888 1817 2927 SymeonireVOlﬂVel'itt
