2138 3262
207 232 275 264 5089

695 237 782 267 νιΤΑ
800 237 824 267 Α
843 239 1060 271 NICEPHORO
1076 242 1318 273 CONSCRIPTA.

1755 248 1825 279 309i)

204 288 248 314 διὰ
263 288 395 324 στόματος
412 288 506 324 ἔχοντα
523 287 603 326 εὗρεν
635 291 778 327 ίλαστὴρια
803 294 871 328 πρὸς
892 294 986 331 Θεὸνή
1004 299 1024 326 Α
1040 306 1048 323 ι

980 299 986 331 1
1004 299 1024 326 Α
1040 299 1116 324 vultu
1130 299 1305 332 spectandam
1323 305 1352 325 se
1370 296 1423 332 ipsi
1436 299 1546 332 obtulit,
1559 306 1587 328 et
1599 302 1682 329 verba
1695 303 1750 329 uris
1765 304 1824 338 ejus

206 334 294 360 ἱκεσία
304 355 311 368 ,
332 335 417 361 ταῦτα
430 335 599 362 ἐντείλασθαι
611 336 648 370 τῷ
664 337 719 372 λαῷ
733 337 785 372 ἔφη
797 339 987 373 λιτανεύοντας

205 377 280 414 ᾆσαι,
296 381 342 407 καὶ
354 381 503 415 στήσασθαι
520 382 570 416 τὴν
586 383 712 418 ἀπειλήν.
734 384 763 411 '0
778 385 828 420 μὲν
852 384 898 413 οὗν
916 386 987 414 κατὰ

204 425 253 457 τὰς
267 426 342 458 θείας
359 426 508 460 ὑποθήκας,
524 428 620 464 καινὴν
644 429 715 464 ᾠδὴν
734 429 780 456 ἐπὶ
801 431 898 464 λέξεως
914 432 989 467 ᾄδειν

204 472 342 498 ἐδίδασκεν
356 472 495 507 ἐμμελῶς,
508 473 552 500 ἵνα
564 475 597 509 τῇ
612 475 714 502 τούτων
731 477 826 512 μνήμῃ
840 478 886 504 καὶ
901 477 987 511 γλῶτ-

204 525 254 543 ταν
269 517 446 552 ἁγιασθῶμεν
462 527 468 534 ’
491 518 535 550 Ὠς
549 520 594 546 ἐπὶ
623 521 745 552 Μωσέως
775 521 986 558 δυσωπούμενος

204 562 315 597 utian;
331 562 345 588 ό
360 563 426 594 Θεὸς
440 563 487 590 τοῦ
508 563 545 599 μὴ
573 565 717 600 συντρῖψαι
742 566 787 593 τὸν
807 567 924 603 Ἰσραὴλ,
937 569 986 596 καὶ

206 607 266 639 νῦν,
282 608 378 643 Κύριε,
392 609 497 637 παῦσον
519 612 760 647 παρακαλούμενος
775 614 823 648 τὴν
837 615 920 650 ὀργὴν
933 616 986 642 ἀπὸ

203 652 250 679 τοῦ
265 653 329 680 λαοῦ
344 662 402 688 σου,
416 655 590 692 συγχώρησιν
607 658 770 693 ποιούμενος
788 660 842 686 τῶν
857 661 987 688 ποικίλων

203 698 283 733 ήμῶν
304 699 458 735 ἁμαρτιῶν,
474 701 511 733 ὼς
531 702 610 737 μόνος
632 704 826 740 ἀναμάρτητος
842 706 959 739 Χριστὸς
973 707 987 733 ὁ

1041 343 1204 370 invenerunt
1221 343 1336 378 gratiam
1353 351 1384 370 ac
1397 345 1620 379 propitiationcm
1638 347 1709 381 apud
1728 349 1822 376 Dirum.

1041 388 1103 415 Πίος
1121 388 1222 423 populo
1235 388 1465 423 supplicabuudo,
1487 390 1585 425 inquit,
1605 394 1738 420 cantanda
1757 403 1824 428 pra--

1041 433 1153 460 scribite
1169 433 1203 460 ad
1219 433 1400 461 inhibendum
1412 434 1559 470 ﬂagellum.
1579 437 1656 465 Fecit
1673 446 1737 473 ergo
1750 440 1823 474 quod

1040 483 1214 514 suggesserat
1236 479 1316 512 Deus,
1334 486 1553 517 convocatosque
1573 483 1738 518 discipulus.
1770 486 1824 514 illic

1039 523 1211 556 oberrantes,
1230 532 1330 551 novum
1348 525 1446 554 edocet
1471 528 1626 559 canticum.
1653 535 1706 557 tam
1726 533 1824 566 exqui-

1038 567 1122 595 situm
1146 568 1377 604 concinnumque,
1405 575 1435 597 ut
1450 571 1611 600 recitatione
1628 574 1702 601 illius
1721 584 1823 602 caneth

1038 614 1104 641 tium
1132 614 1232 649 lingua:
1249 615 1478 650 sanctificentnr;
1496 619 1570 653 quod
1585 624 1627 646 est
1643 620 1797 655 hujusmodi
1817 631 1822 648 :

1038 659 1274 692 Quemadmodum
1294 666 1416 696 tempore
1432 663 1532 699 Moysis
1553 665 1681 699 precibus
1702 667 1825 701 placatus

1038 712 1093 731 non
1116 705 1270 732 sustinuisti
1302 708 1407 735 conteri
1426 708 1519 741 lsrael,
1544 710 1580 737 ita
1607 719 1682 738 nunc
1704 720 1824 747 quoque,

202 743 278 776 Θεὸς,
297 745 366 771 κατὰ
384 746 414 771 τὸ
428 747 499 781 μέγα
515 756 562 774 σου
574 748 658 780 ἔλεος,
674 749 737 782 δόξα
755 758 806 778 σοι.
823 751 878 778 Καὶ
893 752 918 777 οί
934 752 984 785 μὲν
1032 749 1046 776 Ῑ

979 760 984 776 ι
1032 749 1158 782 Domine,
1173 756 1302 779 exoratus
1320 752 1414 781 desine
1429 762 1591 783 succensere
1606 757 1708 792 populo
1727 763 1783 790 tuo,
1797 763 1823 786 et

202 788 310 815 ιηοίουν
323 790 354 815 τὸ
365 790 518 818 κελευσθέν·
536 793 561 818 οἱ
575 793 603 819 δὲ
620 794 709 821 στύλοι
726 795 774 829 τῆς
784 797 836 831 γῆς
860 795 894 831 (6
906 796 983 830 Θεὸς,

201 831 243 863 τίς
253 832 336 864 ἀξίως
358 834 454 870 ᾄσεται
475 835 509 862 τὰ
531 836 592 872 ὲλέη
608 846 654 864 σου
668 838 688 874 !)
710 838 791 871 εὐθὺς
807 840 983 876 ἐστερέωντο,

203 877 251 903 καὶ
265 878 279 904 6
296 879 407 914 σεισμὸς
418 880 538 916 ἀκριϐῶς
551 883 685 911 πέπαυτο.

1034 795 1144 830 ignosce
1155 796 1282 829 plurimis
1296 799 1416 831 peccatis
1433 800 1553 831 nostris;
1580 806 1609 828 ut
1626 803 1686 834 tibi,
1705 803 1822 835 Christe,

1033 839 1080 874 qui
1105 839 1180 867 solus
1204 841 1307 874 peccati
1335 849 1433 876 expers
1453 851 1494 875 cs,
1519 845 1670 872 secundum
1700 854 1823 880 magnam

1035 885 1252 913 misericordiam
1267 890 1340 914 tuam
1363 888 1450 922 gloria
1466 889 1511 917 sit.
1529 890 1562 917 Et
1584 890 1729 926 discipulis
1747 899 1823 918 man-

203 923 296 973 datum
319 925 409 954 Patris
434 928 620 963 implentibus,
644 931 732 959 fulcra
768 936 848 960 terrae
875 933 960 969 (quis,
987 941 1004 961 ο
1024 933 1104 966 Deus,
1131 933 1213 968 digne
1241 934 1391 962 celebrabit
1424 935 1616 965 miserationes
1644 923 1704 965 tuas
1718 938 1740 973 ?)
1758 938 1825 965 soli-

202 970 265 1000 data
290 977 365 1007 sunt,
381 980 408 1002 et
425 979 516 1004 motus
541 985 575 1004 ex
598 979 736 1007 sententia
753 981 879 1008 cessavit.

918 1048 1031 1077 CAPUT
1051 1049 1110 1077 XIV

424 1101 516 1130 ‘Rudes
535 1102 608 1130 docet
623 1112 632 1131 :
648 1104 806 1133 vaticinatur
821 1105 924 1134 diversa
939 1114 1054 1134 :novam
1074 1107 1224 1135 columnam
1241 1111 1376 1135 consecrat
1392 1113 1416 1136 et
1437 1110 1596 1137 conscendit.

240 1164 283 1196 ρι’.
300 1162 333 1188 Ἀ
358 1162 407 1197 μὲν
422 1162 467 1205 οὖν
481 1164 530 1198 τῆς
545 1164 636 1199 κοινῆς
652 1166 799 1200 πρεσΰείας
821 1167 903 1195 αὑτοῦ
919 1169 985 1204 πρὸς
999 1170 1022 1198 Β
1076 1169 1084 1196 l

980 1170 1022 1200 ;B
1076 1168 1136 1196 uo.
1158 1168 1248 1203 Atque
1259 1168 1316 1196 haec
1331 1173 1406 1201 sunt,
1431 1177 1492 1204 qua
1506 1170 1552 1197 illo
1575 1170 1647 1205 apud
1669 1171 1755 1198 Deum
1784 1173 1824 1200 in-

201 1208 268 1236 Θιδν
280 1209 414 1237 ἀπέλαυον
431 1200 539 1245 ίαάντες,
552 1213 663 1240 τοιαῦτά
673 1215 746 1241 ἐστιν
756 1223 763 1230 ·
778 1216 792 1241 ὁ
804 1215 832 1242 δὲ
846 1216 925 1251 λόγος
939 1200 986 1243 καὶ

201 1255 270 1291 πρὸς
286 1255 320 1282 τὰ
335 1255 405 1282 κατὰ
428 1257 509 1291 μέρος
530 1256 608 1290 αὖθις
623 1261 723 1295 χωρεῖν
740 1260 888 1296 ἐπείγεται.
912 1263 985 1289 Ἔδει

200 1302 260 1332 ταῖς
277 1301 404 1335 κεφαλίσι
425 1302 480 1328 τῶν
507 1303 604 1330 κιόνων
628 1304 742 1340 γλυφῆς,
757 1303 798 1339 οἷς
813 1308 827 1334 ὁ
847 1308 916 1335 κατὰ
935 1309 985 1344 τὴν

201 1346 285 1382 μονὴν
299 1346 343 1373 ἐπ’
357 1346 472 1382 ὀνόματι
487 1348 536 1383 τῆς
553 1349 670 1384 ἀρχικῆς
681 1351 728 1377 καὶ
743 1351 885 1388 βασιλικῆς
899 1353 984 1389 Τριά-

199 1391 244 1422 δος
257 1391 320 1423 ναὸς
335 1392 482 1428 ἐγήγερται
492 1401 499 1408 ·
512 1393 625 1428 ἀδελφὸς
639 1394 669 1422 δέ
680 1404 731 1429 τις,
743 1396 826 1431 δνομα
846 1398 983 1434 Ἰωάννης,

199 1437 391 1472 πνευματικῶν
402 1437 452 1472 μὲν
467 1438 576 1473 τρόπων
589 1442 831 1477 μεταποιούμενος,
842 1444 889 1470 καὶ
903 1444 983 1479 λόγου

200 1482 380 1517 μετειληφὼς,
398 1483 556 1520 λιθουργίας
577 1484 607 1512 δὲ
625 1487 799 1515 παντάπασιν
822 1489 984 1525 ἀνασκήτως

199 1527 279 1563 ἔχων,
293 1527 433 1564 θαρρήσας
447 1530 479 1564 τῇ
495 1537 524 1555 τε
540 1530 627 1566 οἰκείᾳ
645 1531 713 1566 πρὸς
725 1531 771 1559 τὸν
790 1533 867 1567 ἅγιον
882 1534 982 1568 πίστει,

197 1573 231 1608 τῇ
244 1580 274 1599 τε
289 1573 352 1607 περὶ
363 1573 407 1605 τὰς
426 1574 534 1606 ἐντολὰς
549 1576 630 1602 αὑτοῦ
647 1576 747 1613 θέρμῃ,
762 1578 809 1604 καὶ
822 1581 882 1611 ταῖς
900 1580 984 1614 ὑπερ-

198 1616 295 1651 φυέσιν
309 1617 412 1644 ἐκείνου
426 1618 474 1645 καὶ
489 1618 631 1654 μεγίσταις
642 1621 892 1658 θαυματουργίαις·
907 1625 984 1651 Ἐπί-

197 1662 254 1694 θες,
272 1662 372 1698 Πάτερ,
390 1663 468 1698 φησι,
497 1666 529 1700 τῇ
557 1666 655 1701 καρδίᾳ
684 1675 736 1702 μου
762 1667 811 1704 τὴν
837 1669 918 1703 ἁγίαν
936 1679 982 1697 σου

197 1708 286 1742 χεῖρα,
301 1708 348 1735 καὶ
363 1707 483 1744 ἄρξομαι
508 1710 683 1745 διαγλύφειν·
704 1712 743 1745 ὡς
771 1713 805 1740 ἂν
829 1715 867 1750 τῷ
892 1716 921 1742 ὲν
941 1717 983 1743 σοὶ

197 1752 262 1788 θείῳ
276 1753 414 1788 Πνεύματι
431 1754 478 1782 τὸν
491 1754 554 1782 νοῦν
567 1757 731 1792 τυπωθείην.
747 1759 801 1786 Τοῦ
816 1760 844 1786 δὲ
864 1762 982 1796 σπουδῆς

196 1798 265 1833 ὁμοῦ
289 1799 335 1826 καὶ
358 1799 499 1835 ὑποταγῆς
527 1802 630 1836 μισθῶν
658 1803 728 1830 οὕτω
751 1805 876 1840 μεγάλων
899 1807 982 1835 αὑτὸν

196 1844 382 1880 ἀποστερῆσαι
403 1845 441 1880 μὴ
463 1845 637 1882 βουλομένου,
653 1848 721 1876 ἀλλὰ
792 1838 841 1878 τοῦ
862 1852 981 1888 μαθητοῦ
996 1838 1017 1866 c

197 1889 290 1924 στήθει
303 1889 441 1922 ἐπιθέντος
449 1891 499 1926 τὴν
509 1892 600 1927 χεῖρα,
611 1895 669 1927 καὶ,
680 1895 787 1928 Σοφίσει
797 1905 836 1929 σε,
847 1898 953 1931 τέκνον,
968 1899 983 1925 ὁ

195 1933 262 1966 Θεδς
281 1936 313 1970 τῇ
329 1935 517 1973 λιθογλυφικῇ,
543 1938 699 1973 φήσαντος⁹
718 1941 857 1976 ἁψάμενος
879 1945 982 1977 ἐκεῖνος

196 1978 288 2015 ἔργου,
311 1980 436 2017 δεύτερος
459 1981 537 2017 ὤφθη
578 1983 717 2020 Βεσελιὴλ,
739 1986 799 2014 οὐδὲ
832 1988 912 2024 ὀλίγα
933 1990 980 2017 τοῦ

196 2024 305 2061 πρώτου
321 2026 371 2062 τὴν
388 2027 485 2061 σοφίαν
498 2028 670 2064 λειπόμενος.

230 2111 292 2148 μα’.
317 2113 392 2139 Ἐπεὶ
407 2113 434 2140 δὲ
452 2114 502 2149 ήδη
517 2115 563 2142 καὶ
575 2116 590 2141 ὁ
601 2116 695 2152 καιρὸς
706 2118 856 2156 ἐνειστήκει
872 2120 922 2156 τῆς
933 2122 980 2148 τοῦ

195 2157 298 2184 τοιοῦδε
314 2158 437 2193 μαθητοῦ
453 2158 585 2195 ἐκδημίας
607 2161 623 2197 ἢ
644 2162 810 2197 ἀναλύσεως,
834 2164 849 2200 ἦ
865 2166 934 2200 πρὸς
948 2167 982 2193 τὰ

195 2203 351 2238 ποθούμενα
365 2204 498 2239 κλήσεως,
515 2206 594 2234 τοῦτο
619 2208 694 2244 παρὰ
706 2209 773 2236 Θεοῦ
789 2211 921 2247 γεγένητο
933 2213 981 2249 δῆ-

193 2248 238 2276 λον
254 2249 292 2284 τῷ
305 2250 427 2285 Συμεών·
438 2253 471 2287 τῇ
486 2252 594 2288 συνήθει
608 2254 745 2282 κάνταῦθα
759 2257 900 2294 παρρησία
913 2248 982 2294 χρη-

195 2295 321 2330 σάμενος,
335 2297 359 2322 εί
371 2297 403 2332 τῇ
418 2296 502 2333 βίϐλῳ
512 2298 560 2334 τῆς
576 2299 648 2335 ζωῆς
659 2300 821 2337 ὲγγραφείη,
835 2306 981 2338 μυστικαῖς

194 2340 278 2366 ἐδεῖτο
292 2341 389 2374 μαθεῖν
403 2342 496 2377 εὐχαῖς
508 2352 537 2369 τε
553 2345 600 2370 καὶ⁸
617 2346 747 2380 ὁμιλίαις.
780 2347 823 2379 Ὦς
836 2348 865 2375 δὲ
877 2349 908 2375 οὐ
923 2350 981 2377 τοῦ·

193 2392 238 2411 Ιιον
261 2385 328 2420 αὐτῇ
350 2386 441 2420 μόνον,
465 2387 534 2414 ἀλλὰ
550 2389 597 2416 καὶ
616 2391 679 2422 τοὺς
693 2391 802 2425 λοιποὺς
821 2394 876 2421 τῶν
897 2395 980 2423 αὑτοῦ

195 2428 335 2475 μαθητῶν,
353 2431 410 2457 ὅσοι
427 2439 456 2458 τε
486 2434 726 2470 προεκδημήσειαν
740 2437 912 2474 ἐγγραφῆναι
930 2440 978 2475 μά-

193 2473 244 2506 θοι,
256 2475 313 2501 ὅσοι
326 2483 354 2501 τε
369 2477 438 2511 μετὰ
449 2477 534 2505 ταῦτα
543 2479 746 2516 ὲκδημήσουσιν
758 2473 979 2521 ἐγγραφήσεσθαι

195 2521 241 2546 καὶ
257 2521 363 2553 αὐτοὺς,
386 2522 451 2556 γόνυ
469 2523 508 2559 τῷ
526 2525 649 2560 κρυφίως
665 2526 790 2555 λαλοῦντι
809 2530 912 2564 κλίνας,
931 2534 979 2560 καὶ

192 2565 226 2614 τα
239 2566 554 2614 είκόταγεὺγαριστήσας,
565 2571 635 2605 μετὰ
648 2573 712 2604 τοὺς
727 2573 854 2608 ἑωθινοὺς
870 2577 978 2614 ἐκείνης

193 2610 244 2645 τῆς
263 2613 359 2645 νυκτὸς
374 2613 485 2648 ὕμνους,
501 2613 534 2651 ἧς
550 2617 636 2653 δῶρον
650 2619 666 2654 ή
681 2620 805 2654 παροῦσα
827 2621 904 2657 ὄψις,

192 2658 253 2689 ταῖς
265 2658 374 2685 πάντων
388 2660 483 2693 ἀκοαῖς
501 2662 555 2696 (ἵνα
570 2664 617 2690 καὶ
631 2665 715 2692 πᾶσιν
730 2666 812 2694 οἱονεί
826 2676 852 2694 τι
865 2669 978 2704 κέντρον

192 2701 243 2736 τῆς
258 2702 305 2729 τοῦ
325 2703 441 2731 θανάτου
470 2707 581 2742 μνήμης
599 2709 717 2747 ἐμϐάλῃ,
738 2713 784 2739 καὶ
801 2712 912 2746 τούτους
931 2701 977 2742 ἐπὶ

193 2747 275 2796 alio?
295 2749 371 2796 ,πρὸς
389 2750 558 2796 ’ἑτοιμασίαν
588 2754 637 2790 τῆς
665 2755 755 2788 ἐξόδου
786 2757 975 2796 διαναστήσῃ),

199 2792 318 2828 ’Δδελφὲ,
334 2794 411 2829 φησὶ,
431 2794 567 2834 Ἰωάννης,
585 2801 680 2836 εἰρήνη
704 2811 756 2836 σοι,
783 2792 975 2838 μετακαλεῖταί

1036 1212 1193 1241 tercedente
1220 1213 1374 1248 promiscue
1391 1221 1486 1242 omnes
1502 1216 1641 1243 consecuti
1655 1221 1727 1244 sunt.
1745 1217 1825 1244 Nunc

1035 1265 1128 1288 autem
1142 1259 1175 1287 ad
1191 1266 1233 1292 ea,
1249 1267 1310 1296 quae
1324 1259 1440 1294 singulis
1459 1260 1486 1287 in
1511 1262 1672 1296 particulari
1700 1263 1822 1298 praestita

1035 1309 1108 1337 sunt,
1124 1305 1216 1332 redire
1229 1304 1339 1332 festinat
1353 1305 1452 1332 oratio.
1465 1304 1608 1340 Capitellis
1621 1307 1820 1340 columnarum,

1034 1350 1112 1385 queis
1125 1350 1284 1378 monasterii
1301 1350 1444 1385 templum,
1459 1351 1637 1379 sanctissima:
1648 1352 1763 1380 Triados
1774 1362 1822 1380 no-

1035 1396 1107 1423 mine
1128 1396 1294 1428 dedicatum,
1310 1397 1524 1429 sustentabatur,
1546 1398 1693 1433 sculptura:
1708 1403 1822 1426 ornatus

1033 1441 1124 1469 adhuc
1143 1441 1262 1469 deerat:
1284 1449 1347 1469 cum
1367 1441 1453 1469 frater
1473 1442 1610 1477 quispiam
1633 1442 1753 1470 Ioannes
1769 1451 1821 1470 no-

1034 1487 1118 1519 mine,
1147 1490 1203 1514 tam
1221 1486 1342 1521 lapidum
1361 1487 1553 1514 ctedendorum
1581 1487 1667 1517 rudis,
1683 1495 1766 1522 quam
1793 1487 1821 1514 in

1033 1531 1116 1559 rebus
1125 1531 1317 1566 spiritualibus
1328 1537 1463 1564 versatus,
1474 1533 1661 1567 orationisque
1670 1532 1820 1564 studiosus,

1034 1577 1099 1603 lisus
1111 1580 1202 1603 tamen
1213 1581 1241 1604 et
1255 1584 1304 1604 sua
1318 1577 1346 1604 in
1359 1581 1483 1604 sanctum
1502 1577 1565 1608 lide,
1581 1582 1610 1604 et
1622 1582 1820 1612 praeceptorum

1033 1621 1092 1657 ejus
1106 1620 1336 1656 perﬁciendorum
1354 1621 1506 1655 alacritate,
1522 1627 1550 1649 et
1565 1623 1822 1657 supernaturalihus

1032 1667 1157 1702 ejusdem
1186 1666 1393 1701 operationibus
1418 1667 1572 1702 :lmpone,
1597 1668 1697 1703 inquit,
1725 1668 1821 1700 Pater,

1032 1713 1137 1748 pectori
1161 1720 1222 1740 meo
1246 1720 1349 1740 sacram
1374 1720 1484 1740 manum
1511 1717 1598 1746 tuam,
1625 1717 1654 1741 et
1673 1714 1822 1752 sculptura:

1033 1758 1141 1786 initium
1154 1759 1235 1790 dabo,
1249 1767 1314 1793 quo,
1330 1766 1379 1793 per
1394 1763 1519 1786 sanctum
1534 1759 1581 1794 qui
1597 1760 1625 1787 in
1643 1764 1668 1788 te
1680 1765 1722 1788 est
1734 1760 1821 1795 Spiri-

1033 1807 1100 1835 tum,
1117 1811 1177 1838 quaa
1193 1807 1284 1830 mente
1298 1803 1424 1838 concepi,
1440 1811 1523 1839 opere
1537 1804 1664 1843 efﬁgiem.
1682 1803 1731 1832 ille
1756 1814 1821 1832 vero

1033 1856 1095 1876 cum
1116 1849 1202 1876 nollet
1227 1853 1308 1876 tanta:
1323 1849 1472 1884 diligentiae
1494 1849 1728 1884 subjectionisque
1751 1857 1822 1877 mer-

1032 1894 1098 1922 cede
1109 1894 1275 1929 discipulum
1289 1895 1407 1929 privare,
1421 1894 1551 1929 imposuit
1563 1894 1686 1929 cupienti
1698 1903 1819 1927 manum,

1032 1943 1073 1966 et:
1090 1939 1209 1966 lnstruet
1224 1943 1249 1966 te
1260 1939 1343 1971 Deus,
1356 1938 1456 1974 inquit,
1469 1938 1506 1966 [ili
1519 1938 1566 1971 mi,
1581 1938 1686 1974 lapides
1697 1939 1819 1967 ctedendi

1032 1989 1101 2011 arte.
1123 1983 1222 2019 Sicque
1240 1984 1285 2011 ille
1300 1985 1391 2019 reipsa
1406 1992 1476 2019 opus
1490 1992 1636 2020 aggressus
1651 1990 1694 2013 est
1707 1994 1714 2011 :
1727 1990 1755 2013 et
1770 1993 1818 2020 ap-

1032 2030 1123 2065 paruit
1138 2030 1206 2057 alter
1230 2030 1351 2057 Bcselecl
1370 2026 1441 2065 (ὅθ),
1463 2030 1549 2058 veteri
1570 2031 1609 2058 illi
1629 2031 1696 2058 nihil
1717 2032 1818 2059 cedent

1031 2075 1157 2103 scientia.

1066 2128 1128 2155 lll.
1143 2127 1323 2164 Posteaquam
1340 2136 1406 2156 vero
1428 2128 1516 2156 eidem
1545 2128 1681 2164 discipulo
1704 2129 1760 2164 jam
1775 2129 1819 2156 in-

1031 2167 1116 2202 staret
1132 2179 1241 2210 tempus
1253 2175 1426 2211 migrationis
1440 2175 1482 2202 vel
1497 2168 1674 2203 resolutionis
1688 2183 1754 2206 suae,
1771 2182 1819 2202 aut

1031 2221 1123 2255 potius
1145 2220 1314 2248 evocationis
1331 2221 1365 2247 ad
1380 2219 1535 2248 desiderata
1550 2220 1660 2256 gaudia,
1675 2220 1758 2255 idque
1777 2220 1819 2247 di-

1032 2266 1135 2294 vinitus
1148 2266 1331 2302 signiﬁcatum
1348 2266 1514 2294 innotuisset
1535 2267 1680 2303 Symeoni;
1706 2267 1752 2294 hic
1770 2275 1818 2302 pro

1030 2315 1162 2339 consueta
1173 2319 1236 2338 cum
1251 2311 1307 2339 Deo
1321 2311 1419 2347 agendi
1433 2312 1561 2340 libertate
1576 2312 1696 2340 instabat
1711 2312 1819 2340 arcanis

1030 2356 1159 2391 precibus
1187 2361 1270 2392 atque
1293 2357 1552 2393 supplicationibus,
1585 2362 1616 2385 ut
1641 2358 1817 2390 educeretur,

1030 2406 1124 2429 utrum
1140 2401 1212 2430 libro
1226 2403 1290 2430 vita:
1318 2402 1468 2438 inscriptus
1491 2403 1537 2430 ille
1559 2407 1641 2430 esset.
1664 2398 1732 2430 Cum
1752 2411 1818 2430 vero

1030 2447 1183 2480 didicisset,
1202 2456 1258 2476 non
1283 2448 1358 2476 illum
1381 2448 1564 2481 solummodo,
1590 2449 1639 2476 sed
1656 2453 1687 2475 ct'
1698 2448 1819 2483 reliquos

1030 2493 1241 2528 discipulorum,
1257 2494 1285 2521 in
1308 2494 1335 2521 id
1351 2502 1438 2529 usque
1454 2499 1563 2530 tempus
1577 2499 1761 2526 mortuorum,
1779 2493 1820 2520 in-

1031 2538 1149 2574 scriptos
1161 2547 1233 2572 esse,
1247 2543 1274 2567 et
1283 2543 1418 2575 quotquot
1429 2540 1559 2575 deinceps
1573 2539 1701 2567 morituri
1713 2543 1817 2567 essent.

1032 2584 1234 2619 inscribendas;
1248 2585 1364 2620 genibus
1385 2585 1436 2614 sibi
1456 2586 1484 2614 in
1509 2585 1670 2613 abscondito
1694 2584 1818 2619 loquenti

1031 2630 1140 2666 positis;
1156 2630 1258 2666 gratias
1271 2630 1308 2663 ei,
1327 2636 1357 2659 ut
1368 2640 1416 2666 par
1428 2636 1497 2664 erat,
1509 2631 1639 2664 reddidit,
1655 2635 1737 2666 atque
1757 2636 1818 2664 post

1031 2676 1181 2703 matutinos
1193 2676 1309 2712 bymnos
1319 2678 1409 2705 noctis
1420 2677 1492 2705 illius
1501 2686 1554 2712 qua
1569 2677 1700 2712 praedicta
1711 2676 1818 2704 visione

1031 2718 1158 2754 dignatus
1171 2719 1271 2753 fuerat,
1285 2725 1316 2748 ut
1332 2721 1473 2749 stimulum
1497 2721 1626 2750 omnibus
1643 2721 1677 2748 ad
1695 2722 1819 2748 recolent-

1029 2764 1092 2792 dam
1108 2765 1206 2793 mortis
1220 2767 1380 2794 memoriam
1400 2767 1541 2801 subderet,
1555 2771 1584 2795 et
1607 2767 1640 2794 ad
1663 2775 1818 2802 prteparan-

1029 2809 1094 2837 dum
1118 2808 1269 2838 discessum
1291 2811 1554 2845 excitaretzFratcr,
1570 2811 1669 2847 inquit,
1686 2811 1817 2849 Joannes.

229 2893 432 2946 QQIEIE'IEEII,
451 2899 546 2946 eiectus
561 2910 576 2927 α
594 2899 647 2926 Deo
658 2901 692 2928 ad
700 2902 882 2937 fabricandum
903 2905 998 2933 Arcam
1021 2909 1179 2940 testamenti,
1200 2909 1324 2936 divinitus
1341 2909 1430 2944 infusa
1449 2910 1579 2945 sapientia
1596 2911 1622 2937 id
1633 2911 1770 2946 prurslitil;
1787 2909 1818 2936 :lo

194 2937 244 2962 quo
260 2929 345 2958 Exod.
363 2939 430 2959 xxxv
451 2938 476 2961 ct
494 2943 563 2971 seqq.
