2138 3256
369 206 440 240 3103

980 214 1010 243 S.
1032 213 1220 243 SYMEONIS
1238 214 1419 245 JUNIORIS

1927 213 1996 245 310i

370 270 481 290 servum
492 270 573 289 suum
586 262 776 291 inﬁrmltatem
793 263 927 299 abigebat,
940 270 967 291 et
978 272 1027 298 pro
1043 265 1158 299 paritate
1173 268 1195 296 Α
1210 277 1214 283 -

1151 268 1195 296 5A
1210 267 1256 294 τοῦ
1275 267 1440 304 θεράποντος
1465 267 1582 296 ἐνταῦθα
1604 268 1674 296 λύων
1697 268 1728 295 τὺ
1749 266 1844 300 πάθος,
1857 269 1912 305 ,καὶ
1928 270 1995 304 πρὸς

371 308 434 336 ﬁdei
456 315 550 343 parem
577 316 689 344 quoque
717 310 933 337 misericordiam
975 309 1154 345 largiebatur.

369 353 444 381 Abiit
471 354 554 388 igitur
573 354 631 382 haec
658 355 786 382 similiter
807 362 839 382 ac
861 355 905 382 illa
928 355 971 390 (de
989 363 1042 390 qua
1074 363 1156 390 supra

369 400 494 434 memini)
515 401 672 428 valetudine
685 406 860 436 recuperata;
884 402 1010 437 quodque
1027 403 1071 429 illa
1097 411 1156 430 me-

370 444 463 471 diante
478 445 564 472 sancti
577 446 705 480 imagine,
725 445 783 473 haec
799 446 833 473 ab
847 447 905 481 ipso
918 452 1064 482 prototypo
1091 455 1157 474 con-

369 494 463 517 secuta
478 495 529 518 €51.

406 545 466 572 126.
486 545 544 572 Non
573 545 620 572 diu
647 550 710 581 post
733 547 815 578 adest
840 555 937 582 magno
965 547 1092 582 Symeoni
1124 556 1157 576 ex

369 598 437 625 pago
451 591 514 623 alio,
525 592 569 618 cui
579 592 664 627 Magia
674 593 848 622 vocabulum.
861 593 904 619 vir
913 593 1037 627 quidam,
1047 599 1157 629 septua-

369 636 445 671 ginta
477 641 508 664 ut
531 645 671 664 summum
698 645 786 665 annos
815 643 912 670 natus;
940 638 988 673 qui
1022 640 1157 667 acerrimo

370 682 494 708 dentium
509 682 605 709 dolore
619 683 771 715 cruciatus,
787 684 868 711 enixe
883 684 1059 718 precabatur,
1086 684 1157 711 salu-

370 727 477 754 tiferam
491 733 519 754 ut
530 728 581 755 sibi
593 736 703 755 manum
721 729 885 764 imponeret,
897 738 952 764 quo
963 730 1032 758 deus
1042 731 1157 758 atl‘ectus

369 777 547 800 excuteretur
567 774 711 805 radicitus,
729 776 784 810 jam
802 782 876 802 nunc
885 776 1033 803 acerbitate
1047 777 1156 803 crucia-

370 821 447 844 tnnm
474 818 593 846 mobilis.
621 819 659 846 Ita
686 820 730 847 ille
755 820 929 855 precabatur,
954 820 1081 856 lacrymis
1107 829 1156 856 per

368 871 451 897 genus
468 863 691 897 decurrentibus,
718 866 859 893 Inmrentis
881 866 963 893 animi
982 867 1067 902 signis
1080 875 1155 895 men-

370 908 413 935 tiri
443 909 554 937 nesciis.
585 910 701 938 Sanctus
726 919 791 939 vero
820 912 937 946 benigne
965 913 1154 947 respondens,

369 955 476 988 Nonne,
496 957 595 991 inquit,
614 958 699 993 magis
720 967 735 986 e
760 967 789 986 re
806 964 852 986 tua
880 960 961 992 foret,
980 960 1002 987 si
1026 964 1054 986 et
1071 960 1155 987 alium

367 999 477 1027 dentem
496 1002 598 1034 enasci,
621 1011 704 1037 quam
723 1003 796 1031 hunc
809 1011 879 1039 aegre
893 1005 1038 1032 habentem
1054 1005 1156 1032 solum-

369 1046 450 1072 modo
473 1047 565 1079 evelli,
591 1049 720 1082 peteres?
739 1049 778 1076 Ad
804 1058 865 1084 quae
888 1051 971 1077 verba
994 1051 1039 1078 ille
1063 1055 1155 1078 mente

367 1091 514 1126 animoque
535 1092 720 1121 inﬂammatus
744 1095 794 1129 (uti
817 1095 875 1123 ﬁeri
900 1097 1044 1124 consuevit
1059 1097 1093 1124 ad
1112 1097 1154 1124 in-

367 1138 466 1171 sperati
478 1139 620 1173 cujusdam
631 1140 695 1166 boni
709 1141 958 1176 pollicitationem),
967 1142 1154 1178 ambabusque

366 1184 504 1217 manibus,
530 1189 560 1212 ut
577 1189 695 1220 poterat,
715 1193 748 1213 ex
771 1186 870 1214 melote
887 1188 1151 1223 sancti'snspensus,

365 1229 452 1263 ejicit,
471 1238 519 1264 per
545 1231 750 1266 impositionem
777 1240 907 1260 manuum
930 1233 1014 1267 illius,
1040 1234 1153 1262 uberem

366 1281 381 1301 e
397 1275 466 1302 cmlo
483 1277 597 1311 gratiam
621 1278 788 1312 elicientem,
816 1279 957 1314 putridum
977 1285 1152 1315 corruptum—

365 1328 419 1355 que
433 1330 485 1349 una
501 1330 562 1350 cum
578 1324 719 1353 radicibus
732 1325 842 1352 dentem
854 1334 860 1352 :
871 1333 921 1353 nec
932 1326 1010 1353 multi
1026 1326 1153 1353 abierunt

366 1365 436 1397 dies,
460 1375 522 1394 cum
552 1368 622 1395 alter
652 1370 679 1404 (ο
706 1378 763 1397 rem
793 1378 848 1397 non
873 1370 1020 1398 admodum
1045 1370 1151 1398 creditu

366 1410 476 1438 facilem
489 1413 508 1446 ί)
520 1418 617 1441 enatus
629 1415 661 1441 ad
674 1416 868 1450 perfectionem
881 1417 977 1444 crevit.
995 1417 1026 1443 Et
1040 1417 1154 1452 hujusce

366 1455 484 1492 prodigii
504 1461 587 1485 testes
614 1460 717 1488 oculati
741 1461 834 1496 plures
864 1461 952 1494 fuere,
979 1462 1080 1500 quibus
1108 1462 1153 1489 ille

367 1501 446 1536 ipse,
474 1504 520 1538 qui
551 1505 716 1533 beneﬁcium
744 1511 842 1535 nactus
869 1512 944 1539 erat,
971 1507 1152 1539 ostendebat,

367 1548 543 1582 mirantibus,
569 1550 598 1578 in
625 1556 678 1579 tam
704 1560 833 1587 prevrca
859 1558 955 1585 relate,
983 1558 1080 1588 pra-ter
1106 1561 1153 1580 na-

1209 312 1299 338 πίστιν
1318 313 1389 348 ἴσην,
1406 313 1461 339 [σον
1477 313 1523 339 καὶ
1539 313 1584 340 τὸν
1596 313 1669 339 ξλεον
1683 313 1783 348 νέμων.
1806 313 1923 348 ’Δπῆλθε
1939 321 1996 340 τοία

1207 358 1309 393 γαροῦν
1321 358 1421 393 ὁμοίως
1440 360 1473 393 τῇ
1492 358 1665 396 προλασούσῃ
1685 358 1732 385 καὶ
1747 358 1817 395 αὕτη
1831 359 1880 394 τὴν
1893 359 1991 393 ὑγείαν

1207 405 1389 439 κλμισαμένη,
1406 405 1419 431 ὃ
1432 405 1484 440 πρὸ
1501 405 1599 440 μικροῦ
1610 405 1661 440 τῆς
1678 405 1780 438 εἰκόνος
1796 405 1898 441 εκείνη,
1912 405 1991 433 τοῦτο

1207 447 1254 475 νῦν
1269 448 1338 483 αὓτη
1349 448 1397 476 τοῦ
1409 449 1586 484 πρωτυτύπου
1599 450 1727 486 τυχοῦσα.

1244 553 1319 586 ρκςν.
1341 549 1419 583 Ἑξῆς
1433 549 1461 576 δὲ
1478 549 1613 585 προσῆλθε
1630 558 1672 582 τις
1688 550 1759 586 ἀνὴρ
1780 550 1818 585 τῷ
1836 550 1944 586 μεγάλῳ
1959 550 1992 578 εκ

1207 605 1278 628 τινος
1291 596 1386 631 κὼμης
1401 596 1505 630 (Μαγία
1517 595 1545 621 δὲ
1557 595 1673 631 κέκλητο
1681 594 1772 630 αὕτη),
1785 596 1845 628 ἔτος
1855 597 1885 624 οὐ
1902 597 1992 623 πλεῖον

1207 641 1223 676 ἢ
1238 640 1436 675 ἑϐδομηκοστὸν
1443 639 1573 673 γεγονὼς,
1587 640 1724 675 δριμείαις
1734 640 1779 667 τδν
1794 640 1887 668 ὀδόντα
1899 640 1993 676 {$17.16-

1209 695 1289 720 μενος
1303 686 1418 717 ὀδύναις·
1433 685 1590 720 ἐπιτεθῆναι
1604 694 1632 712 τε
1645 685 1718 720 αὖτῷ
1733 686 1782 719 τὴν
1796 685 1873 712 ὁσίαν
1886 686 1991 712 ἐκείνου

1206 733 1285 767 χεῖρα
1298 732 1434 766 δεόμενος,
1448 732 1518 758 ὥστε
1530 731 1624 758 τοῦτον
1637 731 1810 758 παντάπασιν
1825 731 1992 766 ἔκκρουσοῆ-

1207 787 1260 809 ναι,
1283 777 1459 811 σαλευόμενον
1487 777 1536 812 ἤδη
1555 776 1609 803 τῶν
1634 776 1722 804 πόνων
1744 777 1803 808 ταῖς
1818 775 1991 811 προσΰολαῖς.

1207 824 1300 850 Ταῦτα
1320 825 1334 850 ὁ
1353 824 1402 858 μὲν
1417 824 1511 854 ἐδεῖτο,
1527 823 1632 858 δάκρυα
1645 823 1699 850 τῶν
1711 822 1858 858 ὀφθαλμῶν
1875 822 1990 853 καθιεὶς,

1206 869 1240 896 τὰ
1253 869 1343 903 ψυχῆς
1356 869 1490 904 ἁλγούσης
1505 869 1607 904 ἀψευδῆ
1627 868 1747 902 σύμὸολα
1759 875 1765 881 ·
1801 871 1815 895 6
1837 868 1864 895 δὲ
1884 868 1993 903 χαριέν-

1207 922 1260 945 τως
1274 913 1427 946 ὑπολαὸὼν,
1444 914 1489 948 Μή
1506 913 1571 940 ποτέ
1587 922 1629 940 σοι
1645 913 1758 949 βέλτιον,
1776 912 1840 948 ἔφη,
1855 913 1900 939 καὶ
1914 913 1994 939 ἄλλον

1209 960 1323 994 ἐκφῦναι
1341 959 1440 994 μᾶλλον
1459 960 1553 992 αίτεῖν,
1567 960 1584 995 ἢ
1599 959 1644 986 τὸν
1661 959 1788 994 πονήρως
1802 958 1898 994 ἔχοντα
1913 958 1995 993 μόνον

1208 1005 1374 1038 ἁποεα).εἶν;
1391 1005 1445 1032 Καὶ
1465 1005 1494 1036 ὃς
1508 1005 1575 1040 προς
1588 1005 1619 1031 τὸ
1639 1004 1715 1040 ῥῆμα
1728 1005 1776 1039 τὴν
1790 1004 1880 1039 ψυχὴν
1895 1002 1995 1034 ἀναζέ-

1209 1061 1258 1082 σας
1275 1051 1298 1087 (ὃ
1316 1052 1437 1086 πέφυκεν
1450 1052 1493 1078 ἀεὶ
1507 1051 1574 1086 δρᾷν
1587 1050 1697 1085 ἀγαθῶν
1713 1051 1922 1085 ἀπροσδοκήτων
1939 1049 1992 1076 ἒπ-

1208 1098 1333 1132 αγγελία)
1349 1099 1516 1134 ἀμφοτέραις
1531 1106 1561 1124 τε
1581 1097 1630 1132 τῆς
1649 1097 1777 1132 μηλωτῆς
1799 1096 1837 1128 ὡς
1858 1093 1930 1131 εἶχεν
1945 1096 1993 1122 ὲκ-

1207 1143 1383 1179 κρεμασθεὶς,
1403 1142 1550 1170 ἀποϐάλλει
1571 1142 1620 1178 μὲν
1636 1142 1729 1174 αὐταῖς
1751 1140 1850 1177 ῥίζαις.
1873 1140 1994 1168 ἔπιθὲσει

1204 1189 1305 1225 χειρῶν
1326 1189 1432 1215 ἐκείνου
1456 1188 1555 1224 πολλὴν
1580 1187 1682 1215 ἄνωθεν
1700 1187 1817 1222 ἑλκούσῃ
1832 1186 1881 1220 τὴν
1901 1187 1994 1221 χάριν,

1204 1235 1250 1261 τὸν
1267 1234 1466 1270 διεφθαρμένον
1482 1232 1575 1259 ὀδόντα
1586 1239 1593 1246 ’
1611 1232 1704 1267 ἕτερος
1715 1231 1745 1258 δὲ
1757 1231 1828 1266 μετά
1839 1239 1913 1263 τινας
1925 1231 1995 1265 ἡμέ-

1208 1287 1258 1314 ρας
1271 1279 1304 1313 (ὦ
1317 1279 1479 1313 πράγματος
1492 1278 1522 1304 οὺ
1535 1277 1633 1313 ῥᾳδίως
1645 1276 1839 1312 πιστευομένου
1851 1276 1858 1303 !
1870 1277 1879 1310 )
1897 1274 1994 1310 ἐφύετό

1205 1334 1235 1352 τε
1252 1326 1299 1352 καὶ
1314 1324 1421 1360 ηὔξετο.
1438 1324 1493 1351 Καὶ
1507 1323 1602 1350 τούτου
1626 1324 1763 1358 μάρτυρες
1774 1322 1879 1349 πολλῶν
1890 1321 1992 1357 ὀφθαλ-

1206 1371 1262 1406 μοὶ,
1288 1368 1330 1402 οἷς
1355 1370 1395 1401 εἰς
1424 1369 1517 1404 θαῦμα
1541 1370 1615 1404 παρὰ
1640 1368 1687 1395 τοῦ
1712 1367 1839 1403 τυχόντος
1866 1368 1916 1402 τῆς
1944 1367 1992 1394 εὑ-

1205 1416 1333 1451 εργεσίας
1363 1415 1509 1446 ἐδείκνυτο,
1535 1415 1567 1441 τὸ
1604 1414 1653 1448 ὀψὲ
1685 1413 1783 1449 δηλαδὴ
1810 1413 1858 1440 τοῦ
1884 1412 1991 1448 χρόνου,

1205 1462 1252 1488 καὶ
1264 1461 1296 1488 τὸ
1318 1461 1384 1495 παρ’
1403 1459 1511 1495 ἠλικίαν
1526 1459 1575 1493 τῆς
1588 1459 1705 1493 φύσεως.
1720 1459 1809 1494 Ὅπερ
1820 1458 1852 1493 δὴ
1868 1457 1994 1493 τηλικοῦ-

1207 1515 1250 1534 τον
1265 1506 1306 1539 ὃν,
1323 1507 1459 1542 ὑποχωρεί
1467 1507 1499 1540 τῇ
1513 1505 1638 1539 λέγεσθαι
1653 1505 1702 1540 ἤδη
1715 1504 1848 1539 μελλούσῃ
1860 1504 1917 1538 μετ’
1927 1503 1994 1529 αὐτὸ

1207 1553 1318 1588 θεωρίᾳ.

368 1601 437 1624 tura;
449 1597 575 1625 ordinem
588 1599 646 1626 fieri
664 1601 798 1634 potuisse.
830 1601 882 1628 Sed
915 1609 1069 1636 quanquam
1100 1596 1128 1628 id
1162 1605 1266 1628 tantum
1287 1600 1333 1632 sit.
1355 1598 1483 1628 concedit
1506 1601 1595 1626 tamen
1617 1597 1666 1631 illi,
1688 1603 1769 1633 quant
1791 1603 1875 1632 porro
1892 1595 1992 1624 dicturi

367 1649 473 1675 sumus,
494 1642 605 1672 visioni.

404 1700 465 1728 127.
482 1701 605 1733 Quodam
625 1702 755 1736 Sabbato,
783 1704 935 1732 decantatis
959 1710 1021 1732 ante
1045 1705 1188 1735 noctemC
1240 1713 1248 1739 ι

1148 1705 1188 1735 lC
1240 1703 1309 1739 pxC.
1327 1703 1393 1729 Ποτὲ
1414 1701 1467 1738 γὰρ
1485 1702 1534 1736 ὀψε
1549 1701 1685 1728 Σαϐϐάτου
1706 1701 1774 1736 μετὰ
1796 1701 1860 1731 τοὺς
1882 1702 1992 1737 ἑσπερι-

367 1747 504 1782 Vesperis,
520 1749 677 1784 congregati
695 1757 783 1781 erant,
802 1755 832 1776 ut
851 1751 955 1777 ferebat
972 1750 1152 1780 consuetudo.

366 1792 471 1819 circum
494 1793 658 1829 Symeonem
676 1795 821 1830 discipuli;
837 1797 883 1831 qui
901 1796 962 1822 illos
978 1796 1011 1823 de
1027 1803 1103 1823 more
1119 1796 1153 1823 ad

366 1837 535 1872 vigilandum
556 1843 638 1867 nocte
655 1841 705 1867 ista
730 1841 893 1869 hortabatur
913 1851 919 1868 :
937 1842 1035 1869 deinde
1054 1841 1154 1869 docere

366 1891 415 1910 eos
440 1884 585 1918 incipiens,
607 1886 773 1920 quazstiones
789 1887 919 1921 quasdam
941 1887 1108 1915 diiliciliores
1122 1894 1154 1914 ac

367 1929 511 1963 parabolas
527 1930 555 1957 in
580 1932 701 1958 medium
719 1933 839 1967 prolatas
860 1933 1034 1966 elucidabat;
1055 1941 1108 1968 qua
1125 1941 1153 1960 re

367 1975 404 2002 ita
418 1976 538 2003 suaviter
552 1976 686 2004 adiciebat
701 1978 809 2005 illorum
826 1979 942 2011 animos,
960 1984 1091 2014 tantoque
1104 1979 1153 2007 Dei

369 2021 466 2048 timore
473 2015 508 2048 iac
517 2021 663 2050 dulcedine
674 2023 777 2050 doloris
788 2032 836 2051 cor
845 2024 1023 2052 exhilarantis
1033 2025 1155 2052 cumula-

368 2065 424 2098 bat,
438 2070 467 2094 ut
477 2067 552 2102 quod
564 2067 597 2095 de
613 2068 736 2095 sirenum
750 2074 832 2096 cantu
844 2069 946 2097 dicitur
958 2071 1154 2105 propemodum

368 2112 396 2139 in
408 2119 437 2139 se
448 2113 650 2147 experirentur;
666 2119 848 2150 praeterquam
859 2116 932 2151 quod
946 2116 1154 2144 delectationem

369 2156 449 2184 istam
464 2159 686 2193 consequebatur
707 2167 792 2192 mors,
808 2161 878 2188 hanc
899 2161 1089 2189 immortalitas
1110 2170 1156 2189 ex-

369 2201 462 2236 cipiat.
492 2203 581 2230 Finito
606 2204 689 2239 igitur
714 2212 841 2233 sermone
871 2206 1029 2241 Symeonis,
1059 2207 1156 2234 fratres

371 2252 517 2275 consuetas
531 2257 625 2283 preces
639 2249 755 2278 fundere
772 2255 934 2286 coeperunt;
953 2259 1070 2286 cumque
1085 2251 1156 2286 psal-

371 2301 444 2322 mum
459 2293 535 2320 Beali
549 2295 714 2322 immaculali
725 2297 751 2322 in
768 2298 821 2328 via,
839 2297 882 2332 qui
899 2297 1036 2324 ambulant
1052 2298 1079 2324 in
1100 2297 1156 2333 lege

370 2337 496 2372 Domini,
515 2339 679 2373 rccitarent,
697 2342 822 2375 apparuit
848 2346 941 2369 sancto
959 2341 1085 2369 Christus
1100 2342 1154 2369 Do-

370 2385 463 2412 minus
493 2385 621 2420 prreclara
655 2386 682 2413 in
713 2387 828 2419 visione,
855 2392 946 2415 astans
971 2395 984 2414 a
1024 2387 1153 2415 dexteris.

370 2431 406 2459 Ut
416 2431 485 2458 vidit
503 2431 559 2464 ille,
576 2436 606 2459 ut
617 2437 708 2459 mente
726 2433 888 2466 illustratus,
902 2441 988 2468 caque
1006 2436 1063 2461 tota
1078 2434 1157 2461 abre—

371 2480 435 2511 ptus
452 2482 510 2508 est;
529 2484 583 2503 non
599 2477 805 2512 quiescentibus
821 2484 909 2506 tamen
926 2479 1013 2511 labiis,
1032 2487 1084 2507 nec
1099 2487 1156 2507 cu:-

371 2527 446 2557 ptam
461 2523 613 2550 orationem
634 2523 888 2552 intermittentibus.
905 2525 1010 2552 Interea
1027 2526 1156 2553 cernebat

372 2568 449 2601 quasi
475 2575 613 2602 passerem
638 2575 720 2603 supra
738 2568 853 2595 fratrum
879 2569 968 2604 capita
982 2570 1157 2597 circumvoli-

374 2616 486 2644 tantem,
511 2612 626 2648 hymnos
640 2621 702 2640 cum
719 2614 786 2648 ipsis
800 2615 958 2642 suavissime
973 2623 1081 2647 canere,
1097 2622 1157 2642 mo-

372 2665 437 2684 vere
453 2658 573 2692 linguam
592 2659 688 2686 eodem
703 2667 758 2694 quo
774 2660 823 2694 ipsi
848 2660 938 2691 modo,
954 2661 1063 2687 easdem
1088 2668 1157 2695 quas

373 2702 424 2736 ipsi
435 2703 636 2731 modulationes
653 2713 777 2739 promere
791 2706 842 2741 (uti
855 2706 953 2733 deinde
969 2707 1035 2741 ipsis
1046 2714 1156 2741 quoque

372 2746 585 2783 manifestavit):
598 2749 740 2778 infallibile
751 2752 863 2778 omnino
874 2751 1155 2787 testimoniunr,’quod

368 2792 521 2827 jucundum
537 2799 610 2822 esset
629 2795 695 2829 Deo,
720 2797 871 2824 secundum
900 2797 1071 2832 prophetam,
1098 2798 1157 2826 elo-

371 2839 467 2874 quium
484 2847 580 2867 corum
596 2841 629 2867 ".

407 2907 430 2924 '°
455 2908 526 2938 Psal.
547 2919 602 2945 cut,
626 2912 674 2940 Si.

1205 1749 1266 1780 νοὺς
1292 1748 1403 1783 ὕμνους,
1427 1748 1499 1774 κατὰ
1525 1747 1555 1774 τδ
1576 1746 1689 1782 σύνηθες
1702 1747 1756 1773 τῶν
1780 1746 1909 1781 μαθητῶν
1928 1746 1993 1781 περὶ

1205 1795 1284 1822 αὐτὸν
1292 1794 1500 1828 ἀθροισθέντων,
1515 1793 1677 1829 ἀγρυπνίαν,
1690 1792 1726 1824 ὡς
1733 1792 1805 1825 ἔθος,
1820 1791 1927 1827 ἐκείνης
1943 1793 1994 1819 αὐ-

1204 1842 1259 1872 τοῖς
1270 1841 1320 1874 τῆς
1333 1840 1427 1871 νυκτὸς
1438 1839 1625 1873 παραγγείλας
1634 1847 1642 1853 ⁸
1656 1836 1714 1864 εἷτα
1724 1837 1898 1870 διδασκαλίας
1909 1838 1994 1872 ἀρξά·

1207 1894 1296 1920 μενος,
1311 1884 1461 1919 αίνίγματά
1470 1893 1499 1910 τε
1509 1885 1556 1910 καὶ
1572 1883 1727 1920 παραϐολὰς
1742 1883 1832 1913 αὐτοῖς
1850 1883 1996 1918 προτείνας

1205 1932 1252 1959 καὶ
1267 1931 1407 1964 ὲπιλύσας,
1421 1929 1509 1960 οὕτως
1523 1929 1611 1955 αὐτῶν
1623 1928 1731 1963 διέθηκε
1755 1928 1805 1960 τὰς
1824 1928 1923 1963 ψυχὰς,
1944 1929 1993 1954 καὶ

1205 1976 1330 2004 τοσοῦτον
1359 1976 1454 2006 αὑταῖς
1472 1975 1599 2008 ἐνέσταξε
1630 1975 1701 2001 θεῖον
1728 1974 1819 2008 φόϐον,
1835 1975 1882 2001 καὶ
1904 1974 1994 2008 λύπης

1205 2022 1317 2057 καρδῖαν
1333 2020 1531 2056 εὒςραινοὺσης
1547 2019 1713 2054 γλυκύτητα,
1730 2019 1768 2051 ὡς
1785 2018 1884 2054 μικροῦ
1901 2020 1947 2046 καὶ
1962 2020 1995 2046 τδ

1205 2067 1258 2094 τῶν
1269 2066 1406 2103 ᾳοομένων
1419 2066 1518 2097 αὐτοὺς
1531 2065 1663 2100 σειρήνων
1679 2065 1783 2096 παθεῖν,
1799 2065 1868 2099 πλὴν
1877 2065 1939 2091 ὅσον
1952 2065 1993 2096 είς

1206 2112 1320 2140 θάνατον
1337 2112 1385 2147 μὲν
1399 2113 1457 2138 ἐκεῖ
1472 2111 1502 2138 τὸ
1517 2110 1620 2144 θέλγον,
1631 2109 1746 2136 ἐνταῦθα
1761 2110 1789 2136 δὲ
1805 2110 1937 2137 τελευτῶν
1953 2112 1994 2142 εἰς

1207 2157 1364 2185 ἀθανασίαν.
1381 2157 1437 2191 Τὴν
1452 2155 1625 2182 διδασκαλίαν
1639 2154 1668 2181 δὲ
1687 2155 1736 2190 τῆς
1752 2154 1884 2190 συνήθους
1901 2155 1992 2187 αὐτοῖς

1206 2204 1288 2238 εὐχῆς
1302 2201 1506 2236 διαδεξαμένης,
1521 2201 1568 2228 καὶ
1598 2200 1644 2227 τὸν
1668 2200 1853 2236 μακαρίζοντα
1880 2201 1943 2232 τοὺς
1962 2202 1995 2227 ὲν

1206 2250 1258 2285 ὀδῷ
1272 2248 1379 2284 ἀμώμῳ
1393 2247 1511 2282 ψαλμὸν,
1532 2247 1595 2279 τοὺς
1619 2247 1647 2273 ἐν
1665 2247 1738 2281 νόμῳ
1760 2245 1861 2281 Κυρίου
1879 2254 1993 2282 1:095:20-

1208 2294 1314 2330 μένους,
1324 2293 1366 2320 διὰ
1384 2294 1516 2328 στόματος
1528 2293 1645 2328 ἑχόντων
1658 2292 1757 2324 αὐτῶν,
1767 2291 1936 2327 ἐπιφαίνεται
1952 2293 1993 2328 τῷ

1207 2338 1319 2374 Συμεὼν
1333 2340 1346 2366 ὁ
1362 2339 1499 2373 Δεσπότης
1515 2338 1644 2374 Χριστὸς,
1658 2338 1798 2374 μακαρίας
1813 2337 1919 2373 ἐκείνης
1929 2339 1991 2365 ἑπι-

1207 2386 1319 2420 φανείας
1345 2385 1377 2411 ὲκ
1399 2384 1494 2416 δεξιῶν
1510 2383 1584 2419 αὐτῷ
1605 2384 1765 2418 παρεστώς·
1789 2384 1835 2411 καὶ
1855 2383 1922 2418 προς
1942 2384 1993 2418 μὲν

1206 2431 1266 2465 ὄψιν
1282 2431 1295 2457 6
1310 2431 1371 2463 νοῦς
1387 2431 1545 2465 ὲφωτίζετο,
1561 2431 1609 2457 καὶ
1627 2431 1688 2461 ὅλος
1703 2430 1809 2465 ἐκείνης
1827 2430 1939 2464 ἐγίνετο.
1957 2431 1994 2458 τὰ

1206 2475 1281 2510 χείλη
1297 2475 1325 2501 δὲ
1341 2475 1391 2501 οὐκ
1404 2474 1513 2510 ἠρέμει,
1539 2475 1600 2501 οὐδὲ
1615 2474 1819 2510 ἀπελιμπᾶνετο
1834 2474 1883 2508 τῆς
1896 2475 1990 2510 εὐχῆς.

1213 2521 1257 2547 Ἐν
1285 2520 1404 2555 τοσούτῳ
1430 2520 1459 2546 δὲ
1483 2520 1548 2547 ὡσεὶ
1573 2520 1713 2556 στρουθίον
1741 2521 1755 2546 ό
1785 2520 1897 2555 Συμεὼν
1922 2521 1994 2556 ὑπὲρ

1206 2567 1327 2601 κεφαλῆς
1343 2571 1399 2600 τοῖς
1427 2567 1552 2602 ἀδελφοῖς
1583 2567 1657 2602 ἑώρα
1681 2567 1906 2602 περιιπτάμενον,
1928 2575 1993 2593 συν-

1206 2613 1370 2648 υμνολογοῦν
1383 2621 1412 2639 τε
1431 2613 1522 2644 αὐτοῖς
1539 2612 1636 2648 ἥδιστα
1659 2613 1707 2639 καὶ
1726 2613 1848 2648 συνᾷδον,
1868 2613 1993 2649 καθάπερ

1206 2661 1303 2696 ἐπίσης
1312 2660 1425 2692 ἐκείνοις
1446 2661 1494 2686 καὶ
1510 2659 1633 2693 γλῶτταν
1649 2659 1751 2689 κινοῦν,
1771 2659 1817 2685 καὶ
1838 2659 1941 2692 τούτοις
1959 2660 1994 2686 τὰ

1208 2707 1278 2733 αὐτὰ
1294 2705 1547 2742 συμφθεγγόμενον,
1576 2705 1613 2737 ὡς
1642 2705 1710 2740 μετὰ
1733 2705 1818 2732 ταῦτα
1838 2706 1885 2732 καὶ
1900 2706 1992 2738 αὐτοῖς

1208 2751 1355 2779 καθίστατο
1379 2752 1469 2785 δῆλον.
1499 2752 1589 2786 Ὅπερ
1614 2748 1660 2777 οὖν
1691 2750 1836 2786 ἡδυνοῆναι
1855 2751 1925 2778 κατὰ
1948 2751 1994 2777 τὴν

1209 2799 1356 2834 Προφήτην
1375 2797 1434 2832 θεῷ
1450 2797 1498 2833 τὴν
1520 2797 1632 2824 ἐκείνων
1647 2796 1782 2831 διαλογὴν,
1799 2797 1910 2832 ἀψευδὲς
1926 2798 1995 2824 πάνυ

1210 2853 1262 2876 τως
1279 2843 1439 2880 μαρτύριον.
