2138 3268
171 234 240 263 5105

670 230 758 261 VITA
778 230 801 260 A
819 226 1038 260 NICEPHORO
1057 224 1296 256 CONSCRIPTA.

1721 220 1796 254 3106

892 294 1004 324 CAPUT
1019 293 1090 321 XVI.

431 360 463 388 In
478 360 590 387 caritate
603 366 717 386 annona:
732 358 895 393 frumentum
916 353 1076 388 multiplicat
1090 356 1113 379 et
1127 352 1171 378 diu
1189 354 1326 379 conservat
1347 350 1527 378 imminutum.

203 421 261 454 ρκη¹
295 418 399 444 Ἐκεῖνο
423 416 451 443 δὲ
481 417 538 448 πῶς
563 416 614 443 οὐκ
632 417 707 449 ἄξιον
729 416 886 451 προσθεῖναι
901 417 955 445 τοῖς
972 415 994 442 Α
1043 406 1191 454 ίῗθυγωυά
1209 413 1292 454 PQ"?
1315 405 1372 454 qui_
1387 405 1552 454 ﬁerihl’mes‘
1578 407 1608 430 υί
1632 403 1797 454 ξυυηάίξιὶε

167 465 339 499 εἰρημένοις;
355 463 396 489 ὅτι
413 462 480 497 μηδὲ
496 462 587 497 ὀλίγον
602 462 667 489 ποτὲ
698 462 770 488 σίτου
785 461 824 496 τῷ
838 461 956 496 ταμιείῳ

167 510 217 545 τῆς
233 509 315 544 μονῆς
336 508 578 543 ὑπολελειμμένου,
594 507 623 534 τὸ
640 507 689 542 μὲν
707 507 753 534 καὶ
772 507 839 541 πρὸς
852 507 882 533 τὸ
895 515 956 532 στε-

168 557 212 583 νὸν
230 557 277 591 τῆς
291 555 432 590 παρούσης
451 555 476 581 οἱ
500 555 620 589 μαθηταὶ
635 554 740 589 διαίτης
754 554 910 589 ἀχθόμενοι,
927 553 957 579 τὸ

169 603 196 629 δὲ
218 602 264 628 καὶ
285 602 353 636 πρὸς
375 601 406 627 τὸ
427 600 522 635 μέλλον
537 597 592 634 (οἷα
611 601 667 632 τοῖς
686 599 864 635 μικροψύχοις
886 599 958 633 φιλεῖ

171 647 342 681 συμὸαίνειν)
369 646 498 681 ὁρῶντες,
524 645 717 680 προσελθόντες
741 645 816 679 αὐτῷ
847 644 956 679 πάντες,

169 696 299 728 τεσσαρες
317 692 363 718 ἐπὶ
381 691 527 726 τριάκοντα
545 691 596 726 ἥδη
611 691 657 717 τὸν
671 690 787 727 ἀριθμὸν
804 691 890 722 ὄντες,
911 689 958 721 οὒς

169 739 223 763 ἀπὸ
237 737 372 772 διαφόρων
393 738 486 764 ίάσατο
511 737 604 764 παθῶν
623 738 640 773 ἦ
656 737 787 771 πληγῶν,
814 735 958 771 ἐπιτρέψαι

171 783 262 814 αὐτοῖς
285 783 378 818 ἠξίουν
407 782 557 818 λαμϐάνειν
583 782 617 808 τὰ
641 781 861 816 προσφερόμενα,
881 777 959 815 έφ“ᾧ

172 829 297 864 αὐτάρκη
311 837 340 854 τε
359 828 391 853 το
410 827 508 863 παρδν,
524 827 591 854 ἀλλὰ
606 827 652 853 καὶ
669 827 737 862 πρὸς
751 827 781 853 τὸ
795 826 891 861 μέλλον
909 826 959 853 αὺ-

171 876 228 906 τοῖς
242 872 312 901 εῖναι
326 875 359 901 τὰ
373 874 521 908 ἀναγκαῖα,
538 874 619 900 ’Ὥστε
638 873 668 899 σὲ
690 872 737 898 καὶ
752 872 816 903 τοὺς
830 872 879 907 τῆς
892 872 960 907 ἡμε-

173 918 265 952 τέρας,
281 918 358 952 φασὶ,
377 918 514 953 σωτηρίας
531 917 644 953 μισθοὺς
663 917 839 953 κομίσασθαι,
860 917 903 944 ἴνα
922 917 958 951 μὴ

173 965 212 999 τῷ
228 963 297 998 ἄγαν
312 963 422 999 σκληρῷ
439 972 468 990 τε
485 965 532 990 καὶ
546 964 668 998 ὲπιπόνῳ
682 966 730 999 τῆς
748 964 821 999 παρά
834 964 874 990 σοὶ
885 965 960 996 ἀγω-

174 1008 226 1042 γῆς
251 1009 455 1042 ὲκκακήσαντες
478 1008 583 1034 ἐνθένδε
604 1008 823 1043 ἁπαναστῶμεν”
844 1009 886 1034 σοὶ
906 1007 961 1043 γὰρ

173 1051 244 1084 c'tb‘a;
259 1054 298 1079 ὅτι
313 1054 361 1080 καὶ
374 1053 488 1088 σώματα
515 1053 562 1080 καὶ
585 1053 675 1088 ψυχὰς
687 1052 789 1080 ἑαυτῶν
799 1053 960 1088 ἁνεθέμεθα.

1007 461 1062 481 non
1086 450 1323 488 adjungam?Non
1346 450 1398 477 nisi
1414 450 1528 485 exiguus
1550 448 1718 484 quandoque
1740 447 1800 476 frn~

1006 500 1092 527 menti
1105 505 1238 526 numerus
1252 498 1280 524 in
1295 498 1396 525 horreo
1411 496 1573 524 monasterii
1592 496 1716 531 reliquus
1728 498 1811 534 erat“

1007 553 1069 573 cum
1093 544 1220 578 discipuli
1237 543 1335 578 partim
1361 542 1396 570 ob
1421 541 1564 577 praesentis
1584 548 1699 568 annona:
1729 539 1799 567 cari-

1009 595 1092 619 tatem
1118 590 1210 622 anxii,
1237 588 1337 623 partim
1355 588 1389 615 de
1413 588 1508 614 futuro
1538 587 1588 622 (uti
1616 584 1801 621 pusillanimis

1008 639 1078 666 solet
1099 637 1240 671 accidere)
1253 635 1376 669 solliciti,
1392 638 1569 663 accesserunt
1585 633 1619 661 ad
1638 634 1800 669 Symeoneui

1009 684 1090 712 simul
1115 691 1221 715 omnes,
1244 683 1299 718 jam
1326 685 1445 717 quatuor
1472 684 1500 707 et
1532 679 1644 714 triginta
1672 684 1800 708 numero,

1009 737 1127 765 quorum
1141 728 1335 756 diversimodis
1351 725 1565 762 aegritudinibus
1584 724 1802 758 vulneribusque

1009 775 1163 802 medicatus
1187 775 1233 802 ille
1257 774 1364 806 fueral;
1392 771 1552 807 ﬂagitabant
1575 775 1667 798 autem
1690 769 1804 796 faculta-

1010 825 1066 848 tem
1084 820 1136 848 sibi
1157 819 1215 846 fieri
1234 818 1388 853 accipiendi
1402 817 1458 850 illa,
1474 824 1535 852 qua:
1551 815 1757 847 ali'erebantur;
1773 818 1804 841 ut

1010 866 1144 893 baberent
1167 865 1240 901 quod
1264 863 1393 900 praesenti
1408 867 1436 890 et
1453 863 1553 890 futura:
1572 861 1730 890 necessitati
1746 859 1804 888 suf-

1011 911 1126 938 ficeret:
1144 910 1178 938 Ut
1200 910 1297 938 salutis
1318 916 1428 944 quoque
1450 913 1554 935 nostrae
1569 906 1735 938 mercedem.
1762 905 1805 932 in-

1011 957 1127 991 quiunt,
1153 960 1293 990 reportes;
1325 962 1361 981 ne
1386 954 1501 981 nimium
1532 961 1630 981 severo
1650 952 1803 980 laborioso-

1012 1010 1066 1037 que
1076 1001 1149 1037 apud
1165 1006 1192 1029 te
1210 1000 1273 1028 vita:
1285 1000 1413 1028 instituto
1428 1000 1575 1027 exanimati
1590 999 1655 1026 hinc
1678 998 1806 1025 disceda-

1014 1055 1094 1075 mus:
1109 1047 1158 1074 tibi
1167 1046 1283 1081 quippe,
1299 1050 1329 1073 ut
1344 1045 1400 1080 ipse
1414 1045 1499 1078 nosti,
1519 1052 1635 1080 corpora
1659 1044 1764 1079 pariter
1778 1048 1807 1070 et

180 1099 211 1126 '0
236 1100 264 1126 δὲ
286 1100 365 1134 πράῳ
382 1099 421 1134 τῷ
434 1099 505 1134 ἤθει,
521 1099 664 1134 πραοτέρῳ
685 1099 712 1125 δὲ
730 1099 776 1126 καὶ
797 1099 963 1134 φρονήματι,
981 1092 1024 1121 ΒΞ

962 1122 963 1125 η
981 1092 1001 1119 Β
1015 1094 1122 1121 animas
1140 1099 1250 1121 nostras
1272 1093 1472 1120 commisimus.
1500 1091 1618 1118 Sanctus
1641 1095 1733 1117 autem
1759 1089 1806 1117 be-

176 1145 358 1181 μικροψυχίαν
380 1145 471 1175 αὐτοῖς
495 1145 587 1179 ἡρέμα
609 1145 823 1180 προσονειδίσας.
839 1143 899 1171 εἶτα
917 1145 965 1171 καὶ

174 1191 214 1222 εις
225 1191 378 1226 ὑπόμνησιν
393 1191 471 1225 ἐνῆγε
485 1191 539 1216 τῶν
556 1189 602 1217 τοῦ
621 1190 690 1216 Θεοῦ
707 1190 877 1225 θαυμασίων,
892 1191 966 1222 ὅπως

176 1236 227 1271 μὲν
242 1237 267 1263 οἱ
288 1236 334 1262 τοῦ
348 1235 468 1270 Χριστοῦ
491 1234 620 1270 μαθηταὶ,
644 1234 691 1261 τοῦ
706 1235 816 1269 πρώτου
833 1235 966 1269 Ποιμένος

175 1282 222 1309 καὶ
243 1281 418 1313 Διδασκάλου,
439 1280 477 1316 τῷ
500 1281 554 1307 τῶν
576 1279 663 1315 ὄχλων
679 1281 776 1316 πλήθει
790 1280 855 1307 ποτὲ
872 1281 967 1315 δυσχε-

177 1328 314 1362 ραίνοντες
329 1325 395 1361 εἶεν,
411 1327 454 1354 διὰ
474 1335 503 1353 τε
518 1327 568 1362 τὴν
587 1327 684 1362 ἄφιλον
706 1327 825 1362 ἐρημίαν
846 1327 964 1362 ἐκείνην,

176 1374 223 1400 καὶ
235 1373 284 1407 τὴν
301 1373 356 1399 τῶν
372 1372 463 1408 ἄρτων
478 1372 582 1399 ἔνδειαν
595 1380 602 1388 ·
620 1373 695 1405 ὅπως
721 1373 750 1399 δὲ
775 1372 855 1399 πέντε
873 1372 966 1407 ἄρτοις

176 1418 256 1450 αὐτὸς
268 1418 408 1454 χορτάσειε
427 1419 661 1454 πεντακισχιλίους
676 1418 784 1453 ἄνδρας,
797 1418 837 1444 έτι
854 1418 901 1444 καὶ
915 1417 966 1444 δώ-

175 1465 242 1492 δεκα
264 1464 390 1499 κοφίνους
413 1464 515 1496 αὐτοῖς,
532 1465 565 1491 τὰ
584 1464 791 1500 περισσεύματα
802 1462 857 1490 τῶν
877 1463 967 1498 ἄρτων

177 1509 393 1544 ὑπολιπόμενος·
411 1510 485 1541 ὅπως
501 1509 529 1535 δὲ
546 1509 628 1536 πάλιν
648 1509 741 1544 ἄρτοις
761 1507 829 1535 ἑπτὰ
843 1508 966 1543 κορέσειε

175 1555 421 1591 τετρακισχιλίους,
457 1555 522 1582 ἄνευ
546 1554 683 1590 γυναικῶν
704 1555 750 1580 καὶ
768 1553 891 1580 παιδίων.
914 1553 968 1579 Καὶ

177 1601 224 1629 νῦν
241 1601 272 1628 σὺ
295 1600 319 1628 εί
344 1601 437 1634 αὐτὸς,
460 1601 538 1636 φησὶ,
558 1602 573 1627 6
595 1599 728 1631 Βασιλεύς
749 1608 799 1634 μου
812 1599 859 1626 καὶ
875 1599 888 1624 6
901 1597 967 1629 Θεός

179 1636 241 1682 μου,
256 1646 284 1678 ὃς
302 1646 458 1674 ἐπιϐλέπων
472 1647 520 1672 ἐπὶ
531 1646 580 1681 τὴν
598 1645 738 1681 ὑπομονὴν
753 1644 844 1680 ἡμῶν,
857 1642 966 1670 ὲπιῦλέ-

177 1693 238 1727 det;
251 1693 297 1719 καὶ
313 1693 342 1719 οὐ
357 1693 484 1728 παρόψει,
500 1692 536 1718 Σὺ
551 1692 605 1727 γὰρ
619 1692 662 1718 διὰ
673 1692 722 1727 τῆς
735 1691 782 1718 τοῦ
796 1690 844 1717 σοῦ
860 1690 969 1724 Προφή-

177 1747 225 1765 του
248 1739 382 1769 διδάσκεις
403 1747 435 1774 με
453 1738 591 1773 γλώττης,
620 1739 680 1765 οὐκ
704 1738 790 1765 ἔστιν
801 1735 966 1770 ὑστέρημα,

178 1784 320 1819 λεγούσης,
344 1784 405 1817 τοῖς
432 1783 629 1818 φοϐουμένοις
656 1791 702 1815 σε,
724 1783 771 1809 καὶ
795 1783 865 1815 τοὺς
882 1781 966 1815 ἐδιζη-

178 1831 305 1864 τοῦντιὶς
330 1839 368 1858 σε
392 1830 537 1865 μηδαμῶς
568 1830 830 1862 ὲλαττωθήσεσθαι
856 1827 969 1860 παντὸς

179 1875 301 1910 ἀγαθοῦ.
314 1876 346 1901 Εἰ
364 1875 391 1901 δὲ
408 1875 446 1910 μὴ
459 1874 544 1910 ταύτῃ
558 1874 631 1901 δοκεῖ
652 1875 698 1900 καὶ
713 1875 779 1908 ἡμῖν
798 1873 843 1909 [an
860 1873 924 1908 ὑμῖν
936 1871 967 1908 ί],

181 1920 371 1955 σπαειὰττομαι
389 1920 437 1955 μὲν
457 1919 506 1946 ὅσα
521 1919 569 1946 καὶ
585 1919 676 1954 πατὴρ
692 1919 727 1945 τὰ
744 1919 896 1954 σπλάγχνα,
914 1918 976 1945 ὦσέ

181 1975 233 2001 περ
241 1966 324 1997 εἰκὸς,
336 1966 383 1992 καὶ
393 1966 452 1992 λίαν
463 1965 538 1999 ἁλγῶ
548 1966 597 2000 τὴν
607 1965 752 1997 διάζευξιν.
761 1965 854 1999 Ὅμως
865 1965 969 1991 ἀνεῖται

181 2012 256 2039 πᾶσα
268 2012 331 2046 ὑμῖν
345 2011 413 2043 ὁδὸς,
426 2008 449 2038 ὦ
459 2011 541 2038 τέκνα
552 2013 599 2037 καὶ
611 2011 719 2046 ἀδελφοί
728 2019 734 2026 ’
749 2011 898 2046 πορευτέον
907 2010 971 2036 ἑκά-

182 2066 237 2093 στῳ
249 2057 341 2084 λοιπὸν
355 2058 388 2092 ἢν
401 2057 533 2092 βούλοιτο.

217 2104 287 2139 ρκο’.
304 2103 375 2138 Πρὸς
390 2103 475 2130 ταῦτα
489 2103 549 2130 δυσὶ
564 2103 662 2130 πάθεσι
679 2102 784 2134 τούτοις
805 2103 829 2129 οἱ
846 2102 968 2138 μαθηταὶ

182 2149 256 2183 esse
274 2149 320 2174 καὶ
331 2149 403 2183 χαρᾷ
419 2148 604 2183 μερισθέντες,
619 2149 649 2174 τὸ
664 2148 713 2182 μὲν
739 2147 783 2174 διὰ
805 2147 855 2182 τὴν
879 2147 969 2173 ἐπιτί-

183 2202 277 2228 μησιν,
291 2195 321 2220 τὸ
334 2194 362 2220 δὲ
378 2194 424 2220 καὶ
435 2194 485 2224 τὰς
501 2193 688 2228 χρηστοτέρας
701 2192 880 2227 ἐπαγγελίας,
893 2192 970 2219 αὐτοὶ

184 2240 234 2275 μὲν
258 2239 323 2273 γόνυ
352 2239 509 2272 κλίναντες,
541 2238 662 2265 αἰτοῦσιν
689 2239 769 2270 εὐθὺς
795 2239 970 2273 συγχώρησιν

182 2287 230 2313 καὶ
246 2285 431 2320 λαμϐάνουσιν
447 2294 454 2302 ·
471 2287 485 2312 6
501 2285 530 2312 δὲ
545 2285 590 2312 τὸν
605 2285 721 2320 ἀδελφὺν
737 2284 880 2312 ’Λντώνιον
892 2284 972 2312 καλέ-

183 2341 231 2363 σας
248 2328 334 2368 (οὗτος
348 2332 402 2367 γὰρ
413 2329 447 2367 ἦν
469 2332 483 2357 6
510 2331 556 2357 ἐπὶ
583 2331 630 2358 τοῦ
660 2331 773 2362 σιτῶνος
791 2329 969 2365 τεταγμένος)

183 2378 336 2410 ἐκέλευσεν,
357 2377 384 2403 εί
398 2377 448 2403 πού
473 2385 545 2408 τινες
556 2378 584 2403 ἐν
599 2376 673 2411 αὐτῷ
688 2377 782 2403 κόκκοι
795 2373 861 2409 εἷεν,
878 2375 971 2402 συλλέ-

1015 1139 1099 1175 nigno
1110 1140 1198 1172 vultu,
1214 1139 1376 1174 benigniore
1404 1139 1486 1165 etiam
1510 1138 1614 1170 animo,
1629 1135 1808 1171 pusillanimi-

1016 1188 1098 1212 tatem
1130 1184 1197 1220 ipsis
1225 1184 1356 1218 paulatim
1381 1183 1563 1218 exprobrans,
1584 1182 1617 1209 ad
1646 1181 1807 1209 memoriam

1016 1229 1154 1257 revocavit
1167 1229 1305 1256 mirabilia
1317 1237 1333 1256 a
1348 1229 1405 1256 Deo
1416 1228 1536 1263 praestita
1547 1231 1647 1263 opera;
1668 1226 1808 1262 quomodo

1016 1283 1116 1311 nempe
1128 1275 1259 1310 discipuli
1271 1274 1384 1308 Christi,
1399 1275 1482 1310 primi
1493 1274 1615 1302 Pastoris
1625 1278 1708 1308 atque
1724 1272 1808 1308 Magi-

1017 1321 1078 1355 stri,
1099 1321 1189 1348 turbis
1203 1319 1353 1355 aliquando
1368 1319 1551 1354 sequentibus
1565 1324 1679 1354 propter
1693 1318 1810 1345 inamat-

1017 1373 1080 1393 nam
1096 1365 1275 1393 solitudinem
1288 1373 1447 1400 partumque
1456 1365 1576 1400 inopiam
1593 1363 1727 1399 indignati
1740 1363 1810 1390 fuis-

1017 1417 1098 1438 sent:
1114 1408 1368 1446 quomodo‘autem
1393 1410 1521 1438 Christus
1546 1410 1669 1445 quinque
1690 1408 1811 1444 panibus

1017 1457 1132 1485 totidem
1146 1457 1289 1485 hominum
1302 1457 1388 1485 millia
1403 1464 1530 1492 pascens,
1549 1455 1697 1491 reliquerit
1725 1455 1810 1482 etiam

1017 1503 1164 1531 duodecim
1178 1503 1325 1538 cophinos,
1343 1503 1377 1530 iis
1391 1511 1452 1538 qua:
1470 1503 1664 1530 redundabant
1680 1501 1809 1537 oppletis;

1017 1553 1046 1576 et
1056 1549 1197 1584 quomodo
1210 1555 1306 1575 rursus
1315 1553 1425 1583 septem
1441 1548 1561 1584 panibus
1574 1552 1692 1583 quatuor
1712 1546 1809 1579 millia,

1017 1595 1139 1629 exceptis
1159 1594 1272 1622 feminis
1286 1595 1448 1630 puerisque,
1476 1597 1639 1621 saturasset.
1667 1593 1737 1620 Tum
1765 1592 1810 1619 in-

1018 1640 1088 1674 quit,
1101 1639 1257 1666 Etiamnum
1271 1644 1300 1667 tu
1316 1641 1374 1674 ipse
1386 1647 1426 1671 es,
1438 1639 1497 1666 Rex
1513 1645 1593 1666 meus
1604 1638 1712 1666 elDeus
1722 1643 1810 1670 meus,

1018 1685 1066 1720 qui
1081 1685 1195 1720 respicis
1213 1685 1375 1720 patientiam
1388 1690 1521 1718 nostram,
1549 1684 1753 1719 respiciesque,
1783 1686 1812 1710 et

1019 1738 1076 1757 non
1103 1731 1251 1766 despicies.
1280 1730 1322 1758 Tu
1347 1731 1422 1758 enim
1453 1739 1503 1766 per
1533 1737 1564 1757 os
1592 1729 1738 1764 Propheta:
1771 1728 1812 1756 tui

1021 1777 1105 1805 doces
1119 1785 1174 1809 me,
1187 1777 1306 1805 dicentis
1316 1786 1323 1805 :
1335 1778 1396 1805 Non
1425 1782 1463 1804 est
1478 1778 1567 1812 inopia
1589 1777 1742 1803 timentibus
1765 1780 1812 1809 te,-

1019 1827 1043 1850 ει
1056 1823 1220 1858 inquirente:
1235 1827 1259 1850 te
1270 1831 1320 1850 non
1328 1824 1482 1850 minuentur
1506 1824 1579 1850 omni
1599 1823 1664 1850 bona
1683 1823 1716 1849 ¹¹.
1733 1821 1812 1855 Quod

1019 1869 1041 1896 si
1058 1869 1135 1896 vobis
1161 1876 1271 1904 quoque
1292 1869 1329 1896 ita
1348 1877 1409 1897 esse
1436 1877 1491 1896 non
1519 1869 1658 1901 videatur,
1673 1869 1813 1896 laceraret-

1020 1922 1073 1941 non
1082 1914 1162 1941 aliter
1175 1922 1256 1949 quam
1272 1919 1350 1949 pater
1362 1914 1515 1942 visceribus
1528 1915 1608 1947 meis,
1619 1919 1649 1941 ut
1660 1921 1710 1949 par
1721 1918 1774 1947 est,
1783 1917 1813 1942 et

1019 1968 1151 1996 perquam
1163 1961 1261 1988 acerba
1274 1960 1341 1987 mihi
1353 1961 1491 1995 separatio
1504 1961 1594 1988 futura
1608 1965 1692 1988 esset.
1707 1960 1813 1988 Nihilo-

1020 2006 1112 2034 minus
1122 2007 1195 2034 nulla
1209 2007 1286 2034 vobis
1298 2007 1448 2035 interclusa
1457 2009 1500 2035 via
1514 2012 1567 2040 est,
1579 2007 1626 2034 lilii
1638 2007 1811 2043 fratresque;

1020 2054 1100 2081 abeat
1118 2054 1236 2089 quisque
1248 2061 1303 2088 quo
1331 2053 1425 2081 animo
1450 2054 1602 2081 collibitum
1619 2061 1669 2081 suo
1682 2053 1779 2080 fuerit.

1056 2101 1117 2128 129.
1135 2101 1183 2128 llis
1197 2101 1314 2132 auditis.
1326 2101 1436 2136 gemino
1446 2100 1542 2136 agitati
1557 2100 1659 2128 alIei-tu
1671 2099 1812 2135 discipuli,

1021 2146 1129 2174 timoris
1149 2146 1247 2180 altero,
1270 2146 1360 2174 altero
1385 2146 1489 2181 gaudii,
1515 2145 1563 2173 illo
1581 2145 1616 2173 ob
1645 2145 1814 2180 increpatio-

1021 2200 1094 2226 nem,
1110 2192 1164 2220 hoc
1176 2192 1212 2220 ob
1223 2192 1421 2228 promissiones
1441 2192 1583 2227 benignas,
1597 2196 1713 2218 cnrvant
1725 2198 1814 2227 genua

1022 2246 1054 2266 ac
1063 2237 1171 2265 veniam
1183 2238 1369 2273 deprecantur
1384 2244 1412 2265 et
1428 2238 1588 2272 impetrant.
1605 2237 1725 2273 Synicon
1747 2245 1815 2264 vero

1023 2282 1138 2310 fratrem
1168 2282 1320 2311 Antonium
1358 2282 1433 2317 (erat
1460 2282 1485 2309 is
1511 2289 1527 2308 a
1558 2289 1589 2308 re
1615 2281 1815 2316 frumentaria)

1022 2328 1168 2356 advocavit
1196 2329 1346 2364 iussitque,
1371 2328 1394 2355 si
1418 2334 1473 2362 qua
1500 2334 1584 2362 grana
1617 2331 1814 2361 superessent,

1024 2374 1141 2401 collecta
1158 2374 1192 2402 ad
1207 2382 1237 2401 se
1249 2374 1362 2401 afferre.
1377 2373 1425 2400 llle
1436 2378 1499 2409 post
1513 2372 1638 2400 sedulam
1655 2372 1815 2407 inquisitio-

184 2425 267 2457 ξαντα
283 2424 349 2459 πρὸς
363 2423 444 2449 αὑτὸν
469 2423 602 2456 ἐνεγκεῖν.
618 2422 671 2449 Τοῦ
687 2422 714 2448 δὲ
740 2422 838 2457 κομιδῇ
862 2414 971 2454 ὀλίγους
988 2429 1009 2456 ι)
1024 2427 1028 2446 l

969 2429 971 2448 :
988 2429 1009 2456 ι)
1024 2427 1087 2446 nem
1098 2419 1215 2454 paucula
1226 2418 1351 2454 quaedam
1367 2419 1480 2446 inventa
1494 2418 1623 2446 manibus
1637 2418 1670 2444 ad
1685 2425 1813 2453 magnum

184 2469 320 2504 εὑρόντος,
339 2470 378 2499 είς
394 2469 488 2503 χεῖράς
505 2476 535 2493 τε
550 2467 590 2502 τῷ
605 2467 715 2502 μεγάλῳ
738 2467 911 2502 κομίσαντος,
928 2466 968 2497 είς

183 2514 297 2548 οὐρανδν
323 2513 447 2548 ἀνασχὼν
468 2515 581 2547 ἐκεῖνος,
600 2513 629 2540 ὐ
643 2514 708 2544 Θεὸς
721 2514 735 2540 ό
759 2512 969 2548 παντοκράτωρ,

185 2557 271 2590 εἶπεν,
283 2559 297 2584 ό
313 2558 402 2589 διδοὺς
418 2559 448 2584 οὐ
477 2558 591 2592 κτήνεσι
618 2559 709 2593 μόνον,
738 2558 799 2584 οὐδὲ
813 2559 869 2589 τοῖς
893 2565 970 2583 νεοσ-

185 2605 242 2634 σοῖς
261 2604 314 2630 τῶν
330 2605 456 2640 κοράκων
473 2605 528 2636 τοῖς
542 2604 769 2639 ἐπικαλουμένοις
787 2612 828 2636 σε,
841 2603 909 2630 ἀλλὰ
924 2603 972 2629 καὶ

185 2650 258 2684 πάσῃ
287 2650 370 2684 σαρκὶ
383 2649 484 2685 τροφὴν
501 2650 603 2682 αὐτῶν,
621 2651 636 2676 6
649 2651 694 2677 διὰ
711 2650 853 2684 σπλάγχνα
869 2651 973 2684 οίχτιρ-

187 2695 245 2730 μῶν
261 2704 318 2727 σου,
331 2696 345 2721 6
359 2695 402 2722 διὰ
426 2695 526 2731 πολλὴν
553 2696 671 2723 ἄϐυσσον
695 2696 745 2730 τῆς
765 2695 973 2730 φιλανθρωπίας

187 2750 233 2767 σου
254 2741 346 2776 ἄρτοις
367 2741 469 2775 ὀλίγοις
491 2741 612 2776 χιλιάδας
629 2742 753 2776 κορέςας,
771 2741 852 2771 αὐτὸς
866 2741 913 2767 καὶ
928 2740 973 2766 τὸν

187 2787 288 2821 βραχὺν
306 2787 399 2813 τοῦτον
414 2786 550 2819 πλήθυνον
566 2787 650 2819 σῖτον,
667 2788 707 2819 εἰς
739 2786 817 2818 δόξαν
844 2784 974 2816 αίνέαεὼς

187 2841 244 2861 σου.
260 2833 298 2864 είς
317 2833 491 2868 εὐχαριστίαν
508 2833 572 2860 λαοῦ
590 2841 647 2866 σου,
671 2834 710 2865 είς
736 2832 973 2868 μεγαλοπρέπειαν

184 2878 231 2903 τοῦ
247 2878 376 2913 ὀνόματός
391 2887 448 2905 σου.

219 2934 240 2950 ¹¹
262 2934 331 2961 l’sal.
353 2942 444 2966 ιιιςιιι,
476 2935 516 2961 ll.

1025 2465 1134 2494 Patrem
1148 2465 1318 2500 apportavit:
1330 2464 1378 2499 qui
1396 2464 1423 2491 in
1439 2464 1539 2492 emtum
1548 2464 1645 2491 oculos
1657 2463 1814 2491 intendens:

1024 2510 1108 2543 Deus,
1122 2510 1223 2545 inquit,
1240 2511 1426 2546 omnipotens,
1440 2512 1487 2546 qui
1506 2518 1561 2538 non
1575 2515 1680 2538 tantum
1705 2511 1817 2546 jumen-

1025 2558 1061 2585 tis
1087 2557 1224 2593 pullisque
1249 2565 1395 2585 corvorum
1425 2557 1618 2584 invocantibus
1630 2562 1665 2590 te,
1680 2557 1728 2584 sed
1741 2559 1817 2585 omni

1026 2603 1111 2630 etiam
1138 2603 1213 2630 carni
1237 2603 1287 2630 das
1312 2610 1404 2630 escam
1432 2610 1525 2636 suam;
1557 2603 1604 2638 qui
1629 2610 1678 2637 per
1710 2604 1816 2632 ι’ἰειιπιι

1026 2647 1223 2675 misericordia:
1237 2653 1300 2680 tuae,
1310 2655 1360 2683 per
1373 2647 1488 2674 multam
1502 2647 1636 2675 bonitatis
1657 2650 1710 2674 tua:
1738 2647 1817 2682 abys-

1025 2701 1097 2724 sum.
1111 2693 1236 2729 pauculis
1249 2694 1368 2729 panibus
1384 2694 1514 2721 saturasti
1540 2694 1686 2721 hominum
1711 2693 1815 2720 millia:

1025 2739 1084 2767 haec
1094 2747 1205 2774 quoque
1221 2747 1307 2774 pauca
1322 2739 1456 2767 frumenti
1470 2739 1584 2776 granula
1614 2730 1767 2773 tiiultililica
1782 2738 1817 2766 ad

1029 2783 1146 2821 gloriam
1162 2786 1263 2819 laudis,
1273 2786 1306 2813 ad
1318 2786 1467 2821 gratiarum
1489 2787 1626 2815 actionem
1658 2784 1765 2821 populi,
1782 2783 1818 2812 ad

1028 2832 1200 2868 maiestatem
1215 2831 1335 2860 nominis
1359 2832 1410 2860 tui.
