2138 3465
323 210 389 241 ἷίῖἷιί
924 210 953 238 S.
974 209 1161 238 SYMlZONlS

1102 209 1161 238 N15
1181 209 1360 238 Juxtoms
1878 207 1946 241 31L!

322 274 402 301 :zlquc
412 265 542 292 :erumnis
555 264 653 299 impar,
664 264 697 291 ad
710 268 835 291 sanetum
849 264 1011 299 Symeonmu
1026 264 1109 290 nido.
1125 266 1147 293 Α
1164 273 1166 288 :

1104 280 1109 285 ~
1125 266 1147 293 Α
1164 264 1282 297 ενελθεὶς
1298 263 1421 298 Συμεὼν,
1436 262 1488 298 πρὸ
1500 262 1549 297 τῆς
1566 262 1649 290 αὑτοῦ
1665 262 1787 294 στάσεως
1796 258 1948 291 Ϊὲκυλινδεῐ-

322 319 391 343 ctus,
403 315 465 337 ante
485 311 640 338 columnam
657 310 757 337 misere
770 310 964 337 volutabatur:
983 309 1056 344 quod
1071 310 1110 336 fa-

323 363 346 382 rt
353 365 397 383 um
406 356 561 388 fuerat,non
570 356 662 384 verbis
670 356 756 390 magis
763 363 843 390 quam
852 356 982 392 lacrymis
991 357 1109 383 ubertim

324 403 479 432 perterratn
487 399 670 430 ﬂuitantibus,
685 398 844 429 enuntians,
856 403 938 433 atque
948 398 1112 425 calamitatis

324 444 555 471 siizelcvationem
569 444 745 478 precabatur.
775 444 826 472 Cui
846 453 964 479 surgens
983 450 1111 471 sanctus:

327 489 408 520 Vade,
428 489 527 523 inquit,
540 489 874 523 doneesuperatolluvio,
893 489 1112 516 adversumcon-

325 535 468 562 scenda-ris
482 539 622 567 montem;
636 539 663 562 ct
679 535 713 562 da
735 535 849 570 gloriam
867 536 923 562 Deo
947 543 996 569 per
1014 543 1066 562 me.
1089 534 1114 562 Is

325 585 415 606 mitem
428 580 511 606 verba
528 580 619 606 hrecin
638 583 710 606 terra
724 580 806 610 bona,
819 579 903 606 veluti
919 588 1013 606 semen
1025 580 1113 614 quod-

325 625 498 657 ilam,cordis
512 625 574 652 sinu
592 625 742 658 excipiens.
758 633 819 651 cum
829 626 884 659 jam
901 626 927 651 in
943 630 1063 657 montem
1078 633 1111 651 ex

325 671 450 706 opposito
462 672 545 698 situm
559 671 658 697 enixus
671 675 753 700 esset,
770 671 802 697 ad
822 671 872 697 viri
890 671 937 698 Dei
957 671 1111 697 columnam

325 724 487 748 conversus,
505 716 641 747 manibus,
657 716 739 743 simul
755 724 816 742 eum
830 723 877 750 spe
888 721 916 743 et
931 716 1049 743 cordein
1057 723 1114 742 coe-

325 764 366 791 l'Is
375 763 482 795 levatis,
499 763 615 798 genibus
625 763 739 789 acvultu
751 764 777 789 in
788 767 887 789 terram
897 763 1020 798 dejectis.
1029 763 1113 789 Deum

327 817 375 843 per
396 809 576 836 mediatorem
593 808 758 844 Symeonem
774 817 823 843 pro
839 809 1002 836 liberatione
1023 808 1116 843 depri-

327 855 426 882 mentis
441 863 470 882 se
486 856 549 882 mali
570 855 728 887 invocabat,
751 861 779 882 et
795 856 926 881 continuo
941 854 1013 889 (quis
1038 853 1115 880 audi-

329 901 403 928 Iimie
431 901 496 928 tanti
520 900 644 928 miraculi
660 909 714 927 non
731 901 936 935 obstupeseet?)
961 904 1053 927 tumor
1069 899 1114 926 ille

1165 318 1204 338 το,
1222 309 1252 334 τὸ
1269 309 1380 342 γεγονὸς
1396 308 1577 342 ἀπαγγέλλων
1597 309 1627 334 οὐ
1641 308 1743 343 ῥήμασι
1760 309 1859 343 μᾶλλον
1872 310 1889 344 ἢ
1904 309 1951 336 δά·

1165 354 1300 390 zpwa
1314 354 1346 388 δὴ
1363 354 1448 380 πολλὰ
1471 350 1602 389 κατέχεεν
1622 354 1670 380 τοῦ
1694 354 1818 387 ὲδάφους,
1834 355 1881 381 καὶ
1901 354 1951 389 τῆς

1166 400 1311 433 συμφορᾶς
1327 399 1519 432 ἀπαλλαγῆναι
1538 399 1675 434 δεόμενος.
1697 399 1727 425 Ὀ
1741 399 1770 426 δὲ
1792 399 1948 431 διαναστὰς,

1166 446 1296 480 Πορεύου,
1320 445 1371 479 ἔφη
1387 453 1393 458 ·
1410 445 1453 471 ἐπ’
1472 445 1504 471 ἂν
1525 448 1614 479 μέντοι
1636 445 1681 471 τὴν
1696 446 1818 479 ποταμὸν
1835 453 1952 480 περαιω-

1164 490 1219 521 θεὶς
1235 490 1282 516 τοῦ
1298 490 1446 525 ἀντιπέρας
1465 490 1563 524 ἐπιϐῇς
1574 489 1670 524 ὅρους,
1682 490 1726 521 δὸς
1741 490 1821 523 δῦξαν
1838 490 1870 516 δι’
1887 489 1951 525 ἐμοῦ

1164 536 1203 571 τῷ
1218 536 1286 571 Θεῷ.
1307 537 1336 563 '0
1353 536 1379 563 δὲ
1393 537 1437 563 τὸν
1453 536 1531 570 λόγον
1541 535 1613 562 κατὰ
1629 536 1678 568 τὴν
1699 536 1806 570 ἀγαθὴν
1825 536 1887 571 γῆν.
1900 536 1953 562 οἱο-

1165 582 1204 608 -ιεὶ
1221 591 1281 608 τινα
1306 583 1416 617 σπόρον,
1431 583 1460 608 ἐν
1474 583 1530 613 τοῖς
1548 583 1598 617 τῆς
1612 582 1726 617 καρδίας
1749 583 1859 614 κόλποις
1875 582 1952 615 δεξά-

1167 637 1257 662 μενῡς,
1274 628 1310 659 ὡς
1330 628 1379 663 ἤδη
1395 627 1441 654 τοῦ
1468 628 1530 655 κατ’
1548 628 1663 663 ἀντικρὺ
1678 628 1759 664 ὅρους
1772 628 1870 663 ἐπέϐη,
1886 630 1954 664 πρὶς

1164 675 1210 700 τὸν
1232 674 1326 700 στύλον
1347 674 1393 700 τοῦ
1417 674 1513 707 ἀνδρὸς
1534 675 1715 710 ἐπιστρέψας,
1733 675 1781 701 καὶ
1795 674 1844 706 τὰς
1858 676 1954 710 χεῖρας

1167 719 1236 753 μετὰ
1249 719 1302 745 τῶν
1316 719 1432 745 ἐλπίδων
1446 719 1493 746 καὶ
1508 721 1558 754 τῆς
1570 720 1682 755 καρδίας
1697 721 1737 751 είς
1748 720 1879 757 οὐρανοὺς
1891 720 1956 747 ἀνα-

1166 765 1265 797 τείνας,
1284 765 1387 798 γόνατά
1407 773 1436 791 τε
1460 765 1508 792 καὶ
1521 765 1597 800 δψεις
1617 767 1651 800 γῇ
1664 766 1797 798 δεδωκὼς,
1818 767 1864 793 τὸν
1890 766 1956 793 Θεδν

1166 810 1218 837 ὑπὸ
1233 810 1329 846 μεσίτῃ
1347 810 1385 846 τῷ
1400 811 1515 846 Συμεὼν
1529 812 1569 843 είς
1583 811 1744 847 ἀπαλλαγὴν
1758 812 1809 847 τῆς
1824 813 1954 848 κατεχού-

1167 865 1217 892 σης
1231 857 1314 883 αὑτὸν
1328 857 1451 891 ἀνάγκης
1468 857 1637 884 ἐπεκαλεῖτο.
1653 858 1706 885 Καὶ
1720 858 1891 893 παραχρῆμα
1903 859 1956 893 (τίς

1168 903 1217 929 οὐκ
1234 902 1266 929 ἂν
1281 903 1349 938 ἀκοῇ
1363 902 1393 929 τδ
1407 902 1499 937 θαῦμα
1520 903 1746 938 καταπλαγείη;)
1769 904 1783 930 ὀ
1800 904 1957 939 τηλικοῦτος

328 949 479 974 immensus
494 947 617 978 evanuit.
641 946 769 973 omnibus
785 946 870 980 ipsius
897 945 1028 971 membris
1043 949 1117 971 recte
1133 940 1153 967 Β
1168 949 1172 974 ί

1112 953 1117 971 ὲ
1133 940 1153 967 Β
1168 948 1306 975 διαλέλυτο
1318 949 1410 982 δγκος,
1422 949 1507 982 ὑγιῶς
1518 949 1592 983 αὒτῷ
1605 949 1714 976 πάντων
1728 950 1775 976 καὶ
1790 950 1860 977 κατὰ
1877 950 1956 984 φύσιν

327 1001 357 1020 ac
369 998 553 1028 congruenter
568 997 672 1020 natura:
688 1000 717 1019 se
732 991 1055 1025 habentibus.Quotquot
1066 991 1117 1017 ita-

328 1048 380 1073 que
393 1039 496 1066 conscii
513 1038 678 1066 calamitatis
691 1038 765 1065 illius
777 1038 899 1069 fuerunt,
915 1037 932 1063 ii
946 1045 1045 1071 nempe
1057 1043 1117 1063 om-

328 1093 378 1112 nes
395 1085 442 1119 qui
466 1092 578 1112 manum
596 1083 760 1118 adjutricem
783 1083 962 1110 admoventes
974 1082 1064 1116 ipsum
1090 1081 1116 1108 in

328 1135 449 1157 montem
481 1130 697 1160 transtulerant,
725 1129 836 1155 eosdem
864 1127 980 1162 prodigii
1008 1134 1117 1162 quoque

328 1177 454 1204 conscios
468 1175 549 1208 fecit;
564 1183 682 1209 cumque
696 1176 877 1201 monstrasset
888 1181 942 1208 quo
950 1177 1030 1208 pacto
1039 1172 1118 1199 malis

328 1225 472 1256 exemptus
486 1224 570 1252 esset,
582 1220 662 1247 simul
674 1219 705 1246 ad
717 1223 841 1246 sanctum
861 1218 1013 1250 redierunt,
1036 1216 1117 1244 simul

319 1260 494 1293 beneficium
520 1264 638 1292 confessi
657 1268 839 1299 agnoverunt.

366 1368 428 1395 180.
448 1367 542 1402 Magna
555 1366 665 1401 quidem
678 1370 706 1392 et
717 1365 861 1396 mirabilis,
873 1365 943 1394 scio.
957 1363 1057 1391 accidit
1067 1363 1119 1399 piis

331 1413 444 1440 auribus
457 1413 514 1440 haec
528 1411 661 1443 narratio,
676 1411 760 1438 habet
773 1415 864 1437 tamen
877 1411 959 1437 etiam
973 1417 1119 1445 supparem

333 1460 417 1489 illam,
436 1466 496 1492 qua:
512 1457 649 1492 sequitur.
673 1456 751 1484 Alius
771 1456 894 1491 quidam,
908 1455 1030 1483 Caesarea
1051 1455 1121 1491 Cap-

333 1505 453 1540 padoi-iae
467 1503 613 1535 oriundus,
630 1510 646 1530 a
658 1511 687 1530 re
699 1502 828 1530 familiari
846 1502 949 1530 aﬂatim
964 1510 1016 1530 nec
1030 1502 1122 1530 minus

331 1561 346 1577 a
360 1551 471 1587 generis
486 1550 630 1577 nobilitate
647 1550 810 1580 instructus.
821 1548 918 1576 iisdem
929 1548 1031 1580 quibus
1042 1556 1122 1583 supe-

334 1596 390 1623 rior
418 1595 585 1622 torminibus
608 1595 770 1630 ventrisque
792 1599 899 1621 tumore
913 1593 1096 1621 afﬂictabatur
1111 1602 1119 1626 ;
1133 1607 1154 1637 Ο

331 1644 441 1676 jamque
453 1641 606 1668 substantia
619 1640 693 1667 omni
706 1641 733 1666 in
746 1639 915 1667 medicorum
928 1643 1015 1666 artem
1024 1646 1122 1673 expen-

333 1696 373 1720 sa,
389 1686 463 1714 aliud
480 1686 549 1713 nihil
563 1685 743 1713 emolumenti
757 1690 878 1720 ceperat,
891 1693 971 1719 quam
987 1685 1060 1719 quod
1080 1684 1123 1711 di-

334 1733 432 1761 dicerit
457 1732 626 1760 curationem
643 1732 792 1758 humanam
807 1738 867 1758 esse
879 1737 1121 1765 supervacaneam,

335 1778 452 1813 ideoque
467 1778 500 1804 ad
515 1777 635 1804 divinam
654 1776 739 1803 divini
758 1776 874 1811 hujusce
892 1776 944 1802 viri
960 1782 1040 1810 opem
1059 1782 1124 1801 con-

334 1824 445 1860 fugerit.
461 1824 499 1851 Eo
515 1824 607 1857 itaque
619 1830 681 1849 cum
698 1822 864 1853 advenisset,
875 1828 983 1856 preces,
993 1821 1122 1856 gemitus,

334 1871 478 1905 lacrymas,
496 1874 525 1896 et
544 1869 566 1896 si
582 1868 648 1902 quid
667 1872 797 1902 praeterea
820 1872 864 1894 est
879 1866 953 1901 quod
978 1866 1124 1893 commise-

338 1910 471 1942 ratiouem
497 1914 570 1941 ciere
596 1913 650 1947 piis
672 1912 816 1939 animabus
838 1912 933 1946 possit,
951 1919 1002 1946 pro
1018 1910 1123 1937 incolu-

338 1961 431 1987 mitate
446 1965 474 1986 et
494 1959 619 1985 dolorum
639 1957 802 1992 depulsione
817 1957 976 1984 exhibebat.
990 1956 1038 1983 His
1059 1963 1124 1983 vero

337 2006 456 2042 Symeon
472 2004 505 2032 ad
532 2003 721 2031 miserandum
748 2008 854 2033 motus.
868 2010 965 2030 versus
987 2002 1061 2029 illam
1075 2002 1126 2028 nii-

338 2049 516 2078 sericordiam
532 2049 628 2076 oculos
641 2048 766 2079 sustulit,
784 2054 845 2082 qua:
858 2047 991 2082 quidquid
1008 2047 1126 2081 petimus

338 2104 447 2130 semper
458 2095 557 2122 tribuit
573 2103 580 2121 :
600 2095 779 2129 sentiensque
796 2093 960 2120 diviniorem
977 2092 1125 2126 quamdam

339 2143 365 2168 in
377 2149 406 2169 se
417 2141 530 2177 gratiam
541 2149 546 2167 :
556 2140 723 2172 Ascendens,
734 2140 835 2174 inquit,
848 2138 1036 2174 appropinqua
1047 2138 1125 2165 mihi.

336 2186 391 2219 Qui
405 2193 468 2213 cum
478 2186 552 2220 iussa
566 2193 627 2212 mox
639 2192 797 2220 capescens,
809 2184 921 2219 jamque
933 2183 1056 2218 proxime
1068 2191 1128 2210 san-

340 2237 414 2259 ctum
430 2232 546 2258 veniens
556 2230 628 2266 (quis
640 2230 747 2258 Domini
759 2229 966 2256 misericordias
977 2228 1125 2264 cantabit?)

1168 994 1293 1028 ὲχὰντων.
1308 993 1378 1026 Τοὺς
1396 995 1539 1025 κοινωνοὺς
1560 995 1648 1021 τοίνυν
1663 994 1713 1030 τῆς
1728 996 1880 1030 συμφορᾶς,
1901 996 1958 1023 ὅσοι

1167 1038 1267 1074 δηλαδὴ
1287 1039 1334 1065 καὶ
1355 1039 1613 1074 συνεπιϐοηθοίντες
1636 1040 1710 1075 αὐτῷ
1734 1040 1959 1073 διαϐαστάζοντες

1168 1081 1238 1118 ἦσαν
1252 1084 1320 1119 πρὸς
1334 1084 1383 1119 τὴν
1397 1085 1520 1119 πορείαν.
1534 1086 1679 1117 κοινωνοὺς
1696 1087 1743 1113 καὶ
1756 1086 1803 1113 τοῦ
1818 1087 1958 1122 θαύματος

1169 1131 1301 1156 ἐποιεῖτο·
1320 1130 1367 1156 καὶ
1385 1130 1459 1161 ὅπως
1483 1130 1530 1157 τοῦ
1555 1131 1656 1163 πάθους
1678 1132 1838 1167 ἀπήλλακτο
1857 1133 1957 1166 δείξας.

1169 1176 1245 1209 κοινῇ
1259 1175 1326 1210 πρὸς
1340 1175 1386 1202 τὸν
1397 1176 1491 1208 ’Δγιον
1514 1177 1668 1212 ἐπανῄεσαν
1683 1177 1771 1211 αὖθις,
1780 1180 1855 1214 κοινῇ
1866 1180 1899 1206 τά
1908 1179 1958 1213 τῆς

1169 1221 1329 1256 εὐεργεσίας
1342 1222 1544 1258 άνωμολόγουν.

1206 1369 1261 1402 ρκ’.
1277 1366 1357 1400 Μέγα
1384 1365 1433 1400 μὲν
1457 1362 1503 1392 οὖν
1519 1362 1578 1392 οἶδα
1600 1365 1734 1399 φιλοθέοις
1754 1365 1847 1397 ἀκοαῖς
1864 1364 1896 1392 τὸ
1918 1363 1959 1392 δι-

1171 1413 1277 1448 ήγημα,
1303 1412 1417 1447 ἀδελφὸν
1434 1412 1463 1438 δὲ
1485 1412 1561 1446 ὅμως
1583 1411 1630 1438 καὶ
1649 1411 1681 1438 τὸ
1704 1412 1873 1446 ἐπαγόμενον
1892 1411 1958 1447 εχει.

1173 1459 1286 1494 Ἕτερος
1301 1460 1355 1493 γάρ
1363 1467 1415 1490 τις,
1436 1459 1468 1485 ὲκ
1479 1457 1647 1493 Καισαρείας
1661 1458 1690 1484 δι
1702 1458 1894 1485 Καππαδοκῶν
1906 1457 1960 1493 ὡρ-

1173 1504 1304 1538 μημένος,
1324 1502 1381 1537 βίου
1405 1502 1455 1537 μὲν
1478 1501 1579 1533 ίκανῶς
1595 1502 1650 1528 οὐκ
1671 1503 1786 1537 ἀσήμως
1807 1502 1835 1529 δι
1852 1502 1901 1530 καὶ
1915 1502 1961 1537 τέο

1172 1557 1233 1579 νους
1247 1548 1326 1584 ἔχων,
1341 1548 1422 1575 πάθει
1435 1548 1482 1575 καὶ
1494 1548 1573 1584 βάρει
1584 1548 1621 1583 τῷ
1637 1548 1712 1583 αὺτῷ
1726 1548 1898 1584 πιεζόμενος,
1913 1551 1961 1576 καὶ

1171 1595 1221 1628 τὴν
1237 1594 1287 1629 μὲν
1299 1594 1394 1620 οὐσίαν
1413 1594 1522 1629 τέχναις
1538 1594 1639 1629 ἰατρῶν
1661 1590 1868 1628 ίκδαπανηθεὶς,
1885 1594 1962 1621 οἰδδν

1172 1641 1200 1668 δὲ
1220 1641 1283 1668 ἄλλο
1301 1640 1402 1667 τούτων
1428 1638 1557 1675 ὀνάμενος
1578 1640 1619 1667 δτι
1640 1640 1678 1676 μὴ
1696 1639 1746 1676 τὴν
1765 1640 1796 1673 ἐξ
1809 1640 1961 1675 ἀνθρώπων

1173 1686 1221 1721 τῆς
1245 1685 1394 1721 θεραπείας
1411 1685 1578 1719 ἀπόγνωσιν,
1603 1685 1649 1712 καὶ
1670 1685 1714 1712 διά
1727 1684 1807 1712 τοῦτο
1829 1686 1899 1721 πρὸς
1915 1685 1961 1713 τὸν

1174 1730 1243 1758 θεῖον
1267 1731 1351 1766 ἄνδρα
1366 1730 1460 1757 τοῦτον
1493 1731 1541 1758 καὶ
1564 1731 1614 1766 τὴν
1638 1730 1667 1764 ἐξ
1690 1730 1773 1757 αὐτοῦ
1797 1729 1962 1765 καταφυγὼν

1173 1777 1249 1804 θείαν
1266 1776 1406 1812 ἐνέργειαν
1432 1783 1441 1792 ·
1458 1773 1536 1808 οὗτος
1554 1776 1630 1811 παρὰ
1648 1776 1694 1803 τὸν
1714 1775 1826 1810 Συμεὼν
1844 1776 1962 1804 ἀνελθὼν

1173 1823 1289 1858 διήσεις,
1305 1822 1438 1857 οἰμωγὰς,
1451 1822 1566 1857 δάκρυα,
1580 1823 1635 1849 πᾶν
1655 1822 1683 1848 εί
1695 1831 1721 1849 τι
1735 1822 1800 1850 ἄλλο
1813 1822 1963 1858 δυνάμενον

1174 1870 1213 1900 είς
1225 1866 1316 1895 οἷκτον
1332 1868 1446 1895 ἑλκῦσαι
1463 1868 1561 1903 ψυχὴν,
1579 1869 1647 1903 ὑπὲρ
1663 1869 1712 1902 τῆς
1730 1868 1776 1895 τοῦ
1791 1868 1894 1900 πάθους
1908 1869 1962 1895 άπ-

1174 1914 1295 1949 αλλαγῆς
1312 1914 1452 1940 ἐπεδείκνυ
1462 1921 1470 1929 ·
1486 1914 1555 1949 πρὸς
1569 1914 1642 1948 άπερ
1656 1915 1760 1946 ικιῖνος
1770 1914 1806 1940 τά
1821 1914 1963 1949 σπλάγχνα

1175 1959 1280 1990 παθὼν.
1308 1960 1347 1991 είς
1371 1960 1529 1995 οἰκτιρμοὺς
1563 1958 1661 1993 tanqu
1685 1959 1776 1990 πάλιν.
1811 1960 1875 1992 τοὺς
1902 1960 1964 1986 ὅσον

1175 2005 1304 2040 αἰτοῦμεν
1317 2005 1360 2031 ἀεὶ
1374 2004 1506 2036 διδόντας,
1519 2004 1566 2030 καί
1580 2012 1652 2035 τινος
1663 2003 1824 2039 αἰσθόμενος
1836 2005 1865 2031 ιν
1875 2004 1964 2039 {aut};

1174 2052 1285 2086 χάριτος
1300 2049 1450 2085 θειοτέρας,
1467 2048 1592 2081 ’Δνασάς,
1602 2050 1695 2084 φησὶν,
1713 2049 1821 2084 ἔγγισόν
1839 2059 1894 2084 μοι.
1910 2050 1963 2077 Τοῦ

1175 2096 1203 2122 δε
1224 2096 1261 2127 ὡς
1278 2095 1439 2122 κικέλευστο
1451 2093 1751 2131 δράσαντοςγιπιίπερ
1776 2095 1890 2130 ἔγγιστα
1913 2096 1962 2132 ήδη

1176 2141 1222 2169 τοῦ
1239 2142 1330 2176 ’Δγίου
1346 2141 1417 2168 ελθοι
1431 2141 1484 2175 (τίς
1500 2140 1606 2177 ᾅσεται,
1618 2141 1732 2177 Χριστὲ,
1745 2141 1779 2168 τὰ
1798 2141 1862 2176 ιλιη
1876 2150 1923 2168 σου
1935 2141 1965 2178 ;)

1177 2187 1222 2214 τοῦ
1236 2187 1338 2223 πάθους
1355 2187 1455 2218 εὐθέως
1468 2186 1696 2222 θεραπευθέντος,
1717 2188 1732 2214 ὁ
1755 2187 1868 2222 Συμεὼν
1886 2187 1967 2223 ίλαρᾷ

1177 2234 1224 2260 καὶ
1237 2233 1352 2269 δψεικαὶ
1364 2233 1481 2268 γλώττῃ,
1499 2233 1655 2268 Ἄνθρωπε,
1669 2233 1753 2265 ἴασαι,
1768 2233 1882 2267 ἐφη.”Ως
1895 2233 1922 2260 δδ
1935 2233 1967 2260 τι

342 2279 415 2305 illico
428 2281 576 2312 persanato
591 2276 687 2303 morbo
706 2276 852 2303 incolumis
865 2279 982 2307 astaret;
996 2274 1126 2310 Symeon.
1144 2285 1164 2312 ι)
1178 2280 1186 2306 ε

1122 2295 1126 2304 .
1144 2285 1164 2312 ι)
1178 2279 1275 2315 ἀθρόον
1293 2280 1381 2306 ἐκεῖνο
1397 2280 1446 2314 τῆς
1461 2279 1620 2313 θεραπείας,
1634 2278 1682 2305 καὶ
1696 2278 1782 2314 αὐτὴν
1805 2276 1905 2312 ἔϐλαψα
1916 2278 1966 2313 τὴν

340 2323 539 2351 animadversis
557 2323 613 2358 jam
628 2327 657 2349 et
671 2322 815 2356 repentina
833 2321 954 2348 hominis
974 2321 1128 2352 sanatione,

341 2375 369 2397 et
382 2369 457 2405 gravi
471 2368 550 2404 quasi
563 2368 654 2395 adhuc
670 2367 802 2403 patientis
815 2375 908 2398 sensu.
924 2367 963 2394 ait
984 2367 1035 2397 illi,
1052 2367 1129 2394 vultu

341 2419 423 2450 atque
438 2421 486 2441 ore
507 2414 644 2441 renidenti
659 2422 666 2440 :
682 2413 716 2440 Hi
734 2413 827 2445 homo.
843 2417 955 2440 sanatus
966 2420 1005 2440 es.
1023 2412 1131 2446 Nequa-

341 2468 433 2494 quam,
449 2464 543 2487 sancte
555 2460 613 2492 Dei,
626 2461 664 2486 ait
676 2460 746 2486 alter
759 2460 828 2486 ﬂens
842 2463 924 2492 atque
935 2458 1130 2493 ingemiscens.

341 2506 389 2533 sed
398 2510 520 2533 extrema
533 2505 658 2540 qumdam
670 2505 821 2532 necessitas
833 2511 876 2530 me
889 2503 1000 2537 premit,
1011 2502 1131 2537 facitque

343 2557 374 2579 ut
388 2560 462 2579 mors
479 2552 546 2578 mihi
564 2552 648 2586 longe
662 2550 765 2586 gratior
780 2550 825 2576 tali
843 2549 899 2576 vita
913 2550 957 2577 sit.
975 2549 1053 2577 Tunc
1066 2557 1131 2577 san-

335 2601 404 2626 'ctus
423 2598 505 2626 tacite
522 2597 691 2632 subjiciens:
707 2596 847 2626 Scrutare,
866 2595 966 2630 inquit,
976 2596 1130 2632 temetipse.

341 2644 529 2678 etcomperies
535 2651 567 2670 ex
576 2648 632 2673 toto
638 2642 821 2670 convaluisse.
831 2641 899 2669 Cum
916 2646 1007 2669 autem
1017 2642 1039 2669 is
1050 2650 1131 2669 manu

343 2690 496 2725 periculum
514 2689 573 2724 ejus
588 2689 628 2716 rei
645 2688 770 2720 fecisset,
783 2695 812 2715 se
832 2687 998 2714 incolumem
1018 2688 1130 2722 reperit.

343 2734 523 2762 tubereomni
536 2733 648 2760 omnino
657 2733 781 2760 emollito
796 2737 823 2760 et
833 2733 958 2767 depulso.
973 2732 1041 2760 Cum
1051 2733 1132 2768 igitur

343 2781 410 2808 nihil
419 2780 580 2815 quidquam,
592 2780 664 2814 quod
674 2788 689 2807 a
703 2783 801 2806 natura
812 2779 931 2806 alienum
943 2784 1024 2809 esset,
1035 2779 1133 2814 depre-

344 2826 488 2859 henderet,
499 2830 567 2853 testu
579 2825 662 2852 animi
673 2825 794 2860 repletus
803 2832 835 2851 ac
845 2824 1068 2859 vertigine(quod
1079 2833 1132 2851 non

344 2874 426 2900 modo
434 2872 572 2909 repentini
584 2872 685 2904 luctus,
698 2879 794 2898 verum
807 2871 889 2898 etiam
902 2871 994 2906 gaudii
1006 2878 1134 2898 excessus

344 2927 397 2947 non
413 2927 476 2947 raro
492 2918 636 2947 consuevit
651 2917 769 2950 efficere,
787 2925 848 2945 cum
865 2925 894 2945 re
908 2917 1035 2952 quapiam
1056 2917 1132 2945 inex-

334 3163 396 3376 l

1179 2324 1226 2351 τοῦ
1251 2324 1400 2358 πάσχοντος
1415 2323 1553 2358 αἴσθησιν,
1581 2323 1725 2358 οὐδαμῶς,
1749 2322 1810 2356 ἆγιι
1828 2322 1874 2349 τοῦ
1887 2322 1967 2355 Θεοῦ,

1180 2370 1304 2405 δακρύων
1319 2369 1368 2396 καὶ
1384 2369 1484 2396 στένων
1498 2366 1584 2399 εἶπεν,
1600 2368 1668 2394 ἀλλὰ
1687 2367 1791 2402 χαλεπή
1804 2375 1847 2399 τις
1860 2367 1967 2402 ἀνάγκη

1182 2415 1270 2446 πιέζει
1293 2422 1338 2449 με,
1354 2414 1428 2449 ηδιον
1443 2413 1533 2448 πολλῷ
1556 2412 1603 2439 τοῦ
1619 2412 1669 2448 ζῇν
1690 2411 1776 2443 οὕτως
1798 2411 1968 2447 ἐργαζομένη

1183 2469 1227 2494 μοι
1254 2460 1283 2486 τὺ
1300 2460 1399 2486 θανεῖν.
1422 2459 1451 2486 '0
1469 2459 1498 2485 δὲ
1523 2459 1615 2494 ἡρέμα
1641 2458 1781 2493 προσθεὶς.
1806 2457 1969 2493 Ἐρεὺνησον

1183 2506 1289 2538 ἑαυτὸν,
1304 2506 1368 2540 ἔφη,
1379 2505 1430 2532 ’καὶ
1439 2505 1500 2541 εῐσῃ
1511 2504 1604 2538 σαφῶς
1619 2505 1659 2531 ὅτι
1675 2503 1721 2530 τοῦ
1734 2503 1835 2534 πάθους
1849 2503 1970 2536 ἀπήλλα-

1183 2551 1237 2584 ξαι.
1263 2551 1308 2582 Ὠς
1332 2550 1361 2577 δὲ
1378 2552 1411 2586 τῇ
1430 2551 1503 2587 χειρὶ
1521 2551 1569 2584 τὴν
1593 2550 1705 2584 ἔρευναν
1722 2548 1882 2585 ἐπιτρέψας,
1901 2548 1971 2582 ἔγνω

1184 2598 1280 2625 ἑαυτὸν
1303 2597 1408 2630 ἀπαθῆ,
1424 2596 1471 2623 τσῦ
1489 2596 1572 2630 δγκου
1594 2597 1768 2623 παντάπασιν
1792 2595 1971 2622 ὑπολεανθὲν-

1182 2653 1238 2675 τος,
1260 2643 1298 2674 ὡς
1319 2643 1401 2678 μηδὲν
1416 2651 1442 2669 τι
1461 2640 1508 2669 οὖν
1525 2642 1777 2677 ὲπισημαίνειν,τοῦ
1792 2641 1863 2668 κατὰ
1878 2641 1959 2676 φύσιν

1185 2689 1288 2722 ἰλίγγου
1302 2687 1453 2722 πληροῦται
1474 2687 1522 2713 καὶ
1534 2687 1608 2722 δίνης
1622 2694 1628 2701 ·
1645 2687 1714 2722 ὅπερ
1726 2687 1757 2713 οὗ
1774 2686 1862 2721 λύπης
1884 2687 1973 2720 αίφνι-

1187 2736 1238 2762 Sfou
1259 2735 1350 2769 μόνον,
1367 2734 1435 2761 ἀλλὰ
1451 2734 1498 2760 καὶ
1514 2734 1601 2768 χαρᾶς
1616 2732 1753 2768 ὑπερϐολὴ
1776 2732 1906 2769 πολλάκις
1922 2733 1972 2760 πέ-

1185 2789 1252 2813 φυκε
1265 2781 1343 2816 δρᾷν,
1356 2780 1396 2815 τῷ
1409 2779 1533 2815 ἀδοκήτῳ
1549 2779 1597 2805 τοῦ
1617 2779 1779 2814 πράγματος
1793 2778 1823 2804 τὸ
1837 2778 1887 2813 τῆς
1904 2787 1974 2813 καρο

1186 2826 1242 2858 δίας
1269 2826 1370 2862 θερμὸν
1398 2826 1578 2856 συστείλασα,
1605 2826 1653 2852 καὶ
1682 2825 1780 2860 νεκρὰς
1807 2824 1903 2860 ὥσπερ
1927 2824 1973 2850 τοί

1189 2872 1310 2907 σώματος
1332 2871 1382 2903 τάς
1401 2870 1543 2906 ἐνεργείας
1559 2869 1742 2896 ἀπολιποῦσα.
1763 2869 1792 2896 '0
1807 2869 1856 2905 μὲν
1876 2866 1922 2896 οὖν
1936 2869 1975 2904 τιῖ.

1187 2918 1234 2945 τοῦ
1258 2917 1421 2953 πράγματος
1437 2915 1585 2951 παραδόξῳ
1599 2915 1797 2950 καταπλαγεὶς,
1817 2916 1908 2949 ὀλίγον
1921 2916 1973 2943 δῶ

1004 3045 2103 3460 -ἀ
