2138 3472
190 264 259 296 3l53

692 263 780 293 VlTA
800 264 823 291 Α
841 261 1058 291 NlCEPHORO
1077 259 1318 290 CONSCRlPTA.

1746 252 1816 283 315$

187 318 282 353 Εμελλε
306 318 493 354 περιτρέπειν,
515 318 538 344 ιί
563 317 600 353 μὴ
619 318 712 352 χεῖρας
732 316 806 348 αὑτῷ
829 325 901 347 τινες
925 315 976 341 τῶν
990 316 1031 345 As

972 325 976 338 ν
990 316 1015 345 Α
1027 318 1150 349 spectata
1166 313 1241 340 calor
1252 311 1344 339 cordis
1356 310 1540 341 contrahitur,
1552 309 1713 343 etcorporis
1721 315 1816 342 oper.»

188 372 226 390 πα
231 363 331 398 ρόντων
346 364 397 390 ὑπὲ
402 372 474 398 σχον.

1030 361 1118 387 tiones
1132 359 1209 385 velut
1223 362 1355 385 emortua:
1372 355 1526 388 desinunt),
1549 354 1682 393 repletus,
1695 353 1817 388 inquam.

187 416 301 446 stupore
313 412 349 438 ob
364 411 402 438 rei
418 419 472 437 non
487 410 604 445 opinata:
621 409 874 440 admirabilitatem,
908 415 992 442 prope
1013 407 1062 434 tuit
1086 411 1115 434 ut
1131 409 1282 436 corrueret,
1301 404 1354 431 nisi
1372 403 1485 439 quidam
1518 402 1694 437 praesentium
1713 400 1819 433 injectis

188 459 317 486 manibus
334 459 551 493 prohibuissent.

225 508 299 540 ρπα¹.
311 505 498 539 Καταπεπληγ
502 505 588 539 μένων
598 504 626 531 δὲ
636 504 734 539 κομιδῇ
746 503 792 529 καὶ
802 502 910 530 πάντων
921 502 979 528 ὅσοι

185 549 233 576 τοῦ
248 549 356 577 τοσοῦδε
375 548 513 583 θαύματος
528 547 676 581 ἐτύγχανον
697 549 801 579 θεαταὶ,
815 547 846 574 τὸ
863 546 975 573 παλαιὸν

186 595 235 622 τοῦ
251 595 370 629 πονηροῦ
384 594 451 629 πρὸς
468 594 567 620 κακίαν
592 594 708 628 ὄργανον
722 594 735 619 ὁ
759 592 917 627 ’Λγγουλᾶςι
944 593 977 619 ἐκ

191 641 274 668 μέσον
286 640 387 667 τούτων
404 639 558 671 ὑπολαὸὼν,
580 640 608 667 '0
624 640 672 674 μὲν
685 638 732 667 οὖν
750 640 841 674 θγκος,
856 639 894 669 ὡς
907 638 978 673 ὁρῶ-

192 695 254 722 μεν,
268 686 364 722 ᾤχετο,
383 686 435 722 εφη
447 694 455 701 ο
468 686 496 713 τί
513 686 542 712 δὲ
557 687 604 712 καὶ
616 686 630 711 ὁ
640 685 766 716 τοσοῦτος
786 685 832 711 τοῦ
847 685 980 719 δέρματος

191 731 302 764 κόλπος,
315 731 364 757 εἴτ’
376 731 422 758 οὖν
435 731 464 757 τὸ
477 732 722 766 ὑποπεπλησμένον
737 729 783 756 τοῦ
797 729 879 762 ὄγκου
894 728 982 762 δέρμα

192 777 317 811 γεγόνει;
347 778 396 812 ἐμὲ
423 778 477 812 γὰρ
504 778 534 804 οὺ
552 777 670 812 μετρίως
696 775 855 802 τὰτοιαῦτα
877 773 982 807 πέφυκε

194 823 391 855 σκανδαλίζειν.
420 823 503 855 Εἰδὼς
535 823 623 849 τοίνυν
641 824 654 849 ὁ
680 822 775 855 Μέγας
797 822 893 854 πεῖραν
913 816 981 844 εἶναι

193 868 272 895 τοῦτο
287 869 333 895 τοῦ
348 869 482 905 βασκάνου
496 870 542 896 κα)¹
557 869 649 898 πάλιν,
660 869 747 895 ὁπόσα
761 867 808 894 καὶ
821 865 929 901 γλώττῃ
945 863 982 898 τῷ

1066 498 1127 525 l8].
1149 498 1204 525 Nec
1213 498 1304 524 minor
1320 504 1427 527 omnes,
1438 495 1486 530 qui
1500 495 1568 522 tanti
1581 493 1700 529 prodigii
1714 498 1821 528 specta—

1030 549 1104 571 tores
1117 543 1253 575 astabant,
1269 548 1365 577 stupor
1384 541 1507 568 incessit.
1521 541 1598 568 Unus
1616 539 1747 575 Angulas,
1764 539 1819 573 jam

1030 590 1136 625 pridem
1155 590 1288 616 daemonis
1312 588 1352 615 ad‘
1362 588 1434 615 mala
1453 586 1635 622 perpetranda
1648 585 1820 613 instrumen-

1031 640 1099 668 tum,
1116 644 1131 663 e
1146 635 1237 662 media
1254 634 1333 661 turba
1354 633 1528 669 proclamans
1552 641 1558 658 ε
1580 632 1683 658 Tumor
1699 630 1822 665 quidem,

1034 682 1134 716 inquit,
1152 681 1233 713 abiit,
1253 685 1283 708 ut
1304 680 1432 707 videmus
1447 688 1454 706 :
1469 686 1564 706 verum
1582 678 1648 713 quid
1667 681 1759 704 tantus
1772 676 1823 703 istc

1034 726 1112 760 pellis
1128 726 1225 753 sinus?
1241 725 1308 760 quid
1322 725 1344 752 si
1357 729 1465 751 tumore
1478 723 1570 750 denuo
1582 721 1771 757 compleatur?
1783 721 1824 748 Me

1033 773 1175 799 enimvero
1187 780 1243 799 non
1255 771 1433 798 mediocriter
1446 770 1535 797 solent
1549 768 1613 795 talia
1625 768 1823 795 scandalizare.

1032 818 1084 845 Pro
1100 821 1241 852 comperto
1253 822 1345 843 autem
1357 816 1464 843 habens
1483 822 1598 849 magnus
1613 814 1732 849 Symeon
1762 817 1807 839 ten

1036 863 1168 890 tationem
1185 870 1245 890 esse
1269 862 1354 889 invidi
1384 862 1471 889 hostis
1486 861 1585 893 nostri,
1609 868 1658 895 per
1677 868 1709 887 os
1730 859 1824 886 miseri

193 913 280 949 ἀθλίῳ
295 901 380 950 tedam
395 915 548 950 χρωμένου,
564 915 725 949 ἐμφυσήσας
745 913 783 948 τῷ
799 910 980 946 ἀναισχύντῳ.
997 901 1018 928 Β

997 901 1018 928 Β
1037 909 1117 936 istius
1134 909 1284 943 loquentis.
1303 907 1454 935 iusadiavit
1473 908 1499 934 in
1519 906 1720 941 impudentem,
1742 909 1826 940 utque

195 960 239 985 ἵνα
251 960 298 986 καὶ
309 959 358 995 τὴν
372 961 495 986 ἐναντίαν
513 960 635 995 ἀπελάσῃ
648 959 773 993 δύναμιν,
791 958 820 984 '0
836 957 882 983 τὸν
893 956 986 982 τοσοῦ-

195 1014 252 1038 τον,
264 1006 328 1040 ἔφη,
340 1006 436 1037 λεάνας
446 1007 527 1040 ὄγκον
540 1007 587 1032 καὶ
596 1006 734 1036 διαλύσας,
747 1005 797 1031 οὑκ
810 1004 863 1038 ἄρα
874 1002 986 1033 δυνατὸς

194 1048 273 1082 οὗτος
288 1052 334 1078 καὶ
349 1052 379 1078 τὸ
395 1052 483 1086 δέρμα
501 1052 613 1084 συνάξαι
627 1051 707 1077 πάλιν
729 1050 776 1077 καὶ
790 1049 983 1079 καταστεῖλαι;

201 1096 272 1122 Ἀλλ’
297 1098 312 1123 ὸ
337 1097 387 1132 μὲν
413 1097 461 1132 τὴν
486 1098 533 1124 τοῦ
555 1096 670 1124 παλαιοῦ
684 1096 814 1131 πολεμίου
832 1094 986 1131 προσὸολὴν

194 1141 282 1178 ταύτῃ
294 1143 339 1169 καὶ
353 1143 399 1169 νῦν
410 1143 596 1178 διεκρούσατο.
607 1144 686 1175 ἡμεῖς
699 1142 727 1168 δὲ
739 1142 806 1176 πρὸς
819 1142 852 1168 τὰ
863 1141 926 1176 ἑξῆς
938 1139 985 1167 τοῦ

195 1187 275 1221 λόγου
290 1187 454 1224 τρεψόμεθα.

233 1232 304 1267 ρπβ’.
325 1232 450 1268 Μοναχύς
477 1241 518 1263 τις
545 1232 616 1260 κατὰ
637 1232 796 1260 Λαοδίκειαν
817 1231 867 1266 τῆς
885 1230 987 1266 Συρίας

194 1278 434 1312 ἐγκεκλεισμένος,
454 1278 522 1313 πρός
537 1286 566 1304 τε
582 1278 631 1313 τὴν
654 1278 764 1313 χρονίαν
785 1276 925 1311 κάθειρξιν
940 1277 987 1303 καὶ

195 1323 246 1358 τὴν
278 1323 378 1359 συχνὴν
405 1324 523 1360 ἐρημίαν
551 1323 713 1359 ἀκηδιᾶσας,
733 1323 861 1358 ἀφορμὴν
892 1322 986 1357 ὥσπερ

196 1370 247 1395 οὐκ
262 1370 364 1396 ἐλάττω
375 1371 425 1404 τῆς
433 1369 549 1404 ἡσυχίας
557 1370 605 1405 τὴν
617 1370 657 1400 είς
675 1370 721 1396 τὸν
732 1369 802 1395 θεῖον
815 1368 928 1403 Συμεὼν
938 1369 986 1396 ἄν-

196 1415 257 1441 οδον
271 1415 393 1450 θέμενος,
410 1415 548 1449 ἐμήνυσεν
562 1414 635 1449 αὐτῷ
650 1415 751 1450 θερμὸν
766 1414 857 1449 ἔρωτα
873 1414 922 1449 τῆς
938 1414 986 1441 αὺ-

197 1459 246 1486 τοῦ
258 1460 469 1495 προσκυνήσεωε
487 1459 570 1494 ἔχειν,
589 1461 636 1486 καὶ
651 1459 700 1494 ἤδη
716 1458 858 1494 βούλεσθαι
870 1459 985 1485 ἀνιέναι.

201 1506 234 1532 Ὀ
249 1506 278 1532 δὲ
295 1506 326 1532 τὸ
343 1506 520 1542 μικροψύχως
537 1506 582 1533 ὑπ’
595 1505 678 1533 αὐιοῦ
701 1506 843 1540 γινόμενον
859 1504 910 1530 οὐκ
934 1506 986 1538 ἁγ-

1037 955 1140 982 inimici
1164 959 1327 990 potestatem
1344 955 1378 981 ab
1398 962 1432 981 eo
1456 954 1622 988 repelleret:
1641 953 1704 985 Qui,
1725 952 1826 986 inquit.

1039 1001 1200 1028 mollescere
1213 1005 1294 1035 atque
1303 1007 1468 1027 evanescere
1481 999 1546 1026 fecit
1561 1003 1695 1025 tumorem
1710 1001 1829 1030 tantum,

1036 1054 1127 1074 nonne
1141 1047 1214 1074 idem
1231 1046 1319 1081 possit
1336 1053 1446 1081 quoque
1462 1046 1562 1079 pellem
1576 1044 1706 1079 colligere
1721 1051 1753 1070 ac
1763 1050 1828 1071 con—

1037 1091 1147 1118 trahere
1159 1091 1269 1118 denuo?
1279 1091 1367 1125 Atque
1380 1091 1426 1118 ille
1438 1091 1549 1126 quidem
1560 1090 1601 1117 sic
1613 1090 1744 1124 impetum
1758 1089 1830 1115 anti-

1037 1137 1083 1172 qui
1095 1137 1183 1164 hostis
1193 1137 1277 1163 etiam
1289 1141 1355 1163 tunc
1369 1136 1520 1171 repressit:
1535 1143 1585 1163 nos
1599 1143 1666 1163 vero
1676 1135 1710 1162 ad
1724 1134 1828 1169 reliqua

1037 1182 1205 1217 pertexenda
1221 1182 1419 1210 convertimur.

1074 1239 1133 1267 182.
1147 1239 1262 1273 Quidam
1278 1240 1430 1267 monachus
1443 1239 1585 1267 Laodicea:
1595 1240 1680 1275 Syria:
1695 1239 1829 1269 inclusus,

1037 1285 1220 1313 diuturnioris
1245 1285 1380 1313 clausura:
1398 1293 1429 1313 ac
1447 1285 1604 1313 solitudinis
1630 1288 1770 1320 perpetuae
1786 1289 1831 1311 ιιι·-

1038 1331 1095 1364 dio,
1121 1331 1306 1359 meditabatur
1331 1332 1437 1359 aditum
1460 1332 1494 1359 ad
1514 1337 1641 1359 sanctum
1657 1331 1831 1367 Symeonem,

1037 1377 1122 1405 veluti
1147 1378 1319 1405 occasionem
1340 1385 1395 1405 non
1413 1378 1506 1406 minus
1518 1378 1604 1413 quieti
1625 1382 1830 1412 opportunam:

1036 1423 1149 1458 jamque
1162 1422 1367 1457 signiﬁcaverat
1381 1419 1464 1457 quam
1481 1421 1589 1449 ardenti
1605 1419 1743 1448 desiderio
1757 1424 1833 1447 tene-

1039 1469 1224 1503 retur,ipsum
1234 1468 1379 1498 adorandi.
1392 1467 1523 1502 quodque
1537 1467 1565 1494 in
1580 1467 1724 1502 procinctu
1738 1464 1773 1492 ad
1783 1465 1833 1492 iter

1039 1518 1133 1541 staret.
1151 1514 1203 1541 Sed
1216 1514 1261 1540 ille
1293 1513 1320 1541 in
1343 1512 1601 1548 pusillanimitatem
1625 1510 1756 1538 incidisse
1770 1517 1832 1537 eun:

199 1553 300 1587 νοήσας
311 1573 318 1584 ,
335 1554 390 1587 υὺχ
414 1553 488 1579 ὅσιον
506 1553 568 1579 οὐδὲ
584 1553 699 1588 πρέπον.
721 1552 784 1587 ἔφη,
801 1551 986 1578 καταλιπόντα
1003 1571 1025 1601 C
1041 1567 1043 1585 ς

1003 1571 1025 1601 α
1041 1559 1202 1593 neutiquam
1220 1559 1360 1593 ignorans,
1376 1557 1520 1592 respondit
1534 1566 1540 1583 :
1559 1556 1616 1583 Nec
1630 1557 1707 1591 pium
1727 1559 1770 1582 est
1785 1563 1832 1582 nec

200 1599 231 1624 et
249 1600 411 1633 προσκυνεῖν
424 1599 484 1634 Θεῷ
504 1600 534 1625 ὲν
548 1599 616 1634 αὐλῇ
634 1598 703 1633 ἁγίᾳ
726 1597 819 1630 αὑτοῦ,
834 1597 897 1632 ἥτις
916 1597 990 1622 ἐστὶν

200 1644 215 1669 ό
230 1644 276 1670 τοῦ
296 1644 414 1679 μοναχοῦ
430 1645 549 1675 οίκίσκος
564 1644 676 1679 ἀρεταῖς
702 1643 822 1674 ἁπάσαις
848 1641 990 1676 καταλαμ-

202 1690 319 1724 πόμενος
335 1698 364 1716 τε
382 1690 429 1717 καὶ
447 1691 661 1725 πλατυνόμενος,
676 1691 716 1721 είς
740 1688 885 1724 ἀνθρώπου
907 1695 994 1722 προσ-

202 1736 315 1769 κύνησιν
325 1736 413 1771 ἥκειν·
438 1737 615 1771 Ὑπόμεινον
629 1736 694 1770 γὰρ,
710 1736 786 1770 φησὶ,
801 1735 855 1762 τὸν
871 1735 992 1768 Κύριον,

202 1785 218 1809 ο
234 1783 305 1814 θεῖος
331 1782 431 1814 Auum,
458 1782 507 1808 καί
536 1782 674 1816 φύλαξον
703 1781 761 1814 τὴν
791 1780 864 1807 ὁδὸν
888 1779 992 1806 αὑτοῦ.

203 1827 296 1854 Ταῦτα
309 1828 460 1862 τηνικαῦτα
476 1827 525 1860 μὲν
542 1828 641 1861 ἐπέσχε
662 1826 707 1852 τὸν
723 1826 840 1860 μοναχόν
854 1833 860 1840 ·
878 1824 925 1851 τοῦ
941 1825 994 1851 πά-

205 1873 269 1905 θους
285 1873 313 1899 δὲ
329 1874 398 1908 μετὰ
414 1873 510 1908 μικρὸν
524 1872 767 1904 δυναστεύσαντος,
781 1872 891 1904 ἔξεισιν,
901 1872 932 1897 οὺ
944 1871 995 1905 τὴν

204 1919 321 1954 ἡσυχίαν
341 1919 406 1952 παρ’
420 1918 496 1944 οὐδὲν
512 1918 591 1953 μόνον
606 1917 666 1943 οὐδὲ
690 1917 740 1952 τὴν
757 1915 896 1951 κάθειρξιν
914 1915 996 1949 θέμε-

206 1973 262 1996 νος,
282 1964 351 1991 ἀλλὰ
377 1964 425 1991 καὶ
449 1965 489 1995 είς
523 1966 661 1998 πορνείαν,
688 1963 783 1997 οἴμοιί
812 1962 996 1996 κατενεχθεὶς,

207 2010 309 2045 πτῶμα
339 2010 419 2036 τίνων
452 2010 483 2035 οὐ
511 2009 656 2044 δακρύων,
681 2010 766 2035 ποιων
795 2009 846 2035 οὐκ
872 2008 998 2043 ὀδυρμῶν

207 2057 282 2089 ἄξιον
292 2057 298 2083 l

244 2105 317 2136 ρπγ’.
336 2102 450 2129 Ἔπειτα
478 2102 570 2136 μέντοι
599 2102 738 2136 παρέϐαλε
767 2102 807 2137 τῷ
839 2101 1000 2137 Ἀγίῳ,τῆς

209 2147 260 2181 μὲν
274 2147 411 2182 ἁμαρτίας
429 2147 490 2174 οὐδὲ
523 2147 603 2183 ψιλὴν
624 2148 692 2179 ὅλως
716 2148 876 2183 ποιούμενος
891 2148 1001 2182 μνήμην

208 2190 264 2228 (οἵα
280 2193 315 2219 τὰ
338 2193 385 2219 τοῦ
411 2193 533 2228 πονηροῦ
559 2194 746 2229 τεχνάσματα,
770 2194 843 2228 καὶὴ
859 2193 927 2227 πρὸς
954 2192 1001 2226 τὴν

208 2238 403 2275 ἐξομολόγησιν
420 2240 467 2266 τοῦ
483 2240 568 2267 κακοῦ
587 2241 647 2272 ταῖς
663 2240 717 2266 τῶν
733 2239 888 2274 ἀνθρώπων
900 2239 1000 2273 ψυχαῖς

209 2286 374 2321 ἂγγινομὲνη
400 2285 481 2317 αἰδώς
494 2286 527 2320 ί),
542 2285 590 2320 τὴν
607 2285 635 2311 δὲ
649 2285 699 2320 τῆς
727 2284 859 2319 συνήθους
884 2284 998 2319 ἡσυχίας

208 2331 347 2358 ἔκπτωσιν
386 2331 493 2365 πικρῶς
521 2331 692 2367 ὀδυρόμενος.
727 2331 755 2357 ’0
789 2331 817 2357 at
849 2330 1000 2365 ὀφθαλμοῖς

209 2376 334 2407 ἀθεάτοις
365 2377 397 2402 τὰ
427 2378 606 2411 κεκρυμμένα
624 2376 705 2412 ὁρῶν,
732 2377 778 2403 καὶ
803 2376 850 2402 τοῦ
880 2376 999 2411 χαλεποῦ

211 2420 313 2454 μύσους
331 2420 436 2446 ἐκείνου
459 2421 505 2446 τὸν
524 2421 640 2455 μοναχὸν
666 2421 842 2455 ἀποκαθᾶραι
869 2420 1000 2456 βουλόμε-

210 2471 265 2494 νος,
278 2463 315 2489 Οὐ
336 2464 499 2499 συναλγὴπω
519 2472 570 2496 σοι,
588 2465 680 2499 φησὶν,
695 2466 737 2491 ὅτι
757 2465 803 2491 τὸν
816 2465 863 2491 τοῦ
877 2466 1000 2492 οίκίσκου

211 2509 359 2544 διέρῥηξας
385 2512 484 2544 τοῖχον,
499 2510 559 2537 ἐπεί
590 2519 631 2537 σοι
650 2511 697 2537 καὶ
714 2510 845 2537 εἰσελθεῖν
871 2511 950 2543 αὖθις
967 2512 1001 2539 δι’

212 2555 295 2581 αὐτοῦ
312 2557 388 2591 ῥᾷον,
405 2558 451 2583 καὶ
477 2558 542 2583 εἵσω
565 2557 693 2591 γενέσθαι
709 2557 790 2585 πάλιν
812 2557 999 2585 ἐπανελθόντι·

211 2601 270 2629 ἀλλ’
283 2603 323 2629 ὃτι
337 2604 383 2630 τὸν
398 2604 448 2638 τῆς
469 2604 559 2639 ψυχῆς
572 2604 735 2635 κατέσεισας
757 2604 872 2639 πύργον,
890 2605 938 2631 καὶ
964 2605 1002 2640 τῷ

211 2649 312 2684 ἐχθρῷ,
341 2650 407 2684 (psi!
422 2650 595 2685 αἰχμάλωτος
610 2651 782 2686 ἀπηνέχθης.
804 2652 845 2682 είς
872 2652 1001 2686 πορνείαν

212 2695 421 2730 κατολισθὴσας,
437 2696 459 2722 Τ
461 2696 531 2723 αὕτα
561 2697 607 2723 τὸν
636 2697 753 2732 μοναχὸν
785 2697 956 2732 καταπλῆξαι
972 2706 1001 2723 τε

212 2741 270 2775 ἅμα
287 2741 334 2768 καὶ
348 2741 520 2775 καταιδέσαι,
534 2743 565 2769 τὸ
585 2743 633 2777 μὲν
657 2745 689 2778 τῇ
713 2744 767 2769 τῶν
784 2743 902 2777 ἐλέγχων
925 2743 1002 2769 ἐλευ-

213 2787 291 2823 θερίᾳ
307 2789 355 2815 ἐπὶ
371 2791 425 2820 τοῖς
441 2790 558 2824 ἀδήλως,
575 2790 613 2821 ὡς
641 2789 722 2821 αὐτὸς
748 2788 826 2824 ᾤετο,
848 2790 1003 2825 διαπεπρα-

212 2835 333 2870 γμένοις,
358 2835 389 2862 τδ
414 2836 442 2862 δὲ
458 2836 497 2871 τῷ
518 2834 628 2871 μεγέθει
654 2837 713 2872 τῆς.
727 2837 843 2872 ὕϐρεως,
867 2837 901 2872 ἡν
921 2837 1002 2869 αὐτὸς

212 2881 253 2914 εἰς
284 2881 380 2908 ιαυτὺν
410 2881 511 2913 ἀθλίως
542 2882 689 2918 ἐνύϐρισε·
722 2883 770 2910 καὶ
790 2883 881 2920 πρηνῆ
905 2883 1002 2910 ἑαυτὸν

247 2971 271 2987 ⁵⁸
287 2970 360 3009 l‘sal.
380 2979 469 3005 um,
485 2971 529 2998 5i.

1042 1604 1132 1636 decet.
1150 1604 1172 1630 si
1183 1604 1290 1631 desinat
1305 1604 1368 1638 quis
1384 1604 1471 1630 Deum
1480 1602 1597 1629 adorare
1617 1602 1645 1628 in
1667 1601 1728 1628 aula
1741 1605 1834 1627 sanet:

1044 1657 1103 1681 sua,
1130 1649 1220 1684 qualis
1246 1652 1288 1676 est
1311 1648 1379 1676 cella
1401 1647 1541 1679 monachi,
1561 1647 1695 1673 virtutum
1712 1645 1834 1673 omniunz

1044 1694 1190 1729 splendore
1204 1685 1345 1728 refulgens
1362 1699 1395 1719 ac
1406 1692 1518 1723 referta,
1535 1691 1686 1725 veniatque
1699 1690 1733 1717 ad
1746 1689 1820 1716 homi
1829 1704 1836 1708 -

1044 1746 1107 1766 nem
1119 1738 1300 1765 adorandum.
1313 1737 1448 1771 Exspecta
1459 1736 1612 1768 Dominum,
1625 1736 1737 1762 divinus
1748 1735 1837 1769 inquit

1044 1784 1140 1815 David,
1155 1788 1178 1810 et
1188 1783 1288 1810 custodi
1303 1784 1373 1810 viam
1384 1783 1442 1818 ejus
1454 1782 1488 1808 “.
1499 1780 1562 1808 Haec
1571 1786 1628 1808 tum
1640 1780 1753 1816 quidem
1767 1779 1839 1806 inhi-

1046 1829 1172 1857 buerunt
1186 1829 1351 1856 monachum
1365 1837 1373 1862 ;
1396 1836 1488 1856 terum
1506 1827 1588 1862 paulo
1606 1832 1678 1862 post,
1689 1825 1837 1861 pradomi-

1046 1880 1128 1903 nantc
1143 1875 1240 1903 eadem
1249 1875 1335 1905 animi
1349 1873 1661 1910 perturbatione,exiit,
1680 1872 1841 1907 relinquens

1048 1929 1103 1948 non
1120 1921 1208 1947 solum
1226 1921 1347 1955 quietem
1360 1927 1438 1947 suam
1453 1924 1538 1954 atque
1556 1920 1721 1948 claustrum.
1747 1917 1794 1944 sed
1811 1917 1836 1943 in

1048 1966 1260 1993 fornicationem
1277 1973 1400 2000 quoque,
1432 1965 1487 1992 heu
1515 1965 1575 1992 mel
1609 1963 1747 1993 incidens.
1773 1971 1838 1990 casu

1049 2012 1152 2046 quibus
1164 2019 1220 2038 non
1238 2011 1379 2046 lacrymis,
1403 2010 1505 2046 quibus
1533 2018 1589 2041 non
1615 2009 1775 2044 planctibus
1799 2009 1842 2035 di-

1049 2065 1103 2092 gno
1116 2058 1121 2083 l

1088 2102 1148 2129 l83.
1163 2102 1267 2129 Deinde
1286 2107 1376 2129 tamen
1397 2102 1484 2131 sancti
1500 2106 1643 2137 aspectum
1661 2102 1758 2134 subiit,
1774 2101 1839 2129 nul-

1051 2148 1105 2176 lam
1118 2148 1160 2175 vel
1183 2148 1375 2176 tenuissimam
1399 2147 1501 2182 (qualia
1517 2148 1628 2183 maligni
1642 2148 1759 2183 spiritus
1781 2148 1844 2174 arti-

1052 2193 1131 2221 ﬁcial
1147 2195 1237 2228 qualis
1252 2194 1420 2222 verecundia
1436 2194 1470 2221 ad
1498 2193 1687 2221 confitendum
1708 2193 1842 2220 malitiam

1020 2240 1144 2272 Dsuam,
1167 2239 1297 2268 immanis
1318 2240 1458 2267 mentibus
1488 2239 1641 2275 ingenita!)
1668 2239 1775 2274 peccati
1802 2239 1843 2266 sui

1051 2284 1155 2312 faciens
1182 2286 1370 2317 mentionem.
1403 2285 1452 2313 sed
1487 2285 1679 2313 indesinenter
1715 2285 1844 2320 plorans.

1051 2331 1124 2366 quod
1146 2331 1260 2366 pristina
1291 2332 1383 2367 quiete
1409 2332 1566 2359 excidisset.
1595 2331 1698 2359 Verum
1723 2338 1845 2362 sanctus.

1052 2377 1233 2405 interioribus
1243 2378 1331 2405 oculis
1347 2379 1511 2406 abscondita
1525 2377 1708 2413 perspiciens.
1721 2386 1753 2405 ac
1765 2377 1845 2405 tertia

1052 2423 1157 2458 peccati
1183 2423 1290 2450 macula
1317 2424 1485 2451 monachum
1512 2422 1684 2451 emundandi
1709 2422 1845 2458 cupidus:

1054 2468 1115 2496 Non
1129 2476 1181 2503 ego
1195 2469 1246 2495 tibi
1262 2469 1429 2503 contpatior,
1451 2469 1552 2504 inquit,
1563 2469 1639 2503 quod
1663 2468 1776 2496 claustri
1806 2468 1846 2494 tui

1052 2521 1148 2541 muros
1170 2514 1327 2549 perfregisti
1359 2515 1503 2550 (quoniam
1530 2515 1611 2542 facile
1629 2515 1679 2544 tibi
1709 2519 1752 2542 est
1770 2518 1847 2549 post-

1053 2560 1160 2587 liminio
1197 2561 1310 2593 reverti,
1335 2569 1367 2588 ac
1401 2569 1515 2589 reverso
1547 2562 1677 2596 intrare),
1698 2561 1745 2589 sed
1773 2559 1845 2595 quod

1053 2606 1152 2633 animae
1165 2610 1218 2634 tua:
1241 2607 1452 2642 propugnaculo
1476 2607 1630 2641 destructo,
1660 2608 1785 2642 captivus
1808 2606 1844 2633 ab

1054 2651 1132 2679 hoste
1145 2652 1281 2680 abductus
1294 2653 1424 2690 (pudor!)
1438 2654 1465 2681 in
1474 2654 1685 2682 fornicationem
1703 2653 1845 2688 prolapsus

1054 2698 1102 2725 sis.
1118 2698 1371 2726 Perculerunthaac
1385 2700 1553 2727 monachum
1569 2699 1673 2734 pariter
1697 2707 1729 2726 ac
1746 2698 1846 2725 confu-

1056 2743 1178 2777 derunt;
1206 2749 1264 2771 lmn
1295 2750 1409 2780 propter
1434 2746 1592 2773 libertatem
1621 2744 1845 2780 reprehendendi

1055 2789 1100 2817 illa
1127 2798 1190 2825 qua:
1216 2791 1274 2825 ipse
1288 2792 1404 2826 putabat
1432 2791 1502 2819 clam
1532 2792 1619 2824 facta;
1644 2797 1701 2818 tum
1735 2795 1848 2825 propter

1056 2840 1155 2863 tetram
1171 2837 1330 2872 ignominia:
1344 2840 1435 2865 notam
1446 2845 1529 2873 quam
1551 2837 1603 2864 sibi
1631 2836 1689 2871 ipse
1712 2836 1848 2864 inusserat

1056 2881 1166 2909 infelix:
1186 2883 1390 2920 prostravitque
1402 2892 1431 2911 se
1448 2890 1562 2919 pronus.
1582 2886 1718 2918 quantum
1747 2881 1849 2914 potuit.

17 3272 1969 3472 -—__
