2138 3238
319 215 389 248 7155

925 221 954 250 S.
977 220 1163 251 SYMEON.b
1182 223 1360 253 JUNIORIS

1868 225 1935 259 3156

323 281 355 300 ae
371 273 471 300 calenti
487 274 631 302 oculorum
644 274 732 303 imbre
749 279 849 302 terram
873 274 1016 309 irrigavit;
1034 278 1103 304 temo
1119 278 1142 306 Α
1156 277 1167 301 ο]

1093 289 1103 296 ο
1119 278 1142 306 Α
1156 276 1194 307 ὡς
1210 275 1264 311 ετχε
1280 276 1451 310 καταϐαλὼν,
1469 279 1514 305 καὶ
1531 278 1619 314 θερμὰ
1635 277 1741 313 δάκρυα
1760 278 1806 306 τοῦ
1824 280 1937 316 ἐδάφους

325 325 375 351 pus
389 326 499 353 quoque
514 327 570 354 quo
581 319 673 354 lapsus
686 319 774 347 fuerat
799 319 934 350 indicans,
947 319 1100 352 dictitabat,

322 363 446 398 quintam
460 364 534 391 illam
549 369 611 399 post
625 372 716 392 casum
730 365 772 399 agi
784 364 872 396 diem;
885 363 1103 398 obsecrabatque

324 409 436 436 liberari
453 418 467 437 a
478 414 584 443 sancto,
600 411 655 446 jam
667 409 758 444 przeda
778 409 849 436 hosti
865 410 964 436 factus.
979 408 1030 441 Qui
1042 417 1104 435 ora-

324 455 396 483 ‘ione
408 459 436 483 et
451 456 543 484 crucis
556 457 633 491 signo
651 456 742 491 ipsum
771 455 910 487 muniens,
928 454 1102 488 insuperabi-

325 506 377 530 lem
391 503 521 538 deinceps
537 503 613 530 hosti
636 503 725 538 fecit;
741 503 807 530 fecit
833 502 913 529 etiam
934 502 1103 535 cireumspe-

323 547 424 575 ctiores
438 548 588 582 discipulos
606 556 683 582 suos,
705 549 758 576 hoc
783 547 908 582 exemplo
933 546 1101 578 admonitos,

322 593 403 625 nihil.
416 593 482 622 licet
495 595 524 622 in
533 595 643 622 occulto
659 594 774 626 factum,
788 602 843 621 non
854 593 1027 628 exploratum
1039 599 1098 620 esse

320 637 461 673 Symeoui.
628 636 631 638 ’

355 684 417 711 184.
433 684 467 712 Et
482 684 536 712 hoc
556 685 668 719 quidem
693 685 874 715 demonstrat.
902 683 975 718 quod
1007 681 1102 717 procul

321 733 425 757 remota
441 730 568 765 Symeoni
582 730 657 757 velut
671 735 734 757 ante
743 729 838 757 oculos
849 735 922 764 gesta
936 734 1018 763 atque
1034 735 1101 762 pne-

320 775 408 802 sentia
427 775 646 807 exhiberentur;
663 775 711 802 sed
732 775 821 802 oratio
846 779 940 801 nostra
966 773 1025 800 vult
1049 773 1101 800 alia

319 829 439 856 quoque,
455 821 577 854 eiusdem
598 829 660 848 cum
675 822 730 856 jam
747 821 821 847 dicto
838 821 948 847 virtutis
959 823 986 846 et
1011 818 1102 847 efﬁca-

319 866 369 893 ciae
380 866 502 902 adiungi.
522 866 638 898 Accidit,
655 870 777 900 tempore
794 874 848 900 quo
874 865 966 900 fruges
989 869 1102 891 maturae

318 917 393 942 sunt,
406 911 551 946 quemdam
563 911 703 938 hominem
721 919 750 938 se
763 911 796 938 ad
812 916 933 938 montem
947 910 1101 937 mirabilem

1159 322 1370 357 καταχεόμενος,
1386 323 1425 349 ἔτι
1440 325 1487 350 καὶ
1498 324 1544 350 τὸν
1559 324 1653 358 χρόνον
1668 323 1714 350 τοῦ
1735 324 1879 359 πτώματος
1894 325 1938 357 ἒξ-

1157 364 1323 398 ομολογείτο,
1338 366 1464 401 πέμπτην
1476 366 1551 400 αὺτῷ
1564 367 1666 402 ταύτην
1681 366 1750 393 εἶναι
1765 368 1852 402 λέγων
1869 370 1938 404 μετά

1157 410 1187 435 τὸ
1208 410 1293 440 πάθος
1308 411 1426 445 ἡμέραν,
1440 412 1487 438 καὶ
1502 412 1634 447 ῥυσυῆναι
1650 412 1696 439 ὑπ’
1709 413 1791 440 αὐτοῦ
1804 414 1873 448 ᾔτει,
1890 415 1939 450 ἄρ’

1157 460 1255 486 παγμα
1282 453 1330 487 ἤδη
1358 453 1397 488 τῷ
1424 454 1557 491 ἀλλοτρίῳ
1582 457 1774 492 γεγενημένος.
1791 457 1872 485 Ἀλλά
1893 459 1940 486 τὸν

1158 499 1207 533 μὲν
1222 499 1288 534 εὐχῇ
1301 500 1348 525 καὶ¹
1366 501 1494 535 σφραγῖδι
1515 500 1640 534 ὁπλίσας,
1657 503 1879 538 ἀκαταγὼνιστον
1891 504 1938 531 τού

1155 545 1252 572 λοιποῦ
1271 545 1310 580 τῷ
1325 545 1416 581 ἐχθρῷ
1432 547 1579 582 πεποιήκει
1596 555 1603 562 ·
1617 548 1837 584 ἀσφαλεστέρους
1849 549 1879 576 δὲ
1891 549 1939 576 καὶ

1155 590 1219 621 τοὺς
1234 590 1368 625 μαθητὰς,
1388 591 1493 623 εἰδότας
1508 591 1581 623 ὅπως
1603 592 1680 619 οὐδὲν
1698 593 1780 620 αὑτὸν
1804 593 1866 620 οὐδὲ
1884 593 1938 621 τῶν

1157 636 1186 661 ὲν
1203 637 1295 671 κρυφῇ
1311 637 1462 672 γινομένων
1476 637 1656 666 διαλανθάνει.

1192 681 1263 715 ρπδν.
1280 681 1335 708 Καὶ
1361 681 1440 708 τοῦτο
1471 682 1520 717 μὲν
1544 682 1577 717 δὴ
1601 682 1717 715 τοιοῦτο,
1733 683 1781 709 καὶ
1809 683 1880 710 οὕτω
1903 682 1939 710 τὰ

1158 726 1267 761 μακρὰν
1293 726 1340 753 καὶ
1363 727 1458 762 πόρῤω
1473 727 1512 763 τῷ
1539 727 1651 762 Συμεὼν
1676 729 1706 754 ὲν
1729 728 1888 763 ὀφθαλμοῖς,
1900 728 1939 760 ὡς

1156 772 1279 806 παρόντα
1300 771 1423 799 δεικνύον
1437 780 1443 786 ·
1461 771 1474 798 ὁ
1490 773 1518 799 δὲ
1532 773 1612 807 λόγος
1634 774 1680 800 καὶ
1701 773 1769 801 ἄλλα
1785 775 1835 809 τῆς
1854 774 1939 809 αὐτῆς

1154 817 1193 851 τῷ
1207 817 1345 852 εἰρημένῳ
1353 817 1494 853 δυνάμεως
1505 819 1665 854 προσθεῖναί
1675 819 1939 855 βούλεταυἎνΘρώι

1155 871 1198 897 πῳ
1227 862 1326 898 συνέθει
1353 863 1406 889 τινὶ
1434 864 1498 899 περὶ
1523 864 1597 891 σίτου
1619 865 1712 899 ἀκμὴν
1731 864 1761 890 τὸ
1784 864 1939 900 θαυμαστὸν

1155 908 1256 935 ἀνιόντι
1271 908 1334 944 ὅρος
1363 910 1411 935 καὶ
1424 909 1464 944 τῷ
1487 918 1516 936 τε
1542 910 1661 937 καύσωνι
1686 911 1736 946 τῆς
1755 912 1841 948 ὥρας,
1854 911 1893 947 τῷ
1906 920 1938 938 τι

318 957 456 988 conferre,
474 957 698 992 tempestatisque
713 958 812 984 ardore
823 961 850 984 et
872 956 1027 982 acclivitate
1051 955 1102 982 vize
1116 949 1139 978 Β
1152 963 1162 981 ιι

1095 949 1139 982 ξΒ
1152 955 1201 989 τῆς
1217 955 1277 981 ὁδοῦ
1294 955 1411 986 ἀνάντει,
1431 956 1498 991 πρὸς
1520 956 1571 991 τὴν
1594 956 1640 983 τοῦ
1667 957 1760 992 δίψους
1782 957 1939 993 ἀπαγορεύ-

316 1003 434 1030 excitata
450 1003 511 1030 sitis
521 1002 696 1030 vehementia
724 1002 909 1034 deiicientem,
936 1001 1013 1027 humi
1035 1008 1103 1027 con~

318 1049 411 1076 cidere
425 1054 454 1076 et
465 1052 571 1076 tantum
590 1056 646 1075 non
663 1048 755 1075 animo
778 1048 877 1082 linqui.
895 1048 1010 1082 Jamque
1033 1051 1102 1074 tem-

318 1101 368 1128 pus
380 1097 439 1120 erat
453 1101 508 1128 quo
538 1094 704 1127 vespertinae
728 1098 866 1120 canuntur
892 1100 1000 1127 preces,
1034 1099 1102 1131 quas

317 1145 429 1166 sanctus
440 1147 490 1174 pro
505 1147 583 1166 more
603 1147 653 1166 suo
671 1147 733 1165 cum
753 1139 898 1173 discipulis
928 1138 984 1165 Deo
996 1137 1102 1171 persol-

317 1185 414 1216 vebat;
439 1192 502 1211 curn
532 1184 602 1211 duos
624 1184 734 1210 illorum
755 1184 789 1210 ad
813 1191 842 1210 se
871 1187 984 1210 vocatos
1011 1182 1100 1217 jubet,

317 1233 429 1264 accepto
441 1236 512 1264 pane
522 1233 550 1256 et
567 1236 648 1263 aqua,
660 1227 704 1254 via
720 1228 823 1254 montis
838 1231 972 1254 consueta
987 1226 1102 1253 descen-

318 1275 396 1306 dere,
413 1275 577 1301 inventuros
592 1272 738 1308 quemdam
761 1273 788 1299 in
799 1277 901 1299 terram
918 1275 1100 1306 prostratum,

317 1321 361 1347 vix
380 1320 533 1355 spirantem
547 1320 640 1347 animo
653 1319 800 1346 deficiente
813 1328 819 1345 :
834 1319 910 1345 hisce
920 1318 1022 1345 fractas
1048 1317 1100 1352 ipsi

317 1366 391 1393 vires
408 1365 605 1393 restituendas.
620 1365 723 1393 Verum
740 1364 870 1391 festinato
897 1371 967 1398 opus
983 1368 1035 1394 est,
1062 1363 1101 1389 in-

317 1411 386 1445 quit,
401 1418 438 1437 ne
448 1418 524 1438 mors
539 1415 708 1446 praevertens
721 1410 828 1436 auferat
850 1408 1011 1443 pauxillum,
1027 1407 1100 1442 quod

316 1460 452 1492 superest,
475 1455 599 1490 spiritus.
629 1454 670 1481 Illi
696 1458 788 1481 autem
819 1457 964 1480 currentes
993 1456 1024 1479 ut
1047 1451 1100 1479 sibi

319 1501 476 1528 mandatum
489 1505 559 1533 erat,
589 1499 732 1534 reperiunt
753 1500 888 1534 iacentem
906 1498 933 1525 in
949 1498 993 1525 via
1012 1498 1101 1525 bomi-

318 1554 391 1577 nem,
404 1546 460 1580 jam
471 1550 576 1573 tantum
591 1552 646 1571 non
662 1549 812 1571 mortuum.
825 1544 938 1571 Tollunt
950 1551 1015 1579 ergo
1024 1550 1098 1576 cum,

318 1598 401 1626 atque
422 1591 449 1618 in
464 1594 571 1625 partem
584 1589 745 1617 monasterii
774 1588 936 1616 inferiorem
971 1592 1099 1623 portant:

319 1637 365 1664 ubi
380 1637 424 1664 vix
449 1635 558 1663 tandem
587 1635 783 1663 abiturientem
813 1634 942 1672 spiritum
970 1634 1100 1667 retinere,

319 1683 445 1716 viresque
461 1688 591 1709 revocare
604 1685 766 1716 potuerunt.

355 1727 413 1754 185.
427 1726 601 1754 Carbonibus
611 1726 759 1761 aliquando
773 1725 968 1753 deﬁcientibus
986 1726 1013 1753 in
1044 1733 1103 1753 mo-

321 1773 454 1806 nasterio,
468 1772 648 1800 contulerunt
660 1772 769 1806 vesperi
781 1771 854 1799 inter
864 1780 893 1799 se
905 1773 994 1807 capita
1004 1777 1031 1799 et
1045 1779 1101 1799 ser-

321 1826 417 1845 mones
428 1817 577 1846 admodum
603 1817 675 1844 anxii
695 1817 814 1844 fratres:
837 1817 939 1851 quibus
962 1817 1099 1852 Symeon:

319 1864 419 1896 Nolite,
434 1864 534 1898 inquit,
555 1863 665 1891 solliciti
676 1870 755 1895 esse;
777 1862 906 1890 adveniet
920 1861 1023 1897 quippe
1039 1862 1102 1890 luce

319 1909 440 1937 crastina
455 1913 548 1936 tantus
562 1909 711 1941 carbonum
720 1916 864 1938 numerus.
875 1913 994 1943 quantus
1007 1907 1102 1935 usibus

319 1953 480 1980 monasterii
496 1952 612 1980 sufﬁciat
624 1961 630 1979 ε
642 1959 704 1979 nam
721 1953 810 1979 virum
824 1952 969 1987 quemdam
991 1951 1100 1987 prospi-

318 1999 363 2025 cio
375 1999 556 2030 rusticanum,
571 1997 640 2024 duos
654 1997 743 2024 mulos
752 1997 806 2023 huc
818 2001 952 2031 agentem,
965 1996 1100 2031 ejusmodi

320 2051 390 2078 quos
412 2043 495 2070 vultis
523 2043 657 2069 carbones
683 2043 847 2076 baiulantcs.
876 2042 951 2069 Talia
978 2043 1022 2069 ille
1050 2043 1100 2070 sub

320 2088 411 2115 noctis
421 2087 566 2114 exordium
583 2087 747 2121 discipulis:
764 2091 873 2121 postera
897 2094 962 2113 vero
986 2087 1046 2114 luce
1059 2087 1101 2113 vir

319 2133 363 2161 ille
378 2132 488 2160 advexit
498 2132 726 2167 qua>przedixerat
738 2136 858 2158 δαιτί-ως,
873 2132 1041 2165 Praeceperat
1052 2132 1101 2158 ali-

319 2179 430 2214 quando
438 2179 505 2209 suis,
519 2185 643 2212 nequem
659 2178 773 2204 omnino
794 2178 951 2204 saecularem
964 2177 1101 2204 hominem

319 2225 507 2254 convenirent,
532 2230 620 2257 neque
646 2222 781 2256 colloquia
814 2222 867 2249 ulla
891 2226 938 2249 aut
961 2229 1102 2249 sermones

1156 1007 1233 1025 οαντι
1252 999 1312 1033 βίαν
1324 999 1371 1026 ἐπὶ
1389 999 1439 1035 τὴν
1453 1000 1505 1034 γῆν
1526 999 1724 1036 καταρρεῦσαι,
1741 1001 1788 1028 καὶ
1806 1002 1867 1028 κατ’
1882 1001 1939 1027 61l-

1152 1053 1200 1078 γον
1229 1044 1438 1080 ὐπολιμπᾶνειν.
1449 1043 1504 1072 Ἦν
1521 1045 1571 1081 μὲν
1587 1043 1634 1073 οὖν
1649 1046 1699 1082 ἠδη
1727 1047 1792 1082 περὶ
1807 1047 1857 1079 τὰς
1877 1047 1938 1077 ἀπι-

1152 1089 1277 1124 λυχνίους
1303 1090 1386 1126 ῲδάς,
1399 1091 1448 1118 καὶ¹
1470 1091 1582 1124 ταύτας,
1596 1091 1634 1123 ὡς
1649 1091 1776 1127 σύνηθες,
1792 1092 1806 1119 ό
1826 1092 1938 1127 Συμεὼν

1152 1135 1211 1170 Θεῷ
1237 1136 1306 1170 μετὰ
1327 1136 1380 1163 τῶν
1397 1137 1525 1171 μαθητῶν
1537 1137 1664 1163 ἀπεδίδου
1677 1145 1684 1152 ·
1703 1138 1732 1165 ὲν
1747 1138 1834 1173 τούτῳ
1845 1137 1873 1164 δὲ
1890 1136 1938 1164 δύο

1152 1180 1228 1210 τινὰς
1256 1180 1372 1212 καλέσας
1398 1181 1488 1207 αὐτῶν
1507 1180 1680 1216 ἐπισκήπτει,
1701 1182 1834 1214 λαϐόντας
1852 1183 1936 1218 ἄρτου

1152 1224 1199 1251 καὶ
1214 1223 1320 1256 ὕδατος,
1338 1225 1388 1260 τήν
1403 1233 1433 1251 τε
1447 1225 1494 1251 τοῦ
1509 1225 1590 1260 ὅρους
1601 1226 1659 1253 όδὸν
1673 1227 1820 1262 παριόντας
1846 1227 1937 1263 εὑρεῖν

1151 1278 1211 1296 τινα
1225 1269 1296 1297 κατὰ
1310 1270 1362 1305 γῆς
1377 1271 1553 1307 ἱῤῥιμμένον,
1573 1272 1691 1300 πνέοντα
1709 1272 1797 1307 μικρὰ
1823 1273 1870 1301 καὶ
1890 1274 1938 1300 ἐκ·

1151 1315 1304 1348 λελοιπότα,
1324 1316 1431 1348 τούτοις
1453 1317 1529 1352 αύτῷ
1544 1317 1593 1352 τὴν
1618 1317 1734 1350 δύναμιν
1753 1319 1938 1353 ἀπειρηκυῖαν

1152 1359 1311 1387 ἀναλαϐεῖν.
1333 1359 1413 1394 una
1437 1361 1537 1396 τάχους
1550 1361 1589 1396 τῷ
1615 1362 1756 1397 πράγματι
1780 1362 1859 1398 χρεία
1873 1383 1881 1395 ,
1899 1364 1938 1399 μὴ

1151 1405 1277 1437 Θάνατος,
1291 1405 1369 1440 φησὶ,
1385 1405 1531 1441 προλαϐὼν
1557 1407 1604 1434 καὶ
1634 1407 1684 1442 τὴν
1707 1407 1801 1443 ὀλίγην
1828 1408 1938 1445 εκείνην

1151 1451 1237 1485 πνοὴν
1252 1451 1397 1486 ἀφέληται.
1413 1452 1446 1478 Ol
1458 1451 1488 1480 δι
1503 1452 1651 1487 δράσαντες
1666 1453 1737 1480 κατὰ
1763 1454 1797 1480 τὰ
1818 1462 1938 1489 προστε-

1150 1495 1284 1530 ταγμένα,
1300 1496 1459 1530 εὑρίσκουσι
1485 1497 1612 1532 κείμενον
1633 1498 1714 1525 αὐτὸν
1728 1499 1780 1526 ἀνά
1804 1498 1853 1534 τὴν
1865 1499 1936 1532 ὁδὸν,

1152 1540 1222 1576 πλὴν
1236 1540 1283 1568 τοῦ
1299 1542 1430 1568 ἀναπνεῖν
1441 1543 1537 1577 νεκρόν
1550 1551 1557 1558 ο
1573 1543 1729 1579 ἀνελόμενοι
1742 1544 1833 1571 τοίνυν
1843 1545 1937 1578 αὑτὸν,

1152 1587 1200 1613 καὶ
1229 1587 1269 1618 είς
1295 1587 1345 1621 τὴν
1369 1587 1518 1623 κατωτέρω
1542 1589 1627 1624 μονὴν
1651 1589 1810 1624 ἀγαγόντες,
1827 1590 1875 1625 ὀψὲ
1890 1591 1938 1618 καὶ

1154 1632 1230 1667 μόλις
1252 1633 1436 1668 ἐπαναγαγεῖν
1459 1633 1538 1666 αὖθις
1557 1634 1632 1670 αύτῷ
1657 1635 1707 1671 τὴν
1729 1635 1845 1672 δύναμιν
1861 1637 1939 1674 ἴσχυ-

1153 1688 1213 1706 σαν.
1343 1699 1346 1702 ι

1189 1729 1259 1761 ρπε’.
1280 1725 1436 1761 ’Δνθράκων
1458 1726 1572 1763 ἀπύρων
1595 1727 1661 1754 ποτὶ
1679 1727 1728 1763 τὴν
1743 1731 1826 1764 μονὴν
1847 1729 1940 1756 ἐπιλε-

1152 1770 1306 1804 λοιπότωνμ
1312 1772 1368 1802 τοῖς
1384 1771 1433 1806 μὲν
1446 1771 1569 1806 ἀδελφοῖς
1585 1772 1663 1806 λόγος
1676 1773 1795 1809 ἑσπέρας
1807 1774 1875 1809 πρὸς
1890 1774 1940 1811 ἀλτ

1153 1816 1248 1850 λήλους
1272 1817 1321 1842 οὑκ
1344 1817 1432 1850 ὀλίγος
1455 1815 1507 1852 ἦν·
1531 1819 1545 1845 ό
1563 1818 1601 1850 δὲ,
1617 1818 1663 1853 Μὴ
1679 1819 1850 1855 φροντίσητε,
1872 1821 1938 1855 ἔφη·

1153 1862 1277 1895 ἀφίξεται
1299 1862 1353 1897 γὰρ
1368 1862 1462 1898 αῦριον
1484 1863 1585 1898 πλῆθος
1608 1864 1708 1898 αὐτῶν,
1732 1865 1794 1892 ὅσον
1814 1867 1847 1900 τῇ
1869 1868 1937 1902 μονῇ

1155 1907 1221 1934 (ατὰ
1231 1907 1334 1943 χρείαν·
1352 1908 1408 1943 όρῶ
1422 1908 1477 1944 γὰρ
1489 1908 1572 1943 ἀνδρα
1584 1909 1644 1936 τινὰ
1658 1909 1711 1936 τῶν
1724 1910 1938 1946 ἀγροιιίοτέρων,

1152 1953 1228 1980 δυσὶν
1241 1953 1333 1988 ὥσπερ
1344 1954 1466 1989 ἡμιόνοις
1479 1955 1660 1990 προσάγοντα,
1673 1955 1786 1983 τοιοῦτοι
1799 1956 1828 1983 δὲ
1840 1957 1939 1992 ἄνθρα-

1153 2007 1199 2030 κες
1223 2000 1276 2033 ἆρα
1302 1999 1405 2026 τούτοιν
1427 2000 1568 2034 ἑκατέροιν
1587 2001 1601 2027 ό
1617 2001 1724 2034 φόρτος.
1741 2001 1833 2028 Ταῦτα
1855 2004 1868 2029 ό
1885 2003 1938 2037 μὲν

1151 2045 1207 2075 τοῖς
1224 2044 1357 2079 μαθηταῖς
1374 2045 1438 2079 περὶ
1459 2045 1555 2076 νυκτὸς
1568 2046 1656 2080 ἀρχὰς
1672 2044 1757 2078 εἷπεν,
1770 2047 1834 2082 ἤχει
1853 2048 1882 2074 δὲ
1896 2048 1938 2079 εἰς

1152 2089 1200 2124 τὴν
1212 2089 1275 2124 ἑξῆς
1295 2091 1308 2115 ό
1323 2089 1452 2122 τοιοῦτος,
1466 2090 1586 2125 κομίζων
1603 2092 1635 2126 τῇ
1652 2093 1719 2127 μονῇ
1736 2092 1856 2124 τούτους,
1872 2092 1909 2123 ὡς
1923 2094 1939 2120 ὁ

1153 2135 1265 2170 Συμεὼν
1281 2136 1453 2171 προειρήκει.
1475 2137 1632 2164 Ἑντέταλτο
1646 2138 1712 2172 παρ’
1722 2137 1803 2164 αὑτοῦ
1816 2139 1871 2169 τοῖς
1885 2147 1938 2173 μα-

1152 2181 1246 2215 θηταῖς
1264 2181 1357 2216 μηδενὶ
1377 2181 1502 2216 μηδαμοῦ
1518 2182 1642 2217 κοσμικῷ
1657 2183 1812 2218 παῤῥησίαν
1827 2183 1936 2217 διδόναι,

1154 2227 1215 2262 μηδ’
1237 2227 1276 2258 είς
1291 2227 1398 2261 ὁμιλίαν
1415 2228 1511 2258 αὐτοῖς
1527 2228 1561 2254 τὰ
1573 2228 1658 2254 πολλὰ
1672 2229 1719 2255 καὶ
1734 2229 1830 2263 λόγους
1846 2229 1935 2264 ἥκειν,

318 2278 381 2298 cum
399 2270 433 2297 iis
448 2269 606 2301 miscerent,
631 2268 684 2295 nisi
706 2268 732 2294 in
749 2268 909 2301 gravissima
921 2268 1100 2300 necessitate;
1119 2275 1162 2301 υε

1093 2276 1100 2300 ;
1119 2275 1140 2301 D
1154 2273 1178 2298 εί
1196 2272 1233 2307 μὴ
1254 2272 1324 2298 κατά
1339 2272 1407 2299 πολύ
1421 2281 1447 2298 τι
1464 2273 1495 2298 τὸ
1509 2273 1669 2306 ἀναγκαῖον·
1694 2274 1739 2300 καὶ
1762 2274 1841 2301 τοῦτο
1855 2275 1883 2301 δὲ
1898 2275 1935 2310 μὴ

320 2320 385 2342 tunc
395 2322 460 2342 vero
472 2314 555 2341 etiam
571 2321 625 2341 non
639 2313 841 2339 immorandum
853 2313 911 2344 diu,
927 2313 975 2340 sed
989 2313 1103 2348 prmciso

319 2367 447 2387 sermone
461 2358 656 2391 discedendum
672 2366 753 2392 quam
769 2366 847 2389 mox;
864 2363 893 2385 ut
912 2362 1007 2386 noctes
1023 2363 1104 2393 atque

319 2404 378 2431 dies
398 2403 499 2431 divinis
512 2403 626 2438 psalmis
646 2411 676 2430 ac
692 2403 798 2437 legibus
818 2403 983 2430 meditandis
1003 2403 1103 2431 transi-

318 2456 425 2486 gentes,
439 2450 528 2477 seduli
541 2449 761 2485 prrescriptarum
778 2450 931 2484 regularum
943 2450 1104 2477 observato-

318 2504 363 2523 res
372 2497 474 2523 forent.
485 2495 640 2530 Aliquando
651 2495 743 2534 igitur,
754 2503 815 2522 cum
827 2499 936 2522 sanctus
947 2495 980 2522 ad
990 2495 1104 2522 inferius

320 2541 517 2568 monasterium
545 2541 706 2568 accessisset
733 2541 856 2575 propius,
885 2541 958 2568 visus
983 2541 1035 2568 sibi
1063 2547 1105 2569 est

318 2586 415 2613 audire
426 2586 532 2621 aliquos
545 2586 607 2612 talia
615 2593 676 2612 cum
689 2593 732 2611 sam
744 2585 866 2612 ularibus
875 2585 1027 2620 loquentes,
1039 2594 1105 2621 qua-

320 2632 354 2658 lia
371 2640 426 2658 non
441 2631 541 2658 licebat
554 2639 602 2666 per
616 2631 677 2657 data
694 2636 839 2665 pnecepta.
858 2631 1007 2658 Aceersens
1020 2631 1105 2666 igitur

320 2676 613 2710 iilos,e.\'aminansque
628 2681 655 2702 et
670 2684 727 2702 rem
741 2680 767 2702 et
779 2679 897 2710 tempus,
914 2676 1015 2703 factum
1027 2685 1103 2704 com-

321 2721 401 2754 perit,
418 2721 489 2748 sicut
504 2721 693 2754 spiritualitms
709 2721 797 2748 I'mllllS
812 2729 827 2748 a
847 2730 875 2747 se
889 2722 975 2748 visum
993 2723 1101 2751 fuerat:

320 2766 346 2792 id
357 2766 430 2800 quod
443 2774 496 2792 non
511 2767 597 2793 levem
609 2767 724 2794 incussit
742 2767 885 2801 discipulis
898 2768 1032 2799 timorem,
1052 2767 1104 2796 fide

320 2812 432 2845 dignum
445 2813 556 2846 majoris
571 2813 596 2839 in
614 2812 735 2840 futurum
754 2814 867 2840 cautela:
884 2814 989 2840 vadem.

360 2857 417 2885 [86.
439 2858 533 2884 Frater
548 2858 672 2893 quidam,
692 2859 820 2885 virtutem
835 2859 983 2893 professus,
1004 2859 1102 2886 missus

322 2903 389 2933 ξ’ϊῐυ
407 2903 439 2930 ml
455 2904 657 2934 divi-n‘cmlum
672 2905 766 2934 salem.
785 2905 891 2931 insidiis
907 2905 1020 2936 diaboli,
1039 2905 1101 2932 talia

1155 2317 1370 2352 ὲνδιατρίῦοντας
1394 2319 1455 2349 ταῖς
1484 2317 1551 2353 πρὸς
1572 2319 1670 2350 αὐτοὺς
1692 2319 1851 2352 διαλέξεσιν,
1869 2320 1937 2346 ἀλλὰ

1153 2362 1221 2396 ταχῦ
1246 2361 1510 2397 ἀπαλλαττομένους,
1538 2364 1622 2390 νύκτα
1649 2364 1741 2398 μέντοι
1765 2365 1809 2390 καὶ
1831 2365 1937 2400 ἡμέραν

1153 2407 1208 2436 τοῖς
1228 2406 1310 2437 θείοις
1324 2406 1441 2441 ψαλμοῖς
1458 2406 1505 2433 καὶ
1518 2407 1610 2441 νόμοις
1632 2408 1784 2444 ἑμμελετᾷν
1804 2408 1850 2435 τοῦ
1865 2409 1938 2436 δεδο‹

1155 2451 1235 2487 μένου
1247 2452 1358 2483 κανόνος
1372 2452 1509 2487 ἐπιμελῶς
1523 2454 1677 2488 ἐχομένους.
1694 2454 1761 2480 [loti
1773 2453 1837 2488 γοῦν
1851 2455 1937 2482 ἐδόκει

1153 2498 1191 2534 τῷ
1206 2497 1326 2533 Συμεὼν,
1345 2498 1458 2533 πλησίον
1478 2497 1572 2533 ὥσπερ
1596 2499 1678 2525 αὐτὸν
1695 2499 1726 2526 ὲν
1746 2501 1779 2535 τῇ
1796 2501 1936 2536 κατωτέρᾳ

1155 2545 1222 2579 μονῇ
1250 2544 1406 2578 γενόμενον,
1430 2544 1522 2571 ἐκεῖνα
1540 2544 1608 2579 πρός
1631 2553 1708 2577 τινας
1724 2545 1780 2572 τῶν
1799 2546 1940 2581 κοσμικῶν

1152 2589 1262 2614 ἀκούειν
1279 2588 1442 2620 λαλούντων,
1459 2589 1530 2622 ἅπερ
1545 2588 1618 2624 αὑτῷ
1632 2590 1661 2616 αἱ
1673 2590 1778 2617 ἐντολαὶ
1791 2592 1841 2617 οὐκ
1861 2591 1939 2618 ἐδού-

1153 2633 1240 2661 λοντο.
1276 2633 1401 2665 Καλέσας
1428 2634 1517 2660 τοίνυν
1551 2635 1664 2668 αὐτοὺς,
1695 2635 1819 2669 ἑρεύναις
1850 2644 1879 2661 τε
1908 2637 1940 2662 τὸ

1153 2679 1270 2713 πρᾶγμα
1281 2678 1328 2704 καὶ
1341 2679 1385 2705 τὸν
1397 2680 1491 2714 καιρὸν
1502 2679 1634 2711 δεδωκὼς,
1650 2678 1729 2715 εὗρεν
1747 2680 1784 2711 ὡς
1800 2680 1874 2716 αὐτῷ
1883 2683 1938 2713 τοῖς

1152 2723 1198 2749 τοῦ
1216 2724 1373 2758 Πνεύματος
1385 2724 1532 2759 desuper;
1545 2724 1642 2760 ἑθεάθη
1653 2733 1661 2740 ο
1672 2725 1686 2751 ὃ
1701 2726 1745 2752 καὶ
1759 2725 1839 2760 φόϐον
1850 2727 1940 2758 acroi;

1153 2769 1202 2795 οὐκ
1230 2769 1319 2803 ὀλίγον
1346 2769 1437 2804 ἐνῆκε,
1459 2770 1608 2806 μελλούσης
1630 2771 1780 2806 ἀξιόχρεων
1802 2773 1939 2807 ἐγγυητὴν

1143 2814 1312 2848 ἀσφαλείας.

1191 2864 1267 2894 ρπςκ
1292 2861 1416 2895 ’Λδελφός
1446 2870 1487 2894 τις
1511 2862 1610 2898 ἀρετὴν
1642 2865 1874 2899 μαρτυρούμενος,
1899 2864 1939 2892 εἰς

1153 2906 1250 2938 ala-.0;
1266 2907 1393 2942 ἐπέμφθη
1406 2908 1553 2941 διακονίαν,
1565 2910 1622 2940 ταῖς
1636 2909 1664 2935 δὲ
1680 2910 1724 2936 τοῦ
1740 2910 1856 2945 πονηροῦ
1868 2910 1938 2936 κατὰ
