2138 3345
174 234 244 269 3165

672 238 757 267 νιΤΑ
778 239 803 267 Λ
820 238 1040 275 NICEPHORO
1060 240 1304 271 CONSCRIPTA.

1731 241 1802 273 3166

171 291 256 319 ιῖαῐτο
268 292 350 319 αὐτοῦ
364 292 518 328 θερμότατα
538 292 606 327 πρὺς
626 292 676 327 τὴν
702 292 782 319 ἴασιν.
799 292 853 319 Τοῦ
879 293 908 320 δὲ
922 293 961 319 οἷς
977 294 998 324 Α
1014 315 1015 318 η

957 308 961 313 ι
977 294 998 324 Δ
1014 296 1187 331 accessisset,
1204 294 1302 322 orabat
1318 302 1400 329 quam
1416 293 1621 322 ferventissime
1648 303 1698 330 pro
1723 303 1801 324 sana-

171 336 235 363 καδε
244 337 357 371 πορείαν
366 336 441 371 αὐτῷ
451 336 695 372 παραγγείλαντος.
705 335 778 363 Ἐκεῖ
787 337 853 371 γὰρ,
863 338 957 372 φησὶν,

171 383 245 417 ἡμᾶς
259 384 304 409 ἐπὶ
318 383 368 418 τῆς
394 382 491 409 ἑαυτοῦ
516 382 610 418 κλίνης
639 382 867 417 ἀναπαυσάμενος
884 382 955 417 ὕψει,

169 427 245 453 οὐδὲν
262 427 343 454 πλέον
359 428 463 460 tacetve;
478 427 607 463 προσθεὶς
619 447 626 460 ,
654 427 692 458 ὡς
717 425 790 463 εἶχεν
811 427 892 459 εὐθὺς
914 429 958 454 ἐπ-

169 472 255 507 ανῄει.
277 472 340 499 Ὅτε
355 472 445 499 τοίνυν
460 472 530 498 κατὰ
543 472 587 498 τὸν
599 472 721 507 ποταμὸν
737 473 868 506 ἐγεγόνει,
884 472 957 499 ὑετοὶ

171 519 221 553 μὲν
234 519 355 554 ῥαγδαῖοι
366 519 589 555 καταρῥαγέντες
607 519 645 554 τῷ
659 519 777 546 Μέλαντι
795 519 886 555 (τοῦτο
901 520 956 556 γὰρ

168 564 183 590 6
191 565 312 598 ποταμὸς
324 565 469 598 ἐκαλεῖτο),
482 565 513 591 τὸ
523 565 629 600 ῥεῖθρον
640 564 773 600 ηὖξησαν.
784 565 813 592 '0
823 565 852 592 δὲ
858 566 956 593 τοσαῦ-

170 618 205 637 τα
223 610 261 645 τῷ
278 611 382 646 ῥήματι
403 611 450 637 τοῦ
476 611 588 646 Συμεὼν
608 611 720 647 θαρῥετν
745 611 825 647 ἔχων,
842 612 859 647 ἢ
885 612 956 639 οὕτω

170 656 269 690 μᾶλλον
285 656 350 682 αὐτὸ
374 656 495 690 πληροῦν
519 656 706 691 ἐπειγόμενος,
722 657 753 683 τὸ
786 657 836 692 μέν
860 667 886 684 τι
911 658 955 685 διὰ

168 700 218 734 τὴν
245 700 354 735 ἐντολὴν
383 701 499 733 ἐκείνου,
513 701 544 727 τὸ
570 701 598 727 δὲ
623 701 748 729 πλεῖστον
759 702 955 738 ὲπιθυμίφτῆς

169 745 327 780 θεραπείας,
345 745 382 777 ὡς
401 746 468 780 μηδὲ
486 746 532 772 τοῦ
548 747 673 781 ποταμοῦ
691 747 810 782 μεγάλου
823 747 933 782 ῥυέντος
947 767 954 778 ,

170 790 237 826 μηδὲ
251 791 306 824 ὀξεῖ
318 791 469 826 φερομένου
491 791 530 827 τῷ
556 791 657 828 ῥείθρῳ
677 792 832 826 φείσασθαι,
849 793 955 819 διασαί›

167 844 224 863 νιιν
234 836 314 863 αὑτὸν
331 838 469 872 ἐπειρᾶτο.

204 884 279 917 ριιςθ.
295 882 349 908 Καὶ
362 882 376 907 6
391 882 440 915 μὲν
456 881 508 909 ὑπὸ
523 881 570 908 τοῦ
589 882 713 916 ποταμοῦ
727 884 908 918 παρασυρεὶς,
921 885 951 910 ιν

166 927 273 962 ισχάτῳ
301 928 477 962 καθειστήκει
510 927 648 963 κινδύνῳ⁹
678 929 707 955 ἑν
737 928 825 963 τούτῳ
851 929 880 958 δὲ
905 931 954 963 τὴν

168 972 237 1007 πρὸς
264 974 328 1004 τοὺς
362 973 487 1008 μαθητὰς
514 973 623 1008 ὁμιλίαν
639 975 652 999 6
678 974 791 1008 Συμεὼν
819 974 954 1009 ἐπικύψας

168 1018 312 1053 (ἐτύγχανε
324 1018 378 1054 γὰρ
393 1019 427 1045 τὰ
444 1018 513 1054 πρὸς
528 1019 664 1055 σωτηρίαν
686 1019 779 1051 αὐτοῖς
802 1016 955 1054 τηνικαῦτα.

164 1062 378 1098 διαλεγόμενος),
395 1063 478 1098 εὐχῆς
492 1063 581 1098 εῐχετο
592 1064 703 1099 μᾶλλον,
715 1062 775 1091 εἶτα
789 1064 956 1101 φαιδροτέρᾳ

164 1108 234 1143 πρὸς
248 1108 345 1139 αὐτοὺς
359 1108 420 1142 ὕψει
431 1108 465 1134 τὰ
481 1108 545 1143 περὶ
561 1108 607 1135 τοῦ
625 1109 722 1144 ἀνδρὸς
745 1109 865 1145 διεξῄει,
881 1110 955 1142 ὅπως

165 1161 196 1179 τε
222 1152 269 1182 τοῦ
294 1153 417 1188 ποταμοῦ
440 1153 540 1180 πολλοῦ
553 1154 661 1188 ῥέοντος
673 1154 820 1189 τολμήσειε
833 1156 883 1189 τὴν
899 1155 956 1182 διά-

165 1198 256 1230 ϐασιν,
272 1199 319 1231 καὶ
347 1199 422 1230 ὅπως
446 1199 527 1234 ἔργον
547 1199 596 1234 ἤδη
616 1199 666 1234 τῆς
682 1199 790 1226 ἐκείνου
803 1192 889 1235 φορᾶς
914 1209 955 1235 γι-

163 1243 294 1278 νόμενον,
315 1243 402 1276 ἔδοξεν
431 1244 512 1276 αὐτὸς
539 1244 688 1279 λαϐόμενος
714 1245 765 1279 τῆς
793 1245 884 1280 χειρὸς
912 1245 956 1279 EE-

164 1289 287 1317 ελκῦσαι.
308 1289 337 1316 ’0
365 1289 416 1324 μὶν
445 1289 491 1316 οὖν
507 1289 525 1316 ἃ
550 1291 610 1316 κατ’
635 1290 723 1316 ἐκεῖνο
751 1291 803 1325 τῆς
817 1290 893 1326 ὥρας
916 1290 955 1325 τῷ

162 1335 240 1369 ἀνδρὶ
263 1335 384 1371 συμϐαίη
407 1337 463 1367 τοϊς
486 1335 634 1371 μαθηταῖς,
648 1336 700 1362 ὅσα
726 1336 773 1362 καὶ
793 1335 890 1371 παρὼν
906 1337 955 1364 καὶ

163 1381 258 1415 σαφῶς
289 1382 394 1409 ἕκαστα
407 1382 489 1417 ὀρῶν,
517 1382 642 1416 ἐξηγεῖτο
655 1389 663 1397 '
679 1382 694 1408 6
706 1382 735 1408 δι
759 1383 824 1417 περὶ
849 1383 955 1417 λύχνων

162 1427 235 1461 ἁφὰς
251 1427 401 1459 ἀνασωθεὶς
417 1429 458 1458 τίς
473 1427 519 1454 τὸν
530 1425 616 1460 οῐκον,
629 1428 662 1462 τῇ
676 1427 755 1463 κλίνῃ
769 1436 798 1454 τε
813 1435 954 1463 προσανα-

162 1472 278 1504 κλιθεὶς,
292 1473 344 1508 ὁρᾷ
370 1473 541 1508 παραχρῆμα
565 1473 611 1499 τὸν
634 1472 757 1508 Συμεὼν,
771 1473 885 1509 φοϐερὸν
898 1471 954 1501 οἷον

161 1517 201 1552 τῷ
215 1518 322 1552 δαίμονι
339 1518 497 1553 προσιόντα,
509 1518 556 1544 καὶ
572 1518 693 1552 χαλεπὰς
708 1517 784 1553 αὐτῷ
816 1517 952 1552 βασάνους

163 1563 311 1597 ὲπάγοντα.
335 1564 367 1589 Ἠ
397 1564 446 1598 μὲν
470 1563 516 1590 οὖν
531 1563 581 1595 νὺξ
595 1564 689 1597 ἐκείνη
708 1564 783 1589 πᾶσα
812 1564 914 1598 πικρόν
926 1573 954 1590 τι

163 1606 212 1634 καὶ
236 1608 332 1643 γοερὸν
357 1608 519 1640 ὀλολύζοντα
546 1607 591 1634 τὸν
607 1608 699 1635 ἄθλιον
713 1606 782 1643 εἶχε.
797 1608 862 1641 καὶ,
883 1603 952 1643 Ἤδη

162 1653 262 1688 ιειιμι,
270 1653 393 1687 λέγοντα,
410 1654 448 1685 ὡς
456 1653 484 1680 δὲ
496 1654 543 1681 καὶ
551 1654 642 1681 τέλεον
649 1654 812 1689 ἀπελήλατο,
829 1654 954 1683 ἐπάνεισι

162 1697 231 1732 πρὸς
256 1698 302 1724 τὸν
315 1698 410 1731 ’Λγιον
423 1699 437 1724 6
465 1698 545 1734 ἀνὴρ,
562 1699 595 1727 τὰ
609 1699 671 1726 καθ’
693 1699 790 1727 ἑαυτὸν
810 1699 953 1733 ἀπαγγέλ-

162 1742 228 1775 λων,
240 1744 315 1776 ὂπως
326 1745 377 1772 οὐκ
393 1745 440 1771 ἐπὶ
455 1744 504 1779 τῆς
520 1745 616 1779 κλίνης
634 1745 715 1780 μόνον
733 1744 808 1779 αὐτῷ
829 1745 952 1780 παράδο-

162 1789 207 1822 ξος
228 1789 335 1825 ὀφθείη,
363 1789 433 1817 ἀλλὰ
461 1791 512 1817 κάν
529 1791 568 1825 τῷ
589 1791 703 1825 ποταμῷ
725 1791 877 1825 πρότερον·
908 1792 951 1818 ιν-

160 1833 249 1861 ταῦθα
278 1835 327 1870 μὲν
350 1835 470 1870 χαλεποῦ
498 1836 626 1870 δαίμονος
651 1836 897 1869 ἀπαλλάξας,ὲκεῖ
924 1837 953 1863 δὲ

161 1880 352 1916 χαλεπωτέρου
367 1881 492 1909 κινδύνου
513 1882 677 1917 ῥυσάμενος,
690 1883 738 1909 καὶ
766 1883 827 1914 δοὺς
846 1883 894 1909 τοῦ
911 1883 954 1909 ai-

161 1925 290 1960 τηϐέντος
303 1926 380 1953 οὐδὲν
394 1924 488 1963 ἦττον,
506 1927 548 1954 ὅτι
559 1928 596 1963 μὴ
612 1928 659 1954 καὶ
678 1928 780 1963 μᾶλλον
801 1928 832 1954 τὸ
846 1928 953 1963 ἀπροσ-

161 1971 284 2007 δόκητον.

970 964 991 991 Β

967 1633 989 1662 C

1011 342 1098 369 tione.
1131 342 1266 377 Praecepit
1293 342 1319 369 ei
1346 346 1458 370 sanctus
1487 342 1607 370 reditum
1634 343 1663 370 in
1689 343 1801 371 domum

1009 394 1102 419 suam;
1119 386 1157 413 ibi
1170 386 1254 418 enim,
1271 386 1362 421 inquit
1386 386 1493 414 videbis
1510 395 1572 420 nos,
1589 387 1616 415 in
1640 392 1726 415 strato
1753 392 1801 416 tuo

1009 432 1164 467 quiescens.
1178 432 1236 459 Nec
1245 432 1330 458 verbo
1340 436 1440 466 praeter
1450 439 1482 459 ea
1493 432 1599 464 addito.
1616 433 1803 461 daemoniacns

1008 478 1094 513 gradu
1114 485 1197 512 quam
1225 481 1332 512 poterat
1356 477 1491 505 citissimo
1521 478 1721 508 revertebatur.
1746 478 1801 506 Sed

1009 523 1120 558 quando
1136 523 1169 550 ad
1183 523 1296 550 ﬂuvium
1314 528 1426 550 ventum
1438 528 1508 555 erat,
1526 522 1629 552 imbres
1642 523 1755 551 violenti
1773 524 1801 551 iu

1006 569 1151 596 Melantem
1181 569 1270 603 illapsi
1284 568 1323 603 (id
1354 567 1427 596 enim
1450 568 1533 596 ﬂuvio
1555 570 1667 603 nomen)
1693 569 1800 597 alveum

1006 618 1139 641 auxerant
1150 614 1218 648 (53).
1231 613 1301 647 Quid
1311 613 1357 640 hic
1369 613 1431 641 ille?
1449 618 1550 641 tantam
1566 614 1593 640 in
1607 614 1699 642 verbis
1713 613 1801 641 sancti

1007 659 1106 686 habuit
1123 659 1264 692 ﬁduciam,
1281 663 1330 685 aut
1347 659 1440 694 potius
1459 662 1605 693 tantopere
1633 658 1802 686 acceleravit

1006 704 1119 739 exsequi
1134 704 1209 731 illius
1230 703 1369 736 mandata,
1394 709 1451 731 tum
1465 704 1530 738 quia
1543 704 1601 738 ipse
1620 708 1799 738 praeceperat,

1007 754 1065 776 tum
1078 749 1162 776 etiam
1175 749 1261 784 magis
1271 748 1348 784 quod
1364 749 1487 784 impense
1505 753 1620 783 cuperet
1634 749 1724 776 sanari
1736 757 1743 781 ;
1759 753 1801 782 ut,

1007 794 1081 820 nulla
1095 793 1202 827 ﬂuenti,
1217 794 1281 830 licet
1307 798 1374 822 tunc
1400 794 1491 829 magni
1521 793 1678 828 rapidique.
1707 793 1801 821 habita

1007 840 1114 868 ratione
1126 860 1134 871 ,
1152 840 1221 867 illud
1232 847 1363 875 superare
1375 840 1532 868 tentaverit.

1043 885 1106 912 £96.
1123 885 1158 912 Et
1173 885 1219 912 ille
1241 885 1355 920 quidem
1376 885 1497 913 ﬂuminis
1513 886 1618 920 impetu
1633 885 1755 917 ablatus,
1770 884 1799 912 in

1007 936 1164 959 extremum
1179 932 1243 958 vitae
1259 931 1409 958 devenerat
1422 931 1589 966 periculum;
1602 931 1720 966 Symeon
1735 939 1801 958 vero

1006 976 1104 1003 eodem
1122 981 1247 1011 tempore
1263 975 1362 1002 incidit
1377 975 1497 1002 instituti
1516 975 1589 1010 apud
1611 976 1711 1004 fratres
1735 982 1802 1003 ser—

1007 1022 1098 1050 monis
1111 1022 1187 1049 tilum
1202 1021 1374 1055 (conferebat
1388 1021 1463 1048 enim
1481 1026 1547 1048 tunc
1558 1029 1621 1048 cum
1640 1022 1698 1052 suis
1718 1029 1804 1056 super

1007 1068 1109 1097 salutis
1134 1067 1262 1103 negotiis)
1283 1071 1312 1094 et
1338 1066 1455 1094 orationi
1469 1066 1612 1098 Jededit.
1638 1066 1703 1094 Post
1719 1074 1802 1101 quam

1006 1114 1087 1141 vultu
1099 1113 1198 1141 laetiori
1214 1113 1248 1140 ad
1261 1112 1322 1140 illos
1339 1119 1501 1143 conversus,
1512 1111 1580 1146 quid
1604 1111 1664 1150 viro
1686 1111 1734 1140 illo
1746 1111 1803 1140 dx-

1006 1159 1136 1187 moniaco
1150 1158 1252 1188 factum
1268 1162 1352 1190 esset,
1370 1158 1399 1184 in
1415 1157 1537 1185 medium
1558 1157 1704 1192 produxit;
1727 1164 1802 1192 quo-

1006 1204 1089 1231 modo
1101 1204 1207 1231 scilicet
1219 1203 1295 1230 ﬂuvii
1306 1203 1413 1238 rapacis
1421 1202 1568 1231 transitum
1580 1207 1801 1234 tentarcausum,

1003 1249 1116 1284 jamque
1129 1249 1260 1276 violentia
1274 1255 1408 1283 aquarum
1421 1247 1579 1282 abreptum,
1596 1248 1654 1282 ipsc
1666 1247 1802 1282 prehensa

1006 1301 1088 1320 manu
1100 1297 1170 1328 pene
1181 1293 1319 1328 perditum
1331 1293 1475 1321 extrahere
1483 1292 1536 1320 sibi
1554 1292 1631 1320 visus
1646 1292 1755 1320 fuisset.
1767 1292 1802 1319 Et

1006 1338 1046 1365 sic
1058 1338 1103 1365 ille
1113 1338 1224 1372 quidem
1241 1338 1338 1365 eadem
1350 1338 1431 1371 hora,
1443 1345 1506 1374 qua:
1519 1336 1627 1366 homini
1641 1342 1791 1365 evenerant

997 1382 1084 1418 quasi
1100 1390 1193 1410 coram
1204 1387 1233 1410 et
1243 1382 1390 1418 perspicue
1402 1382 1530 1415 vidisset,
1545 1382 1698 1410 enarrabat
1716 1381 1803 1409 disci-

1004 1428 1096 1463 pulis:
1121 1428 1204 1455 homo
1225 1435 1291 1456 vero
1308 1428 1366 1462 ipse
1388 1427 1441 1455 sub
1469 1430 1578 1462 tempus
1606 1435 1663 1462 quo
1687 1426 1802 1454 accendi

1005 1473 1127 1502 lucernae
1140 1473 1240 1505 solent.
1259 1473 1375 1501 domum
1389 1481 1468 1501 suam
1483 1472 1578 1511 salvus
1589 1477 1673 1508 atque
1695 1472 1803 1500 incolu-

1005 1519 1058 1546 mis
1069 1519 1214 1554 pertingit,
1237 1519 1445 1553 reclinatusque
1475 1518 1504 1546 in
1534 1519 1638 1546 lectum
1665 1518 1803 1553 conspicit

1005 1572 1068 1592 mox
1078 1569 1204 1592 sanctum
1214 1564 1392 1600 Symeonem.
1401 1564 1518 1591 αππιοηί
1528 1564 1678 1591 admodum
1692 1564 1803 1591 terribi-

1005 1610 1071 1642 lem,
1087 1608 1219 1636 advenire
1231 1614 1259 1636 et
1269 1608 1464 1636 acerbissimos
1480 1608 1519 1636 illi
1533 1608 1801 1641 cruciatusinferre;

1008 1655 1101 1690 itaque
1122 1659 1208 1682 totam
1226 1654 1312 1686 illam,
1329 1658 1433 1689 quanta
1445 1658 1498 1686 est,
1518 1658 1629 1681 noctem
1644 1654 1747 1682 acerbo
1769 1662 1803 1682 ac

1007 1700 1091 1729 ﬂebili
1104 1708 1166 1727 cum
1184 1699 1288 1735 eiulatu
1301 1699 1459 1734 transigens
1473 1699 1579 1730 infelix.
1593 1698 1654 1727 Jam
1662 1700 1800 1735 egredior.

1007 1744 1156 1773 clamabat.
1183 1744 1312 1772 Damone
1339 1747 1432 1771 autem
1456 1742 1579 1778 perfecte
1609 1744 1699 1779 ejecto
1729 1744 1803 1771 redit

1007 1790 1090 1818 homo
1116 1790 1172 1825 jam
1187 1789 1309 1816 libenter
1328 1787 1363 1815 ad
1393 1792 1532 1819 sanctum.
1555 1789 1719 1816 renuntians
1741 1796 1803 1823 quae

1007 1837 1060 1865 sibi
1072 1836 1245 1868 acciderant;
1264 1835 1406 1870 quomodo
1419 1835 1526 1863 scilicet
1543 1835 1596 1862 sibi
1616 1842 1729 1862 sanctus
1751 1842 1802 1869 ap-

1006 1886 1146 1918 paruerat.
1178 1889 1234 1908 non
1250 1880 1334 1909 modo
1359 1880 1537 1908 decumbenti
1554 1879 1582 1907 in
1607 1879 1690 1912 lecto,
1705 1886 1803 1907 verum

1010 1933 1085 1955 antea
1099 1927 1183 1955 etiam
1205 1927 1374 1962 periclitanti
1394 1926 1421 1953 in
1445 1925 1544 1959 ﬂuvio;
1568 1924 1708 1960 quomodo
1737 1924 1800 1952 istic

1006 1977 1117 2008 gravem
1151 1973 1350 2000 exterminarat
1386 1972 1561 2003 dtemonem,
1595 1970 1640 1998 hic
1667 1969 1800 2005 ~graviori

163 2016 245 2044 etiam
266 2017 443 2046 subduxisset
457 2018 609 2046 discrimini
625 2018 842 2054 contulissetque
860 2018 1026 2047 beneﬁcium
1043 2026 1099 2046 non
1120 2017 1257 2050 inferius,‘
1271 2025 1354 2052 quam
1380 2016 1452 2051 quod
1471 2016 1598 2052 petierat.
1619 2020 1802 2050 prteterquam

162 2063 233 2096 quod
252 2063 337 2097 magis
350 2067 424 2091 esset
443 2064 672 2098 inexspectatum.

197 2108 266 2142 PHC’.
286 2110 474 2145 «Κοιμωμένων
501 2111 624 2144 ἀδελφῶν
651 2111 681 2136 ὲν
709 2110 788 2145 ἀγρῷ
816 2119 882 2137 ποτε
899 2111 949 2145 τῆς

1041 2109 1103 2137 197.
1121 2108 1329 2136 Dormientibus
1349 2098 1498 2142 aliquando
1520 2107 1655 2134 fratribus
1685 2106 1803 2134 inferio-

163 2154 313 2189 κατωτέρω
332 2156 426 2190 μονῆς,
442 2155 545 2191 ἑτέρων
557 2156 585 2182 δὲ
600 2157 688 2190 μέτας
703 2155 806 2187 νύκτας
818 2155 948 2191 ὲξομολο-
1003 2163 1007 2182 1

1003 2155 1041 2182 ris
1056 2154 1215 2182 monasterii
1224 2155 1251 2181 in
1258 2153 1394 2189 agrodum
1405 2152 1498 2180 caeteri
1506 2152 1557 2179 sub
1565 2158 1673 2179 noctem
1682 2150 1800 2179 mediam

161 2199 298 2234 γήσασθαι
323 2200 382 2235 θεῷ
411 2201 475 2236 περὶ
502 2201 547 2228 τὸν
581 2201 694 2237 Συμεὼν
722 2201 947 2236 ἀθροισθέντων,

166 2246 258 2280 Ὀρᾷν,
274 2247 364 2281 φησὶν,
381 2246 502 2278 ἐδόκουν,
513 2246 625 2278 ἐκεῖνος,
639 2247 819 2282 λεοπάρδαλιν
830 2247 949 2283 ἐξορμη-

1003 2208 1066 2228 cum
1076 2205 1172 2228 sancto
1184 2200 1320 2235 Symeone
1337 2199 1371 2226 ad
1390 2198 1578 2226 conﬁtendum
1603 2197 1718 2225 Domino
1732 2206 1800 2224 con-

1003 2246 1157 2273 venissent:
1166 2245 1295 2278 Videbar,
1307 2244 1397 2279 inquit
1406 2250 1528 2276 sanctus,
1539 2243 1798 2277 vidcrcleopardum

161 2290 252 2317 θεῖσαν
265 2291 312 2317 τοῦ
330 2291 452 2325 φωλεοῦ.
468 2294 516 2318 καὶ
539 2292 606 2326 πρὸς
630 2291 753 2327 κεφαλῆς
775 2292 834 2324 ἐνὸς
852 2293 907 2318 τῶν
920 2294 949 2318 ὲν
963 2319 987 2327 ἢ
1003 2304 1005 2313 ι

963 2319 987 2327 ἢ
1003 2299 1019 2318 e
1036 2290 1136 2325 spelan
1158 2297 1208 2317 suo
1224 2296 1414 2324 prorumpere,
1437 2294 1465 2315 et
1477 2288 1560 2322 capiti
1580 2287 1662 2314 unius
1677 2295 1692 2314 e
1706 2287 1798 2314 fratri-

159 2336 238 2371 ἀγρῷ
252 2336 374 2369 ἀδελφῶν
385 2337 554 2371 ἐφεστῶσαν,
569 2337 639 2364 ὥστε
655 2338 881 2373 διασπασαμένην
899 2338 949 2364 αὑ-

160 2380 216 2412 τὸν,
229 2380 276 2406 τοῦ
291 2381 407 2416 αἵματος
430 2381 621 2416 ἐμφορηθῆναι
637 2383 684 2409 καὶ
694 2382 748 2409 τῶν
761 2383 882 2417 σαρκῶν,
904 2384 951 2409 καὶ

159 2425 196 2456 ὡς
210 2426 264 2460 ἐγὼ
278 2427 314 2452 δι’
327 2427 410 2462 εὐχῆς
431 2428 503 2461 εἴην,
516 2428 660 2454 ἀποσοϐῶν
680 2428 710 2454 τὸ
736 2428 841 2463 θηρίον.
858 2428 951 2455 Ταῦτα

159 2471 198 2506 τῷ
222 2473 270 2506 μὲν
293 2473 407 2507 Συμεὼν
432 2473 641 2508 διήγημα’πρὸς
666 2475 728 2505 τοὺς
748 2474 873 2509 μαθητὰς
889 2472 922 2509 ἦν
941 2482 948 2490 ·

159 2518 275 2544 ἐτελεῖτο
310 2518 338 2544 δὲ
362 2519 402 2549 εἰς
420 2519 499 2553 ἔργον
521 2519 560 2554 τῷ
578 2519 754 2554 κοιμωμένῳ,
772 2520 817 2546 καὶ
845 2520 950 2546 διυπνι-

160 2561 243 2594 σθεὶς,
256 2563 307 2597 ὁρᾷ
319 2564 387 2597 πρὸς
401 2564 523 2599 κεφαλῆς
542 2566 572 2590 τὸ
586 2555 690 2599 θηρίον.
704 2565 760 2591 Οὐκ
774 2565 843 2599 ἔχων
856 2565 947 2591 τοίνυν

159 2606 171 2632 ὃ
188 2615 212 2634 τι
235 2608 280 2633 καὶ
295 2608 388 2643 δράσει
403 2610 442 2644 τῷ
457 2610 547 2644 ἀθρόῳ
563 2610 609 2636 τοῦ
628 2611 754 2637 κινδύνου
767 2611 815 2638 καὶ
829 2612 949 2647 παρ’ὲλ-

159 2651 231 2684 πίδα,
246 2653 295 2688 τὴν
320 2655 428 2689 ἕτοιμον
456 2656 556 2682 αὐτίκα
578 2657 624 2682 καὶ
653 2656 758 2691 ἄμαχον
778 2657 905 2691 δύναμιν,
918 2658 949 2684 τὸ

158 2696 202 2724 τοῦ
226 2697 298 2725 θεὶου
324 2700 437 2733 Συμεὼν
461 2701 557 2735 ὄνομα,
574 2702 621 2727 καὶ
643 2701 691 2736 τὴν
706 2702 811 2728 ἐκεῖθεν
837 2711 948 2737 συμμα-

159 2742 218 2777 χίαν
238 2746 397 2772 ἐπεκαλεῖτο
413 2755 419 2761 ·
438 2746 466 2778 ὃς
495 2747 570 2781 αὐτῷ
592 2749 639 2773 καὶ
655 2749 826 2783 παραχρῆμα
841 2749 945 2781 ὀφθεὶς,

159 2790 304 2817 ἀπελαύνει
325 2793 369 2818 τᾶν
396 2792 479 2828 θῆρα.
501 2793 529 2819 '0
547 2794 596 2827 μὲν
608 2792 654 2820 οὖν
679 2794 790 2828 ἁδελφὸς
809 2795 861 2829 ἢδη
881 2796 945 2829 περὶ

190 2855 246 2895 ίῦὃ)
267 2855 501 2895 Νιιηλυίἀειιινίδιο
521 2859 603 2886 Melas
616 2860 728 2893 intr/’1'in
747 2869 821 2894 posse
843 2861 874 2886 de
897 2869 947 2895 quo

158 2891 191 2915 ml
208 2898 267 2924 cap.
285 2893 311 2923 9,
324 2893 350 2918 in
368 2899 460 2920 utmot.
478 2900 566 2929 utpote:
583 2897 661 2921 nimis
680 2891 804 2922 rcmn'tus.
824 2891 946 2924 ("narunt

159 2933 189 2951 ec
212 2933 380 2954 rrccmculur
397 2929 486 2963 plures
509 2930 583 2957 istius
606 2931 718 2957 γιωιριὶῖιιε
740 2932 833 2966 ﬂuvii:
865 2937 946 2965 potest

1002 2336 1055 2363 bus
1075 2336 1103 2362 in
1117 2343 1183 2370 agro
1196 2334 1294 2361 infeste
1309 2334 1471 2366 imminere;
1491 2337 1548 2360 tum
1571 2332 1800 2360 velutidilaniare

995 2390 1036 2408 ac
1045 2381 1164 2408 saturari
1173 2380 1475 2416 sanguineetcarnibus
1483 2380 1557 2407 illius
1567 2379 1702 2414 ;dcnique
1715 2379 1800 2413 preci-

998 2428 1051 2455 bus
1060 2427 1130 2454 meis
1137 2427 1224 2454 arceri
1240 2426 1371 2453 belluam.
1389 2425 1463 2452 'l‘alis
1473 2429 1534 2452 erat
1546 2425 1668 2451 narratio
1686 2424 1717 2459 $3
1725 2432 1799 2451 meo-

998 2473 1052 2505 nis,
1066 2473 1138 2508 apud
1153 2472 1305 2507 discipulos
1315 2472 1440 2499 instituta
1452 2480 1458 2497 :
1476 2479 1520 2498 res
1533 2471 1590 2505 ipsa
1604 2478 1670 2497 vero
1683 2470 1722 2498 sic
1732 2478 1797 2505 age-

999 2519 1080 2546 batur
1094 2526 1155 2546 cum
1166 2518 1331 2550 dormiente,
1346 2518 1393 2553 qui
1408 2517 1629 2552 expergefactus,
1642 2517 1797 2551 deprehen-

1000 2565 1041 2593 dit
1055 2565 1089 2592 ad
1105 2570 1188 2600 caput
1197 2573 1277 2592 suum
1287 2565 1384 2592 feram.
1395 2564 1510 2599 Ignarus
1521 2568 1613 2591 autem
1629 2563 1695 2598 quid
1704 2571 1797 2590 rerum

1000 2612 1129 2646 ageretin
1139 2616 1194 2638 tam
1203 2612 1348 2646 repentino
1357 2611 1512 2646 desperatae
1529 2611 1629 2637 salutis
1648 2610 1794 2644 periculo;

1004 2658 1134 2689 inclamat
1152 2662 1274 2692 paratam
1290 2657 1366 2684 illico
1388 2661 1416 2683 et
1438 2656 1678 2691 inexpugnabilem
1700 2660 1795 2691 poten-

1003 2703 1068 2730 tiam
1079 2703 1166 2730 sancti
1178 2702 1323 2738 Synieonis
1336 2707 1481 2735 nouten,ct
1494 2702 1566 2736 quod
1588 2701 1719 2736 consequi
1732 2701 1796 2727 inde

1001 2750 1072 2776 solet
1094 2750 1249 2776 subsidium
1259 2758 1265 2775 :
1275 2749 1322 2784 qui
1336 2749 1469 2776 continuo
1483 2748 1611 2785 apparuit
1621 2747 1793 2777 inclamanti,

999 2801 1027 2823 et
1042 2796 1161 2822 bclluam
1177 2796 1278 2830 abegit.
1291 2786 1385 2822 i‘rator
1398 2795 1479 2829 igitur
1492 2796 1543 2822 iste
1563 2793 1685 2821 diluculo
1698 2801 1796 2820 versus

1002 2863 1081 2889 ctiam
1097 2863 1236 2897 ignobilior
1257 2863 1363 2896 quit/mn
1381 2871 1431 2888 ηομ
1447 2862 1538 2897 ptnrul
1553 2872 1564 2883 ιι
1584 2867 1668 2888 ηιοειιτν
1681 2861 1795 2889 .llinlnli

1002 2898 1123 2932 (ὡραίων.

26 3243 1858 3345 -ξ
