2138 3254
154 274 222 306 3177

667 276 750 307 νιτΑ
771 276 794 304 Α
813 274 1033 306 NICEPHORO
1051 274 1297 306 CONSCRIPI‘A.

1714 275 1784 308 31⁵18

152 334 202 370 τὴν
216 335 341 368 γλῶτταν
360 333 460 365 εὐθέως
480 334 498 369 ἠ
515 334 589 366 παῖς,
606 331 735 367 ἐλευθέρα
755 332 784 359 δὲ
804 331 851 359 καὶ
872 332 941 367 ἀκοῇ
956 335 979 363 Α

994 336 1021 359 ta
1035 331 1128 358 subito
1144 336 1186 359 est
1199 331 1292 367 lingua
1305 331 1413 366 puellae,
1428 335 1455 359 ct
1470 331 1600 360 audiendi
1612 332 1784 367 appellandi-

152 379 200 407 καὶ
208 381 283 414 φωνῇ
294 380 362 415 πρὸς
371 379 434 411 τοὺς
445 379 573 411 τεκόντας
584 379 692 415 ἐχρῆτο·
705 377 743 413 τῷ
752 379 843 413 μέντοι
855 378 940 412 πατρὶ

154 425 221 459 πρὸς
235 424 375 460 τδῖἀθρόον
389 426 477 452 έκεῖνο
499 425 547 452 τοῦ
561 424 700 460 θαύματος
716 425 876 460 τηλικοῦτον
895 424 939 450 ὲν-

153 469 255 504 έσκηψε
271 469 340 502 δέος,
363 468 407 496 οἶα
423 470 518 505 ﬁdem
535 471 602 498 πολῦ
617 471 666 505 τῆς
691 470 756 505 napi.
778 470 811 497 τὰ
827 469 940 496 τοιαῦτα

153 515 270 548 πίστεως
292 516 366 549 ὄντι,
391 516 407 552 ἢ
431 517 478 542 καὶ
495 516 544 549 τῆς
563 517 626 551 περὶ
647 516 694 542 τὸν
716 516 793 550 ἀγιον
809 515 939 547 ἀπιστίας

152 561 284 589 ἐκτίνοντι
298 562 385 593 δίκας,
403 562 474 589 ὥστε
493 562 564 597 ῥίγει
579 562 625 589 καὶ
644 558 754 597 πυρετῷ
774 560 942 596 συγχεθέντα

153 607 246 643 μέλεσι
269 609 336 634 πᾶσι
360 608 521 635 κλονεῖσθαι.
541 607 569 634 '0
581 608 609 634 δὲ
628 607 788 635 διδάσκαλον
805 607 874 642 ἔχων
890 607 940 642 τὴν

151 655 250 688 πεῖραν
269 651 443 684 (πεπαίδευτο
463 655 517 689 γὰρ
537 654 636 685 ἱκανῶς
659 651 700 685 οἷς
724 652 868 685 πέπονθεν)
890 653 941 679 οὐκ

151 699 252 734 ὀψίζων
275 696 310 734 ἦν
330 699 368 730 ὡς
385 698 481 734 πρώην
504 699 551 725 καὶ
574 698 725 733 διαμέλλων
737 706 745 714 ο
762 697 819 724 ἀλλ’
831 697 869 729 ὡς
883 695 940 736 εἶχε

151 745 231 780 παρὰ.
246 744 292 771 τὸν
311 745 389 778 ἆγιον
409 745 489 777 εὐθὺς
505 744 600 778 ἐλθὼν,
627 743 745 779 τοσαύτῃ
765 743 835 778 πρὸς
860 743 941 770 αὐτὸν

150 789 240 825 δεήσει
263 791 309 816 καὶ
330 790 494 817 ταπεινώσει
510 790 625 826 καρδίας
648 789 758 825 ἐχρῆτο,
777 790 831 824 ὅσῳ
846 788 941 824 πρώην

149 835 225 870 ὄγκῳ
241 844 271 862 τε
292 836 340 862 καὶ
353 836 518 871 φρονήματι,
534 836 582 871 οὐχ
596 835 668 862 οὕτω
687 836 721 870 τῇ
746 834 816 869 νόσῳ
836 834 871 861 τὰ
893 834 940 861 τοῦ

152 880 276 915 σώματος
293 881 360 916 μέλη
375 881 523 916 σειόμενος,
535 881 573 913 ὡς
588 882 637 915 τὴν
647 880 736 916 ψυχὴν
747 880 785 914 τῷ
799 880 942 915 παραδόξῳ

150 927 197 954 τοῦ
213 927 351 962 θαύματος
363 936 370 942 ·
387 927 434 954 καὶ
450 928 480 954 τὸ
498 929 547 962 μὲν
558 927 617 954 οὐδὲ
628 927 743 962 χάριτας
756 924 810 958 οἷός
824 935 852 952 τε
871 924 941 954 εἶναι

150 972 237 1006 λέγων
252 973 299 999 ἐπὶ
309 974 342 1009 τῇ
357 973 471 1009 θυγατρὶ
482 973 558 1007 ἀξίας
570 973 721 1008 ὁμολογεῖν,
733 972 764 999 τὸ
774 972 802 998 δὲ
818 972 883 1007 περὶ
894 972 941 999 τοῦ

993 385 1046 412 que
1061 382 1190 412 parentes
1210 377 1340 405 facultate
1362 378 1488 412 expedite
1501 385 1549 405 usa
1563 382 1615 405 est.
1632 378 1667 405 At
1679 382 1785 414 patrem

993 422 1027 449 ad
1043 422 1181 458 repentini
1197 422 1322 450 miraculi
1335 423 1522 457 spectaculum
1540 427 1632 451 tantus
1645 424 1728 451 timor
1744 424 1785 452 in-

994 468 1087 500 cessit,
1105 473 1135 496 ut
1145 468 1245 504 frigore
1262 468 1375 495 horrido
1389 474 1472 504 atque
1484 469 1554 497 febri
1565 474 1710 504 correptus
1721 471 1787 498 totis

992 513 1107 540 artubus
1128 514 1371 546 contremiseerct;
1403 514 1506 549 quippe
1527 514 1575 550 qui
1593 515 1628 542 ab
1650 516 1786 551 ejusmodi

993 559 1078 587 rebus
1103 558 1249 586 credendis
1264 559 1423 594 longissime
1437 559 1543 592 aberat.
1557 565 1605 588 aut
1623 569 1720 596 pinnas
1732 562 1788 590 sol-

991 604 1076 632 vehat
1087 611 1145 632 suae
1156 604 1358 632 incredulitatis
1372 612 1438 639 erga
1458 611 1595 634 sanetum.
1613 606 1718 635 Doctus
1732 607 1786 635 ita-

993 656 1047 683 que
1065 649 1236 683 experientia
1250 649 1356 684 (utpote
1369 657 1419 684 per
1431 657 1463 677 ea
1475 658 1536 685 qua
1556 651 1712 685 patiebatur
1726 652 1786 680 suf-

993 693 1119 720 ficienter
1135 694 1296 728 castigatus)
1320 701 1375 721 non
1396 694 1651 731 difi‘erebat,neque
1673 705 1787 732 procra-

993 738 1123 771 stinabat,
1137 739 1176 766 uti
1189 740 1282 773 prius;
1298 739 1347 767 sed
1363 744 1464 775 quanta
1475 743 1584 775 poterat
1598 741 1739 770 celeritate
1752 744 1787 771 ad

993 789 1119 813 sanetum
1135 785 1277 818 advolans,
1295 789 1349 812 tam
1366 786 1484 821 supplici
1502 794 1564 814 cum
1578 788 1735 822 precatione
1747 795 1789 817 at-

993 838 1047 866 que
1055 831 1222 859 demissione
1239 832 1324 859 animi
1341 832 1413 867 apud
1426 832 1515 867 ipsum
1523 834 1591 869 egit,
1602 841 1684 870 quam
1698 843 1789 871 nuper

995 878 1102 905 tumido
1112 886 1175 905 cum
1188 878 1258 906 fastu
1273 883 1356 914 atque
1371 879 1502 914 superbia
1516 888 1522 906 :
1539 888 1630 916 neque
1640 881 1790 910 vehemen-

996 922 1051 951 tius
1078 924 1289 952 concutiebatur
1315 924 1413 952 morbo
1437 929 1514 953 artus
1544 927 1679 961 corporis,
1705 935 1788 963 quam

995 969 1120 997 miraculi
1134 971 1268 1005 stupenda
1284 971 1404 999 novitate
1422 971 1481 1006 ipsa
1499 972 1600 999 anima.
1617 973 1719 1000 Partim
1737 974 1788 1001 ila-

151 1019 333 1054 κατασχόντος
350 1019 432 1045 αὑτὸν
447 1008 542 1045 κλόνου
558 1019 696 1053 δεόμενος.
717 1018 747 1044 '0
758 1018 786 1044 δὲ
803 1018 874 1052 μετά
892 1018 942 1053 τῆς
958 1008 979 1036 Β

995 1022 1049 1050 que
1058 1015 1198 1043 fatebatur
1220 1015 1280 1043 fieri
1294 1024 1348 1043 non
1361 1024 1442 1051 posse
1457 1020 1488 1043 ut
1499 1017 1602 1052 gratias
1613 1018 1726 1046 meritas
1738 1027 1789 1054 pro

151 1063 281 1100 συνήθους
305 1064 487 1098 συμπαθείας,
511 1065 556 1091 Ἐν
569 1064 681 1100 ὀνόματι
702 1063 750 1090 τοῦ
770 1063 872 1098 Κυρίου
890 1063 941 1098 Ἰη-

151 1109 210 1142 σοῦ,
240 1110 320 1144 γενοῦ
341 1111 388 1137 καὶ
414 1111 446 1137 σὺ
473 1110 563 1145 ὕγιὴςς
586 1110 657 1146 ἐψηι
683 1109 731 1137 καὶ
756 1109 796 1144 τῷ
820 1109 940 1144 θαύματι

150 1154 243 1190 θαῦμα
268 1155 404 1191 συνήφθη,
433 1155 473 1190 τῷ
495 1155 559 1190 περὶ
580 1155 629 1190 τὴν
645 1154 729 1181 παῖδά
751 1162 823 1189 φημι
840 1153 871 1180 τὺ
893 1153 940 1180 τοῦ

150 1200 271 1235 πατρός-
305 1201 352 1227 καὶ
383 1200 468 1235 ὑγιῶς
496 1200 596 1227 αὐτίκα
620 1200 691 1235 ἔχων
716 1200 849 1234 εἱστήκει,
881 1199 941 1230 ὅλος

149 1245 276 1278 ἔκστασις
303 1246 352 1279 ὥν,
379 1247 439 1278 ὅλος
468 1246 583 1281 θάμὸος,
612 1243 882 1278 ὅλος-κατάπληξις,
909 1244 940 1271 οὗ

149 1291 283 1327 χείλεσιν,
304 1292 367 1319 οὐδὲ
391 1293 530 1328 ῥήμασιν,
560 1291 621 1318 οὐδὲ
652 1292 767 1327 μακροῖς
801 1290 941 1325 διηγήμα-

150 1345 204 1371 σιν,
220 1338 287 1365 ἀλλά
305 1340 396 1374 σιωπῇ
414 1338 514 1375 μᾶλλον
528 1338 576 1365 καὶ
591 1337 712 1372 σχήματι
732 1336 778 1363 καὶ
794 1335 940 1371 προσώπου

151 1384 290 1417 συστάσει,
304 1384 335 1411 τὸ
348 1384 403 1411 τῶν
422 1383 570 1420 θαυμάτων
587 1382 701 1419 μέγεθος
715 1383 772 1414 τοῖς
789 1381 873 1417 ὁρῶσι
891 1390 942 1416 κη-

151 1436 264 1463 ρυττων.

996 1059 1052 1087 filia
1070 1060 1258 1095 persolveret;
1274 1061 1374 1096 partim
1390 1061 1604 1096 deprecabatur,
1622 1067 1651 1090 ut
1669 1069 1790 1092 cessaret

995 1109 1100 1132 tremor
1129 1113 1184 1140 quo
1208 1106 1431 1134 concutiebatur.
1454 1106 1495 1134 Ad
1520 1107 1580 1135 lizec
1601 1107 1718 1144 Symeon
1739 1115 1790 1144 pro

993 1156 1124 1178 consueta
1134 1158 1183 1178 sua
1199 1151 1407 1180 misericordia:
1423 1153 1452 1180 In
1465 1152 1580 1180 nomine
1589 1153 1698 1181 Domini
1710 1154 1787 1187 Jcsu.

991 1194 1092 1230 inquit,
1107 1199 1135 1223 tu
1149 1204 1259 1232 quoque
1270 1203 1332 1225 esto
1343 1205 1436 1225 sanus.
1451 1198 1552 1234 Sicque
1563 1199 1639 1226 aliud
1649 1199 1696 1227 alii
1707 1200 1788 1228 mira-

992 1241 1086 1269 culum
1107 1250 1264 1270 connexum
1285 1248 1344 1277 cst;
1362 1244 1411 1276 illi,
1430 1244 1553 1280 inquam,
1570 1245 1645 1280 quod
1667 1246 1694 1273 in
1722 1246 1788 1280 filia,

993 1288 1066 1316 istud
1082 1289 1156 1324 quod
1173 1290 1200 1317 in
1218 1296 1295 1325 patre
1311 1294 1448 1325 patratum
1461 1290 1514 1318 fuit
1528 1299 1535 1317 :
1548 1295 1577 1318 et
1588 1291 1680 1319 statim
1696 1291 1787 1320 bellis-

993 1334 1062 1362 sime
1073 1335 1180 1363 habens
1193 1336 1279 1370 stetit,
1301 1341 1376 1365 totus
1393 1337 1541 1370 cxtaticus,
1564 1341 1639 1365 totus
1664 1342 1789 1374 stupens,

993 1383 1068 1408 totus
1089 1381 1249 1416 perculsus;
1278 1381 1364 1408 nullis
1387 1381 1479 1414 labiis,
1500 1381 1587 1416 nullis
1607 1382 1711 1416 verbis,
1738 1390 1790 1411 nec

993 1425 1083 1461 longis
1106 1426 1330 1460 narrationibus;
1343 1426 1391 1454 sed
1407 1427 1462 1455 alto
1475 1427 1599 1460 silentio,
1615 1427 1711 1455 habitu
1726 1435 1789 1456 cor-

993 1471 1079 1506 poris,
1095 1475 1122 1500 et
1142 1472 1340 1500 constitutione
1360 1472 1454 1501 vultus
1468 1472 1687 1509 magnitudinem
1703 1474 1788 1502 mira-

994 1517 1049 1545 culi
1065 1518 1220 1553 praedicans
1240 1518 1424 1546 intuentibus.

859 1587 972 1617 CAPUT
992 1587 1088 1616 XXVI.

414 1644 465 1672 Αίὶί
487 1644 624 1673 insolentia
644 1645 672 1671 in
689 1648 811 1672 unctum
832 1644 930 1679 lingua:
948 1646 1116 1681 castigantur
1133 1653 1165 1672 ac
1189 1646 1342 1680 praenitentes
1364 1645 1521 1673 liberantur.

188 1703 239 1730 σθ’.
256 1702 334 1731 Μετά
348 1702 377 1730 δὲ
390 1703 486 1738 χρόνον
502 1703 610 1738 συχνὸν,
627 1704 726 1740 συνέδη
742 1704 865 1732 διάκονόν
881 1713 940 1732 τινα
955 1708 976 1738 c

1027 1705 1090 1733 209.
1106 1705 1192 1733 Multo
1207 1710 1270 1740 post
1283 1710 1407 1741 tempore
1422 1705 1524 1733 accidit
1547 1705 1707 1739 diaconum.
1736 1715 1788 1736 no-

151 1749 204 1783 τῆς
221 1749 318 1784 κώμης
334 1748 466 1776 Εὐθαλίου
482 1749 642 1785 λεγομένης,
659 1750 818 1784 Ἐπιφάνιον
845 1750 943 1786 θνομα,

151 1793 198 1820 τοῦ
215 1793 288 1821 θείου
306 1793 419 1829 Συμεὼν
435 1794 463 1820 εν
484 1794 580 1830 ἀγνοίᾳ
602 1794 775 1829 καταλαλεῐν,
791 1795 944 1831 ἑνυὸρίζειν

152 1847 183 1866 τε
210 1839 257 1866 καὶ
286 1840 426 1876 παροινεῖν
440 1840 481 1871 εἰς
509 1839 602 1872 αὐτὸν,
618 1839 665 1866 καὶ
692 1839 766 1874 σαφῆ
790 1839 845 1866 τῶν
869 1840 944 1875 αὺτῷ

153 1885 321 1920 προσιόντων
330 1884 439 1920 ἀπάτην
455 1885 681 1919 καταγινώσκειν.
700 1885 769 1911 Ποτὲ
791 1885 858 1919 γοῦν
875 1885 945 1912 θειο-

150 1932 233 1964 τέρας
247 1931 261 1957 ό
277 1931 436 1965 Ἐπιφάνιος
450 1931 553 1959 ἀνωθεν
565 1931 722 1966 ἐπισκοπῆς
735 1931 862 1965 ἀξιωθεὶς
874 1931 944 1958 κατὰ

152 1976 269 2008 Παῦλον,
284 1977 382 2004 ἔπεσεν
397 1976 465 2003 ὡσεὶ
479 1977 574 2013 νεκρὸς
588 1977 659 2004 κατὰ
674 1979 736 2013 γῆς,
753 1978 800 2004 καὶ
816 1977 851 2004 τὸ.
868 1978 944 2010 ὲντὺς

152 2022 327 2058 συνεστράφη
346 2030 353 2038 ·
369 2023 556 2058 προστέτακτο
569 2022 598 2049 δὲ
613 2023 658 2049 διὰ
682 2023 842 2059 νυκτερινῆς
857 2023 944 2058 ὅψεως

152 2069 202 2095 καὶ
220 2064 309 2101 οὗτος,
322 2068 373 2095 οὐκ
387 2069 427 2100 είς
442 2069 588 2104 Δαμασκὸν
606 2068 642 2100 ὡς
657 2069 769 2102 ἐκεῖνος,
785 2070 853 2096 ἀλλά
868 2070 944 2104 παρά

151 2113 198 2139 τὸν
221 2113 267 2140 τοῦ
292 2113 361 2141 Θεοῦ
381 2114 536 2150 θεράποντα
560 2113 674 2149 Συμεὼν
696 2114 828 2149 ἀνελθεῖν,
844 2115 881 2147 ὡς
896 2115 944 2143 καὶ

153 2159 219 2194 παρ’
238 2159 321 2186 αὑτοῦ
342 2159 444 2195 δηλαδὴ
459 2159 609 2194 θεραπείαν
623 2161 655 2187 οὺ
678 2159 805 2196 σώματος
830 2162 944 2197 κομιού-

153 2213 234 2239 μενος
267 2205 358 2240 μόνον,
375 2205 443 2232 ἀλλὰ
473 2205 521 2232 καὶ
540 2205 640 2240 ψυχῆς.
669 2206 724 2232 Καὶ
750 2206 815 2242 δῆτα
844 2208 943 2243 φόρτος

152 2250 228 2276 οὐδὲν
241 2250 354 2285 ἀψύχων
381 2250 518 2282 ἀπεοικὼς
539 2250 679 2286 ὑποζυγίῳ
703 2251 851 2284 ἐπιτεθεὶς,
864 2253 943 2279 ἀολία

151 2303 181 2322 τε
198 2295 250 2332 πρὸ
266 2295 313 2322 τοῦ
333 2295 432 2323 nam
447 2295 535 2328 τεθεὶς
545 2295 616 2332 ὄψις,
629 2297 721 2332 φωνῆς
735 2297 839 2324 ἄνωθεν
849 2298 943 2325 ἀκούει

152 2340 229 2376 παρά
245 2340 293 2367 τοῦ
320 2341 399 2375 ἀγίου
421 2340 565 2376 λεγούσης,
585 2341 650 2368 Ἰδοὺ
677 2342 777 2379 ἀφείθη
797 2351 839 2370 σοι
869 2343 945 2379 παρά

154 2385 256 2420 Κυρίου
273 2386 306 2413 τὰ
319 2386 349 2412 ἐν
366 2385 465 2421 ἀγνοίᾳ
476 2395 483 2401 ·
500 2387 607 2422 ἐγειραι
636 2387 782 2423 τοιγαροῦν
797 2389 940 2416 ἀναλαϐὼν
958 2383 979 2411 Ῑ)

151 2431 260 2464 ἑαυτὸν,
280 2433 379 2467 μηκέτι
404 2433 514 2460 διώκειν
544 2433 626 2460 αὑτὸν
655 2434 818 2470 ἀνεχόμενος
850 2437 879 2462 δν
902 2437 941 2472 τῷ

151 2478 255 2506 τιθέναι
268 2478 300 2505 τὸ
311 2479 398 2515 στόμα
410 2487 457 2506 σου
469 2481 508 2511 είς
519 2480 603 2515 ἡμᾶς,
620 2479 669 2506 καὶ
679 2479 769 2508 λαλεῖν
785 2481 847 2508 καθ’
862 2483 942 2518 ὴμῶν

156 2525 274 2553 ἀδικίαν.
285 2524 396 2559 Τούτοις
412 2528 468 2558 τοῖς
485 2528 605 2563 ῥήμασιν
628 2527 691 2566 [είς]
715 2530 811 2558 ιαυτὺν
825 2531 944 2567 παραδό-

155 2570 209 2604 ξως
223 2571 395 2604 ἐπανελθὼν,
410 2573 540 2600 τάναντία
553 2574 654 2610 διεξῄει
669 2575 723 2602 τῶν
740 2577 941 2612 προλαϐόντων,

155 2617 203 2644 καὶ
215 2617 358 2652 κηρύττων
379 2615 414 2653 ἦν
434 2619 486 2652 ὅλῳ
502 2620 621 2655 στόματι
635 2621 737 2655 μᾶλλον
748 2622 798 2654 τὰς
812 2622 860 2649 τοῦ
875 2622 941 2650 Θεοῦ

153 2663 199 2690 διὰ
211 2662 258 2690 τοῦ
275 2663 439 2697 θεράποντος
453 2665 536 2692 αὑτοῦ
548 2665 718 2699 δυναστείας.

189 2754 231 2778 σι’.
245 2749 311 2779 Εἶτα
326 2754 374 2780 καὶ
387 2754 450 2785 τοὺς
460 2754 535 2786 υἱοὺς
548 2755 735 2791 προσαγαγὼν
745 2757 941 2794 δαιμονῶντας,

151 2796 237 2842 ὑγιεῖς
251 2797 398 2834 ἑκατέρους
409 2800 610 2835 ἀπολαμϐάνει.
627 2798 713 2834 υῦτος
730 2804 800 2839 μετὰ
826 2805 942 2842 θατέρου

150 2841 207 2867 τῶν
233 2843 334 2871 παίδων
366 2843 480 2880 ὕστερον
503 2845 543 2880 τῷ
571 2846 643 2881 ἁγίῳ
667 2848 835 2883 παραϐαλὼν
862 2841 942 2886 (επεὶ

150 2887 199 2912 καὶ
216 2887 335 2923 συνεχῶς
349 2889 424 2924 αὐτῷ
445 2890 516 2925 μετὰ
533 2892 632 2927 πεῖραν
651 2894 758 2927 εφοίτα,
774 2895 823 2922 καὶ
844 2897 940 2925 τοσοῦς

149 2932 266 2980 τονδστρ
288 2935 351 2980 τοὺς
379 2935 466 2972 ταύτῃ
492 2936 613 2973 δρῶντας
640 2939 736 2975 πρώην
753 2942 939 2980 Epigono)“

149 2984 206 3006 τινι
219 2978 274 3007 τῶν
291 2979 435 3014 ἀνωγαίων
451 2982 500 3017 τῆς
512 2982 596 3017 μονῆς
614 2984 752 3013 καταλύει,
770 2987 821 3015 Τὸν
834 2990 883 3023 μὲν
893 2978 938 3016 οὖν

331 3031 465 3063 ΡΑτιιοι..
488 3034 546 3067 Gn,
571 3033 737 3064 LXXXVI.

994 1752 1070 1779 mine
1086 1751 1286 1787 Epiphanium,
1297 1759 1331 1780 ex
1347 1759 1416 1787 pago
1430 1751 1550 1787 quodam
1566 1752 1613 1787 qui
1640 1761 1786 1789 nuncupa-

994 1802 1040 1825 tur
1053 1797 1187 1830 Eutlialii,
1197 1797 1232 1826 de
1244 1797 1486 1836 sanctiSymeonis
1497 1797 1568 1825 fama
1589 1805 1640 1833 per
1660 1798 1789 1834 ignoran-

994 1844 1060 1872 tiam
1071 1844 1231 1878 detrahere,
1239 1845 1392 1879 iueumque
1402 1843 1602 1872 contumeliose
1611 1843 1788 1878 dcbaccbari,

993 1894 1021 1918 et
1032 1898 1158 1918 errorem
1176 1890 1265 1926 ipsum
1281 1890 1443 1918 adeuntium
1462 1891 1552 1926 palam
1569 1890 1791 1926 reprehendere.

993 1938 1150 1974 Aliquando
1168 1938 1252 1973 igitur
1272 1938 1366 1965 divina
1388 1937 1499 1966 cmlitus
1522 1937 1629 1966 visione
1658 1938 1787 1975 dignatus

994 1983 1168 2019 Epiphanius
1185 1984 1242 2016 ille,
1260 1983 1332 2011 sicut
1352 1983 1492 2018 quondam
1521 1983 1632 2016 Paulus.
1665 1982 1788 2012 concidit

993 2030 1071 2066 quasi
1097 2035 1224 2058 monuus
1247 2030 1276 2057 in
1300 2034 1414 2062 terram,
1437 2034 1466 2057 ct
1494 2029 1652 2064 yisceribus
1681 2029 1788 2058 intimis

993 2082 1151 2105 couunotus
1160 2082 1203 2105 cst
1214 2086 1220 2104 :
1231 2077 1328 2112 jussus
1341 2083 1452 2112 quoque
1467 2080 1510 2104 est
1532 2083 1588 2104 non
1603 2080 1634 2104 ut
1658 2076 1711 2104 iste
1733 2076 1787 2104 Dao

993 2128 1116 2149 mascum
1128 2121 1291 2154 concedere,
1300 2121 1348 2148 sed
1357 2118 1390 2145 ad
1406 2120 1537 2148 famulum
1552 2121 1598 2149 Dei
1609 2120 1785 2157 Symeonem.

993 2172 1024 2195 ut
1039 2175 1088 2203 per
1101 2167 1177 2195 illum
1194 2167 1341 2195 sanitatem
1360 2174 1416 2194 non
1428 2167 1517 2195 solum
1531 2168 1668 2202 corporis.
1683 2168 1732 2196 sed
1758 2172 1788 2196 et

994 2214 1093 2241 anima;
1106 2214 1190 2241 etiam
1203 2216 1370 2248 reportaret.
1385 2212 1458 2248 Ergo
1468 2221 1522 2241 non
1539 2214 1656 2241 multum
1678 2213 1713 2241 ab
1729 2213 1801 2242 ina-'

993 2259 1062 2287 nimi
1078 2260 1251 2295 discrepans.
1267 2260 1393 2295 iumento
1407 2259 1555 2295 impositus
1569 2263 1612 2288 cst
1639 2267 1711 2288 onus
1733 2260 1787 2288 mi-

994 2306 1132 2336 serabile:
1148 2304 1348 2341 depositusque
1363 2310 1427 2333 ante
1440 2305 1598 2334 columnam
1627 2306 1786 2335 luctuosum

993 2352 1192 2387 spectaculum,
1217 2359 1315 2380 vocem
1351 2351 1461 2379 cmlitus
1484 2359 1498 2379 a
1517 2356 1614 2380 sancto
1648 2352 1786 2389 Symeone

993 2397 1141 2425 demissam
1158 2398 1257 2431 sensit,
1283 2405 1345 2431 qua:
1364 2397 1492 2426 dicebat:
1519 2398 1590 2426 Ecce
1607 2398 1788 2427 dimittuntur

993 2443 1079 2471 tibia
1111 2444 1230 2471 Domino
1268 2451 1330 2479 qua:
1358 2451 1391 2472 ex
1421 2443 1577 2480 ignorantia
1603 2445 1786 2480 commisisti;

992 2490 1053 2518 leva
1078 2494 1104 2517 te
1128 2490 1213 2527 igitur
1240 2495 1269 2517 et
1299 2488 1355 2518 noli
1376 2491 1504 2526 persequi
1524 2491 1615 2527 ipsum
1642 2491 1785 2528 deinceps.

992 2535 1143 2572 aperiendo
1156 2542 1189 2563 os
1202 2539 1280 2563 tuum
1292 2539 1320 2564 et
1335 2535 1476 2571 loquendo
1490 2537 1665 2572 iniquitatem
1686 2543 1786 2566 contra

992 2588 1053 2609 nos.
1063 2580 1168 2608 ﬂorum
1179 2576 1450 2610 verborum'virtute
1467 2582 1633 2610 mirabiliter
1653 2582 1707 2611 sibi
1720 2583 1786 2611 red-

993 2625 1078 2657 ditus.
1094 2626 1235 2655 contraria
1256 2627 1382 2659 omnino.
1405 2635 1488 2663 quam
1509 2633 1574 2656 ante
1596 2633 1657 2656 erat
1675 2629 1784 2662 solitus,

992 2671 1168 2707 loquebatur,
1180 2672 1318 2708 plenoque
1343 2681 1392 2701 ore
1422 2673 1591 2709 pradicabat
1615 2674 1663 2703 Dei
1686 2679 1785 2711 potem

994 2717 1059 2745 tiam
1071 2726 1121 2753 per
1132 2718 1265 2746 famulum
1283 2726 1377 2747 suum.

1037 2764 1100 2792 2H).
1119 2763 1377 2794 Adducensdeinde
1405 2765 1477 2794 filios
1493 2765 1564 2794 duos
1589 2766 1786 2800 demoniac“.

993 2810 1148 2840 incolumes
1159 2811 1257 2840 ambus
1271 2812 1396 2847 recepit:
1414 2820 1534 2848 quorum
1556 2820 1612 2840 uno
1634 2814 1785 2843 comitante

992 2860 1087 2892 postea
1099 2857 1251 2893 aliquando
1275 2857 1309 2885 ad
1330 2862 1458 2886 sanctum
1487 2865 1516 2886 se
1542 2857 1690 2886 conferens
1708 2858 1786 2894 (quia

989 2900 1046 2935 jam
1062 2905 1194 2936 expertus
1209 2901 1352 2935 virtutem,
1369 2902 1471 2935 creber
1485 2909 1520 2930 eo
1536 2902 1633 2934 itabat,
1654 2907 1786 2940 tantoque

991 2945 1164 2981 frequentius
1186 2953 1314 2983 ,quanto
1344 2948 1445 2984 smpius
1473 2953 1537 2976 ante
1568 2948 1595 2977 id
1627 2949 1787 2979 iactitantes

991 2992 1220 3031 reprehenderat)
1247 2994 1275 3021 in
1304 2994 1450 3023 caenaculo
1485 2995 1606 3030 quodam
1639 2995 1783 3032 superiore

1548 3045 1605 3076 100
