2138 3250
179 227 248 261 3181

679 225 764 255 VITA
783 225 805 254 A
825 221 1044 254 NICEPHORO
1064 219 1306 251 CONSCRIPTA.

1744 218 1812 248 3182

176 283 308 321 μιλλονῆ
327 282 416 310 πίστει
429 281 474 309 καὶ
488 280 562 313 {licet
577 279 701 315 καρδίας,
713 279 817 314 τυφλήν
837 287 869 313 με
890 279 965 313 6:16—
982 281 1003 308 Α
1019 282 1020 302 1

982 281 1003 308 Α
1019 277 1127 304 fervore
1150 275 1241 303 cordis
1260 284 1266 301 :
1280 274 1379 301 Sancte
1398 272 1525 309 Symeon,
1552 279 1568 300 0
1583 272 1631 307 qui
1648 279 1691 299 me
1706 271 1809 307 excipis

177 338 267 366 μενος,
283 328 418 356 ἀπόλυσον
432 327 592 363 βλέπουσαν.
606 325 661 352 Τοῦ
676 325 704 352 δὲ
718 324 966 360 σπλαγχνισθὲντος

174 376 219 402 ἐπ’
236 375 316 411 αὐτῇ,
332 374 427 410 χεῖράς
445 381 474 400 τε
487 373 542 404 τοῖς
559 371 710 407 ὀφθαλμοῖς
723 370 872 402 ἐπιθέντος,
887 370 965 397 €61:-

176 421 224 455 ψεν
237 420 318 453 εὐθὺς
329 419 423 453 ὑγιῶς.
436 416 502 445 Εἶτα
516 419 650 454 προσάγει
663 417 712 452 τὴν
727 416 865 452 θυγατέρα
882 416 967 448 πάθος

122 503 129 507 Α
175 467 290 502 ἔχουσαν
304 466 368 501 περὶ
382 465 431 500 τήν
444 465 529 500 γονήν
542 472 549 479 ·
561 463 664 496 ἐπιθεὶς
678 464 768 490 τοίνυν
781 463 827 491 καὶ
839 465 872 498 τῇ
890 463 966 490 παιδὶ

174 514 226 548 τὴν
238 514 325 548 χεῖρα,
338 511 396 539 Νῦν
411 511 460 547 μὲν
475 511 596 546 ὶπάνηκε
608 511 656 538 σὺν
673 511 752 546 αὐτῇ,
764 510 832 545 πρὸς
848 510 897 544 τὴν
915 518 966 544 μη-

173 558 242 593 τέρα
271 557 334 592 εφη,
361 557 422 592 ὄψει
449 556 478 584 δι
505 556 573 583 οἴκοι
589 555 638 591 τὴν
657 555 735 589 δόξαν
755 555 801 582 τοῦ
821 555 898 582 Θεοῦ.
922 554 967 586 Ὠς

174 603 240 639 γοῦν
258 603 408 638 ἐπανῆλθον
425 603 567 639 ἑκάτεραι,
584 603 632 630 καὶ
645 602 768 629 ὕπνωσεν
784 599 828 629 οἶα
845 601 916 635 φιλεῖ
928 600 966 635 τῷ

173 650 291 685 καμάτῳ
315 650 365 685 τῆς
391 649 546 684 ὁδοιπορίας
567 649 583 684 ἡ
609 649 712 684 μήτηρ,
742 648 793 684 δρᾷ
820 647 865 674 τὸν
888 647 966 681 ἅγιον

173 696 204 723 ὲν
230 695 312 730 ἑτέρᾳ
333 696 435 730 μορφῇ,
463 694 510 721 καὶ
529 694 558 720 οὑ
574 695 605 730 τῇ
625 693 735 729 συνήθει
760 691 964 728 παραϐαλόντα,

172 741 223 776 τήν
251 749 281 768 τε
307 741 398 767 νεᾶνιν
425 741 550 774 ἀγαγεῖν,
568 741 615 766 καὶ
639 739 669 766 τὸ
690 738 775 769 πάθος
791 737 965 773 ἁνακαλύψαι

172 786 359 813 κελεύσανταο
386 782 418 812 οὗ
438 785 505 820 παρ’
528 784 615 819 αὐτῆς
643 783 745 815 εὐθέως
768 783 963 819 γεγενημένου,

173 830 346 865 ἀνατεμόντα
367 828 457 862 τοῦτο,
482 831 529 856 καὶ
558 828 588 854 τὸ
611 825 714 855 λυποῦν
739 827 845 854 ἐκεῖθεν
859 827 966 861 ἐξενεγ-

172 875 265 908 κόντα,
281 876 328 902 καὶ
344 875 427 902 πάλιν
441 874 490 906 τὰς
507 874 614 908 πληγὰς
631 872 837 900 συνουλώσαντα
848 881 855 888 ·
870 874 966 899 ἔπειτα

173 920 267 955 μέντοι
281 920 331 955 τῆς
349 919 439 951 οἰκίας
457 918 573 952 ἐξιόντα,
588 919 634 945 καὶ
654 918 754 953 ἑαυτὴν
771 917 820 952 μὲν
840 917 964 953 ὁρκίζου-

1017 322 1105 350 oculis
1115 325 1267 353 carentem,
1279 320 1313 347 iis
1328 319 1467 346 videntem
1483 318 1604 346 dimitte.
1619 317 1743 351 Cumque
1759 315 1811 344 mi~

1018 372 1125 396 seratus
1140 367 1196 399 ille,
1223 373 1319 393 manus
1340 365 1428 393 oculis
1443 364 1631 399 imposuisset,
1649 363 1717 399 vidit
1736 363 1810 391 illico

1018 417 1104 440 recte.
1125 412 1230 440 Deinde
1254 411 1337 438 tiliam
1351 416 1462 445 quoque
1478 408 1555 436 ducit
1569 408 1668 435 morbo
1680 406 1809 434 laboran-

1019 465 1072 487 tem
1089 459 1157 493 (56),
1178 458 1226 493 qui
1239 457 1383 492 imponens
1397 455 1523 484 Similiter
1542 455 1580 482 illi
1597 462 1704 486 manus,
1723 453 1811 489 inquit

1016 505 1099 533 matri
1120 514 1126 531 :
1143 505 1292 532 Revertere
1308 510 1383 530 nunc
1395 509 1459 529 cum
1478 500 1531 528 filia
1548 501 1671 532 domum,
1692 499 1756 528 istic
1768 499 1811 527 vi-

1018 551 1093 578 debit
1111 550 1226 586 gloriam
1253 550 1312 577 Dei.
1330 548 1399 576 Cum
1418 548 1501 583 igitur
1516 546 1695 574 revertissent
1713 545 1810 577 ambaz,

1017 595 1097 623 matri
1110 601 1140 622 ut
1151 595 1260 626 assolet,
1271 594 1466 629 defatigatione
1477 593 1585 620 itineris
1594 599 1707 619 somnus
1715 591 1813 626 obrep-

1017 641 1062 673 sit,
1078 640 1241 675 oblatusque
1258 639 1285 666 in
1312 639 1359 666 illo
1380 642 1422 666 est
1447 642 1569 669 sanctus,
1593 636 1674 664 aliam
1699 636 1812 663 indutus

1016 686 1134 714 formam
1146 694 1160 713 a
1175 689 1324 717 consueta;
1336 683 1487 711 accedebat
1498 688 1601 715 autem.
1617 682 1721 710 ducens
1730 689 1811 708 manu

1017 733 1147 768 puellam.
1160 731 1204 759 cui
1221 730 1385 766 imperabat,
1402 729 1504 756 doloris
1518 729 1560 756 sui
1579 729 1670 756 locum
1687 732 1715 754 ut
1733 735 1812 755 reve-

1016 778 1096 806 laret.
1116 778 1220 812 Illaqne
1242 785 1303 804 mox
1322 777 1398 811 jussa
1415 779 1586 810 capessente,
1610 774 1728 802 dissecti)
1751 774 1813 801 loco

1016 824 1153 851 educebat
1169 823 1232 850 inde
1247 822 1320 857 quod
1337 821 1428 849 fuerat
1441 821 1546 848 doloris
1557 828 1652 853 causa,
1673 824 1700 847 et
1712 819 1812 847 vulnus

1017 869 1145 896 cicatrice
1156 867 1312 896 abducebat
1329 875 1334 893 :
1354 868 1453 901 postea
1468 866 1655 901 egredientem
1673 866 1755 892 domo
1769 864 1810 891 vi-

1017 913 1134 941 debatur
1159 913 1211 941 sibi
1238 912 1337 940 mulier
1360 911 1532 947 obstringere
1554 911 1754 947 jurejurando,
1782 915 1812 938 ut

173 950 225 993 σαν
246 950 329 993 αὐτον
355 950 434 997 ὃστιςγ
456 950 499 999 είη
522 963 645 998 φράσαι·
664 963 710 990 τὸν
729 950 757 989 δὲ
772 950 898 996 καθάπερ
914 962 963 997 βα·
981 950 1017 981 Βι

981 950 1002 977 Β
1016 959 1122 991 ederet,
1138 959 1201 994 quis
1215 964 1288 986 esset
1306 968 1311 984 :
1333 958 1410 985 illum
1434 961 1537 989 autem,
1561 957 1646 984 veluti
1670 956 1812 984 molestius

174 1011 244 1047 ρέως
274 1011 392 1046 φέροντα
418 1011 466 1037 καὶ
490 1009 650 1045 ἀχθόμενον,
665 1007 700 1035 Ὠ
727 1009 821 1043 γύναι,
837 1009 862 1035 τί
886 1009 966 1035 τοῦτο

173 1058 312 1093 ἐπιζητεῖς
329 1056 548 1092 ἀποκρίνασθαι;
572 1056 744 1082 Διαναστᾶσα
764 1055 867 1088 τοίνυν,
885 1054 908 1082 ὣ
920 1055 966 1082 τοῦ

174 1103 330 1138 θαύματοςι
347 1102 469 1138 εὑρίσκει
490 1101 539 1136 τὴν
555 1101 639 1128 παῖδα
659 1101 706 1128 τοῦ
727 1100 829 1133 πάθους
843 1101 966 1128 ἀπαλλα-

173 1151 279 1185 γεῖσαν,
301 1150 347 1177 καὶ
368 1148 491 1185 βραχέως
511 1148 597 1175 ὕπνου
613 1148 699 1184 δῶρον
718 1148 787 1184 αὐτῇ
808 1148 968 1184 παραδόξως

174 1205 272 1232 γεγενη
277 1197 362 1232 μένην
367 1216 374 1223 .

211 1245 275 1278 σιγ’.
301 1242 383 1278 Ἀνὴρ
396 1241 425 1268 δέ
441 1250 481 1273 τις
496 1242 529 1268 ἐκ
546 1240 674 1276 γειτόνων
692 1241 726 1276 τῇ
742 1240 853 1273 γυναικὶ
869 1239 966 1275 ταύτῃ,

175 1288 283 1324 γλώττῃ
298 1288 368 1315 κατὰ
383 1287 430 1314 τοῦ
447 1287 525 1321 ἁγίου
542 1286 654 1322 λοιδόρῳ
668 1286 715 1312 καὶ
731 1285 845 1320 διαϐόλῳ
858 1284 968 1320 χρώμε-

176 1343 232 1366 νος,
251 1334 280 1365 ὃς
303 1335 359 1365 τοῖς
372 1333 454 1360 αὑτοῦ
475 1333 638 1368 θαυμασίοις
655 1331 706 1358 οὐκ
717 1330 875 1358 ἀπιστοῦντι
890 1331 969 1366 μόνον

177 1379 269 1415 ιῲκει,
285 1373 353 1407 ἀλλὰ
367 1380 415 1406 καὶ
431 1378 642 1415 παρασκώπτων
662 1379 703 1409 είς
715 1377 798 1404 αὑτὸν
815 1375 859 1413 ἦν,
875 1377 922 1403 καὶ
935 1376 970 1404 τὰ

178 1426 281 1453 ἐκείνου
297 1425 434 1460 διασύρων
445 1425 556 1460 ἀναίδην
572 1424 619 1450 καὶ
633 1423 819 1455 καταπαίζων.
836 1419 920 1454 Οὗτος
931 1422 969 1449 δί-

178 1479 230 1506 κην
246 1471 333 1507 εὑρὼν
356 1471 508 1502 ἀκολάστου
531 1469 668 1505 γλώσσης,
692 1469 807 1504 δαίμονα
834 1469 968 1502 σύνοικον,

178 1517 344 1552 προσάγεται
360 1516 398 1551 τῷ
416 1517 496 1551 ἁγίῳ,
511 1517 556 1543 καὶ
571 1515 720 1551 θεραπείας
743 1515 808 1550 παρ’
821 1514 904 1541 αὑτοῦ
924 1523 970 1541 τυ-

178 1561 244 1599 χὼν,
261 1563 322 1590 οὐδὲ
337 1562 422 1598 ταύτῃ
446 1563 496 1598 τῆς
522 1563 561 1594 είς
575 1562 655 1589 αὐτὸν
675 1561 810 1596 ἀπέσχετο
824 1561 968 1595 φλυαρίας.

1017 1003 1152 1032 ferentem
1177 1003 1422 1037 indolentcmque,
1447 1002 1616 1037 respondere
1636 1010 1642 1029 :
1660 1001 1682 1030 0
1701 1001 1811 1034 mulier,

1017 1058 1067 1078 cur
1089 1049 1157 1077 illud
1183 1049 1392 1085 percunctaris?
1415 1048 1463 1076 His
1479 1048 1556 1079 visis.
1573 1047 1693 1075 excitata
1713 1046 1813 1074 mulier

1019 1095 1046 1130 (ο
1063 1095 1225 1123 miraculum
1237 1087 1255 1129 ἱ)
1270 1093 1372 1129 reperit
1383 1093 1500 1129 puellam
1516 1093 1612 1120 dolore
1625 1092 1751 1125 liberam,
1764 1100 1812 1128 per

1019 1141 1112 1168 brevis
1134 1140 1223 1168 somni
1240 1147 1340 1167 munus
1359 1139 1532 1167 admirabile.

1054 1236 1116 1263 215.
1138 1236 1178 1263 Ex
1189 1235 1289 1263 vicinia
1301 1235 1418 1270 hujusce
1434 1235 1558 1263 mulieris
1570 1235 1613 1263 vir
1623 1235 1735 1271 quidam
1747 1243 1814 1263 eon-

1021 1281 1167 1309 tumeliosa
1195 1286 1276 1317 atque
1303 1281 1440 1309 diabolica
1454 1281 1547 1316 lingua
1574 1282 1666 1309 virum
1687 1286 1813 1310 sanctum

1021 1325 1191 1358 tneessebat;
1217 1331 1245 1353 ct
1269 1325 1415 1353 videbatur
1442 1333 1497 1352 non
1522 1326 1605 1353 modo
1631 1333 1685 1353 non
1699 1325 1814 1354 credere

1020 1372 1153 1399 miracula
1168 1372 1238 1407 ejus,
1250 1371 1299 1399 sed
1312 1375 1341 1399 et
1360 1371 1494 1404 cavillari,
1507 1375 1590 1406 atque
1603 1371 1750 1400 detrahere
1766 1379 1816 1407 per

1021 1426 1158 1447 summam
1182 1419 1383 1454 impudentiam
1400 1418 1484 1446 rebus
1505 1419 1539 1446 ab
1560 1419 1608 1446 illo
1628 1419 1712 1455 gestis
1727 1419 1815 1455 iisque

1021 1466 1148 1494 illudere.
1165 1465 1217 1494 Sed
1231 1465 1336 1500 reperit
1349 1465 1560 1501 intemperantis
1575 1465 1675 1502 lingua:
1690 1466 1816 1494 meritam

1022 1511 1166 1543 ultionem,
1199 1511 1322 1538 dzemone
1348 1511 1439 1546 ipsum
1468 1511 1627 1539 invadente.
1652 1511 1818 1539 Producitur

1020 1564 1086 1592 ergo
1101 1556 1135 1583 ad
1153 1561 1294 1590 sanctum;
1311 1556 1359 1584 sed
1376 1557 1412 1584 ab
1425 1564 1459 1584 eo
1473 1556 1667 1584 liberationem
1681 1566 1800 1596 consecu
1810 1572 1817 1579 -

185 1608 218 1635 Ἦ
237 1608 298 1643 δίκη
314 1608 342 1635 δὲ
360 1607 440 1634 πάλιν
455 1607 510 1633 τῶν
529 1607 629 1641 ἑαυτῆς
644 1606 693 1632 οὐκ
707 1605 803 1641 ἡμέλει
814 1613 822 1620 ·
843 1605 912 1631 ἀλλὰ
928 1613 970 1631 νο-
985 1620 1005 1647 C
1023 1607 1029 1629 l

985 1620 1005 1647 ε
1023 1607 1077 1634 tus,
1094 1602 1181 1630 nihilo
1197 1602 1284 1638 magis
1300 1609 1383 1637 quam
1398 1602 1476 1638 prius
1491 1603 1636 1632 desinebat
1649 1604 1676 1631 in
1691 1609 1816 1632 sanctum

181 1654 262 1690 μὶσας
281 1655 294 1680 ὀ
311 1653 423 1688 μάταιος
441 1653 544 1684 ἐκεῖνος
567 1652 631 1678 ἰδεῖν
647 1652 691 1678 τὸν
710 1651 784 1685 ἅγιον
805 1652 834 1678 ἐν
851 1652 971 1687 ὁράματι

181 1697 275 1728 νυκτὸς
295 1697 369 1731 αὑτῷ
393 1697 553 1726 ἐπιστάντα,
573 1695 620 1722 καὶ
636 1697 686 1731 τὴν
701 1695 780 1722 αὑτοῦ
799 1695 889 1728 δεξιὰν
904 1696 972 1730 προς

180 1740 264 1776 ὀργὴν
279 1741 447 1775 ἀφελόμενον
495 1740 672 1772 διυπνισθεὶς.
700 1740 823 1775 ἀψευδεῖς
849 1741 972 1768 ἐπὶτῶν

181 1785 270 1821 ἔργων
292 1787 413 1822 εὑρίσκει
436 1786 485 1819 τὰς
502 1787 550 1822 τῆς
566 1787 716 1820 φαντασίας
735 1786 852 1818 εἰκόνας.
869 1787 901 1814 Ei
918 1787 972 1822 γὰρ

182 1833 229 1858 καὶ
242 1831 279 1867 μὴ
295 1831 380 1867 πάντη
397 1832 447 1868 τὴν
457 1831 545 1864 δεξιὰν
560 1831 694 1868 ἀφῄρητο.
708 1833 776 1860 ἀλλὰ
789 1832 874 1868 ξηρὰν
888 1833 973 1869 αὐτὴν

182 1874 249 1912 εἶχε,
261 1878 308 1904 καὶ
322 1878 397 1904 οὐδὲν
411 1878 521 1914 ἀψύχων
534 1878 695 1904 ἀπεοικυῖαν
705 1887 712 1894 ⁸
727 1879 822 1906 ἔπειτα
836 1880 927 1914 μέντοι
944 1880 972 1906 αἱ

183 1922 283 1956 σάρκες
306 1922 486 1958 διαρρυεῐςαι,
507 1926 597 1960 γυμνὰ
622 1925 703 1961 μέχρι
720 1925 827 1960 καρποῦ
848 1925 881 1951 τὰ
905 1925 972 1951 duri

183 1968 229 1994 καὶ
246 1968 328 2003 νεῦρα
349 1970 398 2003 τῆς
418 1970 509 2005 χειρὸς
534 1971 642 2007 ἐκείνης
661 1971 891 1998 ἁπολελοίπεσαν·
910 1971 973 2006 ἑξῆς

181 2014 210 2041 δὲ
231 2015 277 2040 καὶ
295 2014 412 2050 σκώληξι
429 2015 541 2048 ζέσασα,
556 2016 616 2043 οὐδὲ
632 2017 754 2053 φορητὴν
770 2017 808 2052 τῷ
824 2016 908 2051 ἀθλίῳ
926 2017 973 2052 τὴν

183 2060 231 2094 τῆς
246 2060 339 2096 ὀδύνης
353 2061 414 2095 βίαν
428 2062 552 2096 παρεῖχε.

1023 1649 1179 1684 petulanter
1191 1656 1281 1684 agere.
1293 1648 1347 1676 Sed
1363 1653 1391 1677 et
1404 1649 1526 1677 vindicta
1538 1657 1648 1678 rursum
1661 1651 1749 1679 nihilo
1763 1656 1819 1678 tar-

1023 1695 1086 1722 dius
1101 1695 1279 1730 subsequitur
1292 1704 1298 1721 :
1312 1695 1463 1723 arbitratus
1477 1703 1597 1730 namque
1613 1701 1654 1724 est
1670 1705 1756 1724 vanus
1771 1696 1818 1725 ille

1024 1739 1116 1773 homo,
1133 1745 1215 1767 noctu
1232 1747 1260 1766 se
1276 1739 1303 1767 in
1314 1740 1421 1768 visione
1435 1740 1595 1775 conspicere
1609 1741 1818 1774 sanctum,sibi-

1025 1794 1078 1821 que
1091 1786 1118 1813 in
1138 1785 1287 1814 vindictam
1304 1785 1407 1813 auferri
1424 1786 1459 1813 ab
1476 1786 1546 1813 irato
1560 1786 1702 1814 dexteram
1718 1783 1795 1815 suam
1809 1796 1817 1814 :

1026 1835 1204 1866 experrectus
1216 1836 1308 1859 autent
1335 1831 1472 1866 comperit
1488 1831 1603 1859 minime
1623 1840 1708 1860 vanas
1733 1832 1818 1861 fuisse

1026 1878 1141 1906 visionis
1170 1878 1320 1914 imagines,
1347 1877 1396 1905 sed
1429 1885 1486 1904 rem
1513 1877 1601 1913 ipsam
1634 1878 1744 1906 fuisse:
1765 1880 1818 1907 etsi

1021 1924 1094 1952 enim
1135 1924 1247 1951 dextera
1276 1924 1336 1958 ejus
1373 1923 1487 1951 omnino
1527 1924 1616 1952 ablata
1647 1933 1703 1952 non
1731 1931 1816 1956 esset.

1024 1974 1133 1997 aruerat
1151 1974 1218 2002 tota,
1235 1969 1303 1996 nihil
1317 1969 1450 1997 differens
1474 1969 1509 1997 ab
1525 1970 1657 1999 inanima.
1671 1971 1727 1998 Nec
1744 1972 1819 1999 stetit

1024 2017 1068 2044 hic
1094 2016 1196 2043 malum
1214 2025 1221 2043 ι
1239 2021 1401 2051 consumpta
1420 2023 1496 2048 caro,
1521 2017 1596 2044 nuda
1620 2017 1696 2045 illius
1722 2021 1818 2045 manus

1024 2062 1096 2097 polla
1116 2069 1271 2096 nervosque
1291 2061 1429 2093 destituit,
1446 2069 1592 2097 usquequo
1618 2070 1650 2090 ea
1667 2063 1818 2091 committi-

184 2111 230 2134 tur
243 2105 356 2134 bracbio
374 2115 382 2134 :
403 2106 438 2135 ad
450 2107 507 2136 haec
521 2111 548 2136 et
563 2108 702 2136 vermibus
714 2108 787 2144 quod
802 2109 922 2136 restabat
940 2108 1132 2142 exedentibus,
1156 2107 1339 2135 intolerabilis
1354 2107 1524 2135 inferebatur
1558 2108 1660 2136 misero
1685 2109 1816 2137 violentia

183 2152 319 2180 dolorum.

219 2199 276 2226 ct5'.
291 2199 384 2231 Συνεὶς
400 2200 545 2236 τοιγαροῦν
561 2201 628 2235 μετὰ
644 2201 693 2236 τὴν
710 2201 829 2236 πληγὴν,
844 2202 972 2237 πρόσεισι

184 2245 223 2281 τῷ
245 2247 316 2282 ἁγίῳ
334 2246 498 2281 πικροτέραν
524 2246 571 2273 τοῦ
588 2247 692 2279 πάθους
707 2248 756 2283 τὴν
771 2248 819 2275 ἐπὶ
833 2250 891 2280 τοῖς
905 2257 973 2284 προ-

1059 2201 1123 2228 ‘2”.
1136 2201 1313 2236 Resipiscens
1328 2200 1413 2236 igitur
1424 2205 1486 2236 post
1494 2201 1581 2245 talem
1596 2202 1816 2237 castigationem,

1027 2247 1154 2283 procedit
1164 2247 1198 2274 ad
1212 2251 1350 2279 sanctum,
1365 2246 1539 2274 acerbiorem
1563 2248 1734 2282 ptenitentize
1755 2257 1818 2285 pro-

183 2291 293 2317 λαδοῦσι
321 2291 502 2326 μεταμέλειαν
523 2292 603 2327 ἔχων.
623 2293 654 2319 '0
667 2293 694 2319 δὲ
722 2293 768 2319 τοῦ
793 2294 889 2328 ἀνδρὸς
906 2294 973 2329 ἁψὰ-
989 2312 1010 2339 D

971 2309 1010 2339 νυ
1027 2299 1088 2329 pter
1110 2293 1242 2325 admissa,
1271 2300 1353 2327 quam
1386 2292 1491 2320 doloris
1520 2300 1554 2320 ex
1581 2301 1692 2321 corrosa
1721 2302 1815 2327 manu,

184 2345 275 2374 μενος,
289 2337 393 2364 κελεύει
427 2338 478 2373 τῆς
505 2339 588 2366 αὑτοῦ
615 2339 717 2372 κόνεως
736 2340 853 2367 λαϐόντα
879 2340 971 2369 οἴκαδε

182 2383 379 2413 ἁπιὲναι.ᾶλλο
393 2384 425 2418 τῇ
440 2383 513 2419 χειρὶ
529 2383 612 2419 μηδὲν
637 2385 677 2411 ὅτι
698 2385 735 2420 μὴ
759 2385 861 2421 ταύτης
882 2387 972 2412 ἐπιτι-

183 2427 274 2454 θέντα.
288 2429 342 2455 Καὶ
354 2429 367 2454 6
385 2429 434 2464 μὲν
450 2429 536 2456 ταῦτα
552 2429 617 2465 ἕδρα
637 2438 644 2445 ο
664 2431 727 2465 περὶ
743 2431 771 2458 δὲ
798 2432 906 2467 πρῶτον
928 2441 973 2458 νυ-

183 2473 247 2505 κτὸς
263 2473 347 2500 ὕπνον
358 2474 445 2507 ἔδοξεν
459 2474 533 2510 αὐτῷ
540 2475 587 2501 τὸν
595 2475 707 2510 Συμεὼν
718 2477 878 2508 ἐπιστάντα,
888 2478 972 2504 πτύε-

183 2518 228 2545 λόν
242 2527 272 2545 τε
289 2519 336 2546 τοῦ
356 2519 458 2546 οίκείου
475 2520 620 2554 στόματος,
633 2521 680 2547 τοῦ
711 2520 785 2548 θείου
799 2521 837 2553 ὡς
861 2522 970 2558 ἀληθῶς

145 2580 148 2587 ι
183 2565 288 2592 ἐκείνου
305 2565 352 2592 καὶ
366 2565 426 2601 Θεῷ
437 2565 481 2592 διὰ
495 2566 595 2598 παντδς
609 2567 836 2601 προσλαλοῦντος,
850 2569 883 2603 τῇ
896 2568 973 2603 δεξιᾷ

184 2609 366 2646 λαμϐάνοντα,
378 2612 428 2646 τὴν
451 2610 556 2638 ἐκείνου
581 2611 671 2644 δεξιὰν
687 2613 832 2649 ὲπιχρίειν,
852 2613 921 2649 ὁμοῦ
945 2614 974 2640 δὲ

184 2657 224 2692 τῷ
238 2658 369 2692 χρίσματι
392 2658 439 2684 καὶ
455 2657 560 2692 σάρκας
584 2658 746 2692 ἀνάγεσθαι,
760 2660 807 2685 καὶ
825 2659 914 2695 δέρμα
930 2660 973 2686 ἐπ’

186 2704 271 2739 αὐτὴν
287 2704 467 2736 ἐκτείνεσθαι,
489 2703 542 2735 ἕως
560 2700 607 2730 ἐπὶ
621 2703 667 2730 τὸν
683 2705 832 2740 πριέχοντα
847 2705 974 2733 κόνδυλον

185 2750 234 2777 τοῦ
256 2750 341 2786 μέσου
357 2749 502 2777 δακτύλου.
514 2749 614 2776 Τοῦτον
630 2750 659 2777 δὲ
672 2751 746 2785 αὑτῴ
765 2751 813 2778 σὺν
838 2751 913 2787 ὄνυχι
925 2760 974 2778 πε-

227 2827 292 2867 (56)Δ
311 2827 400 2867 Grece
428 2830 494 2865 περὶ
511 2831 560 2867 τὴν
584 2831 690 2867 γυνήνς
719 2835 742 2867 ει
765 2831 869 2864 quidem
885 2831 972 2867 γυνὴ,

186 2864 437 2897 γυναικὸς,ᾳιιὶιιιω
460 2864 653 2895 declinationis
675 2864 805 2892 feminam
831 2864 974 2900 signiﬁcat,

184 2900 263 2934 γυνὴ.
276 2900 371 2935 γυνῆς.
387 2901 509 2928 secundae
532 2901 718 2928 declinationis
730 2909 860 2935 umquam
875 2902 976 2928 inueni—

187 2939 243 2968 tur,
255 2934 325 2968 quod
341 2935 434 2962 sciam.
456 2935 526 2968 Quid
537 2938 559 2964 si
576 2938 615 2964 ita
638 2936 772 2963 declinata
788 2934 845 2963 r01:
855 2942 976 2963 summm-

1025 2347 1137 2367 sensum
1162 2338 1291 2366 aﬂ‘erens.
1314 2338 1402 2365 Tactu
1428 2347 1479 2366 suo
1506 2339 1649 2375 dignatum
1671 2341 1752 2376 jubet
1773 2343 1818 2370 ille

1026 2385 1152 2416 pulveris
1165 2383 1306 2418 quidpiam
1320 2391 1415 2411 secum
1428 2388 1570 2419 asportare
1593 2392 1626 2412 ac
1652 2386 1745 2414 redire
1767 2387 1818 2415 do-

1022 2436 1115 2456 mum:
1129 2436 1179 2455 nec
1192 2428 1355 2463 quidquam,
1367 2433 1482 2464 excepto
1496 2429 1559 2462 isto,
1573 2431 1666 2458 manu‘i
1678 2431 1820 2467 imponen-

1022 2475 1099 2502 dum.
1115 2473 1194 2507 Quod
1208 2478 1236 2500 et
1248 2474 1345 2501 sedulo
1356 2473 1431 2502 fecit.
1444 2474 1501 2502 Sub
1517 2475 1635 2510 primam
1651 2484 1717 2504 vero
1730 2479 1821 2506 noctis

1028 2520 1149 2556 quietem
1160 2519 1235 2547 visus
1250 2519 1275 2546 ei
1296 2524 1337 2546 est
1362 2523 1453 2548 astare
1468 2520 1597 2556 Symeon,
1629 2523 1677 2558 qui
1705 2523 1819 2552 salivam

1029 2567 1086 2595 oris
1101 2566 1156 2597 sui.
1172 2566 1229 2593 oris
1242 2573 1325 2600 quam
1344 2566 1488 2595 verissime
1504 2568 1591 2596 divini
1603 2575 1632 2598 et
1643 2570 1699 2598 Deo
1711 2578 1820 2607 semper

1028 2613 1222 2648 colloquentis,
1238 2612 1351 2640 dextera
1370 2621 1420 2640 sua
1440 2619 1596 2650 exceptam,
1611 2616 1686 2644 illius
1698 2617 1821 2645 dextera:

1028 2659 1180 2687 allinebat:
1198 2666 1254 2693 quo
1275 2658 1357 2692 facto,
1381 2659 1463 2686 simul
1491 2667 1574 2688 carne
1600 2661 1714 2696 obduci,
1738 2663 1819 2690 simul

1028 2705 1100 2740 pelle
1117 2705 1212 2732 vestiri
1226 2704 1260 2731 ad
1276 2712 1415 2732 summum
1430 2713 1517 2740 usque
1548 2707 1632 2734 medii
1652 2708 1729 2744 digiti
1757 2717 1822 2736 con-

1028 2752 1121 2788 dylum
1136 2752 1240 2786 coepit:
1257 2751 1334 2779 visus
1350 2756 1442 2779 autem
1454 2757 1497 2780 est
1512 2754 1646 2790 condylus
1677 2756 1729 2783 iste
1757 2763 1821 2782 cum

1023 2841 1070 2868 pro
1100 2836 1177 2868 parte
1207 2832 1341 2867 muliebri,
1365 2842 1446 2869 quam
1473 2835 1534 2870 quia
1550 2834 1655 2868 tungia
1676 2840 1821 2868 monacho.

1024 2869 1104 2895 etiam
1132 2877 1177 2906 per
1197 2870 1330 2896 somnium
1357 2874 1380 2896 et
1400 2870 1536 2906 visionem,
1567 2871 1688 2899 indecem
1715 2872 1822 2906 luisset.

1025 2904 1180 2942 apparuerit
1196 2908 1314 2942 euinctus,
1340 2913 1393 2932 non
1417 2904 1444 2932 in
1471 2907 1580 2942 propria
1609 2904 1776 2942 apecie,'red
1794 2917 1822 2936 tu

1025 2938 1115 2967 habitu
1134 2938 1273 2973 c/iirurgt'.’
