2136 3256
204 221 273 257 3193

713 218 794 250 Vl'l'A
811 219 836 248 Α
854 215 1074 248 NICEPHORO
1091 215 1334 247 CONSCRIPI'A.

1762 213 1831 246 MN

205 280 326 309 medium
343 278 466 316 protullt.
486 277 557 306 Ecce
574 280 665 304 autem
682 275 765 303 miser
780 274 826 302 ille
854 274 987 301 continuo
1005 276 1086 300 terra
1117 272 1213 299 allisus
1242 270 1447 305 crudeliterque
1469 270 1624 305 discerptus
1650 278 1664 297 a
1695 269 1834 299 daemone.

206 331 234 354 ει
250 315 357 362 dignam
387 324 540 354 sceleribus
566 323 700 351 ultionem
725 320 877 356 excipiens,
904 319 988 346 vitam
1008 325 1071 345 cum
1089 322 1177 344 morte
1195 317 1354 352 turpissima
1374 315 1564 343 commutavit.

901 388 1013 417 CAPUT
1032 387 1151 416 XXVI“.

696 448 809 483 Integris
834 446 943 482 familiis
961 446 1045 473 multa
1073 443 1196 478 beneﬁcia
1214 444 1325 479 confert.

239 500 304 527 σις’.
317 501 442 535 Ἴσαυρος
454 499 482 526 δέ
494 507 546 532 τις,
557 499 642 535 δνομα
654 499 758 531 Κόνων,
773 499 803 525 οὑ
814 498 926 534 χαλεπῷ
935 497 993 524 δαί-
1008 505 1031 534 Α
1071 502 1082 529 ,ε

990 511 993 517 ι
1008 505 1031 534 Α
1071 501 1141 529 825.
1160 501 1272 528 lsaurus
1284 499 1395 535 aliquis.
1416 504 1593 535 nuncupatus
1605 500 1714 534 Conon.
1725 502 1833 530 crucia-

205 555 265 581 μσνι
283 546 423 581 πέπληκτο
441 545 532 580 μόνον,
546 546 613 573 ἀλλὰ
625 546 670 572 καὶ
681 546 726 572 τὸν
735 544 907 581 ἀστράγαλον
917 544 992 570 nam

204 591 314 628 πονηρῷ
325 613 332 624 ,
343 592 381 624 ὡς
396 591 436 627 τῷ
450 592 500 626 μιν
514 591 717 626 διαμασσᾶσθὰι
731 591 781 626 τὴν
793 590 927 625 γλῶτταν.
943 590 993 627 δσα

203 638 250 664 καὶ
260 637 342 671 ἄρτον
353 637 439 672 αὐτὴν
449 635 584 668 ισθίοντα,
595 637 634 671 τῷ
644 637 673 663 δὶ
685 636 832 671 σεσηπίνσι
842 635 872 662 τὸ
886 634 994 674 σκέλος,

203 681 312 718 σαρκῶν
318 690 348 708 τε
359 681 393 709 τὰ
404 682 471 709 ὀστᾶ
478 681 684 716 γεγυμνῶσθαι,
691 680 737 707 καί
745 689 772 708 τι
779 680 897 711 δυσῶδες
905 678 994 706 αὐτῶν

202 729 334 756 ἀποπνεῖν
348 727 386 759 ὡς
402 727 469 763 μηδὲ
482 727 600 762 φορητὸν
611 725 683 754 εἶναι
697 726 841 762 ὀσφρήσει.
855 722 938 756 Οὗτος
951 725 994 751 ια-

202 775 276 809 τροῐς
284 774 318 801 τὰ
324 775 389 801 ὄντα
397 774 621 810 προσαναλώσας,
628 775 666 806 ὡς
673 773 727 801 οὐδ’
735 773 824 801 δτιοῦν
830 773 922 804 αὐτοῖς
931 772 995 799 ἀλλο

203 821 272 856 πρὸς
285 820 433 856 θεραπείαν
448 822 465 856 ἠ
477 820 560 856 τέχνη
574 822 715 857 παρεῖχεν,
726 820 768 847 δτι
784 820 824 855 μὴ
845 819 995 855 πρισθίντα

201 867 249 894 τὸν
270 867 336 894 πόδα
354 868 484 902 κοπῆναι,
495 867 571 902 παρὰ
582 867 628 894 τὸν
645 867 717 894 θεῖον
736 865 933 901 ἀνακομίζεται
941 865 994 892 Συ-

204 912 287 948 μεὼν,
294 912 324 940 ὃν
331 913 363 949 δή
376 921 426 939 που
439 912 487 940 καὶ
498 912 578 947 μόνον
587 913 704 940 ἀνιάτων
712 912 772 948 ᾔδει
782 911 877 939 παθῶν
889 911 993 946 ἰατρόν.

204 958 224 983 Τ
226 957 304 984 οὖτον
315 957 387 990 ὅπως
400 957 524 990 ιλεεινῶς
535 956 608 993 εἶχεν
618 959 722 989 ἐκεῖνος
734 957 806 989 ίδὼν,
814 957 910 991 πράως
920 964 950 983 τε
960 957 994 992 τῇ

204 1004 282 1039 βατνῃ
295 1003 385 1039 ῥάϐδῳ
396 1003 511 1039 πλήξας,
519 1005 565 1031 ἐπὶ
576 1003 630 1030 τῶν
641 1003 749 1030 οἰκείων
760 1002 849 1029 ποδῶν
859 1000 994 1036 ἐπέτρεψε

204 1050 299 1085 στῆναι
307 1058 314 1065 ·
326 1049 372 1076 καὶ
384 1051 556 1085 παραχρῆμα
566 1049 584 1084 ἦ
594 1057 624 1076 τε
637 1048 753 1076 δυσωδία
763 1047 885 1080 ισσεστο,
893 1047 940 1074 καὶ
949 1054 995 1078 πο,

203 1097 246 1125 σὶν
254 1098 269 1124 ὀ
280 1097 391 1131 κάμνων
400 1096 500 1132 εχρῆτο
510 1097 558 1123 καὶ
569 1096 687 1130 ἀσφαλεῖ
697 1095 853 1130 βαδίσματι.
867 1092 933 1120 Elea
948 1093 994 1128 ιγ-

202 1142 329 1176 γίσαντος
338 1141 413 1177 αὑτῷ
420 1141 470 1176 τῆς
479 1141 600 1176 κεφαλῆς
610 1141 761 1176 ἁψάμενος,
768 1140 816 1167 καὶ
826 1139 992 1174 σφραγίσας,

1043 546 1124 574 batur
1137 554 1190 573 non
1207 546 1296 573 solum
1310 546 1344 572 ab
1359 544 1464 573 infesto
1480 545 1615 579 damone,
1630 554 1726 574 verum
1748 547 1831 575 etiam

1043 600 1058 620 α
1069 592 1171 620 dilllcili
1187 593 1215 619 in
1233 593 1288 619 talo
1299 592 1408 625 ulcere;
1429 599 1518 626 usque
1533 592 1604 619 adeo
1617 596 1649 619 ut
1675 592 1833 620 mandendo

1041 637 1163 673 linguam
1178 637 1253 665 velut
1268 645 1366 672 panem
1375 637 1551 669 comederet;
1565 641 1740 672 putresceret
1755 645 1831 670 crus.

1042 692 1104 712 ossa
1119 683 1337 711 destituerentur
1353 690 1447 714 carne.
1463 686 1492 710 et
1514 681 1631 710 fetorem
1658 683 1834 718 exspirarent

1043 729 1157 756 naribus
1173 728 1385 756 intolerabilem.
1400 728 1448 755 llle
1468 727 1615 763 absumpta
1637 728 1712 756 omni
1731 729 1759 756 in
1776 736 1835 758 me-

1042 775 1120 803 dicos
1130 775 1293 807 substantia.
1309 781 1373 802 cum
1384 774 1453 801 nihil
1463 774 1616 810 quidquam
1644 774 1755 802 illorum
1771 779 1832 803 arte

1042 821 1188 856 proﬁceret
1202 820 1236 847 ad
1247 820 1404 851 sanitatem.
1416 819 1469 847 nisi
1483 819 1558 855 quod
1582 820 1729 855 praecisum
1755 828 1834 849 serra

1041 867 1139 902 pedem
1155 865 1281 893 dicerent
1298 864 1510 900 amputandum.
1525 865 1667 892 transtulit
1680 872 1710 893 se
1724 865 1757 893 ad
1770 873 1835 894 san-

1039 917 1113 941 ctum
1124 911 1302 947 Symeonem.
1322 918 1404 946 quem
1429 911 1519 939 solum
1549 915 1666 939 noverat
1692 911 1834 939 incurabi-

1041 956 1108 984 lium
1130 956 1290 984 morborum
1313 956 1462 984 medicum.
1490 957 1570 984 Hunc
1594 959 1650 983 tam
1682 956 1833 985 miserabili

1042 1003 1070 1030 in
1097 1008 1170 1030 Statu
1199 1003 1320 1037 positum
1346 1010 1463 1030 cernens
1490 1002 1624 1035 ille.eum
1648 1002 1757 1038 palmes
1783 1010 1834 1031 sua

1041 1048 1118 1084 virga
1135 1048 1317 1084 percussisset
1331 1048 1442 1080 leniter,
1453 1048 1582 1076 hortatus
1592 1053 1646 1080 eat.
1664 1052 1696 1076 ut
1713 1048 1834 1084 pedibus

1041 1094 1100 1122 suis
1114 1098 1219 1121 staret:
1235 1097 1264 1121 et
1277 1094 1411 1121 continuo
1423 1093 1492 1122 abiit
1524 1093 1725 1129 graveolentia.
1747 1099 1832 1130 atque

1042 1147 1113 1175 aeger
1122 1139 1240 1175 pedibus
1253 1139 1311 1167 suis
1325 1139 1477 1174 etquidem
1494 1139 1582 1167 llrmis
1596 1138 1630 1166 sd
1645 1147 1744 1168 secure
1766 1147 1832 1175 gra-

208 1188 253 1214 'Ev
264 1187 375 1222 ὀνόματι
387 1186 434 1214 τοῦ
452 1187 554 1223 κυρίου
569 1187 616 1214 καὶ
629 1186 697 1213 Θεοῦ
711 1186 759 1213 καὶ
775 1185 901 1221 Σωτῆρος
914 1184 992 1220 ἡμῶν
1011 1187 1030 1214 Β
1044 1194 1051 1212 ι

990 1193 992 1205 ι
1011 1187 1030 1214 Β
1044 1185 1175 1213 diendum
1189 1190 1233 1214 est
1248 1193 1325 1213 usus.
1348 1184 1452 1212 Deinde
1477 1184 1592 1221 propius
1618 1185 1778 1213 accedentia
1798 1184 1833 1214 ad

208 1233 296 1270 Ἰησοῦ
313 1233 443 1269 Χριστοῦ,
455 1234 596 1260 ιπιτάστω
611 1241 652 1259 σοι
666 1232 705 1267 τῷ
718 1231 829 1267 πονηρῷ
844 1230 991 1266 πνεύματι,

202 1280 265 1315 εφη,
275 1279 394 1311 ἑξελθεϊν
408 1278 456 1305 τοῦ
473 1277 617 1312 ἀνθρώπου
634 1277 740 1309 τούτου,
752 1277 800 1303 καὶ
813 1276 910 1312 μηκέτι
923 1275 992 1311 πρὸς

201 1325 283 1352 αὑτὸν
289 1323 466 1360 ἀναστρέψαι.
473 1324 503 1351 '0
513 1324 562 1358 μὲν
570 1323 616 1351 οὖν
623 1323 729 1358 δαίμων
736 1323 817 1355 εὐθὺς
824 1321 990 1357 ἀπελήλατο·

201 1372 234 1407 si},
246 1371 274 1398 δι
284 1370 332 1397 τοῦ
345 1370 423 1402 ποδὸς
439 1369 529 1405 πληγῇ
542 1369 592 1405 τῆς
603 1369 708 1400 οίκιίας
721 1368 876 1396 επισάλλειν
891 1367 991 1399 κόνεως

202 1416 309 1444 κελεύει
322 1416 362 1451 τῷ
373 1416 482 1451 τυχόντι
503 1415 554 1450 τῆς
577 1415 740 1452 θεραπείας
755 1415 815 1450 ἥτις
836 1414 940 1449 σάρκας
960 1421 990 1440 τε

202 1462 296 1497 ιφυσε,
309 1462 357 1489 καὶ
375 1461 463 1497 δέρμα
483 1461 526 1488 ιη’
541 1461 626 1494 αὐτὰς
648 1461 776 1494 ιξέτεινε,
788 1460 836 1487 καὶ
859 1459 938 1495 ὑγιὴς
961 1459 991 1485 ὲν

202 1508 299 1544 βρακιῖ
311 1509 325 1539 il
335 1507 430 1544 πρώην
441 1507 635 1542 ἀθεραπεύτως
647 1507 728 1542 ιχων,
738 1507 807 1542 αὐτῇ
820 1506 930 1540 γυναικὶ
941 1505 990 1532 καὶ

200 1554 369 1589 προσήκουσι
383 1553 431 1582 καὶ
444 1553 496 1588 ὅλῳ
511 1553 605 1589 σχεδὸν
621 1553 761 1580 ιπάνεισιν
773 1553 851 1588 οῐκῳ.

1043 1235 1166 1266 secaput
1195 1231 1285 1267 tetigit
1298 1234 1411 1259 sanctus
1432 1233 1515 1265 atque
1540 1230 1662 1265 signavit
1675 1230 1786 1258 dicens:
1803 1229 1834 1258 la

1043 1277 1154 1304 nomine
1170 1275 1279 1303 Domini
1296 1280 1325 1304 et
1345 1275 1392 1303 Dei
1410 1279 1493 1310 atque
1505 1275 1657 1304 Salvatoris
1670 1276 1758 1304 nostri
1767 1275 1832 1304 Iesu

1042 1322 1146 1351 Christi
1159 1321 1289 1357 praecipio
1304 1321 1366 1354 tibi,
1387 1316 1506 1356 maligne
1519 1320 1644 1356 spiritus.
1661 1315 1693 1349 ut
1715 1321 1835 1350 incessu

1043 1375 1077 1395 ex
1094 1366 1146 1394 hoc
1171 1366 1295 1398 homine,
1318 1370 1347 1393 et
1375 1373 1517 1400 nunquam
1541 1364 1662 1400 amplius
1690 1364 1719 1393 in
1742 1365 1834 1401 ipsum

1044 1413 1176 1440 introeas.
1199 1412 1338 1447 Expulsus
1349 1412 1443 1446 itaque
1454 1411 1547 1439 statim
1569 1416 1612 1439 est
1629 1411 1748 1440 “mon.
1763 1411 1834 1439 Tum

1041 1459 1208 1494 jussitillum
1220 1457 1328 1485 vulneri
1342 1457 1423 1492 pedis
1452 1457 1557 1492 aliquid
1587 1457 1710 1493 pulveris
1730 1458 1774 1486 sui
1790 1458 1835 1486 in-

1044 1512 1260 1540 spergere;quo
1275 1504 1367 1531 statim
1398 1504 1424 1531 ei
1452 1508 1549 1532 renata
1564 1511 1631 1532 caro
1658 1509 1687 1532 et
1714 1503 1835 1532 obducta

1044 1548 1124 1584 pellis
1135 1553 1194 1576 est:
1215 1551 1297 1582 atque
1313 1548 1390 1575 brevi
1406 1552 1570 1582 persanatus
1595 1547 1630 1575 ad
1650 1555 1775 1581 uxorem.
1800 1548 1836 1576 ad

199 1591 379 1629 propinquos.
405 1593 440 1621 ad
476 1594 607 1622 familiam
639 1594 796 1622 universam
819 1593 918 1625 rediit.
942 1592 990 1628 qui
1008 1593 1090 1628 paulo
1103 1597 1167 1620 ante
1181 1592 1342 1629 incurabilis
1363 1593 1531 1620 habebatur.

235 1643 309 1673 ait".
325 1639 417 1667 Ἱκανὰ
432 1639 482 1674 μὲν
491 1639 538 1667 οὖν
552 1637 582 1667 εὖ
593 1637 652 1668 οῖδα
666 1640 747 1676 κόρον
757 1641 853 1672 ἀκοαῖς
870 1640 989 1668 ἐνθεῖναι

199 1686 233 1714 τὰ
246 1686 390 1723 είρημίνα,
402 1685 471 1713 ἀλλὰ
482 1686 588 1722 σιωπῆς
597 1686 648 1713 οὐκ
663 1686 727 1720 ἄξια
739 1686 821 1714 πάλιν
832 1687 867 1713 τὰ
878 1686 989 1721 ἑφεξῆς.

199 1731 349 1763 Νεανίσκος
362 1730 417 1767 γάρ
429 1739 471 1764 τις
483 1731 516 1758 ιιι
533 1730 631 1767 κώμης
644 1731 797 1763 Καλλινίσς
808 1731 989 1767 καλουμένης,

199 1776 336 1813 Γεώργιος
352 1776 448 1812 δνομα,
465 1776 596 1804 σκάπτων
610 1777 640 1803 ὲν
651 1776 813 1808 οίκοπὲδσις,
827 1777 948 1812 μνήματι
961 1785 990 1803 τε

199 1821 365 1858 περιτυχὼν,
387 1822 435 1849 καὶ
449 1822 529 1849 τοῦτο
544 1822 682 1858 διορύξας,
699 1822 787 1849 ἑλπίδι
802 1821 989 1858 τοῦ.κρυπ·τό-

200 1875 282 1903 μενον
293 1867 364 1903 τάχα
375 1867 511 1904 θησαυρὸν
523 1867 656 1904 ἀνευρεῖν,
670 1868 779 1903 δαίμονι
790 1868 902 1904 χαλεπῷ
913 1877 992 1905 περι-

199 1913 293 1940 πίπτει
303 1913 362 1948 (τῆς
374 1913 451 1950 δίκης
462 1913 557 1950 ὥσπερ
572 1915 674 1942 ἀνεκτὰ
689 1915 817 1951 θεμίνης,
828 1917 852 1943 ει
867 1916 905 1952 μὴ
918 1916 992 1952 παρὰ

199 1957 284 1989 πόδας
299 1957 402 1985 ιποίσει
418 1958 466 1986 καὶ
479 1959 637 1996 τιμωρίαν),
651 1960 698 1987 καί
712 1968 789 1992 τινας
800 1958 844 1988 οἷα
859 1962 992 1995 γυναῖκας

201 2002 263 2030 ιδὼν
287 2003 361 2040 αὖτῷ
384 2004 603 2040 συμπλακείσας,
619 2005 812 2041 μυκησάμενος
831 2007 903 2034 κατὰ
916 2006 990 2043 βοῦν,

197 2049 239 2081 είς
251 2049 303 2084 γῆν
316 2050 476 2086 κατερράγη
486 2058 493 2066 ’
507 2050 537 2083 ιε
546 2050 652 2078 ικιίνου
664 2051 754 2078 τοίνυν
768 2052 867 2079 ὁπόσαι
881 2052 990 2086 νύκτες,

200 2095 362 2130 ῥιπτόμενος
375 2095 476 2130 ὁμοίως
488 2096 527 2128 tl;
542 2096 639 2131 ἔδαφος
652 2098 699 2124 καὶ
712 2098 934 2133 σπαραττόμενος
945 2096 990 2134 ἦν,

197 2140 287 2179 ἀειζροῦ
300 2149 332 2168 τε
346 2141 526 2176 παραπτύων,
540 2143 588 2169 καὶ
602 2143 636 2170 τὰ
650 2143 725 2170 ενδον
739 2143 989 2180 ἁναδρασσόμενος.

203 2185 363 2222 ’Υπανῆπτε
387 2187 417 2214 δι
436 2187 512 2222 αὐτῷ
526 2188 573 2215 καὶ
586 2188 754 2225 ζηλοτυπίας
773 2190 819 2216 επὶ
831 2191 864 2225 τῇ
880 2191 992 2224 γυναικὶ

197 2230 300 2266 φλόγας
328 2232 343 2258 ὁ
358 2233 467 2268 μιαρὸς,
485 2233 611 2270 καθάπερ
625 2235 695 2270 αὐτῇ
712 2233 910 2270 συνεληλυθὼς,
923 2235 993 2271 ὅπερ

196 2273 231 2312 ἦν
252 2276 327 2312 αὑτῷ
350 2277 401 2313 τῆς
430 2279 575 2315 συμφορᾶς
604 2279 635 2306 sb
658 2279 820 2315 βαρύτατον.
843 2280 901 2307 Οὐκ
922 2280 993 2316 ἔχων

196 2320 244 2350 οὖν
260 2323 275 2350 ὃ
288 2323 315 2350 τί
329 2332 393 2350 ποτε
405 2324 469 2351 ἄλλο
484 2325 552 2360 πρὸς
563 2325 650 2352 κακὸν
665 2324 825 2360 τηλικοῦτον
839 2326 991 2361 ιπινοήσει,

196 2368 354 2404 προσελθὼν
364 2371 398 2406 τῇ
409 2370 456 2397 τοῦ
471 2370 591 2406 μεγάλου
608 2371 712 2405 στάσει,
727 2372 818 2408 ῥίπτει
840 2372 912 2399 κατὰ
940 2372 993 2407 γῆς

197 2414 305 2448 ἐαυτὸν,
321 2415 370 2447 τὰς
389 2415 579 2451 κατασχούσας
602 2416 684 2444 αὐτὸν
697 2416 901 2453 ἀποδυρόμενος
922 2426 992 2453 συμ-

197 2461 295 2496 φοράς.

1078 1639 1141 1667 226.
1153 1639 1220 1673 Qua
1236 1639 1372 1667 hactenus
1383 1639 1457 1667 dicta
1487 1643 1553 1667 sunt
1580 1640 1652 1668 bene
1678 1640 1775 1673 multa.
1789 1648 1836 1668 sa-

1043 1685 1166 1714 tietatem
1176 1685 1255 1713 vobis
1268 1685 1452 1720 ingesserunt,
1465 1685 1523 1713 seio
1537 1694 1544 1712 :
1568 1690 1759 1714 verumtamen
1773 1693 1836 1721 qua

1042 1732 1208 1767 sequuntur.
1226 1730 1418 1766 praetereunda
1446 1730 1557 1758 silentio
1579 1738 1635 1758 non
1658 1734 1733 1758 sunt.
1752 1731 1836 1759 Juve-

1043 1776 1088 1803 nis
1100 1776 1211 1811 quidam
1227 1783 1261 1803 ex
1273 1782 1353 1811 pago.
1369 1775 1417 1810 qui
1430 1775 1584 1804 vocabatur
1597 1775 1739 1805 Callinea:
1765 1776 1835 1812 ipse.

1003 1813 1025 1842 (ἶ
1040 1821 1190 1856 Georgius;
1207 1821 1308 1848 rudera
1324 1821 1424 1848 domus
1439 1828 1554 1853 eruens.
1576 1821 1649 1849 forte
1674 1822 1787 1850 fortuna
1804 1822 1833 1850 in

1042 1873 1251 1895 monumentum
1265 1867 1372 1900 incidit,
1387 1867 1462 1902 quod
1479 1867 1526 1895 ubi
1540 1867 1676 1895 ell‘oderat
1693 1875 1742 1904 ape
1755 1876 1835 1904 repe-

1042 1913 1132 1941 riendi
1148 1913 1278 1941 latentem
1295 1913 1467 1946 thesaurum,
1486 1913 1521 1940 ab
1534 1913 1636 1940 infesto
1648 1913 1773 1942 daemone
1787 1921 1836 1942 oc-

1042 1964 1158 1995 cupatus
1172 1964 1216 1987 est
1233 1959 1323 1995 (quasi
1341 1959 1425 1987 nimis
1450 1959 1519 1987 levis
1535 1959 1632 1986 futura
1657 1963 1734 1987 esset
1764 1959 1835 1988 ultio

1041 2013 1102 2040 quae
1116 2013 1171 2032 non
1188 2005 1261 2033 illico
1276 2013 1384 2040 penam
1396 2005 1560 2039 intulisset).
1581 2008 1610 2032 et
1634 2004 1767 2040 quasdam
1785 2013 1836 2032 ve-

1041 2052 1092 2079 luti
1106 2052 1237 2079 mulieres
1254 2051 1344 2086 ipsum
1360 2052 1577 2086 complectentes
1595 2051 1714 2079 intuitus
1737 2057 1770 2078 ac
1783 2050 1835 2079 bo-

1041 2097 1084 2125 vis
1093 2098 1181 2124 instar
1196 2097 1282 2125 edens
1297 2097 1444 2132 mugitum.
1458 2097 1486 2124 in
1500 2101 1602 2125 terram
1617 2102 1741 2132 preceps
1752 2096 1834 2125 datus

1041 2149 1084 2170 est
1107 2153 1114 2173 :
1135 2143 1217 2179 idque
1248 2142 1350 2170 exinde
1366 2150 1416 2177 per
1427 2142 1552 2178 singulas
1566 2143 1714 2170 accidebat
1726 2147 1833 2176 noctes;

1042 2188 1207 2216 allidehatur
1222 2188 1297 2216 enim
1310 2188 1394 2216 simili
1411 2188 1494 2216 modo
1505 2193 1598 2222 teme,
1612 2196 1645 2216 ac
1658 2188 1834 2217 dilaceraha-

1043 2238 1099 2266 tur,
1139 2238 1285 2268 spumante
1310 2241 1371 2266 ore.
1402 2234 1615 2270 visceribusque
1641 2234 1831 2262 aestuantibus.

1042 2279 1165 2315 Subjecit
1178 2287 1289 2315 quoque
1302 2279 1361 2314 ipse
1393 2279 1536 2316 zelotypiaa
1559 2280 1635 2308 faces
1649 2280 1757 2308 ratione
1768 2287 1837 2307 uxo-

1042 2326 1080 2354 ris
1098 2333 1216 2361 ncquam
1229 2326 1353 2361 spiritus.
1367 2331 1498 2361 tanquam
1509 2327 1533 2354 si
1554 2327 1613 2362 ipse
1631 2334 1694 2354 cum
1708 2326 1754 2354 illa
1772 2333 1832 2354 rem

1042 2372 1201 2399 habuisset:
1221 2371 1249 2399 id
1275 2372 1350 2407 quod
1379 2372 1487 2399 homini
1506 2379 1666 2400 aerumnosa
1697 2372 1830 2400 :erumnis

1041 2418 1173 2446 omnibus
1198 2418 1309 2453 gravius
1329 2418 1484 2446 accidebat.
1517 2418 1643 2447 Tandem
1668 2425 1733 2446 cum
1761 2418 1836 2453 aliud

1043 2464 1158 2491 haberet
1169 2463 1240 2492 nihil
1250 2463 1324 2499 quod
1351 2468 1433 2492 tanta
1466 2464 1780 2500 calamitatiobjieeret.
1799 2463 1833 2491 ad

197 2507 288 2542 magni
313 2507 458 2544 Symeonis
487 2508 644 2538 columnam
674 2510 842 2545 procedens,
871 2509 986 2546 conjicit
1005 2509 1107 2539 sesein
1117 2512 1232 2540 terram.
1246 2509 1415 2541 luctuosum.
1442 2508 1470 2536 in
1499 2517 1555 2544 quo
1567 2513 1626 2537 erat
1640 2511 1742 2537 statum
1756 2515 1837 2536 suum

197 2554 360 2581 lamentans.

233 2600 303 2633 σκξ.
315 2600 382 2632 Ταῖς
396 2601 480 2628 αὑτοῦ
508 2602 598 2630 τοίνυν
625 2604 778 2639 ἱκετηρίαις
802 2603 989 2636 ιπικλασθεὶς,
1007 2605 1029 2633 1)

1007 2605 1029 2633 D
1077 2604 1140 2631 227.
1161 2603 1219 2631 Hoc
1234 2607 1288 2630 tam
1311 2602 1429 2638 supplici
1447 2602 1547 2638 agendi
1576 2600 1659 2629 modo
1680 2605 1837 2628 commotus

197 2647 314 2680 Παῦσαι,
328 2647 436 2682 ἁδελφὶ,
453 2648 699 2685 ὀδυρόμενος,ῑφη,
717 2650 765 2677 καὶ
779 2649 870 2677 οἴκαδε
890 2650 991 2685 μᾶλλον

197 2693 330 2728 ίπάνηκε,
356 2693 404 2720 καὶ
419 2694 470 2720 οὐκ
485 2695 648 2731 ἀστοχήσεις
669 2695 719 2731 τῆς
735 2695 895 2731 θεραπείας.
918 2696 947 2723 '0
960 2696 990 2723 δι

197 2739 246 2774 τὴν
267 2739 433 2774 ἐπαγγελίαν
449 2740 577 2776 ἁσμένως
596 2741 753 2777 δεξάμενος,
771 2741 866 2778 ὥσπερ
878 2743 928 2778 ήδη
942 2742 989 2770 τοῦ

198 2785 366 2822 ποθουμᾶνου
394 2786 483 2821 τυχὼν
508 2788 639 2824 ἐπανῄει·
668 2788 716 2815 καὶ
743 2788 793 2824 τὴν
822 2789 871 2825 μὲν
901 2790 991 2816 οἰκίαν

200 2831 414 2866 καταλαμϐάνει,
429 2832 478 2868 τὴν
499 2835 616 2868 γυναῖκα
641 2834 669 2862 δὲ
690 2836 739 2871 οὐχ
766 2835 897 2871 ιὺρίσκει.
922 2836 988 2863 Ἀπ-

197 2876 264 2912 ἑδρα
278 2877 332 2913 γὰρ
348 2877 409 2913 ἤδη,
429 2880 658 2916 συσκευασαμένη
673 2880 708 2908 τὰ
736 2880 811 2913 ὄντα,
833 2881 863 2908 τὸ
888 2881 988 2917 βρέφος

197 2922 243 2949 ln‘.
260 2922 309 2959 τῆς
323 2923 411 2956 οἰκίας
427 2925 500 2960 (ἄρτι
520 2925 574 2962 γὰρ
592 2925 624 2953 lx
638 2925 683 2953 τοῦ
700 2927 796 2963 ἁνδρδς
815 2927 882 2962 iit-51';
897 2927 987 2962 μόνον)

1046 2650 1092 2677 ille
1113 2658 1120 2675 :
1137 2649 1248 2680 Desine.
1268 2648 1368 2683 inquit.
1390 2648 1427 2675 mi
1450 2647 1546 2678 frater.
1562 2645 1719 2677 lamentari.
1737 2653 1770 2672 ac
1787 2645 1838 2672 do.

1043 2702 1120 2722 mum
1145 2693 1291 2729 regredere
1318 2693 1428 2728 potius,
1456 2697 1486 2720 et
1510 2700 1565 2720 non
1595 2690 1776 2719 frustraberis
1799 2697 1840 2717 suc

1045 2743 1141 2770 nitate.
1167 2741 1280 2777 Accepit
1304 2749 1371 2777 ergo
1391 2741 1590 2776 promissiones
1612 2740 1674 2768 laeto
1691 2739 1794 2770 animo.
1811 2742 1839 2764 et

1043 2788 1128 2815 veluti
1147 2788 1202 2823 jam
1229 2791 1322 2815 certus
1350 2787 1481 2814 desiderii
1511 2785 1668 2817 obtinendi,
1697 2790 1838 2819 regressus

1041 2839 1094 2862 est.
1112 2834 1147 2861 At
1161 2834 1274 2861 domum
1289 2833 1431 2869 ingressus
1448 2833 1552 2860 nullam
1569 2829 1754 2867 deprehendit
1769 2836 1838 2856 uxo-

1041 2888 1120 2912 rem;
1145 2880 1200 2915 jam
1223 2879 1326 2915 quippe
1355 2879 1512 2915 aufugerat.
1541 2881 1714 2913 comportat:
1741 2882 1834 2903 secum

1040 2935 1069 2955 re
1095 2925 1243 2960 familiari;
1271 2927 1374 2954 lnl‘muo
1401 2929 1505 2959 autem,
1524 2932 1605 2961 quem
1623 2923 1758 2952 hactenus
1773 2920 1834 2950 uui-
