2136 3358
166 242 234 276 2291

685 243 772 274 VITA
792 243 815 272 A
836 241 1056 273 NICEPHORO
1076 242 1318 273 CONSCBII’TA.

1729 243 1801 274 ἑά).υὲ

167 300 290 328 ἐνιαυτοῦ
304 300 409 327 ἐκείνου
428 300 516 327 καίτοι
529 299 667 334 βαθύτατα
680 299 868 331 πλουτοῦντες,
884 298 960 325 πενέ-
977 302 997 329 Α

958 302 997 329 -Α
1012 297 1141 325 ditissimi
1156 303 1257 330 essent,
1287 299 1456 333 pauperrimi
1487 299 1538 327 visi
1563 303 1642 331 sunt,
1672 299 1801 326 Olttttlbttl

170 345 415 381 στατοιῶφθησσν,
429 345 518 380 πάσης
536 344 626 371 αὐτῶν
640 345 734 376 οὐσίας
759 345 880 380 ἐσχάτως
896 344 954 370 διας

168 391 327 426 ᾳθαρείσης.

874 448 989 477 CAPUT

1012 344 1120 371 tandem
1140 344 1317 372 facultatibus
1332 345 1480 380 dissipatis.

1010 449 1105 476 XXIX.

367 505 494 533 Absentia
521 509 545 532 et
563 505 679 540 cogitata
694 506 816 540 perspicit
832 513 841 532 :
860 513 907 540 per
929 506 1071 542 discipulos
1092 508 1231 534 medetur:
1247 508 1273 533 in
1289 511 1443 542 tempestate
1461 508 1602 534 succurrit.

206 562 269 590 σλε’,
287 562 409 597 Πέλαγος
428 563 478 597 μὲν
492 559 541 588 οὖν
560 561 695 594 ἐξαντλῶν
706 559 766 589 οἶδα
782 562 909 594 κοτύλαις
919 562 955 589 τὰ

169 607 215 634 τοῦ
229 606 387 641 θαυμαστοῦ
403 606 517 641 Συμεὼν
531 606 619 633 πάντα
634 606 761 638 διεξιέναι
776 607 937 641 φιλονεικῶν
949 617 957 623 ·

170 652 227 678 ἀλλ’
241 652 272 678 οὐ
288 651 394 687 φορητὴ
407 651 487 678 πάλιν
503 652 519 686 ἡ
535 651 590 678 τῶν
605 652 851 687 παραλειπομένων
863 653 970 689 ζημίαν

175 698 319 734 Ἐπέμφθη
343 698 398 733 γάρ
420 706 485 724 ποτε
507 698 576 732 πρὸς
590 698 640 732 τὴν
659 697 781 732 βασιλίδα
796 699 872 725 πόλιν
891 699 961 726 κατά

169 752 243 775 τινας
257 744 392 778 θεοφιλεῖς
405 752 435 769 τε
451 743 509 778 ἅμα
525 744 573 769 καὶ
591 743 761 778 ψυχωφελεῖς
777 744 873 779 χρείας
894 752 961 780 πρε-

171 789 299 824 σϐύτερος
313 789 415 824 Θωμᾶς
431 789 480 815 σὺν
496 789 621 824 ἀδελφοῖς
640 789 744 825 ὲτέροις
758 789 818 816 δυσὶ
834 790 899 825 παρ’
912 790 961 817 αύ-

169 834 226 860 τοῦ.
243 831 294 860 Οἴα
307 833 336 860 δὲ
357 833 433 867 φιλεῖ
445 834 476 860 τὸ
489 833 554 869 περὶ
570 834 617 860 τὸν
640 832 753 869 βασιλέα
770 835 824 861 πᾶν
847 835 958 870 προσίε-

170 879 232 906 σθαι
257 880 320 911 τοὺς
348 880 498 913 τοιούτους,
517 880 564 906 καὶ
592 880 754 915 θεραπεύειν
782 880 826 907 διὰ
844 881 893 916 τὴν
911 881 959 908 τοῦ

170 927 327 962 πέμψαντος
354 927 466 962 ἀρετὴν,
478 930 481 932 ”
496 927 567 962 ὁρῶν
581 928 595 954 ό
609 928 759 962 τηνικαῦτα
779 928 899 963 ἔπαρχος
910 928 960 954 αὺ-

169 974 231 1005 τοὺς
245 973 394 1008 (Θεόδωρος
410 971 487 1004 οὗτος
513 974 528 999 δ
558 973 607 1007 τὴν
636 973 795 1008 ἐπωνυμίαν
821 973 960 1007 Πικρίδιος
977 967 998 996 Β

168 1016 213 1054 ἦν)
229 1018 387 1053 παρρησίας
402 1019 431 1044 ὲν
445 1018 485 1052 τῷ
507 1017 631 1052 παλατίῳ
658 1018 810 1053 τυγχάνων,
827 1017 960 1043 πυνθάνε-

169 1072 225 1097 ται,
246 1063 319 1095 τίνες
338 1063 362 1090 οἱ
379 1063 490 1098 μοναχοὶ
515 1064 561 1090 καὶ
584 1063 655 1090 ὅθεν.
675 1063 730 1090 Καὶ
757 1063 861 1098 μαθὼν,
877 1071 960 1099 μετα-

169 1109 292 1136 καλεῖται
315 1109 361 1136 τὸν
385 1109 487 1144 Θωμᾶν
512 1110 681 1144 καταμόνας.
703 1109 791 1136 Πολλὰ
813 1109 878 1143 γοῦν
895 1110 961 1145 περὶ

169 1154 217 1182 τοῦ
237 1155 312 1182 θείου
327 1154 441 1190 Συμεὼν
452 1155 650 1190 διαλεχθέντες,
668 1156 783 1190 συχνοὺς
798 1154 846 1181 τοῦ
873 1155 961 1189 Θωμᾶ

172 1201 219 1228 καὶ
235 1202 359 1238 μακροὺς
372 1201 578 1233 κατατείνοντος
591 1201 698 1235 λόγους,
716 1201 832 1228 πλεῖστά
849 1210 878 1228 τε
895 1202 962 1237 περὶ

170 1248 253 1275 αὑτοῦ
269 1248 316 1275 καὶ
331 1248 387 1274 τῶν
397 1247 481 1274 αὑτοῦ
498 1247 659 1282 θαυμασίων
675 1247 725 1273 ὅσα
740 1247 870 1273 ἑκάστοτε
888 1247 962 1283 δρῴη

170 1293 315 1327 διεξιόντος
328 1301 334 1308 ·
351 1294 366 1320 δ
383 1293 503 1329 ἔπαρχος
529 1292 675 1330 ἑκκαυθεὶς
702 1292 751 1328 τὴν
770 1293 885 1328 καρδίαν
906 1294 962 1325 τοῖς

172 1340 236 1375 περὶ
248 1339 330 1367 αὑτοῦ
343 1340 519 1375 διηγήμασιν,
535 1338 595 1370 ὅλος
609 1346 640 1365 τε
652 1338 702 1372 τῆς
718 1337 757 1370 εἰς
767 1339 847 1365 αὐτὸν
862 1339 961 1374 ἐκκρε-

171 1386 286 1420 μασθεὶς
315 1386 444 1418 πίστεως,
470 1385 581 1420 Χαλεπή
613 1393 658 1419 με,
692 1384 761 1419 πρὸς
789 1385 835 1411 τδν
859 1383 962 1420 Θωμᾶν

171 1432 235 1467 ἔφη,
255 1432 332 1463 νόσος
356 1431 404 1458 καὶ
424 1430 529 1467 κρυφία
550 1429 649 1463 πιέζει,
666 1429 735 1465 πρὸς
756 1430 790 1465 ἢν
811 1429 855 1456 διὰ
872 1430 962 1464 πάσης

171 1476 256 1503 ἐλθὼν
284 1477 409 1512 μηχανῆς
439 1485 469 1503 τε
496 1476 544 1503 καὶ
566 1476 674 1511 τέχνης,
692 1475 746 1502 οὐδ’
763 1475 851 1502 ὁτιοῦν
863 1472 919 1507 οἷός
933 1483 962 1501 τε

172 1521 307 1556 κατέστην
322 1521 413 1556 εὑρεῖν
429 1520 476 1547 τοῦ
495 1519 581 1546 κακοῦ
594 1520 741 1554 φάρμακον
751 1527 758 1534 ·
776 1516 836 1545 εἶτα
852 1520 897 1546 καὶ
913 1519 963 1545 αὺ-

172 1568 218 1595 τοῦ
234 1568 345 1603 μεσίτου
370 1568 463 1602 τυχεῖν
478 1566 564 1592 ἐδεῖτο
579 1566 698 1600 θερμῶς,
716 1564 787 1591 ὥστε
800 1565 833 1591 δι’
849 1565 962 1591 emoto.

172 1612 284 1648 λῆς”τὰ
313 1612 374 1639 καθ’
395 1612 491 1638 ἑαυτὸν
518 1612 616 1646 ἐκείνῳ
640 1610 823 1645 γνωρίσαντα,
844 1610 962 1645 κομίσα-

173 1659 233 1685 σθαι
255 1650 303 1685 καὶ
329 1657 377 1693 τὴν
408 1656 566 1692 θεραπείαν.
589 1655 643 1682 Τοῦ
670 1655 707 1688 δὲ,
744 1655 836 1690 ἧτιςή
864 1656 962 1689 νόσος,

173 1705 304 1740 ἐρομένου
317 1713 325 1720 ·
353 1704 454 1739 ὲλεεινῇ
469 1704 483 1729 δ
497 1702 617 1738 ἔπαρχος
648 1700 790 1728 ὑπολαϐὼν
811 1702 844 1736 τῇ
873 1704 960 1737 φωνῇ,

173 1750 276 1782 Πάντα,
292 1749 386 1784 φησὶν,
400 1745 441 1780 οἷς
461 1748 612 1782 τρέφομαι,
624 1747 664 1778 είς
678 1744 748 1781 αἷμα
775 1749 964 1781 μεταποιεῖται

173 1795 220 1822 καὶ
244 1795 366 1830 μακροὺς
397 1793 552 1828 σκώληκας,
568 1793 585 1828 ἠ
602 1801 632 1819 τε
662 1793 716 1819 τῶν
732 1793 807 1824 ἐντὸς
823 1793 916 1828 ὀδύνη,
933 1792 963 1819 οὐ

173 1840 256 1876 ῥᾳδία
270 1840 376 1875 φέρειν.
391 1839 615 1874 διαόοσκομένων
635 1847 668 1873 με
683 1838 738 1864 τῶν
754 1838 914 1873 σκωλήκων.
936 1838 965 1864 '0

173 1885 214 1919 δὲ,
234 1886 400 1921 Γνωριστέον
423 1885 482 1920 μὲν,
495 1885 532 1916 ὡς
547 1884 627 1919 ἔφης,
641 1884 727 1911 ταῦτα
752 1884 799 1911 καὶ
822 1884 862 1919 τῷ
876 1884 962 1919 μεγά-

174 1932 224 1967 λῳ,
238 1931 308 1967 πλὴν
333 1930 391 1958 ἀλλ’
407 1930 465 1957 ἑστι
493 1930 559 1965 παρ’
584 1931 650 1965 ἡμῖν
676 1929 731 1956 τῶν
757 1929 838 1965 ιερῶν
858 1930 963 1956 ἐκείνου

175 1976 276 2012 τριχῶν
303 1976 350 2002 καὶ
379 1976 428 2010 τῆς
455 1975 567 2007 κόνεως,
582 1971 624 2006 οἷς
650 1974 722 2009 ὕδωρ
738 1974 893 2001 ὲπιὸαλόντι
916 1973 964 2000 καὶ

175 2022 229 2057 πρὸ
242 2022 335 2049 σιτίων
349 2022 451 2052 πιόντι,
468 2020 593 2055 οὐδαμῶς
606 2018 682 2055 οἶμαι
699 2020 892 2055 μεταμελήσει.

176 2068 289 2099 pulvere
317 2068 473 2104 quidpiam;
494 2074 565 2102 quos
593 2067 615 2094 si
651 2068 714 2102 quis
751 2066 897 2094 miscuerit
924 2072 989 2093 cum

176 2114 318 2149 pceniteat.
583 2136 587 2139 .
723 2148 726 2152 Α

211 2159 281 2190 σλς’.
295 2159 349 2186 Τοῦ
366 2159 394 2186 δὲ
409 2158 480 2186 κατὰ.
490 2158 540 2190 τὰς
557 2158 698 2194 ὑποθήκας
719 2157 903 2193 πεποιηκότος
916 2177 923 2190 ,
947 2157 965 2192 ἥ

175 2215 205 2233 τε
219 2205 268 2233 τοῦ
289 2205 405 2240 αἵματος
421 2204 499 2239 ῥύσις
522 2204 657 2237 πέπαυτο,
674 2204 721 2231 καὶ
735 2204 764 2231 at
778 2204 833 2230 τῶν
858 2203 966 2239 σκωλή-

177 2260 232 2279 κων
258 2251 351 2282 ὠδῖνες
367 2245 491 2282 ισϐεστο,
511 2249 559 2277 καὶ
572 2250 588 2285 ἠ
602 2250 678 2281 νόσος
694 2248 777 2280 εὐθὺς
800 2249 966 2284 ἀπελήλατο.

181 2297 211 2323 '0
233 2295 299 2330 γοῦν
322 2296 441 2330 ἔπαρχος
478 2295 608 2328 φυσικαῖς
642 2295 714 2329 δρῶν
742 2294 839 2321 ἑαυτὸν
863 2293 965 2327 ἐξόδοις
980 2300 1004 2328 ι)

176 2342 224 2368 τοῦ
237 2341 330 2368 λοιποῦ
348 2342 498 2376 χρώμενον,
512 2341 540 2366 ὲν
551 2340 627 2376 φόϐῳ
643 2340 747 2367 πλείονι
766 2339 814 2366 τοῦ
832 2339 966 2375 προτέρου

177 2387 294 2422 γεγόνει,
305 2388 352 2413 καὶ
379 2386 424 2413 τὸν
443 2386 544 2421 Θωμᾶν
560 2386 597 2417 ὡς
622 2384 679 2421 εἶχε
708 2385 965 2421 μεταστειλάμενος,

176 2434 289 2460 δεδιέναι
314 2434 361 2460 καὶ
383 2433 496 2467 τρέμειν
512 2432 599 2465 ἔλεγε,
618 2432 655 2467 μὴ
683 2432 794 2465 ἄλλοθεν
818 2433 843 2458 οἱ
861 2431 967 2466 σκώλη-

177 2489 224 2511 κες
241 2478 321 2506 αὑτὸν
336 2479 524 2514 ἁναρῤήξωσι,
535 2478 590 2504 τῶν
605 2478 674 2504 κατὰ
691 2469 884 2512 φύσινὲξόδων
899 2478 968 2504 ἁπο-

178 2524 356 2555 κλεισθέντες.
372 2524 428 2550 Καὶ
445 2520 499 2558 (οἷα
520 2523 643 2557 πέφυκεν
659 2523 703 2549 ἀεὶ
722 2523 850 2558 μέγιστος
883 2523 967 2549 πᾶσιν

178 2570 331 2605 ἀνθρώποις
359 2568 517 2604 ἐγγίνεσθαι
545 2568 627 2603 φόὸος
640 2589 647 2601 ,
663 2568 728 2595 ὅταν
751 2569 815 2604 περὶ
836 2568 867 2595 τὸ
889 2568 939 2604 ζῇν
953 2570 968 2595 ὁ

178 2617 300 2648 κίνδυνος
327 2614 356 2653 ᾗ.
377 2615 517 2651 φείδεσθαί
550 2623 580 2642 τε
609 2614 724 2649 μηδενὸς
747 2614 911 2649 τηνικαῦτα,
930 2615 969 2651 μὴ

180 2662 272 2694 πόνου,
291 2661 329 2697 μὴ
346 2660 482 2695 καμάτου,
512 2660 549 2695 μὴ
564 2659 752 2695 ἀναλώματος,
769 2660 793 2686 ei
808 2660 855 2686 καὶ
874 2660 905 2686 τὸ
921 2660 968 2687 δύ-

179 2706 276 2734 νασθαι
294 2706 411 2741 μάλιστα
421 2705 526 2736 τούτοις
549 2705 649 2740 προσῇ)
664 2707 688 2733 εί
706 2704 744 2740 μὴ
764 2705 811 2731 καὶ
837 2704 876 2739 τῷ
900 2705 970 2740 ἁγίῳ

179 2753 341 2789 γνωρισθείη
363 2753 397 2779 τὰ
428 2752 487 2779 κατ’
517 2752 609 2784 αὐτὸν,
627 2751 677 2778 οὐκ
706 2751 808 2778 ἀνεκτὰ
839 2751 968 2778 ἐποιεῖτο.

179 2798 321 2834 Γέγραπτο
346 2799 394 2833 μὲν
411 2795 459 2824 οὖν
480 2798 496 2832 ὴ
515 2797 655 2832 ἐπιστολὴ,
677 2798 828 2832 ἡτοίμαστο
851 2798 879 2824 δὲ
896 2798 941 2824 καὶ
956 2798 970 2824 ό

180 2845 247 2881 πρὸς
265 2844 346 2871 αὑτὸν
360 2844 518 2879 πέμπεσθαι
549 2844 654 2879 μέλλων
665 2850 673 2857 ⁵
691 2843 748 2869 ἀλλ’
763 2845 780 2879 ἡ
806 2844 911 2871 ἐκείνου
932 2844 970 2870 δι-

179 2892 273 2928 όλῖασις
285 2891 439 2927 προεροάνει
458 2892 506 2917 καὶ
535 2890 584 2925 τὴν
599 2889 690 2916 αὐτῶν
716 2889 847 2922 ἱκετείαν,
864 2890 911 2916 καί
926 2898 969 2922 τις

179 2940 209 2966 ἐν
229 2937 347 2972 τεισούτῳ
370 2938 450 2973 φοιτᾷ
473 2937 538 2972 παρ’
553 2935 646 2971 αὑτοῦ,
662 2936 712 2962 ὅσα
728 2944 756 2962 τε
772 2935 839 2970 πρὸς
856 2935 900 2962 τὸν
917 2936 975 2964 Θω-

1045 564 1109 592 235.
1130 565 1230 592 Totum
1243 574 1319 594 mare
1339 565 1430 592 situlis
1445 565 1594 592 exhaurire
1610 565 1730 597 noverit,
1755 564 1803 601 qui

1009 610 1102 637 omnia
1117 610 1262 646 Symeonis
1277 610 1416 638 mirabilia
1431 610 1459 637 in
1478 610 1567 637 lucem
1590 609 1715 644 proferre
1735 617 1803 636 con-

1010 657 1131 684 tenderit
1143 665 1149 683 :
1161 661 1189 683 at
1203 657 1330 684 similiter
1342 655 1558 690 incomparabile
1571 654 1803 696 damnumfuerit,

1010 702 1160 737 quidquam
1179 710 1195 729 a
1216 702 1370 730 scientibus
1388 701 1571 736 praetermitti.
1595 700 1694 728 Missus
1722 700 1805 735 igitur

1013 747 1161 783 aliquando
1177 747 1205 774 in
1220 747 1323 782 regiam
1339 746 1436 774 urbem
1452 755 1467 773 a
1484 751 1579 773 sancto
1599 745 1735 781 Symeone
1752 746 1806 773 fuit

1012 794 1157 829 presbyter
1173 794 1292 821 Thomas
1308 801 1371 820 cum
1394 792 1527 819 fratribus
1548 791 1668 824 duobus,
1693 799 1804 826 compa-

1012 846 1124 868 raturus
1138 840 1262 875 quaedam
1277 840 1311 867 ad
1338 840 1385 866 Dei
1409 839 1620 873 animarumque
1643 846 1722 865 usum
1742 845 1805 873 spe-

1011 886 1125 914 ctantia.
1150 887 1286 921 Cumque,
1307 890 1338 912 ut
1353 885 1413 912 ﬁeri
1429 885 1509 917 solet,
1523 893 1537 911 ο
1553 889 1608 911 tota
1626 887 1688 911 aula
1705 884 1806 912 admit-

1013 936 1138 959 terentur
1155 932 1381 965 colerenturque,
1401 935 1514 965 propter
1531 930 1605 957 illius
1625 938 1639 957 a
1657 937 1712 964 quo
1729 929 1805 956 missi

1013 982 1092 1005 erant
1104 977 1205 1004 famam
1218 997 1225 1009 ,
1251 977 1322 1004 vidit
1342 984 1390 1004 eos
1407 977 1454 1011 qui
1477 981 1543 1003 tunc
1563 975 1710 1010 prrefectus
1730 975 1808 1002 urbis

1011 1027 1073 1050 erat
1097 1022 1262 1050 Theodorus
1289 1021 1412 1053 nomine,
1453 1025 1638 1067 cognomento
1659 1020 1805 1053 Picridius,

1011 1068 1178 1096 auctoritate
1191 1068 1308 1103 pollens,
1322 1072 1406 1102 atque
1422 1067 1618 1102 interrogavit,
1633 1066 1745 1101 quinam
1760 1066 1806 1094 isti

1012 1114 1103 1141 forent
1118 1114 1244 1141 monachi
1264 1118 1292 1141 et
1307 1113 1391 1140 unde.
1413 1112 1536 1140 Edoctus
1559 1112 1678 1146 singula,
1697 1120 1809 1140 sevoca-

1011 1161 1051 1187 vit
1071 1160 1186 1187 seorsim
1209 1160 1354 1187 Thomam.
1380 1159 1449 1187 Cum
1467 1164 1558 1187 autem
1583 1160 1711 1194 pluribus
1736 1159 1811 1187 inter

1013 1212 1042 1232 se
1054 1204 1088 1232 de
1106 1209 1201 1232 sancto
1221 1205 1358 1240 Symcone
1379 1205 1511 1240 egissent.
1534 1210 1562 1232 et
1589 1204 1755 1239 prolixiores
1772 1204 1807 1232 de

1013 1250 1060 1277 illo
1079 1250 1200 1278 Thomas
1230 1255 1387 1285 pertexeret
1414 1258 1570 1282 sermones,
1603 1257 1687 1284 super
1714 1250 1807 1278 omnia

1013 1294 1102 1330 ipsum
1118 1299 1146 1322 et
1166 1295 1299 1322 miracula
1317 1303 1378 1330 quae
1391 1295 1517 1330 quotidie
1531 1295 1652 1322 faciebat
1671 1303 1810 1322 commen-

1013 1340 1099 1367 dans:
1118 1341 1264 1375 praafectus
1278 1341 1464 1368 inﬂammatus
1480 1340 1563 1367 corde
1580 1340 1684 1367 talibus
1711 1348 1809 1367 narra-

1014 1386 1146 1418 tionibus,
1161 1391 1272 1421 totaque
1289 1387 1316 1413 in
1329 1387 1419 1421 ipsum
1437 1386 1536 1413 fiducia
1549 1391 1677 1414 erectus:
1705 1385 1809 1414 Diffici-

1013 1432 1058 1463 lis,
1075 1432 1166 1467 inquit
1179 1432 1312 1460 Thomam
1327 1433 1482 1467 alloquens.
1496 1440 1540 1459 me
1553 1436 1582 1459 et
1605 1432 1732 1459 occultus
1744 1439 1809 1467 pre-

1014 1477 1064 1503 mit
1080 1477 1213 1510 morbus;
1231 1478 1309 1513 cujus
1324 1485 1407 1505 causa
1422 1485 1519 1505 omnes
1529 1477 1645 1504 adhibui
1666 1477 1809 1505 machinas

1013 1526 1041 1548 et
1053 1526 1137 1551 artes.
1153 1521 1201 1549 sed
1213 1522 1338 1549 laboravi
1352 1522 1380 1549 in
1395 1530 1507 1553 vanum,
1522 1523 1596 1549 nulla
1613 1522 1678 1549 mali
1696 1521 1810 1549 inventa

1015 1566 1131 1593 medela.
1148 1566 1253 1594 Deinde
1269 1567 1463 1595 ardentissime
1476 1567 1567 1602 petiit,
1581 1572 1611 1594 ut
1637 1568 1734 1595 liceret
1753 1567 1809 1595 sibi

1015 1619 1065 1646 per
1078 1612 1223 1646 epistolam
1234 1619 1328 1639 rerum
1350 1620 1462 1639 suarum
1488 1617 1591 1640 statum
1618 1618 1714 1641 sancto
1736 1613 1811 1641 indi-

1016 1664 1089 1687 care,
1105 1664 1160 1691 quo
1177 1657 1350 1684 curationem
1374 1657 1523 1691 impetrare
1550 1658 1585 1685 ab
1599 1658 1659 1693 ipso
1688 1666 1812 1686 merere-

1014 1706 1070 1728 tur.
1084 1701 1273 1737 lnterrogante
1285 1707 1378 1730 autem
1394 1702 1501 1729 Thema
1516 1712 1523 1730 :
1540 1703 1643 1738 Ecquis
1671 1702 1716 1731 ille
1734 1711 1811 1732 mor-

1013 1746 1065 1773 bus
1085 1752 1177 1781 esset,
1201 1748 1355 1775 miserabili
1369 1748 1541 1783 respondens
1572 1757 1641 1776 voce
1660 1758 1666 1776 :
1700 1748 1810 1782 Omnia,

1014 1791 1114 1825 inquit,
1142 1792 1311 1819 nutrimenta
1333 1800 1394 1820 mea
1416 1792 1443 1819 in
1460 1793 1625 1828 sanguinem
1654 1797 1683 1821 et
1714 1794 1812 1829 longos

1014 1835 1167 1864 lumbricos
1193 1842 1410 1865 convertuntur:
1442 1839 1545 1873 quippe
1576 1839 1685 1866 viscera
1706 1839 1812 1867 arrodit

1017 1883 1105 1914 dolor,
1121 1883 1195 1910 haud
1210 1883 1291 1912 facile
1312 1884 1424 1912 tolerari
1450 1889 1557 1920 potest,
1580 1885 1635 1913 illis
1663 1893 1707 1913 me
1728 1886 1812 1920 depa-

1018 1928 1170 1955 sccntibus.
1186 1928 1236 1956 Cui
1253 1929 1394 1958 Thomas:
1412 1929 1598 1965 Signiﬁcauda
1611 1931 1671 1958 haec
1697 1930 1812 1965 quidem

1018 1978 1094 2006 sunt,
1121 1978 1152 2001 ut
1182 1975 1286 2010 inquis,
1316 1984 1416 2012 magno
1446 1976 1593 2012 Symeoni;
1620 1982 1811 2004 verumtamen

1020 2020 1099 2048 adest
1130 2020 1210 2048 nobis
1230 2029 1341 2057 quoque
1375 2030 1391 2050 e
1413 2023 1501 2050 sacris
1524 2023 1598 2050 illius
1625 2022 1751 2050 crinibus
1779 2029 1812 2049 ac

1024 2073 1105 2100 aqua,
1137 2065 1312 2102 biberitque,
1335 2072 1403 2103 puto
1426 2067 1485 2096 fore
1517 2072 1547 2095 ut
1577 2075 1642 2095 eum
1667 2067 1732 2095 facti
1755 2074 1812 2094 non

1052 2156 1115 2184 256.
1140 2156 1266 2185 Credidit
1281 2157 1427 2193 praefectus
1444 2158 1527 2186 dictis
1542 2158 1672 2187 Thomas:
1700 2164 1728 2187 et
1749 2167 1812 2187 ces-

1017 2202 1087 2229 savit
1104 2202 1178 2230 illico
1206 2202 1297 2230 fluxus
1314 2202 1466 2237 sanguinis,
1488 2203 1598 2230 dolores
1620 2204 1756 2231 vermium
1766 2204 1808 2232 le-

1016 2247 1068 2275 niti
1085 2253 1160 2281 sunt,
1187 2248 1333 2283 omnisque
1342 2248 1480 2283 agritudo
1492 2248 1619 2284 depulsa.
1633 2249 1735 2276 Verum
1747 2257 1812 2277 cum

1017 2292 1128 2320 videret
1145 2300 1256 2321 secessu
1271 2293 1390 2320 naturali
1408 2301 1438 2321 se
1469 2294 1603 2329 deinceps
1618 2294 1657 2322 uti
1672 2314 1680 2326 .
1702 2294 1813 2330 gravior

1019 2339 1112 2373 priore
1130 2338 1220 2373 ipsum
1244 2339 1359 2367 incessit
1382 2343 1492 2367 metus:
1508 2335 1702 2376 accersitoque
1727 2349 1812 2376 quam

1016 2385 1160 2412 celerrime
1184 2385 1300 2418 Thoma,
1324 2385 1393 2412 dicit
1417 2385 1466 2417 illi,
1480 2385 1575 2413 Vereri
1603 2394 1632 2414 se
1646 2391 1729 2421 atque
1753 2392 1811 2415 tre-

1017 2437 1104 2461 mere,
1130 2437 1165 2457 ne
1182 2438 1300 2463 vermes,
1311 2430 1434 2457 naturali
1446 2438 1558 2458 secessu
1572 2431 1729 2465 obstructo,
1745 2432 1812 2461 alibi

1016 2480 1142 2502 ventrem
1156 2475 1339 2509 perroderent
1351 2483 1357 2501 :
1371 2480 1400 2502 et
1413 2475 1657 2510 (quemadmodum
1669 2477 1813 2505 consuevit

1018 2528 1127 2556 semper
1140 2521 1258 2548 validior
1281 2528 1377 2549 omnes
1398 2529 1535 2557 occupare
1567 2528 1669 2555 metus,
1702 2522 1814 2558 quando

1018 2567 1073 2593 vita
1090 2567 1274 2601 periclitatur.
1295 2575 1349 2594 non
1379 2573 1526 2602 parcentes
1555 2569 1604 2595 ulli
1623 2569 1674 2602 rei,
1698 2577 1755 2597 non
1772 2570 1814 2597 la-

1018 2611 1090 2643 bori,
1107 2619 1164 2638 non
1189 2611 1391 2647 defatigationi,
1418 2619 1473 2639 non
1503 2613 1672 2648 sumptibus.
1699 2613 1811 2640 etiamsi

1019 2657 1092 2693 quod
1110 2658 1228 2685 maxime
1246 2658 1378 2692 prodesse
1389 2663 1492 2693 potest,
1517 2658 1551 2685 ad
1570 2666 1682 2686 manum
1707 2659 1753 2693 sit)
1770 2659 1815 2685 in-

1020 2703 1176 2731 tolerabilia
1189 2703 1365 2730 existimabat
1386 2704 1490 2736 omnia,
1505 2704 1559 2731 nisi
1572 2712 1634 2739 quae
1656 2711 1685 2731 se
1708 2708 1815 2739 specta-

1021 2749 1087 2777 bant
1102 2753 1199 2777 sancto
1209 2749 1442 2785 significarentur.
1461 2750 1576 2776 Exorata
1601 2750 1686 2785 igitur
1697 2749 1814 2784 epistola

1021 2800 1073 2828 est,
1093 2802 1323 2831 comparatusque
1337 2796 1384 2830 qui
1400 2795 1474 2822 illam
1496 2796 1531 2823 ad
1562 2795 1728 2832 Symeonem
1749 2803 1813 2830 per-

1020 2843 1117 2870 ferret.
1133 2842 1235 2870 Verum
1250 2842 1450 2877 perspicacitas
1466 2842 1541 2869 illius
1557 2842 1659 2869 borum
1674 2842 1757 2869 etiam
1772 2841 1812 2868 le-

1022 2889 1160 2925 gationem
1179 2888 1333 2923 supplicem
1348 2889 1493 2923 praevertit
1510 2888 1631 2923 :aliquis
1641 2888 1715 2916 enim
1729 2895 1743 2914 a
1758 2886 1809 2920 Sy~

1031 2942 1128 2963 meone
1148 2933 1310 2967 adveniens,
1328 2935 1515 2970 particulatim
1531 2936 1624 2963 omnia
1650 2943 1710 2971 qua:
1738 2939 1818 2971 gesta
