2136 3359
186 216 257 248 3285

715 212 801 242 VITA
822 211 844 241 A
865 210 1084 242 NICEPHORO
1104 210 1349 242 CONSCRIPTA.

1751 212 1822 244 aeut;

186 278 273 309 εγωγι
286 271 344 300 οἶδα
362 273 411 308 τὴν
423 271 514 305 δεξιὰν
529 270 672 306 εἴσπραξιν
687 268 769 297 οὖσαν
785 272 834 306 τῆς
847 271 910 306 περὶ
929 270 978 305 τὴν
995 272 1016 299 Λ

995 272 1016 299 Α
1031 267 1191 301 ostendens,
1210 275 1242 295 ac
1266 267 1486 297 misericordiam
1511 269 1671 305 implorans.
1691 271 1741 299 Cui
1758 281 1822 300 ml.-

187 320 310 354 γλῶτταν
327 317 474 348 ἀκολασίας
485 324 491 330 ·
513 316 569 342 ἀλλ’
585 316 764 351 ὲξαγόρευσον
788 316 858 342 κατὰ
878 315 976 342 σαυτοῦ

186 364 236 400 τὴν
260 363 396 399 ἁμαρτίαν
424 370 470 388 σου
501 361 603 396 Κυρίῳ,
627 362 674 387 καὶ
698 361 777 392 αὺτδς
803 361 904 396 ἀφήσει
930 360 977 395 τὴν

188 411 317 438 ἀσέϐειαν
331 411 380 445 τῆς
399 409 512 444 καρδίας
531 417 588 442 σου,
611 408 639 434 '0
657 409 705 443 μὲν
720 405 766 434 οὖν
782 407 869 442 πικρᾷ
894 415 976 442 μετα-

189 457 286 492 μελείᾳ
306 456 393 491 ψυχῆς
413 455 693 490 εξομολογησάμενος,
711 454 862 489 πικρότερά
885 461 915 479 τε
931 452 978 479 δά-

190 511 260 539 κρυα
288 502 436 537 καταχέας,
465 502 530 536 εὐχῇ
555 501 601 527 καὶ
615 501 766 535 Δεσποτικῇ
784 499 909 534 σφραγῖδι
929 499 979 533 τὴν

192 548 264 574 ῑάσιν
291 547 357 582 ὸμοῦ
381 547 427 573 καὶ
448 547 497 582 τὴν
522 546 630 580 ἄφεσιν,
650 546 667 581 ἦ
692 555 734 577 τις
759 545 849 581 πολλῷ
868 545 979 580 καὶτῆς

193 592 289 624 ἰάσεώς
304 593 361 618 ἔστι
378 591 488 626 μείζων,
503 591 603 624 λαϐὼν,
619 591 758 618 ἐπάνεισιν
770 599 776 606 ·
793 591 864 617 οὕτω
885 590 976 625 σώμα-

192 646 236 669 τος
264 638 340 670 νόσος
359 637 453 671 ὑγείαν
475 637 547 672 ψυχῇ
568 636 719 672 χαρίζεται,
736 626 782 664 κᾶι
796 636 839 664 διὰ
859 636 912 662 τῶν
931 635 979 662 λυ-

193 684 315 711 πούντων
340 682 394 711 οἵδε
428 683 557 715 πολλάκις
589 683 725 719 σωτηρίαν
755 684 821 715 Θεὸς
853 692 981 719 πραγμα-

192 737 220 755 τί
225 729 253 756 ύε
257 729 328 757 σθαι.
747 726 751 732 ’

229 815 294 843 σλθ’,
310 815 420 843 Πλέοντι
446 817 474 844 δέ
490 826 553 844 ποτε
568 818 606 852 τῷ
619 817 747 853 Δωροθέῳ
758 825 764 832 ·
778 816 810 853 ἦν
824 817 851 844 δὲ
865 817 916 851 τῆς
931 816 983 843 ὑπὸ

192 861 231 897 τῷ
243 861 355 897 Συμεὼν
370 862 548 898 ἁδελφότητος
563 864 576 890 ὸ
589 860 726 899 Δωρόθεος
742 861 829 895 οὗτος,
850 863 982 899 ἱερωσύνῃ

194 908 398 942 κεκοσμημένος
411 916 417 922 ·
436 908 543 934 πλέοντι
572 909 594 935 δ’
609 908 665 940 οὖν,
677 909 707 935 οὺ
726 909 775 936 σὺν
790 908 859 944 ὥρᾳ,
878 909 936 935 ἀλλ’
955 911 983 935 ὲν

194 954 309 988 χειμῶνι
333 954 408 989 μέσῳ
437 953 446 988 (
456 953 542 981 ἐποίει
565 955 619 991 γὰρ
633 955 708 990 παρὰ
724 955 818 990 καιρὸν
832 955 927 982 ἑαυτὸν
945 954 984 989 τῷ

195 999 308 1033 πελάγει
327 999 465 1026 πιστεύειν
477 1000 493 1035 ἡ
509 999 575 1034 πρὸς
587 1000 631 1026 τὸν
645 1000 723 1035 ἅγιον
735 1000 837 1033 πίστις,
851 1000 882 1027 τὸ
896 1000 985 1035 ἀσφα-

196 1045 240 1077 λὲς
257 1045 351 1080 ὥσπερ
366 1045 472 1071 ἐκεῖθεν
488 1045 648 1081 ιγγυωμένη
659 1048 679 1081 ),
692 1046 728 1078 ὼς
745 1046 796 1082 ἤδη
818 1046 888 1073 κατὰ
904 1046 985 1081 μέσον

195 1091 241 1117 τὸν
256 1090 338 1117 πλοῦν
361 1091 492 1124 ἐγεγόνει,
505 1091 608 1118 κλύδων
625 1092 700 1126 αὐτῷ
716 1091 868 1126 συμπίπτει
888 1091 985 1123 δεινὸς,

196 1136 250 1162 τῶν
279 1137 440 1171 πνευμάτων
471 1136 639 1172 πανταχόθεν
661 1137 869 1170 ἀντιπνεόντων,
890 1137 937 1164 τοῦ
956 1145 986 1164 τι

196 1182 316 1216 κύματος
344 1183 406 1213 τοὺς
422 1182 532 1216 τοίχους
559 1183 610 1216 τῆς
631 1183 698 1214 νεὼς
712 1183 985 1218 ὐπεραναϐαίνοντος,

197 1228 244 1254 καὶ
260 1229 299 1259 είς
316 1228 402 1263 μέσην
419 1227 503 1262 αὐτὴν
518 1227 710 1262 ἐμπίπτοντος.
728 1228 780 1254 Τδν
798 1228 847 1263 μὲν
859 1226 905 1255 οὖν
921 1229 986 1255 ναύ-

198 1274 297 1308 κληρον
326 1274 370 1299 καὶ
393 1273 456 1304 τοὺς
478 1273 665 1308 συμπλέοντας
685 1273 840 1307 ἀπόγνωσις
856 1272 924 1309 εἶχε,
940 1274 988 1302 καὶ

197 1319 338 1352 διαφυγεῖν
356 1320 459 1346 ἐκεῖνον
474 1319 559 1350 οὐδεὶς
571 1319 615 1345 τὸν
632 1319 753 1346 κίνδυνον
773 1319 857 1354 ῷετο·
874 1322 888 1347 ὁ
904 1320 932 1347 δὲ
949 1320 988 1356 μὴ

198 1365 397 1398 ἀπογινώσκειν
412 1365 501 1399 ἠξίου,
518 1365 585 1392 ἀλλὰ
600 1366 646 1391 τοῦ
664 1365 736 1392 θείου
755 1365 866 1400 Συμεὼν
885 1366 988 1393 δεῖσθαι

200 1410 311 1445 μᾶλλον,
322 1410 368 1437 τοῦ
381 1411 427 1436 καὶ
440 1410 520 1445 μόνου
536 1410 634 1442 σώζειν
649 1411 703 1437 ἀπὸ
713 1411 840 1438 τοσούτου
855 1412 988 1444 κλύδωνος

198 1458 357 1492 δυναμένου.
374 1456 438 1484 Εἶτα
451 1458 497 1484 καὶ
511 1458 558 1493 τῆς
571 1458 675 1484 ἐκείνου
688 1458 788 1489 κόνεως
801 1459 900 1490 λαϐὼν,
914 1459 945 1486 τό
959 1467 988 1485 τε

200 1503 291 1529 πλοῖον
306 1503 489 1538 διαῤῥαντίζει
509 1504 557 1529 καὶ
577 1505 692 1539 καταχεῖ
706 1504 754 1538 τῆς
770 1504 906 1539 Θαλάσσης
918 1514 924 1520 ·
941 1505 989 1531 αύ-

200 1548 317 1582 τομάτου
334 1549 362 1575 δὲ
379 1549 432 1574 τῶν
447 1550 476 1575 ὲν
492 1549 532 1583 τῷ
546 1549 629 1583 πλοίῳ
648 1550 756 1575 πάντων
775 1549 888 1580 εὐωδίας
909 1550 988 1581 εὐθὺς

201 1593 378 1627 αἰσθομένω-ιγ
395 1594 441 1618 καὶ
457 1593 490 1618 τά
509 1594 558 1627 τῆς
571 1593 645 1624 θείας
662 1592 773 1628 χάριτος
790 1593 891 1624 εἵπετο,
909 1593 926 1628 ἢ
943 1592 990 1620 καὶ

204 1639 307 1672 πέφυκε
330 1639 469 1673 προοίμιον
489 1638 617 1669 πολλάκις
639 1639 687 1674 τὴν
707 1639 822 1666 εὐωδίαν
844 1639 990 1671 ποιεῖσθαι,

202 1684 232 1710 τὸ
247 1684 344 1715 εύίῖδες
356 1684 450 1720 ὥσπερ
471 1685 518 1711 καὶ
537 1685 608 1711 θεῖον
628 1686 729 1720 ἑαυτῆς
743 1685 939 1720 ὑποφαίνουσα.
960 1685 992 1712 Ἠ

205 1729 254 1763 μὲν
265 1727 310 1755 οὖν
323 1728 443 1755 θάλασσα
456 1729 617 1765 ἐτραχύνετο
632 1730 830 1765 παραπλησίως
845 1730 908 1765 ἄχρι
921 1731 992 1762 τινὸς

204 1774 251 1800 καὶ
273 1774 371 1806 ζέουσα
388 1775 482 1806 δεινῶς
499 1773 543 1810 ἦν,
560 1775 594 1802 τὰ
608 1775 718 1809 κύματα
743 1775 771 1802 δὲ
795 1776 824 1802 οὐ
850 1776 920 1802 κατὰ
943 1776 993 1811 τὴν

204 1819 309 1847 ιαυτῶν
325 1820 384 1855 βίαν
402 1820 569 1855 προσέϐαλλε
584 1822 616 1855 τῇ
634 1821 689 1856 νηῒ,
707 1820 765 1848 ἀλλ’
779 1819 834 1848 οἷον
850 1822 934 1848 ἑαυτὰ
945 1823 995 1848 ἑπ-

204 1867 287 1901 εῖχιν,
302 1866 489 1901 εὐλαϐούμενα
500 1866 625 1901 καθάπερ
640 1866 656 1902 ἢ
673 1866 786 1895 δεδιότα.
800 1868 877 1894 Μετὰ
896 1868 994 1903 μικρὸν

204 1911 233 1938 δὲ
258 1911 303 1938 τοῦ
326 1911 460 1942 κλύδωνος
480 1911 637 1943 ὑπανέντος,
669 1913 731 1938 πνεῖ
758 1912 808 1947 μὶν
835 1913 933 1948 ἁθρόον
962 1914 994 1940 ὲκ

206 1958 332 1993 πρύμνης
355 1958 464 1992 ἄνεμος,
484 1958 508 1984 οί
531 1957 559 1983 δὲ
581 1957 614 1983 δι’
627 1958 763 1992 ἀκύμονος
784 1959 833 1994 τῆς
855 1959 994 1995 θαλάσσης

206 2002 253 2029 καὶ
268 2002 353 2035 λείας,
370 2003 453 2030 πᾶσιν
471 2003 563 2034 ίστίοις
577 2003 720 2037 ἐφέροντο·
739 2003 787 2030 καὶ
803 2004 865 2036 τοὺς
881 2005 930 2038 μὲν
944 1998 995 2039 ἐμὲ

206 2048 336 2080 πλέοντας
360 2048 464 2083 θάμϐος
491 2045 547 2074 εἷλε
570 2048 608 2082 τῷ
623 2048 763 2084 παραδόξῳ
782 2049 831 2083 τῆς
846 2051 994 2085 σωτηρίας,

207 2094 253 2120 καὶ
268 2095 353 2126 οὐδεὶς
368 2092 402 2130 ἦν
415 2094 444 2125 ὃς
455 2094 485 2120 οὐ
500 2094 585 2129 δῶρον
599 2094 729 2129 ἄντικρυς
742 2094 837 2122 ἑαυτὸν
852 2095 898 2122 τοῦ
916 2096 995 2129 ἁγίου

206 2139 301 2175 ἥγητο-

1003 1604 1024 1633 C

243 2235 297 2267 σμ’.
313 2232 376 2258 Ὀδὶ
385 2232 552 2270 ναύκληρος(
559 2233 638 2259 παῖδα
651 2232 706 2267 γάρ
718 2231 810 2258 οἴκαδε
821 2232 995 2259 ἀπολελοίπει

209 2277 443 2312 νοσοῦντα),ιίδὼς
463 2277 501 2313 τῷ
514 2278 577 2313 περὶ
590 2279 671 2305 αὑτὸν
683 2279 729 2305 καὶ
737 2278 800 2310 τοὺς
808 2279 995 2313 συμπλέοντας
1011 2270 1032 2297 D

211 2323 340 2358 θαύματι,
352 2324 454 2359 ῥᾴστην
469 2324 542 2359 αὐτῷ
551 2325 598 2351 καὶ
607 2325 655 2361 τὴν
665 2325 711 2352 τοῦ
722 2325 826 2356 παιδὸς,
836 2326 859 2351 εί
868 2325 999 2360 βούλοιτο,

211 2368 360 2404 θεραπείαν
372 2366 452 2395 εἶναι’
470 2369 580 2396 κάκεῖνο
597 2370 641 2397 διὰ
661 2370 709 2397 τοῦ
728 2370 845 2406 μοναχοῦ
864 2371 1000 2403 ὲδείτο,.τδ

210 2415 255 2442 τὸν
267 2416 324 2442 υίδν
338 2415 414 2451 αύτῷ
426 2415 494 2451 πρὸς
509 2416 558 2451 τὴν
570 2416 659 2442 οίκίαν
674 2416 724 2451 ἠδη
738 2417 901 2452 άναγομένῳ
912 2417 1000 2449 ζῶντα

210 2458 400 2497 ταμιευθῆναι*
411 2461 505 2488 ἐδεδίει
513 2461 567 2496 γὰρ
577 2462 623 2488 τοῦ
631 2461 720 2489 κοινοῦ
729 2462 778 2498 τῆς
786 2463 892 2497 φύσεως
901 2463 1000 2498 μᾶλλον

212 2505 229 2541 ἢ
240 2506 284 2533 τὸν
297 2507 347 2541 τῆς
355 2507 444 2542 ψυχῆς
457 2506 582 2540 θάνατον,
595 2508 739 2535 ἀτελέστου
752 2507 798 2534 τοῦ
816 2509 911 2540 παιδὸς
922 2509 997 2540 bno;

212 2554 253 2579 tu
280 2553 314 2579 τὰ
336 2552 383 2580 τοῦ
414 2553 485 2580 θείου
504 2553 703 2588 βαπτίσματος.
718 2554 773 2581 Τοῦ
788 2552 829 2587 δὲ,
847 2555 926 2590 Παρὰ
957 2555 999 2581 σοὶ

213 2597 292 2624 τοῦτο
308 2599 397 2624 κεῖται
415 2619 421 2629 ,
443 2598 578 2630 είπόντος,
593 2599 618 2625 εί
632 2599 706 2631 ζέσει
717 2599 764 2626 καὶ
779 2599 869 2626 πίστει
884 2600 999 2636 καρδίας

215 2642 294 2676 μόνον
311 2643 460 2680 ὲπικαλέσῃ
478 2644 524 2670 τὸν
541 2644 612 2679 ἱερὸν
625 2644 750 2679 Συμεὼν,
772 2645 878 2681 ὑπόσχῃ
899 2646 927 2672 δὲ
954 2648 1001 2672 καὶ

213 2689 273 2725 θεῷ
289 2689 334 2716 τὸν
357 2690 438 2716 παῖδα
448 2697 455 2705 ·
474 2690 576 2721 ικεϊνος
591 2689 672 2721 εὐθὺς
686 2690 804 2725 ἑκάτερα
817 2690 929 2725 δράσας,
944 2691 1001 2718 οὐδ’

211 2731 305 2768 ἑτάρου
341 2734 538 2770 διαμαρτάνει,
565 2734 623 2761 ἀλλ’
648 2735 711 2769 ὑγιῆ
736 2735 784 2761 τὸν
812 2735 869 2761 υἱὸν
899 2735 1000 2770 εὑρὼν,

215 2782 348 2818 προσάγει
365 2780 426 2817 Θιῷ
450 2781 495 2808 διὰ
510 2781 558 2808 τοῦ
574 2781 772 2817 βαπτίσματος.
786 2781 842 2808 Καὶ
859 2780 938 2808 τοῦτο
953 2781 1002 2816 μὲν

213 2826 247 2864 εὴ
260 2824 379 2853 τοιοῦτον
392 2836 399 2843 ·
415 2828 507 2854 ἐκεῖνα
519 2826 547 2853 δὲ
563 2826 621 2857 πῶς
633 2826 666 2853 ἄν
677 2835 718 2858 τις
739 2826 905 2861 παραλιπεῖν
925 2825 1003 2861 νομί-

213 2882 268 2902 οειι
283 2872 329 2901 διὰ
344 2873 375 2900 τδ
392 2872 502 2907 πλῆθος,
516 2873 547 2900 ού
559 2872 594 2900 τὰ
603 2873 719 2907 μεγίστα
735 2872 869 2908 ζημιώσει
885 2879 892 2904 ‘,

1028 319 1090 341 ctus
1105 322 1111 340 :
1131 314 1198 341 Novi
1225 314 1322 349 utique
1347 315 1419 342 banc
1433 315 1574 343 dexteram
1592 324 1642 351 pro
1661 317 1767 345 ultione
1781 319 1824 345 in-

1030 360 1211 393 temperantis
1237 359 1336 394 linguae
1366 364 1421 387 tua;
1452 368 1534 394 esse;
1562 370 1658 390 verum
1693 365 1825 391 confitere

1028 404 1175 431 adversum
1196 408 1221 432 te
1239 410 1382 439 peceatum
1403 409 1480 433 tuum
1505 407 1633 441 Domino,
1650 413 1679 436 et
1709 410 1766 444 ipse
1782 410 1825 437 di-

1030 449 1122 476 mittet
1152 449 1326 484 iniquitatem
1357 450 1450 477 cordis
1476 450 1526 477 tui.
1559 451 1709 480 Confessus
1733 453 1826 489 itaque

1029 503 1124 522 amara
1145 502 1208 522 cum
1226 496 1399 530 paenitudine
1422 497 1521 524 anima),
1548 497 1731 533 iacrymisquc
1749 508 1826 527 ama-

1033 541 1166 574 rioribus,
1201 549 1250 576 per
1286 542 1373 568 sancti
1399 542 1587 576 precationem
1618 548 1701 578 atque
1736 546 1827 572 crucis

1030 586 1181 613 Dominica:
1202 586 1322 621 signum,
1340 586 1477 620 integram
1505 594 1626 618 manum.
1654 593 1682 615 et
1701 590 1774 623 quod
1789 590 1827 617 illi

1031 635 1152 665 prmstat,
1178 631 1282 666 peccati
1302 631 1494 659 remissionem
1509 638 1676 660 consecutus
1690 639 1731 661 est
1744 640 1827 670 atque

1033 676 1156 703 revertit.
1183 676 1225 703 lta'
1243 676 1368 711 corporis
1395 677 1529 712 a'gritudo
1557 678 1702 706 sanitatem
1728 680 1828 707 aninne

1033 729 1230 757 nonnunquam
1253 722 1381 755 confert;
1397 728 1424 750 et
1445 730 1494 758 per
1517 732 1597 751 casus
1614 724 1766 757 luctuosos.
1782 733 1825 753 sa-

1034 768 1087 795 luti
1109 776 1180 803 smpe
1198 768 1314 795 consulit
1335 769 1418 795 Deus.

1069 815 1132 842 259.
1154 814 1344 849 Navigandum
1361 816 1508 850 aliquando
1532 816 1583 844 fuit
1605 817 1744 845 Dorotheo
1761 818 1830 853 (erat

1035 859 1058 887 is
1080 868 1095 887 e
1116 859 1248 887 fratribus
1276 861 1362 887 sancti
1392 860 1536 896 Symeonis
1564 871 1646 895 unus,
1670 864 1826 892 sacerdotio

1036 905 1171 940 initiatus)
1193 906 1389 941 navigandum,
1415 907 1538 942 inquam,
1562 908 1614 936 fuit
1641 913 1764 944 tempore
1781 910 1831 937 im-

1036 957 1155 986 portuno
1185 955 1213 979 et
1233 952 1322 979 media
1348 952 1439 980 bicme
1456 962 1463 980 :
1480 954 1527 981 sed
1551 954 1655 982 fecerat
1683 955 1783 983 fiducia
1803 956 1831 983 in

1036 1002 1172 1029 sanctum,
1201 997 1294 1024 omnia
1319 1006 1417 1026 secura
1442 999 1587 1034 pollicens.
1617 1006 1646 1029 ut
1670 1006 1831 1036 tempestate

1037 1048 1092 1070 tam
1116 1043 1291 1070 incommoda
1319 1044 1389 1071 mari
1420 1052 1450 1072 se
1472 1046 1668 1074 committeret.
1694 1048 1746 1078 Ubi
1768 1057 1833 1075 vero

1038 1089 1162 1116 medium
1185 1090 1241 1125 jam
1266 1090 1443 1118 absolverant
1465 1099 1588 1124 cursum,
1607 1094 1697 1121 valida
1717 1094 1834 1129 insurgit

1037 1139 1196 1170 tempestas,
1208 1136 1298 1163 ventis
1310 1136 1493 1172 undequaque
1507 1139 1579 1165 inter
1591 1147 1620 1167 se
1633 1140 1717 1167 veluti
1731 1141 1832 1168 bellum

1037 1181 1209 1216 gerentibus,
1232 1189 1264 1208 ac
1284 1181 1416 1210 ﬂuctibus
1441 1183 1527 1210 latera
1543 1184 1621 1211 navis
1635 1185 1834 1213 excedentibus

1038 1227 1067 1253 in
1086 1226 1261 1261 mediamque
1280 1226 1492 1255 infundentibus
1506 1236 1577 1256 sese.
1600 1229 1708 1258 invadit
1721 1232 1834 1258 naucle—

1039 1280 1100 1298 rum
1118 1276 1299 1307 vectoresque
1326 1272 1494 1308 desperatio,
1518 1276 1621 1313 nullam
1638 1276 1772 1304 evadendi
1792 1277 1834 1303 di-

1039 1317 1158 1345 scrimen
1171 1325 1316 1353 superesse
1332 1319 1404 1346 viam
1420 1320 1611 1349 existimantes
1629 1331 1636 1349 :
1655 1330 1726 1350 unus
1747 1323 1832 1350 Doro-

1038 1363 1121 1390 theus
1135 1363 1259 1398 rogabat,
1278 1368 1307 1390 ut
1326 1371 1360 1391 ne
1370 1364 1563 1400 desperatione
1579 1367 1711 1394 caderent
1725 1367 1835 1398 animis,

1038 1408 1086 1435 sed
1112 1414 1239 1435 sanctum
1263 1409 1355 1443 potius
1373 1409 1558 1445 implorarent
1582 1412 1759 1446 Symeonem;
1777 1412 1838 1447 ejus

1040 1454 1127 1481 solius
1154 1456 1277 1489 potentia
1303 1456 1384 1482 evadi
1403 1460 1594 1491 tempestatem
1623 1464 1714 1491 posse.
1734 1459 1838 1486 Deinde

1039 1499 1162 1533 pulveris
1174 1500 1246 1527 illius
1257 1500 1360 1535 aliquid
1375 1508 1424 1535 per
1438 1502 1530 1528 navim
1545 1503 1649 1536 spargit
1663 1503 1837 1538 effunditque

1040 1545 1068 1572 in
1092 1552 1168 1571 mare
1183 1553 1190 1577 ;
1216 1551 1244 1572 et
1262 1550 1370 1573 cunctis
1387 1554 1450 1573 mox
1468 1547 1638 1577 victoribus.
1659 1549 1735 1576 nulla
1755 1556 1839 1584 appa-

1043 1595 1120 1617 rente
1139 1598 1172 1617 ex
1190 1597 1283 1619 causa.
1301 1591 1449 1625 quamdam
1465 1591 1560 1619 odoris
1579 1593 1757 1628 fragrautiam
1777 1602 1838 1622 scil-

1043 1636 1186 1669 tientibus,
1202 1637 1289 1671 gratia
1315 1637 1409 1663 divina
1427 1637 1575 1664 subsecuta
1592 1643 1635 1666 est
1657 1648 1663 1665 :
1679 1639 1750 1666 solet
1764 1640 1837 1667 enim

1044 1682 1089 1709 illa
1114 1690 1169 1709 non
1192 1689 1255 1709 raro
1280 1683 1411 1716 praeviam
1430 1683 1575 1717 quamdam
1597 1684 1693 1712 odoris
1717 1686 1837 1712 suavita-

1044 1731 1099 1755 tem
1116 1727 1256 1759 excitare;
1276 1728 1401 1755 divinum
1424 1728 1567 1763 quidpiam
1585 1737 1613 1757 se
1631 1730 1774 1758 continere
1789 1731 1838 1758 di:-

1044 1779 1210 1801 monstrans.
1227 1773 1312 1808 Igitur
1328 1774 1460 1809 pergebat
1486 1782 1562 1802 mare
1589 1775 1680 1810 aliquo
1704 1780 1837 1811 tempore,

1044 1823 1075 1846 ut
1107 1822 1242 1854 coeperat,
1269 1819 1362 1846 furere
1385 1823 1413 1847 et
1440 1820 1619 1847 vehementer
1638 1825 1780 1849 aestuare:
1811 1828 1839 1848 ut

1044 1864 1145 1892 ﬂuctus
1166 1872 1231 1896 non,
1248 1870 1275 1891 ut
1303 1864 1410 1892 ferebat
1434 1866 1574 1894 violentus
1591 1866 1721 1901 impetus,
1738 1868 1840 1903 impin-

1045 1910 1146 1944 gebant
1163 1910 1190 1937 in
1211 1911 1314 1942 navim,
1332 1910 1380 1938 sed
1394 1911 1561 1939 cohibebant
1578 1920 1617 1945 se,
1629 1914 1713 1941 veluti
1727 1922 1841 1942 venera-

1045 1955 1129 1982 bundi
1145 1959 1193 1981 aut
1204 1960 1369 1983 metuentes.
1383 1957 1469 1984 Paulo
1476 1962 1538 1992 post
1547 1958 1663 1986 remisso
1671 1961 1841 1994 tempestatis

1045 2000 1149 2030 furore.
1180 2000 1286 2034 spirare
1320 2002 1405 2036 coepit
1437 2008 1550 2037 repente
1582 2008 1681 2031 ventus
1697 2012 1719 2032 'e
1743 2008 1839 2041 puppi,

1045 2045 1262 2079 ferebanturque
1286 2051 1382 2080 pacate
1398 2054 1429 2074 ac
1455 2048 1537 2082 plano
1555 2049 1625 2076 mari
1649 2050 1839 2084 plenisvclis.

1046 2091 1222 2118 tremebundi
1238 2099 1271 2119 ac
1286 2093 1389 2127 pavidi,
1401 2093 1437 2120 ob
1450 2098 1503 2121 tam
1516 2094 1734 2130 inexspectatum
1746 2097 1841 2125 salutis

1047 2141 1216 2172 recuperata:
1235 2139 1392 2174 prodigium
1417 2149 1424 2167 :
1456 2148 1507 2168 nec
1531 2142 1603 2170 ullus
1630 2141 1691 2175 fuit,
1710 2144 1757 2178 qui
1785 2152 1840 2171 non

1047 2186 1187 2218 reputaret
1212 2191 1240 2211 se
1260 2184 1312 2211 sibi
1332 2185 1405 2213 dono
1425 2186 1512 2214 sancti
1540 2193 1745 2215 conservatum.

1082 2228 1144 2255 240.
1162 2228 1248 2256 Porro
1260 2231 1419 2263 nauclerus.
1449 2232 1496 2267 qui
1524 2240 1641 2267 puerum
1671 2233 1745 2261 domi
1769 2233 1841 2265 reli-

1047 2280 1145 2312 querat
1171 2276 1323 2309 infirmum,
1343 2277 1441 2305 doctus
1471 2278 1605 2306 miraculo
1630 2279 1658 2306 in
1687 2287 1715 2307 se
1727 2279 1841 2315 suisque

1048 2324 1210 2351 vectoribus
1224 2323 1306 2356 facto,
1322 2323 1485 2350 facillimum
1502 2324 1618 2359 putabat
1637 2325 1695 2360 ipse
1714 2333 1786 2357 esse,
1810 2326 1842 2353 fi-

1049 2369 1117 2396 lium
1136 2377 1246 2404 quoque
1259 2377 1340 2396 suum
1357 2377 1476 2403 curare;
1505 2370 1590 2405 idque
1609 2368 1733 2406 ‘rogabat
1748 2379 1843 2398 mona-

1050 2416 1144 2446 chum,
1158 2422 1190 2443 ut
1210 2415 1307 2443 reduci
1328 2415 1381 2442 sibi
1406 2415 1485 2442 illum
1502 2420 1697 2444 conservatum
1728 2417 1756 2444 in
1771 2417 1845 2445 vivus

1050 2460 1152 2487 vellet:
1168 2459 1283 2487 timebat
1302 2460 1417 2495 quippe,
1435 2460 1508 2495 quod
1523 2468 1593 2495 puer
1605 2461 1706 2488 sacris-
1719 2461 1845 2488 nondum

1051 2505 1163 2534 ablutus
1179 2511 1253 2534 esset
1265 2505 1358 2539 undis,
1371 2505 1470 2533 anima:
1484 2505 1558 2533 illius
1568 2511 1682 2533 mortem
1697 2507 1845 2543 plusquam

1052 2559 1228 2580 communem
1253 2551 1385 2579 omnibus
1413 2552 1579 2583 naturalem.
1608 2552 1734 2587 Cumque
1757 2553 1847 2581 Doro-

1053 2598 1136 2626 tbeus
1149 2598 1256 2625 diceret
1275 2597 1302 2624 in
1321 2605 1405 2624 manu
1416 2598 1476 2633 ejus
1490 2597 1517 2625 id
1529 2605 1603 2631 esse,
1623 2598 1646 2625 si
1670 2599 1755 2626 modo
1781 2607 1846 2626 cum

1055 2642 1162 2669 fervore
1177 2650 1210 2669 ac
1224 2642 1322 2669 fiducia
1344 2647 1472 2669 sanctum
1488 2642 1846 2678 invocaveritSymeonem,

1055 2691 1084 2715 et
1098 2687 1184 2714 ﬁlium
1209 2688 1265 2715 Deo
1279 2688 1404 2720 voverit;
1428 2689 1557 2723 praestitit
1584 2689 1630 2716 ille
1656 2697 1719 2716 mox
1740 2694 1847 2716 utrum-

1050 2741 1121 2768 que:
1138 2741 1188 2761 nec
1200 2733 1343 2762 fraudatus
1355 2738 1398 2761 est
1413 2735 1562 2769 promisso,
1576 2735 1689 2762 invento
1714 2735 1846 2762 incolumi

1051 2780 1125 2807 domi
1143 2780 1210 2812 tilio,
1226 2788 1307 2815 quem
1324 2781 1380 2808 Deo
1400 2789 1450 2815 per
1483 2781 1652 2817 baptismum
1682 2781 1793 2808 obtulit.
1813 2781 1847 2808 Et

1051 2826 1189 2854 hactenus
1206 2826 1318 2862 quidem
1335 2827 1420 2860 illud;
1439 2827 1490 2855 ista
1503 2835 1582 2860 vero,
1610 2836 1671 2862 qua:
1690 2827 1845 2862 subjiciun-

1052 2877 1106 2903 tur.
1124 2872 1147 2899 si
1162 2872 1224 2907 quis
1242 2872 1479 2907 pnetermittenda
1493 2878 1607 2908 propter
1636 2872 1846 2899 multitudinem

1052 2918 1203 2954 putaverit,
1217 2918 1355 2953 quomodo
1364 2926 1418 2946 non
1428 2918 1715 2954 maximamiacturant
1726 2918 1851 2946 dederit?
