2136 3090
172 130 238 163 3ζ21
897 138 1015 168 ΝΟῙἸΤΔ

958 138 1061 168 [ἹΤΙΑ.
1725 136 1801 168 3222

173 187 298 230 Nondum
309 197 354 218 sex
371 190 436 218 anni
448 191 533 226 elapsi
550 197 629 220 erant
655 199 687 219 ex
703 199 756 227 quo
780 192 814 219 ad
827 191 919 219 sedem
937 191 1213 228 llicrosolylnilanam
1233 196 1345 219 evectus
1373 191 1464 219 fuerat
1481 184 1638 223 Zacharias,
1663 199 1725 219 cum
1746 199 1795 219 rex

174 231 316 259 Persarum
328 233 455 268 Cosroes,
473 235 549 270 Syria
569 235 720 268 devastata,
738 236 835 263 urbem
848 234 1068 270 Hierosolymam
1081 234 1164 270 cepit,
1178 230 1353 261 Christianos
1364 234 1402 261 ibi
1418 234 1550 270 degentes
1562 235 1589 262 in
1603 234 1713 262 vincula
1729 241 1796 262 con-

172 275 250 310 jvt-it.
269 276 428 312 Juda-isque
442 278 489 305 vili
506 279 596 313 pretio
612 279 736 310 tradidit,
751 286 766 306 a
783 279 894 314 quibus,
912 286 967 305 non
988 283 1018 306 ut
1033 278 1135 313 captivi
1155 272 1203 305 aut
1218 278 1290 306 servi
1312 277 1421 314 excepti
1446 280 1570 310 fuerunt,
1588 278 1636 305 sed
1656 277 1684 305 in
1700 277 1794 305 odium

172 318 275 346 Christi
299 319 418 348 diversis
434 321 641 356 innumerisque
659 322 829 350 cruciatibus
845 321 983 349 interfecti
999 330 1006 349 ι
1024 322 1210 356 patriarcham
1235 322 1347 349 demum
1368 326 1396 349 et
1412 321 1517 357 lignum
1532 326 1634 349 sancta:
1656 322 1748 349 crucis
1765 321 1793 348 in

172 361 312 389 Persidem
330 365 491 398 asportavit.
516 365 554 392 Dc
571 373 602 393 ea
624 365 703 396 clade
728 365 876 393 Chronicon
903 365 1041 399 Paschale,
1071 366 1128 394 sive
1150 362 1379 399 Aleiandrinum,
1403 366 1441 393 ita
1466 366 1600 401 loquitur,
1619 366 1687 393 edit.
1705 366 1736 393 Ι).
1753 366 1795 393 Du

172 403 273 440 Gange,
289 406 375 434 Paris.
392 407 469 439 1688,
483 416 510 443 p.
530 409 583 436 585
602 409 694 445 (anno)
710 417 734 436 tv
752 409 905 444 (Heraclii).
918 410 1008 436 indict.
1026 409 1073 441 XI,
1087 413 1144 444 post
1159 408 1326 436 consulatum
1338 409 1454 436 Heraclii
1473 409 1586 444 Augusti
1606 409 1724 436 tertium.
1741 408 1796 436 [Ioc

176 457 256 481 mmo,
273 451 342 478 circa
362 460 476 479 mensem
493 453 611 486 Iunium,
636 454 736 481 malum
756 454 828 481 nobis
845 453 939 481 accidit
958 457 1082 490 perpetuo
1099 453 1170 480 luctu
1190 453 1410 489 prosequendum.
1429 452 1495 480 Cum
1514 453 1575 480 aliis
1600 453 1696 487 quippe
1726 461 1798 479 cont-

174 492 292 526 pluribus
305 493 418 522 Orientis
431 497 588 528 civitatibus,
603 496 753 524 Jerusalem
769 502 784 524 (ι
801 497 888 524 Persis
908 501 986 532 capta
1009 501 1058 528 est,
1077 496 1166 524 multis
1182 496 1348 528 clericorum,
1374 497 1567 522 monachorum
1582 516 1589 528 ,
1607 496 1798 522 sanctimonia-

176 535 251 567 lium,
267 541 291 563 et
306 538 436 573 uirginum
451 539 566 567 millibus
581 541 730 568 trucidatis.
741 541 880 568 Incensura
894 541 973 568 etiam
985 540 1151 567 Dominicum
1163 539 1322 575 sepulcrum,
1341 543 1364 565 et
1376 538 1545 566 celeberrima
1557 538 1607 575 .Dei
1622 538 1740 573 templa:
1758 541 1796 571 et,

176 584 204 606 ut
220 581 293 608 verbo
307 582 404 615 dicam,
417 585 533 619 pretiosa
550 586 640 612 omnia
658 586 801 612 destructa.
823 585 980 612 Veneranda
994 584 1077 611 crucis
1090 583 1174 619 ligna,
1189 591 1248 610 cum
1262 583 1345 610 sacris
1360 583 1428 610 vasis
1441 582 1600 614 innumeris,
1616 582 1759 617 capiuntur
1774 591 1791 610 α

175 623 273 657 Persis,
285 629 309 652 et
324 625 469 654 Zacharias
479 629 633 663 patriarcha
643 629 761 664 captivus
777 629 925 656 abducitur.
947 628 1030 663 Atque
1043 628 1096 655 ha'c
1110 629 1200 654 omnia
1210 647 1217 660 ,
1233 635 1285 654 non
1301 626 1387 654 multa
1402 627 1466 653 anni
1476 630 1619 662 parte,nec
1632 629 1685 652 toto
1696 633 1796 658 mense,

173 668 219 694 sed
231 669 303 696 intra
319 678 416 702 paucos
443 671 497 698 dies
519 673 661 707 contigere.
676 672 777 700 Eadem
794 672 850 700 fere
865 672 962 699 scribit
981 671 1163 705 Theophanes
1187 670 1213 697 in
1240 669 1477 705 Chronograpltia,
1496 669 1530 697 ad
1548 677 1651 697 annum
1666 669 1795 704 quintum

175 709 305 738 lleraclii.
318 712 439 746 Quartus
455 714 499 742 hic
511 719 569 742 erat
584 715 659 751 (Chr.
684 716 758 750 6H),
776 715 834 747 sed,
854 719 883 742 ut
896 718 988 748 monet
1005 714 1220 749 Papebrochius,
1239 718 1259 741 t.
1276 713 1310 741 lll
1325 710 1398 746 M‘aii,
1415 714 1447 740 in.
1459 718 1539 740 tract.
1558 712 1674 747 praelim.
1687 720 1714 740 n.
1733 713 1794 745 134,

175 761 202 787 p.
219 755 263 786 5|,
277 756 329 782 col.
347 756 372 788 1,
387 757 419 788 Α,
436 757 481 784 ille
497 762 594 785 auctor
611 766 667 786 uno
684 766 756 786 anno
768 758 868 794 .serius
884 757 911 784 in
927 758 1006 786 annis
1022 757 1139 784 lleraclii
1157 765 1200 784 res
1212 760 1319 789 narrat,
1337 764 1370 784 eo
1389 756 1462 791 quod
1477 757 1597 792 primum
1614 756 1696 791 hujus
1711 756 1797 791 impc-

175 798 274 825 ratoris
288 806 389 827 annum
419 801 445 827 in
460 801 679 834 duosdiviserit,
696 801 927 837 quemadmodum
946 801 1071 835 pluribus
1084 800 1288 828 demonstravit
1310 800 1382 827 idem
1405 799 1612 834 Papcbrochius
1635 799 1663 826 in
1684 799 1796 835 Exegesi

175 842 290 876 pristim.
314 843 346 871 ad
365 848 432 872 tom.
445 845 490 875 ill.
507 845 586 873 Mart.
602 854 662 881 cap.
686 846 712 873 4.
728 846 804 873 Auno
819 846 911 880 quinto
928 844 1083 879 (legendum
1106 846 1212 879 quarto)
1224 844 1329 878 imperii
1347 842 1476 876 Heraclii,
1489 842 1579 870 Persae
1588 842 1715 870 Iordanis
1727 842 1794 874 loca,

175 885 361 919 Palwstinam,
378 893 403 914 et
412 894 533 916 sanetam
545 890 678 918 ciuitatem
691 898 828 917 armorum
846 891 870 917 ui
881 889 1048 924 subegerunt,
1060 892 1084 914 et
1111 887 1243 917 manibus,
1260 891 1288 914 ut
1310 887 1419 922 quidam
1434 891 1567 918 asserunt,
1577 885 1742 918 Iuda-orum,
1761 886 1796 912 ad

175 931 321 964 nonaginta
344 931 557 959 Christianorum
578 933 665 960 millia
693 933 870 960 trucidarunt.
891 932 976 967 Capto
995 939 1055 958 uero
1080 930 1324 966 Hierosolymorum
1350 930 1506 965 patriarcha
1523 929 1669 961 lac/toria,
1683 929 1796 963 prctioso

173 973 214 999 eti.
227 981 252 998 m
269 978 293 1000 et
309 975 410 1008 vivi/iro
427 976 511 1002 crucis
527 975 597 1012 ligno
610 977 673 1003 locis
686 976 741 1003 illis
755 980 854 1010 erepto,
867 977 1034 1012 captivorum
1056 975 1192 1002 hominum
1207 975 1404 1004 multitudinem
1429 974 1596 1000 innumeram
1625 974 1651 1000 in
1663 972 1797 1000 Persidem

174 1015 349 1044 abduxerunt.
364 1018 470 1051 Exstat,
493 1019 582 1054 inquit
602 1020 811 1054 PapcbrOchius
837 1020 919 1047 modo
935 1020 1075 1052 laudatus,
1093 1020 1162 1047 ibid.
1178 1028 1207 1047 n.
1230 1020 1292 1051 155.
1313 1018 1455 1047 Francisci
1471 1017 1632 1046 Combelisii
1648 1017 1726 1052 (0rd.
1741 1017 1794 1044 FF.

172 1059 300 1095 l’rredic.)
311 1068 404 1096 opera,
419 1067 481 1096 post
494 1062 617 1090 libellum
633 1064 720 1090 sancti
734 1063 849 1091 Joannis
859 1064 1046 1099 Chrysostomi
1061 1064 1100 1090 De
1112 1063 1256 1091 educandis
1283 1062 1382 1095 liberis,
1401 1062 1510 1096 aliaque
1523 1061 1669 1093 nonnulla,
1683 1061 1797 1088 Parisiis

171 1109 244 1129 anno
263 1103 342 1136 1656,
359 1104 567 1134 Gnaeo—Latine
591 1107 725 1142 impressa
752 1107 879 1142 epistola,
905 1115 986 1142 quam
1005 1107 1091 1134 uidua:
1109 1115 1222 1142 sponsae,
1242 1107 1343 1134 civitati
1369 1106 1437 1140 regis
1452 1105 1543 1140 magni
1570 1103 1659 1131 liberis
1683 1104 1794 1136 orbatae,

171 1145 412 1183 Ilierosolymitano
435 1150 508 1185 gregi
528 1154 660 1185 pastorem
685 1159 737 1178 non
751 1151 857 1178 habenti
871 1159 880 1178 :
894 1152 939 1178 sed
952 1156 977 1178 et
1003 1151 1110 1186 reliquis
1127 1151 1245 1178 omnibus
1261 1151 1287 1177 in
1301 1149 1404 1180 Christo
1431 1149 1565 1181 ecclesiis,
1587 1148 1751 1184 residuntque
1764 1148 1793 1174 in

171 1189 224 1216 illis
235 1189 299 1224 ﬁliis
315 1192 450 1227 orphanis,
467 1199 556 1228 pastor
570 1194 685 1227 humilis,
696 1194 778 1227 solus,
792 1196 920 1230 captivus,
930 1195 1074 1231 zachariae
1086 1195 1209 1222 miniatus
1223 1201 1238 1222 e
1252 1193 1366 1221 Perside
1380 1193 1502 1228 scripsit,
1511 1199 1601 1224 suam,
1621 1191 1795 1226 aliorumque

171 1233 346 1268 captivorum
360 1237 546 1264 calamitatem
561 1246 794 1270 commemorans,
815 1244 843 1266 et
858 1239 1018 1266 meminisse
1037 1238 1139 1273 iubens
1158 1236 1297 1272 quomodo
1313 1236 1372 1272 ipse
1392 1236 1517 1271 quidem.
1529 1234 1642 1270 quando
1659 1242 1723 1262 cum
1741 1235 1796 1262 illis

171 1281 241 1309 erat,
255 1277 282 1305 in
297 1278 409 1307 Galilma
425 1280 525 1308 dixerit
541 1290 547 1307 :
564 1281 660 1314 Plane,
677 1281 737 1316 ﬁlii,
754 1282 886 1317 ingentem
896 1282 922 1309 in
931 1282 1000 1309 vobis
1008 1281 1082 1308 video
1094 1282 1237 1313 incuriam,
1251 1280 1363 1308 multam
1374 1280 1523 1315 segnitiem,
1536 1279 1709 1314 injustitiam,
1721 1279 1797 1314 igrio-

171 1321 299 1355 rantiam,
312 1323 462 1358 fraternum
481 1325 581 1357 odium,
604 1325 809 1360 opastolicorum
827 1334 960 1352 canonum
977 1325 1215 1360 transgressionem
1240 1329 1321 1359 atque
1335 1327 1535 1359 contemptum;
1552 1330 1598 1349 nec
1612 1322 1665 1350 scio
1681 1330 1797 1358 quonam

171 1372 213 1391 res
228 1363 322 1392 nostra:
336 1374 454 1394 evasura:
469 1369 521 1394 sint
535 1377 543 1395 :
559 1369 634 1403 ipsos
651 1376 716 1397 vero
732 1369 901 1404 respondere
916 1369 1011 1396 solitos
1024 1377 1030 1396 :
1041 1368 1131 1396 Bonus
1144 1372 1182 1395 est
1198 1362 1279 1400 Deus,
1297 1375 1344 1394 nec
1364 1375 1411 1394 nos
1422 1367 1518 1393 creauit
1531 1371 1559 1392 ut
1572 1365 1702 1400 perderet.
1717 1365 1797 1393 Nunc

170 1415 237 1444 ergo
258 1409 386 1438 hortatur
404 1418 453 1438 eos
469 1411 503 1439 ad
517 1412 720 1446 pmnitcntiant,
736 1412 957 1440 emendationem
976 1420 1096 1443 morum.
1125 1412 1343 1440 misericordiam
1369 1419 1433 1446 erga
1458 1410 1584 1446 captivos
1610 1409 1724 1443 fratres;
1750 1413 1799 1441 aut

171 1454 271 1497 quibus
289 1462 343 1482 non
354 1455 475 1490 suppetit
488 1456 561 1488 quod
572 1456 734 1491 largiantur,
752 1456 784 1482 ad
799 1456 1030 1497 preces,jejunia,
1043 1455 1287 1482 bumicubationes
1313 1459 1341 1482 et
1358 1455 1501 1489 lacrymas.

208 1496 236 1524 Si
251 1505 311 1532 quae
327 1504 421 1525 autem
436 1498 464 1525 in
482 1504 555 1526 tanta
570 1499 729 1527 calamitate
751 1499 869 1526 inveniri
888 1496 978 1535 potuit
991 1499 1143 1528 consrrlatio
1164 1498 1323 1534 temporalis
1336 1519 1343 1530 ,
1359 1498 1418 1525 haec
1435 1498 1575 1534 pracipuc
1591 1497 1799 1526 subministrata

172 1545 214 1567 est
229 1549 242 1568 a
257 1546 353 1569 sancto
383 1542 490 1570 Joanne
520 1543 755 1579 Eleemosynario,
775 1548 841 1570 tunc
860 1543 992 1578 temporis
1018 1543 1176 1578 patriarcha
1195 1542 1395 1573 Alexandrino,
1409 1541 1444 1569 de
1467 1550 1523 1576 quo
1549 1541 1600 1569 ista
1618 1541 1715 1569 scribit
1740 1541 1801 1576 ejus

172 1584 241 1611 Vitae.
259 1591 356 1613 auctor
375 1585 523 1618 Leontius,
539 1586 610 1623 apud
625 1587 726 1614 Baron.
757 1587 790 1614 ad
808 1584 909 1614 a'nnum
934 1587 1036 1614 Christi
1061 1587 1124 1619 614,
1142 1586 1228 1616 n.15.
1245 1587 1297 1614 col.
1314 1586 1377 1613 261.
1397 1585 1463 1613 Cum
1475 1585 1563 1613 Persae
1574 1585 1696 1621 populati
1715 1589 1801 1612 essent

173 1628 322 1655 uniuersam
334 1628 450 1665 Syriam,
465 1631 510 1665 qui
520 1638 608 1657 eorum
629 1638 724 1659 manus
740 1634 879 1665 potuerunt
895 1631 1015 1665 effugere,
1032 1634 1086 1657 tum
1100 1629 1161 1657 laici
1175 1631 1220 1666 qui
1234 1629 1422 1665 magistratum
1436 1629 1605 1664 gerebant,et
1620 1629 1729 1664 priuati,
1745 1633 1801 1655 tum

173 1671 262 1698 clerici
274 1680 333 1699 cum
346 1674 471 1708 episcopis
483 1675 641 1709 confugiunt
652 1673 846 1701 Alexandriam
872 1673 969 1706 Quibus
982 1673 1102 1700 omnibus
1120 1673 1190 1700 dives
1205 1673 1252 1700 ille
1266 1678 1290 1700 et
1303 1674 1410 1700 minime
1427 1677 1555 1708 angustus
1572 1672 1722 1699 conuiuatur
1737 1680 1803 1708 quo—

175 1716 237 1743 tidie
248 1716 433 1751 suppeditabat
445 1725 504 1750 quis
524 1722 600 1744 erant
614 1718 648 1744 ad
664 1725 740 1744 usum
760 1718 921 1749 necessaria,
947 1725 1000 1744 non
1024 1718 1059 1744 ad
1078 1717 1254 1752 indigentium
1270 1717 1397 1752 aspiciens
1422 1716 1630 1748 multitudinem,
1648 1720 1676 1742 ut
1699 1715 1802 1751 aliquid

175 1759 273 1794 faceret
285 1760 356 1792 quod
376 1764 445 1787 esset
464 1761 564 1788 sordidi
579 1765 604 1788 et
616 1760 754 1788 illiberalis
775 1762 869 1792 animi,
884 1762 930 1788 sed
945 1762 980 1788 ad
990 1757 1049 1788 eum
1064 1761 1109 1797 qui
1120 1762 1205 1796 aperit
1215 1769 1334 1792 manum,
1348 1764 1371 1787 et
1382 1767 1459 1787 omne
1474 1759 1576 1786 animal
1596 1758 1685 1795 implet
1697 1758 1803 1785 benedi-

174 1803 268 1829 ctione.
283 1803 347 1830 Cum
357 1808 447 1830 autem
463 1803 613 1831 Rasmizsus
626 1805 680 1831 dux
695 1806 823 1832 exercitus
838 1804 933 1832 Cosroe
947 1810 1074 1833 vastasset
1085 1810 1109 1833 et
1130 1805 1307 1840 depopulatus
1321 1809 1387 1832 esset
1401 1803 1554 1831 veneranda
1573 1803 1631 1830 loca
1649 1802 1803 1839 Hierosoly—

176 1855 295 1878 morum;
310 1852 450 1882 postquam
463 1849 510 1875 hoc
525 1849 625 1876 audivit
639 1849 683 1875 ille
698 1850 774 1876 homo
789 1848 847 1880 Dei,
864 1854 888 1874 ct
900 1848 969 1883 quod
981 1849 1071 1876 omnia
1091 1854 1185 1875 sancta
1201 1848 1310 1883 fuissent
1322 1847 1377 1882 igni
1393 1847 1505 1880 tradita,
1523 1846 1600 1882 deﬂet
1617 1846 1732 1878 quidem,
1749 1853 1802 1872 non

176 1899 249 1917 secus
266 1899 297 1918 ac
311 1890 454 1923 Jeremias,
471 1893 498 1919 id
512 1893 581 1928 quod
595 1893 695 1927 factum
709 1893 807 1927 fuerat.
823 1892 882 1920 Non
899 1895 1024 1919 hactenus
1037 1896 1127 1919 autent
1142 1892 1258 1918 constitit
1278 1891 1334 1926 eius
1344 1890 1550 1923 commiseratio,
1565 1890 1611 1917 sed
1625 1890 1705 1918 mittit
1722 1890 1804 1918 etiam

175 1934 348 1970 Chrysippum
360 1937 500 1971 quemdam
515 1938 601 1964 virum
615 1939 699 1972 pium,
718 1938 826 1965 tradens
841 1938 865 1965 ei
879 1934 991 1965 multum
1005 1936 1074 1967 auri,
1087 1935 1313 1971 frumentumque,
1335 1939 1360 1961 et
1371 1933 1426 1962 alia
1450 1934 1579 1962 alimenta
1595 1939 1619 1961 et
1636 1934 1802 1966 indumenta,

175 1982 200 2004 et
214 1979 249 2004 ad
262 1987 292 2005 ea
305 1980 419 2006 saltenda
432 1980 555 2015 jumenta
577 1981 704 2016 plurima,
733 1985 790 2008 tum
814 1986 843 2008 ut
863 1982 990 2017 aspiceret
1016 1980 1183 2011 vastitatem,
1216 1984 1272 2005 tum
1297 1979 1378 2005 etiam
1398 1982 1426 2015 ut
1437 1986 1479 2004 eos
1494 1978 1539 2013 qui
1569 1982 1754 2005 remanserant
1771 1986 1803 2005 est

175 2023 328 2056 captiuitate
343 2024 409 2049 satis
421 2031 468 2058 per
480 2032 509 2050 ea
522 2032 580 2059 qua:
594 2024 664 2051 dicta
678 2024 786 2058 fuerunt
807 2027 945 2050 recrearet.
962 2023 1095 2051 Praeterea
1116 2028 1204 2050 autem
1222 2022 1387 2050 Theodorum
1399 2030 1501 2058 quoque
1512 2022 1683 2049 Amat/mntis
1704 2023 1806 2062 cpisco—_

176 2073 249 2100 pum,
267 2070 290 2092 et
302 2066 475 2094 Anastasinm
495 2069 647 2102 prtefectum
673 2068 764 2102 magni
775 2068 871 2094 montis
894 2067 1012 2098 Antonii,
1027 2072 1050 2093 et
1066 2067 1222 2101 Gregorium
1242 2066 1394 2101 episcopum
1416 2065 1640 2092 Rinocorurorum
1659 2067 1753 2093 emittit
1768 2067 1804 2093 ad

164 2117 217 2136 eos
234 2110 405 2145 recipiendos,
420 2111 466 2145 qui
484 2111 588 2137 abducti
599 2111 704 2145 fuerant
719 2111 745 2137 in
766 2111 957 2145 captivitatem,
976 2111 1027 2137 vim
1048 2112 1108 2137 auri
1124 2111 1244 2146 prrebens
1263 2118 1346 2146 prope
1362 2109 1595 2137 innumerabilem.
1616 2109 1700 2137 Addit
1714 2110 1802 2145 Pape-

176 2153 272 2179 hroch.
289 2161 372 2188 supra
387 2154 498 2186 citatus,
515 2162 543 2181 n.
562 2154 622 2185 136,
636 2162 668 2181 cx
681 2154 805 2188 ejusdem
820 2154 908 2181 sancti
923 2154 1037 2181 Joannis
1052 2154 1123 2185 Vita,
1145 2163 1172 2181 n.
1191 2154 1235 2181 55.
1252 2154 1294 2181 Ad
1317 2153 1562 2189 Hierosolymorum
1579 2153 1767 2180 relevationem
1779 2157 1803 2180 et

176 2197 416 2232 retedificutionem,
433 2198 502 2224 misit
517 2199 680 2225 numismata
693 2198 777 2229 mille,
793 2202 817 2224 et
830 2197 902 2224 mille
921 2206 1009 2225 saccos
1021 2198 1111 2233 plenos
1124 2199 1268 2233 frumento,
1285 2203 1310 2225 et
1329 2197 1400 2224 mille
1414 2197 1548 2232 legumina
1563 2197 1601 2232 (id
1621 2202 1673 2229 est,
1687 2197 1804 2232 legumi-

175 2248 241 2267 num
260 2241 426 2275 mmsuras),
446 2241 517 2268 mille
534 2241 614 2268 libras
633 2243 706 2276 ferri,
727 2242 799 2268 mille
823 2246 904 2268 restes
917 2242 1073 2268 siccatornm
1092 2242 1213 2275 piscium,
1240 2241 1312 2267 mille
1327 2240 1436 2267 vascula
1459 2241 1522 2272 vini,
1542 2245 1567 2266 et
1582 2239 1654 2267 mille
1664 2240 1802 2276 'Egyptios

176 2285 320 2319 operarios,
334 2285 433 2311 addens
451 2293 497 2319 per
511 2284 611 2312 litteras
623 2286 657 2311 ad
683 2285 829 2312 Modestum
847 2286 980 2319 scriptas:
996 2285 1034 2312 Da
1052 2286 1115 2312 mihi
1135 2286 1250 2317 ueniant,
1270 2293 1330 2312 sera
1352 2284 1448 2311 Christi
1460 2290 1594 2320 operator,
1609 2283 1675 2311 nihil
1692 2285 1802 2320 dignum

177 2328 280 2363 templis
295 2327 392 2355 Christi
415 2329 539 2355 mittenti.
558 2329 655 2355 Vellem
677 2329 757 2360 enim,
778 2329 853 2355 crede
871 2329 944 2361 mihi,
960 2330 982 2356 si
999 2335 1064 2356 esset
1077 2329 1249 2360 conueniens,
1264 2332 1287 2354 et
1305 2337 1350 2363 ego
1363 2328 1417 2363 ipse
1434 2328 1532 2359 renire,
1543 2333 1567 2354 et
1585 2329 1638 2362 ipse
1650 2324 1756 2363 operari
1773 2329 1802 2355 in

176 2372 252 2399 deuio
264 2376 363 2399 sam-tte
378 2372 476 2399 Christi
491 2372 709 2399 Resurrcclionis.
726 2371 776 2399 llic
794 2371 932 2400 Modestus
947 2372 1078 2400 Ecclesia:
1106 2372 1364 2406 lliemsolymitante
1390 2379 1484 2398 curam
1513 2371 1608 2405 gessit,
1630 2376 1658 2398 ut
1679 2371 1802 2400 vicarius

176 2414 316 2442 Zacharias
329 2415 464 2450 episcopi,
483 2415 606 2450 quandiu
625 2416 669 2442 illc
683 2416 809 2450 captivus
833 2416 885 2443 luit
899 2417 925 2443 in
945 2416 1068 2447 Perside,
1083 2417 1163 2448 eique
1183 2420 1245 2451 post
1259 2420 1376 2443 mortem
1394 2416 1540 2442 successit.
1554 2415 1671 2442 Eosdem
1688 2416 1800 2444 interim

177 2459 430 2494 Hierosolymorum
452 2460 555 2486 incolas
573 2460 631 2486 suis
650 2461 765 2494 scriptis
793 2460 940 2488 sublevare
968 2460 1120 2487 conabatur
1135 2459 1289 2487 Antiochus
1314 2458 1426 2493 quidam
1443 2460 1596 2486 monachus
1625 2460 1799 2492 Palaestinas.

176 2503 239 2529 vice
252 2502 396 2529 sanczitate
407 2507 435 2529 et
447 2503 575 2529 doctrina
595 2503 725 2535 Celebris,
742 2504 823 2537 cujus
840 2508 948 2531 exstant
968 2504 1093 2531 llomilize
1127 2503 1184 2534 130,
1200 2509 1219 2531 ι.
1234 2503 1243 2530 l
1259 2502 1325 2529 Bibl.
1352 2502 1428 2528 Patr.
1446 2501 1529 2530 erc.
1545 2510 1573 2536 p.
1594 2503 1675 2530 1026.
1693 2503 1723 2530 In
1739 2503 1801 2538 epi-

176 2546 245 2572 stola
261 2550 351 2572 autem
370 2545 477 2580 praeﬁxa
491 2546 578 2580 operi,
604 2554 637 2573 eo
658 2547 738 2573 titulo
760 2547 910 2582 insignita:
928 2547 1048 2580 Epistola
1072 2548 1192 2574 Antiochi
1216 2547 1338 2574 monac/ti
1356 2546 1439 2573 latine
1456 2545 1533 2573 Salue
1552 2546 1664 2578 abbatis,
1692 2547 1727 2573 ad
1741 2547 1800 2574 Eu-

175 2590 301 2616 stathium
314 2590 481 2624 pra-positam
494 2591 646 2616 monasterii
657 2590 784 2618 Attalium
799 2592 911 2627 Ancyrw
921 2592 1032 2620 civitatis
1047 2592 1172 2623 Gnlatia’,
1186 2591 1243 2618 ha>c
1260 2596 1364 2620 narrat.
1379 2591 1451 2625 apud
1467 2590 1615 2618 Baroniam
1626 2598 1709 2626 supra
1728 2592 1800 2618 rela-

176 2637 246 2665 tum,
260 2642 287 2660 n.
302 2633 346 2661 26.
367 2633 433 2660 Cum
445 2633 589 2661 [smne/ita.-
602 2635 636 2661 ad
648 2639 766 2662 nostrum
783 2637 951 2663 accessissent
964 2637 1170 2667 monasterium,
1185 2643 1237 2662 una
1255 2635 1405 2669 septimana
1424 2641 1569 2669 antequam
1588 2639 1682 2661 sancta
1709 2635 1800 2662 civitas

179 2677 266 2711 fuisset
280 2683 418 2711 occupata,
431 2681 455 2703 ct
472 2678 595 2717 uniuersa
613 2679 727 2705 ecclesia:
750 2687 828 2706 sacra
844 2688 908 2706 uasa
922 2680 981 2714 jam
1008 2679 1181 2714 diripuissent
1193 2699 1200 2710 .
1215 2678 1335 2713 plerique
1351 2678 1445 2705 Patres
1470 2678 1631 2714 aufugerunt
1651 2686 1732 2713 quant
1747 2679 1803 2713 pri-

178 2729 248 2746 mum
265 2728 272 2746 :
287 2725 470 2747 remanserunt
482 2726 572 2748 autem
584 2721 612 2747 in
632 2723 789 2748 monasterio
802 2723 846 2757 qui
864 2723 984 2757 fortiores
999 2723 1097 2751 Christi
1110 2723 1215 2758 fuerant
1226 2722 1305 2753 servi,
1337 2729 1444 2748 sacrum
1456 2721 1532 2748 illum
1560 2722 1645 2748 locum
1659 2721 1800 2748 destituere

178 2763 253 2791 nullo
268 2768 346 2798 pacto
363 2764 488 2791 volentes.
505 2764 618 2791 Barbari
633 2773 694 2792 vero
706 2774 766 2792 cum
781 2766 839 2792 illo:
855 2767 1123 2802 comprehendissent,
1135 2771 1159 2794 ct
1171 2767 1267 2794 multos
1284 2766 1338 2793 dies
1353 2765 1412 2793 illos
1428 2765 1572 2792 inhumano
1584 2769 1752 2797 tractassem,
1775 2768 1801 2791 ct

177 2810 314 2835 tormentis
327 2808 487 2844 afﬂixissent,
510 2810 634 2845 pecunias
646 2810 692 2837 hac
703 2814 779 2845 pacto
794 2819 849 2838 sese
862 2812 1013 2839 inventuros
1028 2810 1241 2846 putantes,opud
1252 2818 1316 2845 quos
1331 2809 1399 2837 nihil
1413 2809 1490 2844 hujus
1504 2809 1594 2836 seculi
1611 2809 1800 2843 reperiebatur.

182 2852 228 2881 Illi
241 2853 399 2890 simulatque
413 2853 656 2882 intellexeruntsuu
670 2863 697 2882 se
712 2855 817 2882 tandem
830 2863 873 2891 spe
884 2860 908 2882 et
921 2856 1053 2891 proposito
1061 2855 1197 2890 excidisse,
1209 2855 1236 2882 in
1248 2854 1459 2891 eﬂ’eratissimam
1473 2853 1540 2882 uersi
1555 2852 1708 2888 rabiem,ad
1719 2860 1801 2881 unum
