2136 3464
165 255 235 288 3⁸2⁸25
889 259 1057 290 ΝΟΤΙἸἾΑ.

168 311 351 346 Superbusille
369 317 392 339 et
406 312 513 347 loquens
526 313 692 348 iniquitatem
705 315 731 341 in
746 315 868 350 superbia
879 320 903 342 et
917 320 1068 350 contemptu
1082 315 1206 342 adversus
1223 314 1255 342 D.
1274 314 1308 342 N.
1327 314 1354 343 J.
1372 313 1402 342 (Σ.
1427 319 1519 342 verum
1535 314 1629 347 Deum,
1644 319 1668 342 ct
1680 316 1788 343 inteme-

170 360 255 381 ratum
271 356 328 390 ejus
340 360 451 382 matrem
465 355 627 384 benedictum
637 358 779 384 Dominam
797 363 916 385 nostram
931 358 977 385 Dei
993 359 1149 387 Genitricem
1169 367 1322 394 semperque
1342 358 1477 393 Virginem
1493 359 1619 386 Mariam.
1640 359 1724 386 Periit
1740 360 1787 387 im-

169 399 225 432 pius
239 407 296 425 cum
313 399 410 425 sonitu.
427 398 572 428 Conversus
589 407 626 429 est
640 401 715 428 labor
729 402 785 437 ejus
796 402 823 428 in
834 406 912 436 caput
928 402 997 437 ejus,
1015 407 1039 429 et
1054 403 1081 429 in
1096 403 1218 429 uerticem
1231 403 1362 438 iniquitas
1377 403 1436 438 ejus
1452 402 1594 429 descendit.
1610 402 1679 429 Nam
1697 403 1732 429 2b
1744 403 1791 429 Fc-

167 442 258 469 braar.
272 441 398 476 prteteriti
416 444 523 475 mensis,
539 445 625 477 prima
637 445 787 476 indictione,
804 446 931 471 seditione
944 446 970 472 in
983 454 1042 472 eum
1067 450 1137 472 mota
1153 446 1185 472 ab
1199 446 1280 480 ipsius
1295 445 1351 477 filio
1369 445 1542 480 primogenita
1554 444 1647 480 Sgroe,
1664 445 1779 481 quamad

168 486 271 511 modum
287 486 312 511 iu
328 485 383 512 alia
395 486 563 521 jussione(id
576 488 767 522 eslcpistolm,
783 489 853 515 vobis
869 489 1046 521 capas-nimus,
1064 489 1211 516 Persarum
1225 489 1346 515 omnibus
1360 488 1511 523 proceribus
1527 497 1558 515 ac
1578 489 1700 515 universo
1715 490 1792 515 exer-

167 528 230 558 citu,
242 529 373 562 copiisque
390 537 422 555 ex
438 530 519 557 variis
535 531 683 566 regionibus
697 532 842 562 conductis,
863 532 894 558 ab
909 532 1068 558 essccrando
1080 532 1175 559 Cosroe
1186 535 1220 559 ad
1234 536 1325 567 partes
1349 531 1454 566 Syram,
1467 540 1525 558 cum
1541 531 1720 567 Curdauaspa
1728 531 1792 558 Per-

165 573 212 598 sici
225 573 352 599 exercitus
367 573 439 606 prius
453 574 518 600 duce
542 575 749 604 transeuntibus.
762 576 829 602 idem
842 576 894 603 Deo
908 576 1005 602 inuisus
1021 576 1140 607 Cosroes,
1161 577 1223 602 dum
1236 577 1326 610 fugam
1343 576 1497 607 meditatur,
1521 579 1624 610 captus,
1641 576 1794 610 vinctusque

165 615 193 642 in
209 624 303 642 nouum
323 616 474 647 castellum,
494 617 525 643 ab
540 618 650 652 ipsomet
667 619 702 645 ad
712 619 891 645 recondendus
909 620 1106 654 scruandasque
1117 620 1148 645 ab
1161 628 1190 645 eo
1205 619 1329 646 collectas
1344 619 1468 653 pecunias
1482 624 1641 645 exstructum
1659 619 1792 654 conjectus

165 663 212 685 cst.
228 658 353 685 Vicesima
370 661 462 694 quinta
479 666 567 687 autem
586 662 706 696 ejusdem
730 663 825 688 mmsis
840 662 968 690 Fabruar,
984 662 1066 698 Sgroe
1079 668 1215 694 coronato,
1227 668 1251 700 et
1263 671 1323 698 rege
1351 663 1495 689 Persarum
1515 663 1688 697 inaugurato,
1708 671 1740 689 ac
1757 661 1794 690 28

167 702 284 735 ejusdem
294 704 389 730 mensis
401 711 460 730 cum
475 703 528 730 Deo
541 712 634 731 exosus
647 705 757 743 (.‘osroes
769 710 895 740 quartum
903 706 963 740 jam
975 706 1045 733 dirui
1063 707 1089 733 in
1108 706 1230 738 uinculis,
1249 706 1368 733 onmibus
1388 706 1555 732 excruciatus
1572 704 1716 737 doloribus,
1730 713 1793 732 are-

166 745 255 779 gisset,
272 746 407 780 ingratum
423 747 511 777 illum.
523 752 547 774 et
560 747 722 781 perduellem
738 749 796 779 Dei,
812 749 1005 784 superbumque
1020 758 1051 776 ac
1068 750 1250 784 blasphemum
1267 750 1381 777 Cosrocn
1405 749 1574 776 acerbissimo
1589 750 1682 776 mortis
1699 757 1792 784 genere

167 787 261 822 Sgrocs
274 789 393 821 sustulit,
409 791 446 816 uti
457 791 535 817 sciret
549 791 643 818 Iesum
656 800 687 818 ea:
700 792 788 819 Maria
801 798 905 823 natum,
921 796 946 818 ct
957 801 972 819 a
985 792 1086 820 Juda’is
1104 793 1272 827 cruciﬁxum,
1288 789 1510 829 quemadmodum
1529 794 1586 827 ipse
1599 794 1753 828 scripserat,
1768 797 1792 819 et

167 839 245 866 quem
257 834 378 860 conuiciis
389 834 752 869 incesserat,omnipotentem
766 844 821 862 esse
829 835 922 867 Deam.
931 836 1021 870 illique
1035 837 1185 869 retribuere,
1195 842 1273 872 prout
1286 846 1302 863 a
1316 838 1388 864 nobis
1399 838 1450 872 ipsi
1465 838 1622 871 rescriptum
1636 836 1745 871 fueram
1754 840 1796 865 ιο.

167 874 200 902 In
213 875 269 902 alia
287 881 401 903 autema
415 877 487 910 nobis
507 878 570 904 data
583 879 653 905 vobis
664 879 796 914 jussione,
810 887 841 905 es;
859 880 953 906 castris
962 880 1059 906 nostris
1078 880 1113 906 ad
1124 879 1257 911 Canzaca,
1284 888 1343 915 quce
1367 880 1534 907 continebant
1553 883 1614 906 acta
1639 889 1655 906 a
1672 880 1705 907 17
1719 879 1795 907 Octo-

168 920 232 952 bris,
247 928 328 955 usque
340 923 375 947 ad
388 921 420 948 t5
430 921 532 953 Martii.
544 922 752 957 signiﬁcavimus
765 943 772 955 ,
787 931 838 958 quo
851 927 928 958 pacto
939 923 1019 954 Deus,
1035 927 1060 949 et
1081 922 1192 950 Domina
1207 927 1298 950 nostra
1312 923 1442 958 Deipara,
1455 923 1540 953 nobis.
1562 923 1717 959 Christoque
1729 923 1791 950 dile-

167 963 217 990 ctis
227 964 307 998 copiis
320 965 416 991 nostris
435 967 605 998 succurrerit,
619 971 643 992 et
657 966 786 1001 quomodo
795 967 822 993 in
838 967 895 1001 ipso
905 970 1041 1001 conspectu
1056 971 1146 993 nostra
1161 966 1215 993 Deo
1230 974 1322 994 exosus
1335 986 1343 998 ,
1355 971 1379 993 et
1391 974 1405 993 e
1422 967 1524 993 tumulo
1540 967 1707 1001 refodiendus
1718 966 1728 1003 (
1736 967 1794 995 sive

168 1016 184 1035 ε
198 1009 374 1044 sterquilinio
386 1009 514 1041 cll‘ossus,
526 1015 557 1037 ut
568 1009 650 1039 habet
667 1011 777 1046 Psgius)
796 1010 906 1038 Cosroes
920 1019 936 1036 a
953 1010 1189 1045 Dastagerchosate
1206 1010 1240 1036 ad
1255 1009 1450 1045 Ctesiphontem
1464 1018 1546 1045 usque
1560 1010 1654 1045 fugam
1666 1007 1796 1045 capessis-

169 1052 214 1082 rit.
226 1061 328 1088 suaque
351 1053 455 1087 palatia
471 1055 589 1081 amiserit
604 1062 664 1081 cum
677 1055 752 1089 regni
766 1054 862 1081 Persici
876 1053 1026 1089 prouinciis,
1045 1060 1076 1078 ac
1093 1052 1205 1086 denique
1221 1052 1269 1077 hac
1285 1052 1389 1077 ratione
1400 1059 1563 1078 commovere
1578 1052 1704 1079 adversus
1718 1051 1796 1079 illum

167 1096 322 1123 seditionem
330 1096 425 1132 Sgroes
438 1098 564 1132 potuerit.
576 1098 639 1125 Post
648 1099 774 1133 scriptam
785 1106 845 1125 vero
858 1100 927 1125 hanc
939 1101 1057 1124 nostram
1066 1096 1225 1131 jussionem,
1237 1103 1346 1129 eamque
1357 1096 1466 1122 missam
1478 1095 1510 1122 lii
1518 1095 1560 1122 die
1571 1096 1708 1130 pra'sentis
1724 1102 1799 1122 men-

168 1140 203 1166 sis
216 1139 317 1171 Martii,
332 1140 393 1166 dum
408 1148 468 1175 qatz
483 1140 598 1168 Coaroen
613 1142 683 1168 inter
697 1147 722 1168 et
739 1140 839 1177 Sgroen
856 1141 1021 1176 postmodum
1039 1139 1195 1172 contigerint
1211 1138 1352 1173 explorare
1374 1139 1534 1173 satagimus,
1559 1139 1646 1166 missis
1666 1140 1695 1166 in
1719 1140 1799 1166 varia

171 1183 239 1216 loca,
254 1188 334 1219 atque
347 1184 382 1210 ad
392 1184 531 1217 Siarsura,
544 1184 763 1219 parvumZabas,
777 1184 889 1212 Chalcas
899 1190 923 1211 ct
934 1184 1050 1214 Jesdem,
1070 1188 1184 1217 utraque
1210 1183 1262 1211 uia.
1280 1186 1336 1208 tam
1351 1190 1383 1208 ex
1402 1182 1558 1216 felicissimis
1572 1183 1666 1209 castris
1690 1183 1799 1216 nostris,

170 1231 226 1254 tum
236 1235 268 1254 es:
287 1226 428 1254 Saracenis
441 1228 486 1262 pio
502 1232 591 1254 nostro
608 1228 718 1263 imperio
732 1228 867 1263 subjectis,
888 1232 916 1254 ut
938 1226 1160 1262 quemadmodum
1182 1225 1288 1260 praefati
1310 1233 1413 1257 sumus,
1431 1230 1517 1252 motas
1532 1226 1577 1261 qui
1592 1226 1627 1253 ibi
1642 1230 1714 1258 sunt,
1727 1230 1797 1253 certo

172 1271 336 1301 resciremus,
354 1271 523 1298 adduxerunt
539 1271 574 1297 ad
589 1279 635 1297 nos
652 1272 813 1298 excubitores
828 1272 854 1298 in
869 1275 959 1298 castra
974 1270 1008 1297 ad
1024 1269 1147 1296 Canzaca
1171 1270 1280 1296 Persam
1303 1278 1396 1302 unum,
1416 1275 1441 1296 et
1459 1270 1574 1297 alterum
1599 1270 1765 1303 Armenium,
1779 1278 1799 1297 ts

172 1314 265 1349 quibus
275 1319 397 1348 porrecta
411 1316 483 1341 nobis
498 1319 536 1341 est
552 1314 662 1349 epistola
678 1323 694 1341 a
708 1315 824 1348 quodam
844 1314 988 1342 Persarum
1001 1315 1144 1341 secretario
1159 1315 1200 1341 cui
1212 1322 1306 1340 nomen
1318 1319 1355 1340 cst
1371 1314 1472 1341 Cosdae
1487 1319 1512 1340 et
1534 1315 1750 1345 Axiumaranan.
1763 1314 1799 1342 ad

171 1366 218 1385 nos
229 1358 338 1392 scripta,
348 1365 400 1392 qua
412 1359 520 1385 missum
532 1365 560 1384 se
573 1357 767 1392 signiﬁcabata
782 1357 865 1393 Syroe
888 1359 916 1384 ia
940 1357 1085 1385 Persarum
1108 1366 1195 1393 regem
1221 1358 1396 1393 proclamato,
1426 1366 1485 1385 cum
1510 1357 1571 1385 aliis
1595 1358 1755 1394 proceribus,
1775 1365 1800 1386 ct

172 1401 254 1434 ipsius
278 1400 366 1436 Sgrois
394 1401 428 1427 ad
452 1409 508 1428 nasi
525 1401 619 1428 litteris
642 1410 651 1429 .'
669 1409 779 1436 cumque
805 1403 840 1429 ad
862 1402 964 1429 Arman
976 1402 1142 1436 pervenisset,
1158 1401 1241 1428 visum
1255 1401 1304 1428 sibi
1313 1410 1369 1428 csse
1381 1406 1409 1427 ut
1436 1402 1501 1428 duos
1530 1403 1593 1429 istas
1615 1403 1684 1429 viros
1696 1402 1731 1429 ad
1751 1410 1800 1430 nos

175 1446 299 1476 mitteret,
313 1453 363 1479 quo
390 1445 503 1472 vicissim
530 1453 609 1478 seque
633 1453 664 1471 ac
694 1446 777 1472 socios
795 1449 863 1472 tutas
877 1444 1071 1480 incolumesque
1098 1445 1266 1476 deducerent,
1294 1454 1309 1472 a
1342 1445 1415 1472 nobis
1451 1445 1628 1472 mitterentur.
1657 1445 1690 1473 Ut
1712 1451 1801 1473 autem

172 1488 249 1514 illum
274 1488 323 1515 sibi
347 1488 437 1515 timere
460 1487 648 1521 intelleximus,
677 1496 709 1515 ex
733 1497 763 1515 eo
787 1489 857 1524 quod
886 1489 912 1515 in
939 1489 1033 1515 itinere
1064 1487 1148 1514 multa
1168 1487 1309 1515 Persarum
1327 1489 1472 1520 cadauera,
1489 1496 1572 1524 eaque
1583 1497 1665 1524 usque
1682 1489 1717 1516 ad
1744 1490 1799 1517 tria

174 1532 280 1559 circiter
309 1531 393 1558 millia
418 1540 434 1558 a
459 1531 615 1565 felicissimis
639 1533 720 1567 copiis
748 1533 844 1559 nostris
869 1531 1068 1566 interfectorum
1095 1539 1186 1558 versus
1204 1531 1314 1558 Narban
1344 1532 1451 1564 videret,
1474 1530 1574 1566 absque
1599 1533 1800 1560 conductoribus

174 1584 221 1602 nos
234 1576 371 1602 convenire
382 1579 533 1602 tereretur:
543 1575 579 1602 25
592 1576 710 1610 ejusdem
726 1575 806 1603 Hart.
819 1577 914 1602 mensis
925 1576 960 1602 ad
970 1575 1030 1602 illos
1043 1578 1164 1602 misimus
1178 1576 1398 1610 gloriosissimum
1415 1577 1573 1611 magistrum
1585 1577 1698 1603 militum
1711 1576 1801 1604 Eliam

174 1623 343 1653 cognomento
355 1618 377 1645 Β
387 1626 482 1649 ιηοαι,
501 1623 525 1645 et
538 1618 827 1653 magniﬁcentissimum
847 1619 1006 1646 Theodotum
1024 1619 1215 1655 Drungarium,
1235 1627 1294 1645 cum
1311 1619 1411 1645 delecta
1423 1619 1575 1653 juventute,
1587 1628 1618 1646 ac
1630 1620 1721 1654 uiginti
1730 1622 1803 1656 equis

175 1664 316 1690 dextrariis
333 1662 399 1690 sella
418 1663 562 1692 instructis,
579 1663 625 1697 qui
650 1662 704 1690 illis
724 1668 900 1693 occurrerent,
916 1671 1010 1693 eosque
1034 1663 1070 1690 ad
1086 1671 1132 1689 nos
1150 1663 1318 1694 deducerent,
1334 1668 1388 1690 etc.
1411 1663 1442 1690 Ut
1457 1671 1518 1690 vero
1538 1663 1602 1690 duos
1622 1663 1683 1690 illos
1700 1664 1770 1690 viros
1786 1673 1803 1691 α

177 1707 260 1742 Sgroe
275 1707 416 1733 Persarum
434 1714 493 1741 rege
508 1707 599 1733 missos
617 1708 761 1741 recepimus
771 1727 778 1738 ,
794 1706 908 1733 alterum
922 1715 954 1733 es:
965 1707 1007 1736 iis.
1026 1707 1136 1734 Persam
1147 1707 1257 1737 scilicet,
1271 1715 1324 1733 una
1335 1715 1393 1733 cum
1411 1706 1471 1733 aliis
1486 1708 1521 1733 ad
1537 1706 1722 1733 Barismancm
1734 1706 1804 1734 Can-

177 1758 302 1777 zacorum
318 1750 517 1784 tprmpositum;
531 1750 576 1784 qui
589 1759 604 1776 a
616 1750 797 1785 quadraginta
810 1749 968 1776 milliaribus
982 1750 1085 1782 aberat,
1099 1756 1122 1777 et
1135 1751 1162 1777 in
1176 1750 1307 1777 ntuuitum
1320 1750 1460 1777 castellanis
1476 1759 1504 1777 se
1517 1750 1662 1777 recluserat
1673 1751 1804 1783 misimus,

177 1795 247 1821 datis
262 1794 297 1821 ad
308 1793 385 1820 illam
400 1794 506 1824 litteris,
522 1795 613 1828 quibus
630 1794 822 1825 mundabatur,
841 1795 879 1821 uti
897 1803 977 1829 equos
993 1798 1093 1829 septem
1108 1802 1155 1829 pro
1173 1793 1266 1828 legatis
1282 1799 1402 1828 pararet,
1420 1802 1472 1829 quo
1488 1795 1610 1829 expedite
1629 1803 1660 1821 ac
1671 1795 1728 1828 sine
1748 1794 1805 1822 ulla

178 1838 364 1872 impedimento
386 1838 422 1864 ad
435 1837 536 1873 Syroeu
550 1845 635 1872 regem
652 1842 757 1873 possent
779 1838 919 1873 proﬁcisci.
934 1838 1109 1865 Barismanas
1135 1845 1233 1864 vero...
1249 1841 1274 1864 et
1290 1838 1334 1872 qui
1352 1841 1408 1864 tum
1425 1846 1484 1865 cum
1501 1838 1549 1865 illo
1562 1839 1686 1870 aderant,
1710 1846 1767 1871 nos,
1780 1843 1807 1865 et

179 1879 280 1917 Syroen
300 1880 444 1908 Persarum
460 1889 557 1916 regem,
571 1889 617 1916 per
635 1881 733 1909 multas
746 1882 836 1912 horas,
854 1882 950 1916 faustis
966 1882 1202 1910 acclamationibus
1218 1881 1391 1917 laudibusque
1405 1883 1535 1917 prosecuti
1560 1887 1633 1910 sunt.
1661 1883 1683 1911 Α
1708 1883 1806 1919 Legato

180 1925 276 1960 quippe
287 1924 333 1951 illo
349 1924 440 1956 Persa,
452 1924 614 1959 perduellem
630 1925 677 1951 Dei
692 1925 807 1952 Cosroen
824 1926 943 1960 periisse,
956 1931 1095 1960 regemque
1108 1923 1209 1958 Sgroen
1224 1923 1420 1958 proclamatum
1438 1925 1562 1951 certiores
1577 1929 1654 1952 erant
1667 1925 1740 1960 facti.
1756 1924 1807 1952 Re-

180 1969 284 2003 scripsit
301 1968 393 1994 deinde
406 1969 478 1995 nobis
494 1968 565 1995 idem
582 1967 767 2002 Barismanas,
790 1976 869 2004 equos
881 1977 920 2000 se,
935 1969 1001 1995 sicut
1015 1977 1030 1995 a
1047 1968 1119 1994 nobis
1137 1967 1293 1994 mandatum
1316 1967 1415 2002 fuerat,
1435 1968 1608 2000 instruxisse,
1624 1972 1721 1995 etcum
1738 1968 1807 1996 alte-

183 2020 243 2039 ram
255 2016 374 2038 nostram
381 2011 529 2047 jussionem
547 2012 686 2046 acceperit.
701 2020 754 2047 qua
766 2012 915 2047 legatorum
929 2012 1057 2039 adventus
1065 2012 1113 2038 sibi
1126 2010 1370 2046 significaretur,”
1385 2019 1464 2046 quam
1481 2012 1596 2045 primum
1610 2013 1645 2037 ad
1659 2020 1706 2039 nos
1722 2020 1808 2039 acces-

181 2064 285 2086 surum,
306 2056 430 2090 equisque
452 2055 589 2088 confestim
614 2055 745 2087 adductis,
766 2056 848 2090 officia
865 2064 914 2083 sua
928 2056 1085 2090 servitiaque
1111 2055 1202 2082 omnia
1227 2055 1419 2090 prwstiturum.
1437 2054 1504 2081 Cum
1522 2055 1606 2089 igitur
1621 2055 1648 2081 in
1665 2055 1760 2082 iisdem
1774 2056 1809 2083 ad

184 2098 308 2126 Canzaca
325 2099 415 2132 positis
424 2099 518 2125 castris
533 2107 647 2125 essemus
660 2100 758 2126 morati
774 2108 855 2134 usque
874 2100 908 2125 ad
922 2099 939 2125 3
955 2102 1050 2126 mensis
1064 2099 1164 2133 Aprilis
1187 2099 1266 2131 diem,
1281 2099 1326 2133 qui
1345 2099 1372 2125 in
1392 2098 1558 2124 Dominicam
1579 2099 1682 2131 incidit,
1705 2099 1810 2126 advertit

185 2142 315 2170 Phaiacus
330 2143 384 2177 regi
399 2151 415 2169 α
429 2143 545 2174 secretis,
562 2144 606 2177 qui
621 2148 645 2169 et
658 2142 768 2169 Rharna
782 2144 936 2174 uocabatur,
953 2144 1022 2170 circa
1035 2143 1128 2170 horam
1146 2142 1300 2173 secundum,
1319 2142 1492 2175 eamdemque
1505 2143 1554 2169 hac
1567 2143 1625 2176 ipsa
1646 2143 1711 2170 hora
1734 2151 1810 2170 esce-

183 2188 282 2222 pimus,
302 2186 394 2213 litteris
407 2196 423 2213 a
437 2186 538 2218 Cabqta
559 2186 642 2221 Syroe
655 2187 858 2214 clementissimo
879 2187 1021 2214 Persarum
1047 2192 1116 2222 rege,
1133 2194 1192 2221 qua:
1209 2187 1265 2221 ejus
1288 2187 1526 2221 inaugurationem
1551 2186 1733 2219 continebant,
1754 2188 1811 2222 qui-

186 2233 284 2268 busque
296 2233 439 2265 nobiscum,
456 2236 481 2259 et
500 2240 560 2259 cum
570 2233 660 2267 quovis
674 2234 821 2264 hominum,
835 2241 925 2267 pacem
942 2231 1038 2259 habere
1051 2231 1118 2258 velle
1135 2230 1315 2265 signiﬁcabat,
1326 2230 1357 2256 ab
1373 2229 1420 2257 illo
1430 2231 1552 2263 acceptis.
1566 2231 1653 2258 Visum
1669 2239 1730 2265 ergo
1739 2231 1812 2259 nobis

183 2281 223 2304 ett
233 2276 427 2304 clementissimi
444 2275 552 2303 Cubatw
565 2276 654 2312 Syrois
673 2276 826 2303 litterarum
843 2276 981 2311 exeinplar
997 2274 1057 2301 huic
1072 2278 1169 2300 nostra:
1184 2274 1219 2300 ad
1230 2281 1274 2300 vos
1294 2274 1404 2305 iussioni
1420 2273 1590 2309 subjungere,
1602 2278 1630 2300 ut
1650 2278 1675 2300 et
1695 2275 1758 2309 quid
1777 2275 1813 2302 ad

184 2321 247 2347 illas
266 2321 358 2348 deinde
373 2321 595 2354 rescripserimus.
611 2319 758 2349 Mansimus
774 2329 834 2349 vero
847 2320 935 2347 eodem
951 2320 978 2346 in
994 2319 1048 2347 loco
1062 2323 1211 2347 castrorum
1224 2316 1352 2345 Canzacis
1371 2318 1513 2344 uicinorum
1529 2326 1611 2352 usque
1627 2320 1661 2344 ad
1673 2319 1812 2353 septimum
1856 2327 1858 2329 ’

185 2364 295 2400 Aprilis,
307 2365 354 2391 hoc
365 2365 444 2391 esti?
453 2364 518 2391 dies.
536 2364 633 2391 Octauo
651 2369 738 2391 autem
752 2365 869 2399 ejusdem
890 2364 986 2391 mensis
1000 2364 1120 2390 eumdem
1144 2361 1290 2388 Phaiacum
1304 2370 1320 2388 a
1341 2361 1457 2390 secretis.
1476 2361 1614 2388 Rharnam
1637 2361 1812 2397 appellatum,

187 2407 338 2442 honorifice,
354 2414 484 2443 quantum
499 2407 581 2439 licuit,
594 2414 740 2443 acceptum,
758 2413 785 2434 ut
801 2413 824 2435 et
850 2409 895 2443 qui
909 2416 969 2435 cum
987 2407 1034 2434 illo
1048 2411 1136 2437 erant,
1154 2406 1313 2436 dimisimus,
1329 2410 1384 2432 etc.
1404 2406 1488 2440 Atque
1508 2406 1547 2432 ita
1564 2405 1720 2440 confidimus
1735 2406 1766 2434 D.
1778 2405 1813 2433 Ν.

187 2451 279 2479 Jesum
298 2452 429 2479 Christum
448 2452 545 2478 bonum
560 2456 584 2478 ct
597 2453 801 2487 omnipotentem
817 2452 912 2484 Deum,
932 2455 957 2478 et
973 2450 1116 2478 Dominam
1149 2453 1268 2476 nostram
1290 2448 1336 2475 Dei
1358 2448 1525 2480 Geuitricem,
1543 2457 1583 2476 res
1604 2457 1695 2476 omnes
1710 2453 1814 2477 nostras

188 2497 332 2523 secundum
343 2504 433 2523 eorum
446 2496 613 2531 clementiam
629 2501 779 2524 curaturos.
795 2496 849 2524 Nos
865 2505 943 2531 porro
960 2494 1076 2530 ejusdem
1092 2493 1188 2520 mensis
1206 2492 1249 2518 die
1271 2492 1288 2518 8
1308 2491 1362 2518 Deo
1382 2492 1498 2526 auspice,
1513 2497 1604 2519 castra
1626 2494 1765 2525 mouimus,
1787 2494 1815 2521 in

189 2539 343 2566 Armeniam
358 2540 407 2565 iter
421 2539 527 2574 facturi.
546 2539 592 2566 Vos
608 2544 697 2566 autem
712 2540 775 2566 bene
793 2531 887 2568 valete.
903 2540 1093 2573 continuusque
1109 2546 1139 2564 ac
1153 2536 1298 2571 indefessas
1318 2537 1452 2563 orationes
1472 2538 1506 2563 ad
1522 2537 1604 2564 Deum
1627 2538 1736 2571 fundite,
1753 2546 1815 2573 quo,

190 2583 255 2608 sicut
270 2587 448 2616 peroptamus,
464 2590 508 2609 vos
519 2591 600 2617 quam
615 2583 731 2617 primum
748 2584 859 2610 revisere
882 2584 954 2610 nobis
976 2581 1118 2617 largiatur.
1138 2581 1209 2608 Huic
1225 2580 1342 2608 Heraclii
1374 2581 1497 2615 cpistola:
1529 2581 1659 2608 subditur
1674 2582 1700 2608 in
1718 2583 1815 2609 eodem

193 2624 287 2652 Chron.
300 2624 447 2652 Alexandr.
464 2633 523 2660 pag.
538 2626 601 2657 402,
617 2634 680 2660 pars
703 2626 827 2660 epistolae
842 2627 937 2662 Syrois
951 2626 984 2653 ad
996 2625 1103 2653 Herae].
1115 2625 1274 2652 Tiluluiesl
1287 2634 1293 2651 :
1311 2624 1457 2659 Exemplar
1470 2625 1664 2652 commonitorii
1675 2634 1690 2651 a
1704 2625 1815 2659 Cobata,

193 2668 239 2705 qui
250 2672 274 2694 et
289 2667 382 2703 Syroes
395 2668 480 2695 dictus
495 2673 542 2699 est,
555 2668 755 2696 clementissimo
771 2678 830 2704 rege
843 2669 1000 2701 Persarum,
1012 2670 1084 2696 missi
1100 2669 1134 2695 ad
1150 2667 1304 2695 Heracliam
1322 2669 1468 2703 piissimum
1483 2674 1507 2695 et
1518 2678 1533 2696 a
1551 2669 1606 2695 Deo
1617 2674 1751 2696 seruatum
1769 2678 1817 2696 no-

192 2712 485 2747 strumimperutorem.
502 2712 521 2739 Α
537 2711 638 2739 Cabata
654 2712 850 2744 Sadasadasac,
866 2712 989 2740 Heraclio
1009 2712 1222 2742 clementissimo,
1240 2715 1264 2737 et
1278 2720 1293 2737 a
1313 2712 1365 2738 Deo
1390 2717 1494 2739 seruato
1511 2713 1668 2747 imperatori
1685 2712 1817 2739 Romano-

194 2763 264 2783 rum.
279 2754 357 2789 fratri
369 2760 469 2786 nostro,
482 2755 627 2789 plurimam
643 2756 759 2790 gratiam
772 2754 949 2790 imper-timur.
964 2755 1172 2783 Clcmentissimo
1186 2756 1341 2790 imperatori
1359 2755 1551 2787 Romanorum,
1569 2761 1593 2783 et
1618 2756 1697 2791 fratri
1718 2760 1816 2783 nostro.

193 2797 247 2826 Nos
258 2798 305 2825 Dei
315 2799 478 2834 providentia
490 2800 586 2836 absque
599 2800 654 2827 ullo
665 2800 755 2827 labore
768 2801 865 2836 insigni
877 2802 1026 2828 diademate
1035 2800 1138 2831 donati,
1150 2804 1256 2834 patrum
1265 2808 1296 2826 ac
1309 2800 1441 2834 majorum
1456 2805 1606 2827 nostrorum
1618 2800 1714 2827 solium
1726 2809 1816 2827 sumus

194 2843 336 2880 consecuti.
349 2842 381 2870 At
394 2851 453 2870 cum
463 2848 518 2871 tam
530 2844 641 2879 benefice
657 2845 688 2871 ab
702 2847 757 2880 ipso
774 2845 828 2872 Deo
840 2854 887 2872 nas
903 2846 1022 2880 dignatas
1036 2852 1220 2879 agnoscamus,
1236 2848 1263 2870 ut
1277 2843 1410 2870 illustrem
1420 2844 1486 2870 adeo
1501 2845 1624 2870 thronum
1640 2845 1818 2879 exceperimus

197 2893 229 2913 ac
241 2886 457 2918 dominationem,
472 2888 494 2917 si
505 2888 566 2923 quid
578 2892 642 2915 esset
656 2889 726 2923 quod
734 2890 843 2916 namani
856 2890 959 2924 generis
974 2889 1084 2916 utilitati
1097 2896 1128 2914 ac
1140 2887 1235 2914 solatio
1244 2887 1410 2920 conduceret,
1429 2892 1558 2922 quantum
1578 2888 1605 2914 in
1626 2888 1699 2915 nobis
1711 2887 1771 2923 fuit,
1793 2893 1819 2915 ct

196 2934 274 2963 prout
289 2929 385 2963 decuit,
405 2930 433 2957 id
450 2932 575 2959 continuo
596 2931 655 2965 fieri
680 2931 824 2959 liberaliter
843 2932 1006 2968 beneﬁceque
1017 2931 1215 2968 imperauimus.
1232 2930 1450 2967 Quandoquidem
1462 2931 1543 2966 igitur
1551 2931 1586 2958 ad
1605 2939 1738 2958 summam
1750 2932 1821 2958 hanc

197 2973 350 3010 dignitatem
366 2979 389 3001 et
402 2975 541 3011 imperium
557 2983 603 3002 nos
620 2975 688 3003 Deus
700 2975 793 3011 evexit,
806 2976 833 3002 id
844 2977 963 3012 protinus
979 2977 1005 3004 in
1027 2975 1116 3003 animo
1135 2978 1265 3002 statutum
1279 2974 1339 3011 fuit,
1357 2979 1519 3011 utquotquot
1531 2975 1649 3003 homines
1661 2974 1817 3003 detineban-

20 3279 1904 3464 -""——“
