2136 3282
134 237 204 272 3249

703 233 748 269 DE
768 238 927 270 PERSICA
943 234 1201 271 CAPTIVITATE.

1690 234 1765 269 3250

131 294 262 330 ἀδελφοὺς
275 293 366 330 ήμῶν.
388 292 453 320 ’ἰδοὺ
469 291 565 329 καιρὸς
579 292 710 328 δεήσεως,
724 293 764 320 διὸ
783 292 924 328 προσέχω·
939 296 953 323 Α

989 293 1047 320 Ecce
1063 298 1171 329 tempus
1186 293 1320 321 orationis
1333 301 1340 326 ;
1360 290 1539 328 quamobrem
1563 291 1710 327 diligenter
1720 291 1766 320 Itis

134 348 183 373 μιν
198 339 266 374 μετά
282 339 425 375 ἀκριϐείας
446 340 502 371 τοῖς
517 338 675 374 λεγομένοις
685 340 757 366 “mai.
782 338 819 374 μὴ
840 341 921 373 μόνον

132 384 304 420 ἀκούσωμεν,
333 384 403 412 ἀλλὰ
440 385 488 411 καὶ
513 384 683 420 ποιήσωμεν.
713 383 923 419 Ἐπιστήσωμεν

132 430 179 456 τὸν
193 430 265 463 νοῦν,
285 430 448 466 παρακαλῶ,
465 430 526 456 ἐπεὶ
543 430 590 457 καὶ
616 422 760 465 βασιλικῆς
779 429 925 463 ἐπιστολῆς

134 476 445 512 ὑπαναγινωσκομὲνης,
456 476 558 507 πάντες
569 475 697 511 τρέχουσι
706 482 713 489 ’
729 475 829 506 πάντες
841 483 924 501 σπου-

133 521 243 554 δάζουσι
252 529 260 538 ·
271 522 372 553 πάντες
383 521 478 557 μαθεῖν
488 520 658 556 ἐπιζητοῦσι.
676 521 732 548 Καὶ
746 520 773 546 τί
788 520 861 554 λέγω
875 520 926 554 βα-

135 568 239 603 σιλικῆς
252 567 403 599 κελεύσεως
412 566 670 602 άναγινωσκομένης
680 574 689 599 ;
700 565 868 601 κιθαριστῶν
880 566 927 592 καὶ

135 611 258 647 αὐλητῶν
266 610 312 637 καὶ
319 611 411 646 μίμων
428 611 584 644 ἀκούοντες,
600 610 671 646 μετὰ
680 610 778 644 πολλῆς
786 610 835 644 τῆς
847 617 928 636 σπου-

138 657 183 690 δῆς
193 655 395 695 παριστάμεθα,
416 657 460 683 ἵνα
489 656 601 692 αίσχρὸν
617 656 725 690 γέλωτα
751 654 926 694 θεασώμεθα,

138 701 185 728 καὶ
197 692 329 736 ἀσχήμων
353 702 525 737 πραγμάτων
543 691 656 735 παίγνια
673 700 874 736 ίστορήσωμεν.
891 691 927 725 Ἐἰ

137 745 186 772 οὖν
212 747 241 772 ὲν
258 746 313 777 τοῖς
327 745 373 772 τοῦ
390 745 514 772 διαϐόλου
546 745 673 780 θεάμασι,
691 744 808 772 τόιοῦτοι
831 742 929 779 θερμοὶ

140 792 188 817 καὶ
213 791 349 826 πρόθυμοι
375 791 556 826 τυγχάνομεν,
573 790 661 825 πόσην
691 789 803 816 κόλασιν
815 788 926 824 ῑξομεν,

137 836 180 862 ὅτι
195 836 225 862 ὲν
242 832 301 868 ταῖς
315 835 476 871 ὶκκλησίαις
502 835 574 871 μετά
593 835 722 870 τοιαύτης
741 834 870 870 ἀμελείας
883 835 930 861 καὶ

141 881 278 916 ῥᾳθυμίας
300 882 347 911 καὶ
359 881 468 913 ἀτονίας
494 881 644 916 ίστάμεθα·
672 881 768 916 ὥσπερ
781 881 814 907 εκ
832 880 928 915 πυρὸς,

138 925 226 957 οὓτως
245 926 294 960 τῆς
313 927 468 962 προσευχῆς
486 926 625 963 ἑξειλῆσαι
639 926 817 959 σπεύδοντεςς
833 925 882 952 καὶ
899 924 931 952 τὸ

140 971 341 1008 χαλεπώτερον,
358 972 398 999 ὅτι
413 974 460 999 καὶ
470 962 656 1007 είσερχόμενοι
669 972 697 998 ὲν
711 971 808 1001 αὑταῖς
836 971 870 998 δι’
884 970 929 1003 ιξ.
945 962 967 990 Β

140 1016 248 1051 άλειψιν
266 1017 484 1052 ἁμαρτημάτων,
499 1017 571 1043 εστιν
602 1017 649 1044 ὅτε
671 1015 830 1052 προσθήκην
845 1015 930 1051 θραυ-

142 1062 236 1097 μάτων
245 1061 401 1097 ποιούμενοι
411 1061 590 1097 ἑξερχόμεθα.
609 1061 663 1089 Καὶ
679 1061 738 1092 πῶς
749 1060 804 1095 ἐγὼ
814 1060 845 1087 τὸ
856 1061 930 1096 εἰρη-

142 1108 225 1143 μένον
239 1109 345 1144 ποιήσω
359 1108 510 1143 κατάδηλον
522 1116 530 1141 ;
546 1108 601 1142 οὐχ
619 1108 656 1139 ὼς
674 1107 784 1143 ἑτέρους
797 1106 930 1142 κατακρί-

141 1163 206 1187 νων,
217 1154 286 1181 ἀλλὰ
302 1153 336 1180 τὰ
352 1153 450 1180 ἑαυτοῦ
467 1152 651 1189 ἐλαττώματα
661 1152 847 1188 θριαμϐεύων.
926 1149 934 1154 ”

178 1200 246 1227 Εἰπέ
260 1209 317 1235 μοι,
335 1200 364 1227 ὲν
389 1201 448 1232 ταῖς
470 1200 629 1234 ἐκκλησίαις
645 1199 692 1226 καὶ
707 1198 862 1234 εὐκτηρίοις
875 1197 930 1224 sic-

147 1240 301 1281 ερχόμενοι,
329 1246 402 1277 τινος
419 1246 513 1272 ἕνεκεν
528 1246 587 1272 ἐκεῖ
604 1244 792 1280 πορευόμεθας
820 1245 932 1276 Πάντως

142 1294 227 1328 ὲρεῖς,
240 1292 289 1319 Διὰ
303 1293 474 1328 προσευχήν*
491 1292 524 1318 δι’
540 1291 677 1326 ὲξὰλειψιν
690 1291 931 1326 παραπτωμάτων.

144 1338 229 1373 Κάγώ
247 1346 288 1365 σοι
303 1338 367 1373 δρῶ,
385 1338 448 1369 Πῶς
461 1336 507 1366 οὖν
528 1337 561 1365 δι’
588 1337 670 1373 ἕτερα
689 1333 883 1371 εῑσερχόμενοι,
899 1335 933 1363 τά

143 1385 252 1411 ὶναντία
263 1383 509 1419 διαπράττομενςτι
525 1384 622 1415 ποιεῖς,
633 1382 758 1416 ἄνθρωπε
769 1390 776 1415 ;
787 1381 837 1409 Διὰ
848 1376 933 1416 προσ-

144 1428 227 1464 ευχὴν
248 1428 436 1464 εἰσελήλυθας,
462 1427 510 1454 καὶ
525 1429 559 1454 τά
574 1427 720 1462 πρόσωπα,
730 1427 777 1454 καὶ
795 1426 826 1453 τὸ
837 1426 935 1458 κάλλος

144 1473 177 1501 τὸ
191 1475 228 1509 μὴ
240 1475 289 1500 σὺν·
302 1474 471 1506 κανονίζεις;
497 1473 532 1500 δι’
555 1472 695 1508 ὶξάλειψιν
719 1472 872 1508 ἁμαρτιῶν,
887 1472 935 1498 καὶ

145 1520 251 1551 τούτοις
269 1520 431 1554 προστιθιῖη,
442 1519 492 1546 οὐκ
505 1519 620 1555 αἰσχύνῃ
634 1518 720 1546 ποιῶν
738 1518 784 1545 τδν
799 1516 934 1545 οἷκον”τοῦ

146 1565 214 1593 Θεοῦ
224 1565 353 1600 πρόξενόν
361 1573 401 1591 σοι
414 1564 569 1599 ἁμαρτίας;
583 1564 628 1590 ἶνα
643 1563 692 1591 τοῦ
706 1563 868 1598 ἐπουρανίου
884 1563 944 1591 Βα-,

138 1611 244 1644 ﬁt:th
263 1611 401 1646 μυστήρια
412 1610 511 1646 θεάσῃ,
526 1609 624 1636 καὶτὰ
644 1608 692 1636 τοῦ
718 1609 840 1636 διαϐόλου
866 1608 936 1643 πρά-

139 1664 242 1691 ,γματα
251 1664 284 1682 πε
288 1655 420 1691 ριεργάζῃ
429 1664 436 1687 ;
448 1655 490 1681 ῑνα
499 1655 556 1686 τοῖς
572 1653 722 1689 ὀφθαλμοῖς
728 1653 876 1690 δακρύσῃς,
894 1652 940 1680 καὶ

150 1701 260 1732 τούτους
284 1701 324 1732 εἰς
349 1700 484 1735 οὐρανοὺς
504 1698 661 1736 ἁνυψώσῃς,
692 1700 740 1726 καὶ
756 1696 941 1733 ταῦταάφιῶν

149 1748 209 1778 ταῖς
222 1747 345 1781 γυναιξὶν
360 1747 389 1773 ιν
400 1746 496 1778 αὑταῖς
509 1745 637 1781 διανεύῃς
654 1746 697 1772 ἵνα
711 1744 759 1772 τοῦ
775 1736 941 1771 Δεσποτικοῧ

148 1794 277 1829 σώματος
308 1794 338 1819 ὲν
360 1792 400 1829 τῷ
440 1792 554 1827 στόματι
577 1791 752 1827 ἀπολαύσῃς,
778 1790 825 1818 καὶ
855 1789 942 1817 ταῦτα

148 1833 469 1881 ιταύταιςῙπροσομιλῶν,
475 1838 554 1865 τοῦτο
574 1837 713 1874 μολύνεις;

191 1887 224 1913 Ὢ
240 1886 362 1921 πονηρᾶς
378 1885 546 1919 ἐναλλαγῆςί
561 1883 584 1911 ὢ
601 1884 650 1918 τῆς
673 1882 863 1918 κατασχούσης
886 1891 943 1910 πω-

154 1931 281 1968 ρώσεωςι
295 1931 362 1958 Οὐδὲ
377 1931 428 1966 τὴν
439 1930 514 1966 ὥραν
526 1930 578 1966 τῆς
599 1929 753 1966 προσευχῆς
763 1929 802 1964 τῷ
818 1928 879 1964 Θεῷ
896 1923 954 1956 τὸν

151 1978 216 2005 νοῦν
227 1978 437 2013 άναπέμπομεν,
449 1976 518 2004 ἀλλὰ
537 1976 586 2003 καὶ
603 1975 688 2010 αὐτὴν
712 1976 773 2006 ταῖς
794 1975 944 2010 ἡμετέραις

153 2019 562 2058 πλημμελείαιςάσχολούμεθα,
579 2020 657 2048 Εῐπω
671 2020 719 2047 καὶ
746 2019 840 2055 ἕτερον
865 2019 945 2054 χαλε-

153 2068 276 2103 πώτερον
292 2067 398 2095 τούτου.
411 2067 481 2098 Τοὺς
494 2066 625 2101 ἀδελφοὺς
640 2065 721 2102 ἡμῶν
738 2065 868 2097 πολλάκις
879 2073 946 2101 προ-

155 2114 325 2148 κομίζοντες,
340 2114 356 2148 ἢ
369 2113 447 2143 λιτὰς
473 2112 521 2140 καὶ
536 2112 642 2144 ἱκεσίας
656 2111 696 2148 τῷ
710 2111 769 2147 Θεῷ
783 2111 854 2146 ὑπὲρ
867 2111 946 2137 άπει-

154 2160 209 2186 λῶν
235 2161 446 2195 προσφέροντες,
459 2159 506 2186 καὶ
528 2159 619 2185 ἐκεῖσε
644 2159 703 2190 τοῖς
733 2157 947 2193 προειρημένοις

155 2204 383 2241 ὲνασχολούμεθα.
399 2205 454 2231 Καὶ
475 2204 568 2236 ἁπλῶς
590 2204 682 2230 πᾶσαν
710 2203 789 2239 ήμῶν
809 2202 858 2238 τήν
873 2202 947 2238 ζωὴν

155 2251 195 2287 τῷ
210 2251 325 2287 διαϐόλῳ
341 2249 594 2285 κατεδουλώσαμεν.
617 2249 663 2276 Ἐν
679 2249 829 2284 ἁμαρτίαις
844 2247 948 2283 κοιμώ-

978 347 1040 373 quae
1060 339 1203 372 dicuntur,
1230 339 1351 366 animum
1380 338 1575 371 attendamus;
1603 345 1654 365 nec
1674 337 1765 365 solum

974 383 1130 417 audiamus,
1142 383 1191 411 sed
1204 387 1232 411 et
1243 383 1385 412 faciamus.
1397 383 1526 416 Mentem,
1538 383 1666 416 obsecro,
1681 381 1764 410 adbi-

975 428 1090 457 beamus
1112 437 1119 456 :
1143 436 1207 456 nam
1233 435 1263 457 et
1284 430 1390 465 regium
1424 429 1545 464 diploma
1567 435 1631 458 cum
1652 428 1765 464 legitur,

976 481 1073 502 omnes
1088 478 1249 507 accurrunt,
1263 482 1362 502 omnes
1376 474 1488 502 solliciti
1505 478 1581 506 sunt,
1608 480 1640 500 ac
1653 470 1764 502 favent;

976 527 1073 547 omnes
1089 519 1197 548 discere
1208 524 1346 556 satagunt.
1359 519 1431 554 Quid
1453 527 1520 547 vero
1535 518 1609 551 dico,
1632 524 1695 546 cum
1721 516 1766 544 di-

977 565 1068 600 ploma
1083 565 1191 600 regium
1206 565 1330 600 legitur?
1350 565 1440 592 Etiam
1461 563 1638 596 citbarccdos,
1656 566 1686 590 et
1700 560 1767 589 libi—

977 611 1068 642 cincs.
1084 618 1116 638 ac
1130 611 1231 638 mimos
1242 610 1399 642 audientes,
1416 609 1502 638 multa
1526 608 1670 644 diligentia
1694 611 1767 635 usta-

978 663 1048 687 mus,
1066 660 1096 682 ut
1106 656 1181 684 risus
1194 656 1306 683 obsceni
1324 659 1496 691 spectatores
1507 654 1605 687 simus,
1620 659 1769 688 rerumque

979 699 1186 728 inbonestarum
1202 700 1308 728 ludicra
1330 705 1521 728 contueamur.
1541 699 1610 727 Cum
1636 698 1718 733 igitur
1742 698 1771 725 in

979 746 1082 774 diaboli
1098 747 1262 781 spectaculis
1281 746 1322 774 sic
1343 746 1479 774 ferventes
1490 750 1572 780 atque
1581 745 1687 772 alacres
1698 742 1771 771 exsi-

980 792 1090 822 stimus.
1107 798 1240 826 quasnam
1260 791 1388 818 dabimus
1404 798 1510 826 ptenas,
1523 790 1571 825 qui
1591 790 1618 817 in
1646 788 1774 817 ecclesiis

980 845 1043 865 cum
1058 841 1133 865 tanta
1145 837 1252 864 incuria
1282 843 1315 864 ac
1329 836 1467 868 socordia,
1483 835 1581 870 sicque
1607 833 1714 861 remissi
1729 840 1773 860 as-

980 883 1129 916 sistamus;
1146 889 1179 910 ac
1195 883 1270 910 velut
1284 881 1320 910 ab
1333 881 1406 917 igne,
1423 881 1464 908 sic
1478 888 1494 908 a
1509 880 1640 916 precibus
1666 878 1773 907 resilire

981 927 1127 956 confestim
1152 927 1334 955 Studeamus?
1356 925 1490 961 Quodque
1515 925 1627 960 gravius
1640 927 1694 956 est,
1708 930 1773 950 cum

982 974 1117 1002 ecclesias
1133 973 1320 1009 ingrediamur
1333 972 1366 999 ad
1377 971 1495 999 delenda
1506 975 1628 1006 peccata,
1643 968 1774 1005 quando—

982 1027 1037 1055 que
1053 1019 1212 1047 accessione
1227 1017 1389 1046 vulneribus
1409 1018 1490 1049 facta,
1504 1015 1684 1052 egredimur?
1698 1013 1775 1047 Quo-

983 1073 1047 1093 nam
1058 1072 1126 1092 vero
1143 1064 1236 1097 modo,
1250 1063 1324 1099 quod
1338 1062 1442 1090 dictum
1462 1065 1515 1094 est,
1530 1062 1643 1097 planum
1656 1059 1753 1089 faciam
1764 1058 1778 1085 ἲ

983 1111 1096 1146 Utique,
1109 1119 1166 1139 non
1182 1114 1213 1138 ut
1226 1109 1412 1138 condemnem
1425 1108 1507 1141 alios,
1520 1107 1568 1135 sed
1585 1111 1616 1134 ut
1629 1113 1707 1134 meos
1718 1105 1776 1140 ipse

984 1155 1111 1184 defectus
1126 1155 1279 1183 traducum.

1019 1201 1079 1235 Dic,
1103 1209 1209 1237 quaeso,
1234 1201 1264 1228 in
1293 1201 1426 1230 ecclesias
1450 1208 1483 1229 ac
1501 1199 1624 1228 oratoria
1648 1196 1777 1234 ingressi.

985 1255 1040 1283 qua
1056 1248 1122 1287 illuc
1136 1255 1220 1276 causa
1237 1248 1387 1276 venimus?
1405 1248 1526 1276 Omnino
1546 1246 1643 1275 dices:
1664 1245 1701 1273 Ut
1713 1251 1777 1280 pre»

984 1301 1033 1322 ces
1049 1293 1215 1327 fundamus;
1232 1298 1263 1322 ut
1275 1294 1376 1322 delicta
1390 1294 1562 1321 aboleamus.
1578 1292 1617 1319 Ad
1633 1298 1695 1327 quae
1710 1297 1778 1325 ego:

985 1337 1042 1366 Cur
1058 1337 1144 1373 igitur
1157 1337 1273 1365 aliorum
1286 1345 1370 1365 causa
1385 1338 1516 1373 ingressi,
1533 1335 1675 1364 contraria
1685 1338 1779 1370 patra-

986 1383 1069 1411 musi
1086 1383 1158 1417 Quid
1170 1383 1248 1416 facis,
1270 1383 1372 1412 homo?
1396 1383 1537 1419 ingressus
1549 1390 1580 1409 es
1614 1384 1648 1408 ut
1671 1385 1698 1408 te
1722 1379 1780 1415 ipse

987 1429 1016 1472 in
1035 1436 1132 1464 preces
1163 1429 1243 1457 dares
1267 1438 1274 1456 :
1295 1422 1445 1464 vultusque
1481 1437 1513 1456 ac
1544 1426 1782 1463 pulchritudinem

989 1471 1044 1503 non
1056 1480 1131 1503 tuam
1144 1476 1178 1503 ad
1193 1475 1325 1503 amussim
1340 1483 1444 1503 vocans
1457 1474 1565 1502 curiose
1578 1471 1731 1508 expendisl
1740 1471 1781 1498 Ad
1825 1506 1828 1508 γ

988 1523 1104 1550 delenda
1121 1527 1233 1557 peccata
1249 1530 1256 1550 :
1276 1523 1412 1557 pluraque
1430 1520 1573 1557 prioribus
1589 1519 1704 1552 addens,
1727 1525 1784 1547 non

988 1568 1132 1595 erubescis
1148 1567 1260 1595 domum
1273 1568 1322 1595 Dei
1337 1567 1476 1595 oliicinam
1505 1573 1538 1593 ac
1559 1565 1703 1592 tabernam
1725 1570 1784 1590 rne-

991 1613 1117 1641 ritoriam
1149 1613 1241 1640 facere
1265 1613 1395 1648 peccati?
1421 1612 1458 1640 Ut
1481 1607 1603 1639 coelestia
1623 1610 1696 1646 regis
1723 1617 1784 1644 my-

992 1658 1080 1687 steria
1107 1658 1323 1693 contempleris;
1354 1664 1453 1693 resque
1471 1656 1625 1685 diabolicas
1639 1655 1786 1690 diligenter

991 1704 1127 1732 attendis?
1143 1703 1179 1732 Ut
1193 1704 1283 1732 oculis
1294 1703 1395 1731 fundas
1412 1703 1558 1739 lacrymas,
1585 1709 1618 1730 ac
1643 1701 1673 1729 in
1697 1700 1783 1728 celos

991 1750 1124 1777 sublimes
1147 1757 1196 1777 eos
1217 1750 1312 1777 tollas:
1329 1749 1429 1784 hisque
1454 1748 1558 1781 missis,
1576 1746 1740 1775 mulieribus
1757 1746 1785 1773 in

991 1795 1032 1823 eis
1041 1795 1142 1822 lascive
1153 1795 1272 1822 annuis?
1284 1795 1318 1824 Ut
1331 1794 1504 1822 Dominicum
1514 1800 1615 1829 corpus
1624 1800 1672 1820 ore
1682 1799 1785 1823 sumas,

992 1849 1025 1869 ac
1033 1841 1171 1877 mysteriis
1181 1841 1296 1869 fruaris:
1313 1841 1436 1876 illudque
1445 1841 1488 1868 bis
1497 1840 1659 1875 colloquens
1669 1838 1788 1874 polluis?

1027 1888 1049 1916 Ο
1060 1889 1159 1916 malam
1172 1888 1432 1916 commutationem!
1447 1895 1464 1915 ο
1478 1886 1570 1914 cordis
1582 1885 1732 1913 duritiam!
1747 1884 1787 1912 Ne

996 1933 1131 1961 orationis
1141 1933 1255 1968 quidem
1272 1937 1404 1968 tempore
1415 1931 1538 1959 animum
1549 1931 1584 1958 ad
1602 1931 1688 1959 Deum
1701 1929 1789 1964 erigi-

995 1986 1056 2007 mus
1070 1988 1076 2005 ι
1090 1979 1138 2006 sed
1152 1986 1186 2006 eo
1195 1987 1305 2014 quoque
1313 1978 1423 2006 delictis
1433 1976 1535 2006 nostris
1543 1984 1683 2004 vacamus.
1696 1971 1790 2003 Dicam

995 2029 1023 2052 et
1033 2025 1109 2052 aliud
1124 2024 1178 2054 isto
1190 2024 1343 2053 molestius.
1359 2024 1468 2052 Fratres
1480 2026 1592 2051 nostros
1603 2029 1657 2049 non
1668 2029 1731 2049 raro
1741 2028 1790 2056 po-

997 2071 1052 2098 tius
1069 2063 1283 2106 praatenderites,
1297 2077 1381 2106 quam
1402 2074 1432 2097 ut
1443 2069 1499 2096 Deo
1514 2076 1612 2104 preces
1631 2075 1663 2095 ac
1683 2067 1790 2102 suppli-

998 2116 1125 2144 cationes
1138 2115 1175 2143 ob
1198 2116 1258 2151 ejus
1280 2115 1310 2142 in
1329 2122 1380 2142 nos
1400 2114 1506 2150 ﬂagella
1526 2113 1686 2146 offeramus,
1706 2113 1790 2140 etiam

997 2163 1054 2194 illic
1073 2163 1118 2190 bis
1137 2170 1198 2198 quae
1213 2161 1347 2195 diximus,
1365 2167 1474 2197 tempus
1489 2161 1618 2189 terimus.
1633 2161 1734 2196 Atque,
1762 2165 1793 2187 ut

998 2208 1084 2237 verbo
1101 2208 1203 2241 dicam,
1218 2208 1304 2236 vitam
1327 2212 1413 2236 totam
1440 2207 1551 2236 diabolo
1571 2207 1739 2234 addiximus.
1761 2207 1791 2233 in

998 2255 1120 2291 peccatis
1132 2254 1294 2287 dormimus,
1311 2254 1339 2281 in
1355 2254 1478 2289 peccatis
1489 2261 1504 2281 e
1514 2261 1613 2281 suntne
1624 2253 1789 2284 excitamur,

156 2297 240 2333 μεθα,
255 2299 284 2324 ὲν
296 2297 444 2336 ἁμαρτίαις
456 2295 620 2332 ὲγειρόμεθα
628 2304 636 2312 ·
648 2295 677 2322 ὲν
686 2295 836 2330 ἁμαρτίαις
849 2291 948 2332 ειροερα

1001 2302 1029 2329 in
1047 2301 1169 2336 peccatis
1183 2300 1371 2336 procedimus,
1386 2300 1414 2327 in
1436 2299 1557 2335 peccatis
1571 2299 1742 2331 recedimus;
1763 2299 1792 2326 in

157 2344 274 2380 χύμεοα,
290 2344 329 2374 εἰς
341 2343 480 2379 ἁμαρτίας
502 2341 712 2378 άναχωροῦμεν·
740 2342 781 2373 εις
796 2341 947 2377 ἁμαρτίας,

159 2390 205 2416 καὶ
217 2390 245 2420 ὲν
257 2389 425 2424 ἐκκλησίαις,
436 2388 482 2415 καὶ
500 2388 529 2415 ὲν
537 2389 594 2418 τοῖς
605 2387 702 2418 οἴκοις,
716 2387 763 2414 καὶ
770 2388 799 2414 ὲν
807 2388 868 2419 ταῖς
882 2388 948 2422 άγο-

160 2437 232 2471 ραῖς,
239 2435 286 2462 καὶ
293 2436 321 2461 ὲν
330 2436 385 2466 τοῖς
394 2435 518 2470 μνήμασι
526 2433 707 2469 πορευόμεθα.
717 2433 771 2460 Καὶ
776 2435 806 2460 τὺ
812 2434 950 2468 ἀνοητότε-

159 2490 217 2517 ρον,
223 2482 264 2508 ὅτι
270 2481 354 2513 οὕτως
361 2481 398 2516 τῷ
407 2480 518 2515 διαϐόλῳ
527 2479 708 2512 δουλεύοντες,
715 2479 762 2507 καὶΙ
769 2480 799 2506 ἐν
805 2481 887 2506 παντὶ
894 2489 950 2507 και-

160 2528 210 2563 ρῷ,
225 2528 272 2554 καὶ
283 2527 366 2562 τόπῳ,
376 2527 422 2553 καὶ
434 2526 587 2561 πράγματι,
596 2525 642 2552 τὸν
650 2525 716 2552 Θεὸν
725 2525 949 2560 παροργίζοντες,

159 2573 285 2609 λέγομεν,
313 2573 360 2599 καὶ
378 2571 550 2607 ξενιζόμεθα,
565 2571 702 2606 λέγοντες·
717 2571 803 2598 Πόθεν
817 2572 948 2605 άπειλαί;

160 2619 243 2645 πόθεν
258 2619 285 2645 al
300 2618 436 2651 παιδεῖαις
451 2618 535 2645 πόθεν
549 2619 566 2654 ή
579 2615 770 2653 αίχμζαλωσία;
787 2617 893 2653 πόθενή
909 2627 952 2644 το-

161 2664 246 2700 σκύτη
257 2665 326 2699 ὀργὴ
339 2665 381 2698 ἐφ’
397 2664 491 2699 ἡμᾶς

199 2710 230 2736 Ὤ
249 2709 349 2743 πολλῆς
375 2711 423 2736 καὶ
442 2709 584 2745 άμυθήτου
605 2708 780 2745 πωρώσεωςι
797 2709 863 2742 τοὺς
876 2710 952 2737 ἀδελ-

161 2755 228 2790 φοὺς
256 2756 285 2782 ὲν
313 2756 438 2791 μνημείῳ
472 2756 681 2789 κατατιθέντες,
716 2756 777 2784 οὐδὲ
802 2756 831 2790 ἐξ
867 2757 953 2792 αὐτῆς

161 2801 333 2834 θεωρίας.εἰς
345 2802 522 2837 συναίσθησιν
535 2803 680 2838 ἐρχόμεθα.
698 2802 865 2838 Ἐμϐλέψστε
885 2803 954 2838 προς

162 2847 207 2872 τὸν
222 2849 315 2886 τάφον,
337 2848 362 2874 oi
380 2847 506 2882 ἄφρονες,
524 2849 572 2875 καὶ
594 2848 759 2884 ἁνανήψατε.
785 2848 954 2884 Ἐμϐλέψατε

164 2891 233 2926 πρὸς
246 2893 295 2928 τὴν
310 2892 402 2929 σορὸν,
415 2895 440 2920 οἱ
456 2895 669 2931 μεγαλόφρονες,
693 2896 740 2922 καὶ
760 2895 798 2930 μὴ
819 2895 953 2929 φυσᾶσοε.

166 2934 250 2962 Ἴδετε
269 2937 303 2963 τά
322 2938 403 2972 ὀστᾶ,
418 2940 442 2965 οἱ
456 2940 639 2975 σοφιζόμελοι,
669 2941 714 2967 καὶ
739 2940 776 2976 μὴ
796 2940 954 2976 ἐπαίρεσθε.

996 2347 1123 2383 peccatis
1145 2347 1174 2375 in
1190 2346 1327 2379 ecclesiis,
1345 2346 1373 2373 in
1389 2346 1527 2378 domibus,
1546 2345 1574 2372 in
1600 2345 1671 2377 foro.
1696 2345 1724 2372 in
1748 2351 1793 2378 sc-

1001 2393 1108 2429 pulcris
1132 2391 1297 2420 incedimus.
1323 2391 1459 2426 Quodque
1483 2391 1643 2419 dementius
1656 2394 1710 2423 est,
1729 2397 1793 2418 cum

1001 2441 1042 2467 sic
1068 2439 1178 2467 diabolo
1205 2439 1371 2471 serviamus,
1399 2437 1532 2472 omnique
1557 2442 1692 2472 tempore,
1721 2437 1792 2469 loco,

1001 2486 1113 2521 negotio
1133 2485 1181 2513 Dei
1195 2485 1264 2512 iram
1285 2492 1482 2520 provocemus,
1500 2483 1620 2511 dicimus
1638 2489 1743 2516 tamen,
1760 2490 1793 2510 ac

1001 2540 1050 2560 ceu
1065 2539 1168 2559 n0vum
1180 2531 1314 2562 mirantes
1326 2531 1444 2561 dicimus
1456 2540 1463 2558 :
1477 2530 1619 2559 Undenam
1630 2530 1732 2558 minaci
1744 2538 1796 2557 un-

1001 2575 1099 2606 denam
1120 2578 1248 2612 flagella?
1268 2578 1407 2606 undenam
1430 2576 1624 2612 coptivitatcs?
1655 2576 1793 2604 undenam

1003 2628 1077 2651 tanta
1091 2623 1139 2651 Dei
1157 2624 1184 2651 in
1196 2631 1248 2651 nos
1259 2623 1321 2650 ira?

1038 2712 1061 2740 Ο
1077 2720 1213 2748 magnam,
1233 2720 1266 2740 ae
1288 2703 1419 2748 majorem
1443 2711 1575 2748 cogitatu,
1599 2710 1693 2738 cordis
1718 2709 1796 2737 duri-

1004 2759 1084 2786 tieml
1099 2758 1169 2786 Cum
1181 2758 1279 2785 fratres
1291 2758 1318 2785 in
1331 2758 1458 2793 sepulcro
1474 2766 1616 2793 ponamus.
1637 2765 1672 2785 ne
1689 2765 1722 2784 ex
1736 2757 1796 2792 ipso

1005 2803 1117 2839 quidem
1133 2809 1247 2838 aspectu
1270 2803 1296 2830 in
1322 2811 1434 2831 sensum
1457 2804 1595 2830 venimus.
1621 2803 1742 2838 Aspicite
1767 2802 1795 2829 in

1006 2850 1174 2885 sepulcrum,
1189 2849 1276 2881 stulti,
1293 2857 1325 2877 ac
1341 2850 1505 2885 resipiscitc.
1525 2850 1648 2884 Aspicite
1664 2850 1692 2876 in
1720 2849 1796 2875 locu-

1007 2896 1062 2922 lum
1082 2904 1245 2930 urnamque,
1269 2896 1315 2930 qui
1333 2896 1419 2923 altum
1437 2896 1545 2931 sapitis,
1558 2901 1586 2923 ct
1598 2896 1684 2923 nolite
1697 2895 1798 2922 animi!

1009 2947 1174 2970 tumescere.
1205 2942 1298 2970 Vidclc
1316 2950 1389 2976 ossa,
1406 2943 1506 2978 arguti,
1530 2949 1558 2970 ct
1585 2942 1669 2970 nolite
1689 2940 1791 2969 t-li‘cn'i.
