4076 6408
420 347 1408 475 FRANCISCUS
1514 355 2246 480 ANTONIUS
2383 358 3287 515 LORENZANA,

2516 257 2541 260 ν
2556 257 2573 261 _
2588 257 3369 275 -θεῆΜῌᾉ-δῄῌ-ἡῄ

815 618 1509 682 ARCHIEPISCOPUS
1564 624 2036 693 TOLETANUS,
2086 626 2618 691 IIISPANIARUM
2664 632 2971 708 PRIMAS,

1376 806 1874 900 LECTORI
1947 808 2484 904 SALUTEM

211 1027 282 1083 Ab
302 1028 485 1101 hujus
531 1032 750 1088 nostri
794 1031 1147 1104 pastoralis
1166 1032 1429 1087 muneris
1459 1033 1703 1089 exordio
1720 1033 1866 1099 nihil
1902 1036 1945 1088 A
1977 1050 2076 1091 mo
2092 1036 2165 1092 de
2187 1039 2556 1110 Etymologia
2579 1041 2761 1111 hujus
2792 1047 2975 1102 sancti
3003 1047 3199 1112 ofﬁcii,
3214 1055 3419 1120 postea
3438 1053 3510 1109 de
3522 1069 3608 1110 re.

128 1115 407 1177 altiusfuit
421 1121 661 1177 animo
677 1121 964 1176 insitum
977 1136 1183 1191 ,quam
1198 1120 1488 1191 majorum
1504 1122 1675 1193 sequi
1690 1122 1862 1178 vesti-

132 1208 245 1281 gis,
262 1208 557 1279 praecipue
580 1208 950 1265 clarissimi
970 1208 1287 1264 cardinalis
1316 1208 1608 1264 Francisci
1630 1209 1861 1265 Ximenii

132 1295 209 1355 de
239 1295 529 1361 Cisneros,
555 1298 683 1369 qui
714 1312 896 1369 pene
943 1296 1354 1352 oblitteratum
1405 1297 1730 1362 Gothicum,
1757 1312 1863 1352 seu

148 1384 580 1441 Hozarabicum
603 1385 817 1440 ritum
839 1384 1015 1456 typis
1037 1384 1365 1447 mandavit,
1397 1389 1463 1438 ut
1492 1385 1739 1455 posteris
1753 1386 1861 1440 Go-

152 1470 370 1526 thomm
388 1473 647 1528 Patrum
669 1473 1004 1529 memoria
1017 1472 1251 1536 rediret,
1271 1472 1861 1542 etquasirevisvisce-

152 1562 223 1615 ret
239 1558 429 1615 honos
450 1559 723 1615 debitus
744 1560 924 1623 Osio,
947 1558 1241 1623 Leandro,
1272 1559 1599 1627 Fulgentio,
1614 1559 1856 1624 Isidoro,

163 1648 462 1711 Braulioni,
484 1649 815 1717 Eugenio,
835 1647 1398 1717 Helladio,JuIiano,
1421 1647 1863 1718 lldephonso,et

168 1734 271 1789 aliis
284 1736 569 1791 Patribus
584 1737 669 1791 de
686 1742 912 1791 nostra
928 1736 1210 1806 Hesperia
1226 1737 1449 1804 optime
1463 1735 1706 1798 meritis,
1723 1740 1860 1790 stre-

176 1824 287 1876 nuis
314 1823 755 1889 ﬁdeiathletis,
783 1823 1197 1878 Ecclesiarum
1229 1822 1522 1893 Hispaniae
1544 1821 1858 1886 columnis,

182 1910 425 1966 Gothicae
460 1914 670 1981 gentis
702 1911 940 1975 decori,
966 1916 1022 1964 et
1071 1909 1427 1980 praesidibus
1450 1908 1858 1964 conciliorum.

226 1999 366 2054 lluic
385 2002 559 2073 operi
574 2000 820 2055 obnixe
842 1998 1287 2059 incumbentes,
1309 2014 1429 2069 prae
1451 1997 1861 2052 oculishabui-

171 2102 289 2141 mus
320 2088 729 2160 propriisque
746 2086 1042 2143 manibus
1063 2084 1473 2157 pervolvimus
1492 2088 1861 2155 pervetustos

169 2175 449 2231 Gothicos
483 2177 749 2231 Codices
775 2181 1046 2230 veterem
1066 2173 1371 2242 Iiturgiam
1399 2173 1751 2238 redolentes,
1769 2188 1863 2228 oc-

165 2263 453 2332 tingentis
480 2265 718 2320 abhinc
751 2264 943 2319 ferme
976 2263 1151 2317 annis
1168 2277 1353 2316 manu
1376 2266 1669 2323 exaratos,
1693 2262 1861 2332 quin-

1974 1122 2086 1178 bus
2116 1124 2195 1179 ad
2219 1125 2350 1194 ejus
2371 1128 2782 1199 antiquitatem
2808 1135 3212 1203 spectantibus
3233 1152 3497 1207 agemus.

2043 1212 2295 1280 Etymon
2310 1213 2486 1282 igitur
2506 1216 2853 1273 Mozarabici
2865 1220 3043 1276 ofﬁcii
3059 1228 3379 1295 ursupatur
3400 1242 3607 1284 secun-

1971 1296 2117 1351 dum
2134 1297 2647 1357 denominationes
2679 1306 2991 1362 nationum
3019 1308 3169 1365 inter
3198 1326 3349 1380 quas
3373 1312 3609 1381 Hispani

1970 1384 2566 1445 victitabant.Revera
2579 1406 2825 1462 namque
2854 1395 3056 1449 ordine
3095 1397 3510 1469 chronologico
3537 1400 3607 1455 ri-

1970 1474 2082 1537 tus,
2109 1471 2242 1529 licet
2264 1474 2336 1529 sit
2365 1477 2694 1533 secundum
2724 1482 3062 1550 temporum
3093 1483 3528 1541 vicissitudines
3551 1493 3609 1543 et

1971 1558 2343 1629 praelatorum
2371 1562 2771 1619 ordinationes
2808 1567 3089 1635 variatus,
3121 1570 3313 1639 primo
3343 1570 3633 1627 denomi--

1969 1647 2099 1701 nari
2112 1646 2282 1703 debet
2297 1651 2586 1705 Romanus
2599 1652 3355 1721 etHispanzcus,traditione
3372 1658 3606 1713 descen-

1970 1733 2119 1788 dens
2142 1740 2531 1791 asanctorum
2560 1738 2711 1793 Petri
2743 1744 2799 1795 et
2816 1741 3298 1814 Paulidiscipulis
3319 1745 3495 1815 primi
3510 1748 3607 1801 Ec-

1972 1820 2161 1875 clesim
2189 1821 2481 1894 Hispaniae
2497 1824 2911 1882 fundatoribus
2926 1833 2980 1883 et
3000 1830 3372 1899 praesulibus,
3391 1833 3611 1888 scilicet

1969 1912 2285 1980 Torquato,
2338 1912 2729 1983 Ctesiphonte,
2780 1914 3085 1985 lndaletio,
3143 1920 3453 1989 Hesychio,
3494 1923 3611 1975 Eu-

1970 1997 2235 2067 phrasio,
2268 2000 2558 2066 Secundo,
2589 2002 2903 2071 etCaecilio,
2932 2004 3036 2075 qui
3061 2004 3140 2060 ad
3167 2008 3456 2077 Hesperiae
3473 2023 3610 2062 nos-

1970 2090 2073 2140 trae
2098 2102 2235 2142 oras
2257 2088 2685 2157 pervenientes,
2714 2106 2849 2145 eam
2893 2092 3030 2147 ﬁdei
3080 2093 3304 2149 lumine
3351 2095 3611 2151 illustra-

1970 2178 2107 2228 runt
2129 2192 2141 2240 ;
2158 2174 2371 2229 deinde
2387 2177 2687 2245 Gel/zicus,
2708 2183 2842 2248 post
2860 2182 3170 2235 Reccaredi
3188 2182 3510 2237 Gothorum
3522 2199 3610 2238 re-

1972 2261 2059 2331 gis
2089 2262 2167 2317 ad
2197 2262 2553 2318 catholicam
2574 2265 2757 2320 fidem
2780 2268 3253 2335 conversionem,
3281 2270 3613 2340 publicam-

156 2354 354 2419 gentis
380 2354 460 2408 ad
477 2354 700 2408 minus
735 2356 877 2407 ante
906 2352 1279 2405 tristenatale
1313 2349 1566 2411 Lutheri,
1616 2349 1856 2413 Calvini,
1896 2375 1940 2429 Β
1972 2348 2846 2419 queinconcil.uTolet.Arianae
2863 2355 3166 2421 haereseos,
3183 2356 3611 2426 abjurationem

154 2443 590 2506 sectariorum,
622 2446 682 2496 et
726 2446 1097 2495 novatorum
1129 2438 1411 2493 adversus
1466 2442 1858 2505 sacramenta,

148 2530 331 2598 queis
369 2523 590 2586 sancta
622 2532 813 2584 Mater
850 2527 1115 2582 Ecclesia
1163 2525 1511 2580 mirabiliter
1536 2526 1787 2594 fovetur,
1806 2530 1863 2581 et

148 2616 699 2683 nutritur,utﬁdei
719 2616 926 2670 hostes
966 2614 1042 2668 ad
1078 2613 1387 2668 meliorem
1432 2611 1667 2681 frugem
1724 2627 1859 2667 con-

140 2712 495 2770 vertantur,
524 2704 617 2759 vel
648 2703 867 2758 saltem
902 2717 1077 2757 sacra
1103 2700 1387 2772 mysteria
1414 2699 1476 2755 in
1508 2704 1630 2755 tam
1648 2714 1860 2772 peran-

136 2798 345 2866 tiquis
388 2792 801 2863 autograpbis
854 2791 1253 2861 perlegentes,
1308 2788 1747 2843 obmutescant.

216 2884 511 2939 Ecclesia
524 2886 821 2946 Romana,
848 2880 1108 2933 omnium
1125 2883 1314 2931 mater
1325 2881 1381 2931 et
1396 2876 1689 2945 magistra,
1710 2892 1857 2930 sum-

137 2990 427 3044 mopere
445 2971 764 3027 insudavit
778 2974 841 3023 ut
856 2985 1029 3023 sacra
1043 2967 1281 3037 liturgia
1294 2983 1396 3038 per
1412 2967 1751 3021 universum
1766 2981 1857 3021 or-

130 3061 295 3115 bem
337 3061 560 3115 eodem
594 3059 713 3112 ritu
735 3056 1164 3117 celebraretur,
1197 3054 1347 3109 etsic
1398 3070 1517 3109 una
1547 3057 1699 3108 esset
1729 3068 1855 3107 om-

128 3151 333 3202 nium
372 3146 859 3202 ﬁdeliumoratio
886 3163 898 3209 ς
926 3149 1338 3198 verumtamen
1368 3142 1620 3197 Missalia
1645 3147 1701 3196 et
1724 3142 1855 3196 Bre-

122 3238 361 3290 viaria
380 3238 635 3307 antiqua
655 3249 779 3288 non
796 3233 1062 3287 abolevit
1083 3250 1094 3291 ;
1111 3232 1234 3285 imo
1266 3236 1556 3300 tanquam
1580 3230 1638 3283 in
1656 3232 1857 3285 Sacra-

120 3326 217 3379 rio
239 3324 635 3379 Psalterium
654 3322 998 3376 secundum
1015 3324 1272 3375 veterem
1298 3318 1855 3373 versionemltalam

114 3414 203 3467 ab
252 3413 622 3481 Augustino
652 3410 859 3465 etaliis
878 3407 1603 3478 Patrihusprmlaudatam
1631 3407 1856 3468 retinet;

127 3503 195 3555 in
234 3501 565 3555 Vaticana
593 3498 829 3570 capella
844 3496 1136 3569 praecinit,
1162 3495 1409 3565 ejusque
1424 3493 1668 3549 Codices
1693 3494 1752 3548 in
1775 3493 1855 3548 bi-

128 3590 487 3644 bliotheca
542 3593 843 3658 tanquam
883 3585 946 3639 in
1004 3584 1220 3639 scrinio
1267 3581 1520 3654 pectoris
1570 3582 1854 3637 recondit.

212 3683 843 3749 lpsummetsacrum
858 3672 1071 3727 concil.
1092 3670 1589 3740 Trid.,maximam
1605 3670 1741 3724 inde
1756 3670 1859 3724 uti-

128 3764 404 3822 litatem
428 3766 753 3838 provenire
777 3776 1143 3831 agnoscens,
1178 3759 1381 3815 statuit
1402 3758 1741 3827 :religiosos
1770 3772 1861 3812 or-

133 3856 353 3910 dines
383 3854 667 3910 ducentis
683 3868 760 3907 an
773 3857 826 3906 te
844 3850 1043 3922 ipsum
1060 3848 1235 3903 annis
1257 3847 1541 3917 peculiari
1558 3846 1689 3901 Ritu
1702 3851 1863 3901 uten-

141 3952 275 4003 tes.
323 3960 471 3998 eum
503 3943 764 3998 retinere
796 3954 977 4010 posse
1028 3945 1149 3992 tam
1198 3936 1259 3990 in
1319 3935 1611 3989 sacriﬁcio
1658 3934 1862 3989 missre

139 4010 367 4105 quam
382 4033 441 4087 in
456 4030 669 4086 divino
684 4028 887 4083 officio
903 4023 1322 4097 persolvendo.
1343 4022 1430 4079 Ob
1444 4022 1505 4076 id
1520 4021 1865 4090 longissima

139 4120 475 4192 temporis
500 4115 979 4191 praescriptione,
998 4117 1058 4168 ut
1078 4109 1539 4167 immemorabili
1553 4116 1867 4166 consuetu-

139 4209 305 4263 dine
329 4208 566 4263 suf'fulti
586 4203 1033 4266 Cistcrcienses,
1056 4200 1428 4256 Carthusiani
1445 4198 1723 4264 ,eremitae
1742 4197 1865 4255 Cal-

142 4298 321 4353 oeati
348 4297 577 4351 montis
593 4291 874 4357 Carmeli,
894 4296 950 4345 et
967 4289 1393 4361 praedicatores
1411 4286 1634 4342 ordinis
1673 4286 1863 4342 sancti

147 4382 797 4455 Dominici,proprios
822 4380 975 4434 ritus
996 4383 1051 4431 et
1083 4376 1475 4431 caeremonias
1520 4376 1861 4441 observant,

151 4482 219 4529 ut
262 4472 535 4529 insimul
558 4473 673 4526 hoc
688 4469 880 4525 modo
904 4468 962 4522 in
982 4464 1244 4520 Ecclesia
1263 4464 1359 4518 Dei
1380 4466 1572 4519 unitas
1591 4463 1865 4519 sacriﬁcii

152 4562 563 4634 resplendeat
589 4580 606 4627 ;
630 4565 685 4615 et
708 4558 895 4614 veteri
912 4557 1030 4610 ritu
1052 4558 1321 4609 Romano
1343 4568 1468 4607 cum
1484 4552 1866 4623 politioricol-

164 4650 323 4719 \ato,
356 4653 594 4723 Sponsa
622 4641 1127 4705 Christimirabili
1149 4640 1544 4695 circumdetur
1562 4640 1861 4695 varietate.

248 4741 386 4795 Zelo
406 4739 545 4795 ﬁdei
579 4752 882 4795 accensus
921 4730 1187 4788 eximius
1217 4729 1310 4784 ille
1343 4728 1658 4785 cardinalis
1683 4730 1868 4783 Xime—

189 4829 341 4893 nius,
361 4828 728 4887 Christianus
742 4820 1113 4896 etpoliticus
1124 4817 1326 4885 heros,
1342 4832 1581 4888 sparsos
1604 4815 1867 4887 undique

198 4918 469 4987 comicos,
502 4919 912 4977 Isidorianos,
952 4924 1069 4963 seu
1100 4906 1493 4961 Mozarabicos
1539 4904 1782 4960 Codices
1808 4904 1870 4959 in

193 5023 353 5067 unum
371 5011 601 5083 collegit
628 5008 840 5074 ;viros
868 4994 1272 5083 doctissimos
1302 4993 1869 5083 undequaqueacci-

2044 2440 2190 2493 Cum
2220 2438 2481 2494 Leander
2496 2441 2610 2510 etej
2624 2458 2687 2495 us
2718 2442 2896 2498 frater
2920 2444 3183 2499 Isidorus
3229 2444 3415 2500 multa
3442 2446 3507 2500 in
3524 2460 3611 2499 sa-

1971 2541 2069 2581 cra
2089 2525 2324 2595 liturgia
2351 2533 2405 2582 et
2433 2528 2626 2583 ofﬁcio
2656 2529 2999 2601 depravata,
3051 2537 3349 2603 corrupta,
3375 2537 3429 2587 et
3452 2532 3613 2588 Aria-

1970 2630 2185 2669 norum
2208 2615 2459 2685 perﬁdia
2483 2616 2734 2687 inversa,
2766 2621 3197 2690 comperissent
3248 2620 3611 2684 (incredibile

1968 2716 2231 2773 namque
2257 2708 2361 2770 est,
2390 2719 2424 2758 a
2452 2708 2715 2775 tempore
2736 2707 2993 2761 Athaulﬁ
3019 2724 3206 2779 usque
3224 2709 3300 2763 ad
3340 2711 3612 2764 Reccare-

1969 2790 2136 2853 dum,
2155 2790 2491 2859 vigentibus
2521 2792 2751 2847 Arianis
2780 2794 3094 2858 erroribus,
3130 2796 3432 2851 exsulibus
3459 2797 3614 2867 epis-

1968 2878 2131 2949 c0pis
2152 2878 2476 2943 catholicis,
2509 2878 2768 2948 plurima
2791 2880 2851 2934 in
2877 2898 3046 2937 sacra
3086 2885 3457 2953 autographa
3488 2899 3608 2938 non

1967 2965 2274 3036 irrepsisse
2303 2966 2480 3034 vitia),
2514 2982 2585 3021 ea
2609 2982 2645 3021 a
2676 2967 2906 3023 mendis
2961 2985 3309 3040 expurgare,
3368 2972 3609 3041 puriora

1968 3053 2233 3119 reddere,
2268 3057 2322 3107 ct
2350 3053 2408 3107 in
2444 3054 2746 3109 meliorem
2772 3056 3041 3111 ordinem
3074 3057 3339 3125 redigere
3389 3060 3607 3125 cogita-

1968 3148 2119 3205 runt;
2137 3142 2306 3211 cujus
2322 3158 2503 3197 causa
2518 3143 2780 3198 Leander
2797 3150 2851 3197 et
2866 3144 3137 3200 Isidorus
3165 3146 3231 3201 de
3246 3147 3468 3202 divinis
3490 3147 3611 3201 otii—

1968 3231 2075 3286 ciis
2107 3230 2487 3301 scripserunt,
2513 3235 2565 3285 te
2594 3236 2747 3287 totus
2773 3232 2889 3287 fere
2921 3250 3138 3305 scopus
3191 3236 3397 3297 concil.
3428 3252 3479 3290 1v
3510 3240 3612 3291 Το-

1966 3319 2088 3379 let.,
2117 3319 2366 3391 przeside
2399 3325 2603 3375 sancto
2636 3320 2875 3387 Isidore,
2908 3322 3013 3377 fuit
3043 3324 3308 3378 ordinem
3346 3324 3407 3379 in
3436 3324 3613 3379 sacri-

1967 3409 2104 3463 ﬁcio
2137 3408 2335 3463 missa:
2356 3414 2407 3462 et
2439 3410 2495 3462 in
2530 3408 2743 3463 divinis
2778 3410 2989 3464 ofﬁciis
3023 3411 3306 3476 stabilire,
3341 3427 3445 3483 per
3477 3412 3607 3467 uni-

1967 3512 2202 3552 versam
2233 3496 2576 3566 Hispaniam
2607 3502 2661 3551 et
2684 3496 2930 3553 Galliam
2962 3501 3300 3565 extendere,
3328 3500 3608 3555 deturba-

1970 3590 2215 3655 tamque
2236 3584 2445 3639 faciem
2472 3584 2549 3639 ad
2568 3585 2883 3655 pristinum
2908 3592 3130 3642 statum
3173 3588 3497 3644 restituere.

2042 3672 2128 3728 Ob
2157 3676 2345 3727 tantos
2378 3671 2708 3727 exantlatos
2736 3672 2970 3729 labores
2992 3679 3047 3729 et
3075 3674 3387 3731 diuturnas
3417 3675 3615 3730 elucu-

1969 3761 2269 3816 brationes
2300 3760 2485 3815 sancti
2516 3760 2722 3815 Isidori
2753 3762 2928 3833 coepit
2958 3764 3165 3818 merito
3194 3765 3340 3819 ritus
3377 3780 3609 3819 nuncu-

1970 3848 2101 3920 pari
2128 3849 2516 3911 Isz'dorz'anus,
2540 3849 2969 3906 Brcvz'ariumet
2992 3852 3255 3920 o/fccium
3292 3852 3613 3909 secundum

1972 3936 2221 4006 regulam
2251 3936 2565 3991 beatissimi
2576 3938 2813 4001 Isz'dorz',
2835 3938 2946 3993 hoc
2976 3944 3080 4005 est,
3098 3940 3429 3995 secundum
3442 3954 3616 3995 cano~

1972 4039 2078 4078 nes
2098 4022 2304 4079 concil.
2330 4039 2382 4076 IV
2398 4023 2576 4078 Tolet.
2593 4023 2669 4078 ab
2702 4024 2836 4095 ipso
2866 4026 3167 4097 praecipue
3189 4026 3615 4090 elaboratos,ut

1973 4116 2110 4183 pote
2134 4110 2388 4182 praeside
2411 4111 2661 4174 concilii,
2691 4115 2747 4165 et
2774 4111 2929 4166 sedis
2974 4113 3320 4182 apostolicae
3369 4113 3614 4178 vicario,

1973 4200 2120 4255 ritus
2158 4204 2210 4253 et
2238 4198 2569 4269 disciplima
2591 4198 2999 4255 ecclesiasticae
3013 4201 3444 4267 moderatione,
3460 4204 3617 4257 etto-

1973 4288 2089 4342 tius
2115 4286 2274 4343 orbis
2323 4285 2756 4355 fulgentissimo
2809 4288 3017 4344 sidere.

2045 4380 2357 4446 Postquam
2382 4374 2591 4429 misere
2617 4391 2652 4431 a
2674 4376 2884 4431 Mauris
2941 4378 3221 4449 Hispania
3257 4381 3461 4434 nostra
3511 4378 3618 4434 fuit

1974 4470 2281 4535 occupata,
2316 4462 2748 4535 Christianique
2779 4464 3072 4520 Arabibus
3098 4465 3280 4532 victu,
3308 4467 3540 4530 vestitu,
3562 4471 3618 4521 et

1974 4552 2192 4624 pluries
2221 4550 2522 4605 connubio
2550 4551 2715 4615 misti,
2745 4552 2907 4607 initio
2940 4552 3104 4622 pacis
3126 4553 3368 4617 foedere,
3400 4570 3436 4607 a
3464 4556 3619 4608 Mau-

1973 4656 2178 4695 rorum
2208 4638 2444 4707 regibus
2458 4638 2754 4709 quasdam
2772 4640 3466 4711 obtinueruntecclesias,
3494 4640 3620 4694 suis

1975 4727 2279 4783 catholicis
2304 4726 2788 4795 ritibusretentis,
2816 4728 3044 4784 Missale
3073 4733 3124 4785 et
3151 4728 3419 4787 cfﬁcium
3442 4730 3623 4785 Maza-

1975 4816 2176 4872 rabica
2196 4814 2353 4870 fuere
2407 4815 2709 4887 appellata

2050 4905 2190 4969 Quis
2220 4904 2310 4959 vel
2330 4902 2507 4975 lippis
2531 4903 2721 4959 oculis
2745 4918 2867 4959 non
2896 4904 3057 4959 videt
3085 4920 3191 4976 per
3219 4904 3625 4976 quadringen-

1978 4996 2069 5048 tos
2090 4992 2272 5047 ferme
2300 5006 2487 5047 annos
2514 4991 2748 5046 Arabici
2770 4992 3017 5047 dominii
3038 4992 3097 5047 in
3111 4993 3390 5048 Toletana
3422 4994 3625 5049 civita-

188 5073 565 5175 vit;perjtion;s
596 5101 662 5157 in
687 5084 1116 5155 Mozarabico
1134 5081 1246 5135 ritu
1269 5085 1603 5136 sacerdotes
1630 5080 1830 5150 selegit
1854 5099 1869 5151 ;
1904 5073 1947 5126 Ι)
1979 5084 2036 5136 te
2062 5079 2289 5136 occulte
2321 5095 2539 5175 sacraa
2562 5079 2901 5134 Christianis
2917 5079 3213 5135 multoties
3227 5081 3349 5135 sine
3368 5080 3623 5152 praesule

177 5168 335 5269 tiSCIIIe
350 5195 575 5253 divitiis
594 5189 907 5247 onustus,
936 5168 1305 5229 Breviarium
1345 5168 1677 5224 secundum
1701 5184 1873 5267 regu-

166 5257 263 5344 laai
275 5289 457 5346 sancti
473 5277 707 5342 lsidori
732 5266 1025 5330 tandem
1040 5271 1207 5352 anno
1228 5258 1366 5352 :1502
1380 5257 1549 5352 prelo
1559 5257 1873 5351 commisit.

217 5342 404 5439 sua;
418 5342 500 5436 he
519 5376 746 5431 metas
764 5342 1749 5439 recti‘orfiinistransgrediamur,
1765 5344 1879 5414 pri-

393 5429 664 5525 ἧλοι.
714 5429 1089 5507 LXXXVI'

1983 5174 2040 5225 et
2059 5168 2182 5223 sine
2196 5167 2480 5239 episcopo
2501 5165 2630 5221 ﬁeri
2652 5168 2830 5231 ?Quis
2846 5182 2968 5223 non
3004 5168 3252 5223 miratur
3264 5169 3425 5223 hunc
3446 5170 3627 5223 ritum

1985 5257 2099 5311 hac
2130 5260 2479 5326 tempestate
2512 5254 2746 5325 penitus
2768 5270 2889 5310 non
2919 5255 3262 5325 deperiisse,
3281 5257 3426 5324 regii
3441 5272 3629 5312 sacer-

1990 5344 2128 5399 dotii
2141 5343 2445 5399 deﬁciente
2456 5342 2693 5398 virtute?
2704 5346 2760 5397 et
2772 5342 2818 5396 si
2832 5342 3137 5413 aliquoties
3151 5343 3359 5408 furtim,
3378 5347 3620 5406 secreto,

3353 5433 3376 5483 1

1702 5770 1753 5871 1
1784 5773 2079 5873 33.331
2092 5772 2226 5873 3.3
