4076 6418
509 307 570 364 11
1415 290 1859 350 FRANCISCUS
1897 282 2256 344 ANTONIUS
2296 282 2722 342 LORENZANA
2757 281 3070 340 LECTORI.
3847 287 3907 342 12

509 429 614 485 aut
638 437 861 495 magno
883 420 1074 495 pretio
1099 418 1410 476 Saracenis
1441 433 1478 474 a
1504 413 1856 475 Christicolis
1885 407 2158 483 persolu-
2185 405 2233 463 A
2265 407 2510 480 quimus
2535 427 2548 477 ;
2577 409 2722 466 etob
2739 409 3005 495 levamen
3016 399 3377 495 legentium,
3393 404 3645 462 maxime
3668 408 3907 465 recitan-

507 519 589 582 to,
618 513 932 584 episcopus
952 508 1133 578 hujus
1155 507 1315 562 sedis
1345 505 1638 562 Toletanae
1664 500 1993 571 eligebatur
2011 514 2028 566 ;
2045 511 2156 551 nec

507 600 724 657 scholis
735 599 949 656 clausis
973 615 987 663 ;
1009 594 1366 668 peritiorem,
1395 609 1505 650 nec
1526 591 1904 651 sanctiorem,
1931 585 2157 642 amissa

503 689 771 745 libertate
796 685 1057 742 invenire
1080 683 1313 747 licebat,
1346 679 1657 737 interdicto
1688 672 2056 750 praedicandi
2100 673 2156 727 et

505 775 760 833 docendi
790 788 1054 836 munere,
1087 775 1144 827 et
1168 770 1452 827 barbarie
1484 772 1730 824 cunctos
1743 761 2152 820 obnubilante.

578 861 810 916 Aii‘ulsit
836 859 1079 916 tandem
1105 858 1309 912 obtata
1334 856 1459 911 dies
1472 871 1594 926 qua
1616 853 1871 923 inclytus
1897 847 2155 919 Alphon-

509 966 611 1006 sus
641 953 840 1005 sextus
864 948 1128 1003 Toletum
1159 945 1538 1016 expugnavit,
1567 955 1860 1011 suamque
1887 939 1946 992 in
1993 939 2152 1006 pote-

510 1041 723 1094 statem
747 1036 994 1105 redegit,
1023 1051 1059 1091 a
1098 1033 1284 1089 sacris
1315 1048 1596 1087 exsorsus
1627 1050 1637 1086 :
1667 1027 1953 1099 Mezquita
1985 1023 2148 1088 olim,

509 1141 680 1183 sacra
706 1124 954 1181 basilica
983 1122 1192 1179 effecta
1217 1127 1341 1189 est;
1376 1137 1406 1175 e
1434 1119 1620 1175 Gallia
1677 1115 2057 1172 doctissimos
2098 1114 2156 1166 et

506 1214 984 1283 religiosissimos
999 1212 1158 1267 viros
1179 1209 1465 1274 evocavit,
1493 1213 1555 1264 ut
1569 1207 1646 1262 ad
1666 1203 2036 1277 episcopales
2059 1217 2151 1256 ca-

505 1302 750 1358 thedras
765 1302 1031 1358 eveheret
1055 1316 1069 1366 ;
1088 1299 1503 1354 Cluniacenses
1519 1295 1870 1358 monachos,
1886 1296 2012 1346 tum
2030 1304 2154 1344 ma-

503 1390 663 1446 xime
686 1390 981 1454 ﬂorentes,
1005 1388 1084 1444 ad
1103 1387 1492 1442 canonicatus
1522 1388 1577 1439 et
1606 1382 1923 1452 dignitates
1954 1377 2152 1433 Eccle-

505 1478 607 1533 siae
631 1478 923 1534 Toletanaa
949 1474 1234 1537 adduxit;
1278 1471 1644 1528 Bernardum
1699 1468 1881 1524 Toleti
1934 1479 2156 1536 praesu—

500 1579 624 1634 lem
674 1563 1006 1628 constituit;
1041 1565 1314 1618 sanctum
1361 1563 1596 1614 Petrum
1653 1557 1932 1618 Oxomze;
1971 1553 2156 1609 alium

2265 495 2434 562 tium,
2451 511 2948 569 unamquamque
2968 493 3300 548 dictionum
3315 507 3427 549 suo
3448 494 3690 566 proprio
3716 511 3908 552 accen-

2265 582 2780 654 tuinsignivimus.
2799 589 2862 640 In
2885 581 3101 638 Missali
3125 585 3328 637 autem
3340 581 3682 638 etBreviaro
3707 585 3908 640 Roma-

2264 682 2345 725 no
2369 675 2584 728 cuncta
2634 678 2789 728 recte
2821 671 2963 728 satis
2997 668 3307 740 disposita,
3340 669 3655 741 perpolita,
3677 686 3714 726 a
3741 671 3908 744 pluri-

2262 757 2377 812 bus
2402 761 2636 815 meudis
2652 766 2926 833 purgata,
2951 758 3209 828 etvigilis
3224 757 3691 814 clarissimorum
3728 760 3909 816 cardi-

2263 845 2491 903 nalium
2522 851 2773 915 Baronii,
2805 847 3165 912 Bellartnini,
3199 852 3255 902 et
3301 846 3576 913 aliorum,
3607 847 3668 902 in
3708 848 3908 904 melius

2263 937 2526 1004 redacta;
2551 937 2758 1008 hymni
2786 937 3005 992 etenim
3028 935 3218 991 sancti
3249 935 3643 1000 Ambrosii,et
3662 935 3907 992 aliorum

2262 1024 2523 1090 Patrum,
2540 1026 2618 1080 ad
2638 1026 2947 1081 meliorem
2967 1030 3327 1080 concentum
3341 1029 3397 1079 et
3416 1040 3763 1080 mensuram
3792 1042 3909 1081 ver-

2261 1128 2362 1166 sus
2387 1113 2627 1170 fuerunt
2653 1115 2898 1182 reducti,
2929 1115 3051 1168 suis
3065 1114 3289 1185 quique
3316 1109 3460 1169 locis
3482 1112 3664 1185 aptati
3693 1130 3706 1177 ;
3739 1114 3822 1170 ita
3855 1118 3913 1169 ut

2260 1204 2317 1254 et
2343 1215 2586 1256 sensum
2613 1203 2947 1271 retinerent,
2970 1207 3025 1257 et
3049 1201 3126 1256 ab
3159 1201 3495 1257 oratoribus
3516 1205 3572 1256 et
3592 1201 3781 1274 poetis
3811 1201 3915 1258 La-

2261 1287 2397 1342 tinis
2426 1305 2548 1346 non
2588 1291 2916 1347 deviarent.
2964 1292 3282 1362 [lucusque
3331 1289 3406 1345 de
3456 1288 3915 1346 nomenclaturis

2262 1375 2442 1447 hujus
2490 1381 2680 1436 sancti
2710 1380 2906 1435 ofﬁcii.

2336 1468 2488 1521 lnter
2517 1484 2610 1522 res
2639 1469 2716 1524 ad
2737 1469 3151 1540 antiquitatem
3173 1467 3419 1537 liturgiae
3440 1466 3914 1539 Gothico-Hispa-

2265 1553 2414 1608 nicae
2445 1562 2802 1626 spectantes,
2857 1557 3049 1612 versio
3083 1555 3347 1628 primum
3414 1555 3614 1611 locum
3659 1555 3917 1612 vindicat

501 1654 845 1709 Bernadum
871 1650 1161 1719 Segontiae
1191 1664 1204 1714 ;
1237 1653 1294 1704 et
1325 1652 1602 1702 sanctum
1661 1643 1982 1700 Geraldum
2023 1644 2156 1695 Bra-
2189 1659 2234 1712 Β
2266 1640 2400 1696 sibi.
2421 1645 2587 1698 Tanti
2614 1645 2773 1700 enim
2804 1645 3006 1700 habita
3035 1645 3142 1700 fuit
3171 1644 3335 1716 apud
3354 1648 3578 1698 veteres
3592 1647 3648 1698 et
3677 1643 3916 1700 neoteri-

505 1756 680 1797 caraa.
709 1744 828 1795 Hoc
857 1755 929 1794 ex
969 1743 1234 1808 tempore
1273 1735 1708 1792 Mozarabicum
1763 1731 2030 1787 ofﬁcium
2053 1744 2158 1784 no-

503 1829 801 1885 minatum
829 1828 939 1884 fuit
961 1828 1330 1891 Totetanum,
1363 1823 1510 1894 quia
1555 1822 1737 1878 Toleti
1793 1817 2154 1876 commorari

505 1916 772 1974 Castellm
796 1919 854 1972 et
883 1913 1149 1984 Legionis
1187 1928 1376 1982 reges,
1411 1909 1920 1980 magniﬁcareque
1942 1907 2153 1962 urbem

505 2008 564 2061 et
576 2004 890 2060 ecclesiam
901 2006 1229 2074 cceperunt,
1242 1999 1321 2056 ob
1332 1999 1448 2056 loci
1463 1999 1858 2063 securitatem,
1879 1995 2155 2051 munitio-

502 2107 647 2148 nem
674 2096 730 2148 et
757 2091 1081 2147 faciliorem
1098 2104 1408 2145 accessum
1436 2091 1494 2142 et
1513 2091 1728 2142 caetera
1748 2083 2156 2157 expugnanda

503 2180 733 2252 oppida
756 2195 794 2236 a
818 2179 1036 2236 Mauris
1066 2181 1394 2248 occcupata
1424 2195 1438 2244 ;
1465 2180 1522 2231 et
1554 2175 1768 2231 exinde
1795 2174 1939 2230 urbs
1968 2187 2157 2245 parva

503 2268 738 2326 munita
763 2266 898 2324 loco
918 2267 1083 2337 regia
1126 2265 1331 2321 civitas
1382 2263 1867 2334 nuncupabatur.

575 2360 910 2428 Atempore
939 2353 1229 2426 Alphonsi
1259 2353 1405 2409 sexti
1462 2367 1655 2424 usque
1693 2351 1772 2407 ad
1836 2349 2158 2407 catholicos

501 2460 672 2516 reges
702 2445 1144 2501 Ferdinandum
1168 2440 1654 2507 etElisabetham,
1679 2439 1944 2495 cumfrui
1963 2438 2158 2511 quiete

505 2549 577 2590 ac
605 2549 752 2605 pace
773 2531 1040 2590 Castellae
1066 2547 1235 2601 reges
1259 2545 1381 2586 non
1397 2530 1700 2602 potuerint
1735 2526 2026 2583 hincinde
2043 2527 2159 2582 dis-

504 2621 821 2678 currebant
842 2620 1035 2692 ,‘bello
1062 2618 1305 2684 assueti,
1338 2617 1413 2673 de
1432 2617 1802 2689 expellendis
1824 2617 2040 2672 Mauris
2059 2614 2160 2670 ab-

504 2710 788 2767 universa
799 2709 1083 2781 Hispania
1094 2706 1302 2763 sedulo
1314 2705 1676 2776 cogitabant.
1698 2705 2162 2775 Tenebrasigno'

505 2797 716 2854 rantiae
729 2798 820 2854 fas
840 2813 962 2853 non
980 2803 1104 2853 erat
1115 2796 1349 2868 penitus
1363 2795 1680 2860 discutere,
1695 2809 2008 2866 quousque
2023 2793 2161 2847 Gra-

503 2887 736 2942 natensi
752 2886 985 2942 civitate
1007 2889 1372 2955 expugnata,
1389 2881 1662 2937 catholici
1676 2882 1914 2950 regesin
1944 2879 2158 2935 melius

2263 1745 2366 1784 cos
2395 1733 2585 1788 versio
2603 1740 2768 1789 vetus
2801 1735 2961 1798 Itala,
2993 1741 3052 1788 ut
3074 1734 3148 1788 de
3175 1749 3244 1789 ea
3277 1738 3519 1787 sanctus
3545 1733 3909 1801 Augustinus

2261 1835 2523 1874 asserere
2557 1838 2679 1877 non
2709 1823 3086 1889 dubitaverit,
3111 1822 3170 1876 in
3195 1819 3781 1891 interpretationibus
3807 1836 3912 1874 cas-

2259 1906 2397 1961 teris
2420 1909 2878 1978 praeferendam,
2913 1927 3052 1965 nam
3079 1915 3161 1964 est
3185 1908 3424 1964 verbum
3475 1910 3742 1965 tenacior
3785 1924 3916 1964 cum

2257 1997 2688 2062 perspicuitate
2704 1998 3024 2068 sentcntiae,
3060 1996 3295 2068 hocque
3333 1996 3634 2068 praecipue
3675 2000 3918 2053 utuntur

2261 2083 2613 2141 Mozarabici
2671 2087 3035 2142 sacerdotes.

2341 2171 2442 2228 Hic
2458 2175 2607 2230 scitu
2631 2175 2884 2245 dignum
2907 2174 3192 2246 estquod,
3222 2189 3292 2230 ne
3311 2174 3542 2246 antiqui
3553 2175 3703 2232 ritus
3721 2175 3921 2232 Gothi-

2262 2265 2609 2337 co-Hispani
2639 2264 2932 2336 deperiret
2956 2263 3252 2320 memoria
3263 2263 3622 2332 Editionem,
3640 2265 3920 2322 Breviarii

2263 2354 2565 2412 commisit
2594 2353 2998 2425 praelaudatus
3028 2353 3323 2408 Ximenius
3351 2352 3581 2409 doctori
3611 2353 3922 2425 Alphonso

2265 2445 2501 2509 Ortizio,
2531 2443 2821 2498 canonico
2847 2440 3145 2507 Toletano,
3165 2441 3355 2514 quiin
3380 2441 3762 2500 dedicatione
3788 2457 3925 2514 ope-

2263 2533 2350 2589 ris
2383 2533 2593 2590 fatetur
2626 2531 2876 2599 :Ofﬁcia
2901 2537 3197 2586 nocturna
3226 2532 3576 2601 pariterque
3604 2532 3840 2588 diurna
3865 2531 3922 2586 in

2263 2621 2462 2678 lucem
2487 2620 2646 2675 edita
2677 2619 2972 2688 dignitate
2989 2619 3236 2690 quidem
3280 2619 3537 2691 egregia,
3599 2622 3924 2690 cognitione

2268 2709 2709 2779 etcastigatione
2718 2707 2899 2776 fuisse
2913 2706 3325 2775 difﬁcilia,diu
3346 2709 3708 2777 multumque
3726 2723 3925 2777 opero-

2265 2814 2329 2853 so
2349 2798 2545 2852 studio
2567 2798 2862 2865 recognita
2888 2813 2907 2848 :
2946 2801 3124 2850 antea
3153 2811 3410 2865 namque
3429 2811 3578 2864 pene
3621 2798 3826 2854 omnia
3866 2796 3926 2851 in

2269 2886 2434 2941 libris
2465 2885 2751 2940 veteribus
2782 2884 3248 2954 confusa,atque
3277 2885 3572 2954 incoquita
3598 2901 3787 2953 penes
3801 2901 3930 2941 eru-

504 2989 600 3064 res
624 2973 1037 3064 ordinaresuis
1066 2970 1320 3040 egregiis
1361 2968 1721 3024 consiliariis
1753 2969 1992 3038 magnis
2037 2985 2160 3024 car-
2193 3010 2230 3064 ρ
2268 2976 2731 3044 ditosjacuisse;
2765 2973 3042 3041 impensis
3096 2989 3232 3028 vero
3265 2980 3316 3028 et
3371 2975 3709 3030 cardinalis
3745 2989 3928 3045 opera

504 3061 810 3117 dinalibus
825 3065 989 3116 Petro
1003 3059 1287 3115 Gonzalez
1301 3059 1369 3112 de
1382 3057 1661 3114 Mendoza
1673 3065 1886 3128 (eoque
1898 3057 2019 3113 vita
2030 3057 2056 3111 f
2059 3073 2162 3112 un-

504 3154 640 3224 cto),
671 3151 976 3206 Fransisco
1029 3148 1289 3203 Ximenio
1345 3148 1419 3202 de
1447 3147 1736 3212 Cisneros,
1779 3147 2159 3202 commenda-

505 3244 662 3296 runt.
693 3242 807 3295 lsta
835 3237 1168 3294 clarissima
1199 3233 1467 3290 Ecclesiae
1497 3233 1746 3300 lumina,
1804 3235 2158 3290 universita-

505 3334 614 3395 tes,
645 3327 912 3397 collegia,
926 3323 1321 3389 xenodochia,
1336 3321 1809 3394 orphanotrofia,
1841 3323 2155 3380 cathedra-

504 3417 689 3487 les,et
716 3415 1060 3485 collegiatas
1081 3411 1364 3468 ecclesias
1392 3410 1540 3480 erigi
1569 3411 1631 3466 in
1685 3411 1972 3477 Hispania
2010 3418 2066 3468 et
2095 3413 2157 3469 in

503 3505 690 3562 lndiis
714 3507 1018 3570 curarunt,
1050 3505 1108 3558 et
1135 3500 1417 3572 quaedam
1430 3499 1529 3570 pia
1551 3499 1788 3568 egregia
1801 3516 2157 3557 monumen-

506 3599 569 3652 ta
606 3593 727 3649 suis
758 3591 1101 3662 sumptibus
1133 3587 1381 3660 posteris
1412 3586 1709 3643 imitanda
1737 3587 2047 3660 reliquere.

580 3680 908 3740 Cardinalis
942 3678 1261 3744 Ximenius,
1322 3675 1496 3748 quasi
1525 3675 1656 3747 apis
1706 3681 2152 3747 argumentosa,

508 3767 1041 3842 citoselegitBiblia
1088 3782 1278 3830 sacra,
1313 3764 1541 3822 Missale
1594 3767 1649 3820 et
1674 3764 1938 3821 ofﬁcium
1968 3766 2155 3824 lsido-

505 3859 699 3927 riana,
724 3864 789 3915 ut
817 3857 1174 3931 quantocius
1198 3853 1382 3926 prelo,
1417 3869 1606 3926 nuper
1633 3854 1694 3910 in
1752 3854 2041 3928 Hispania
2071 3858 2157 3913 in-

503 3949 799 4015 troducto,
831 3946 1373 4010 committerentur;
1401 3943 1547 3998 nihil
1570 3943 1729 3999 enim
1771 3944 1997 4013 utilius,
2025 3961 2157 4014 gra-

507 4037 623 4093 tius
641 4043 697 4094 et
716 4033 985 4106 religioni
1016 4031 1390 4090 commodius
1401 4029 1712 4102 judicavit,
1751 4047 1940 4104 quam
1953 4048 2155 4090 sacros

504 4125 689 4182 libros
717 4123 1044 4195 vegetiores
1097 4126 1154 4177 et
1206 4118 1475 4192 puriores
1532 4119 1816 4176 omnibus
1876 4119 2150 4178 fenerari.

591 4218 657 4270 In
677 4212 945 4270 Editione
971 4207 1218 4267 Missalis
1232 4212 1288 4264 et
1316 4207 1594 4264 Breviarii
1625 4207 1932 4265 lsidoriani
1960 4209 2152 4268 nulla-

2267 3068 2384 3120 suis
2412 3065 2550 3119 locis
2567 3078 2808 3134 qumque
2834 3064 3112 3129 reposita,
3141 3062 3588 3118 characteribus
3621 3071 3816 3135 atque
3834 3079 3932 3132 pe-

2267 3154 2450 3208 riodis
2473 3153 2774 3216 distincta,
2798 3150 2988 3204 verbis
3018 3157 3070 3205 et
3106 3151 3409 3205 sententiis
3439 3152 3783 3208 ditucidata
3809 3167 3833 3222 ,·
3861 3165 3929 3208 ac

2267 3243 2371 3297 diu
2394 3241 2552 3298 senio
2579 3239 2921 3309 periclitata
2943 3238 3131 3308 ofﬁcia
3173 3238 3534 3310 Isidoriana,
3589 3243 3934 3297 annositate

2267 3330 2474 3393 deleta,
2489 3330 2708 3397 futuris
2721 3327 2950 3382 saxulis
2963 3328 3088 3381 sine
3097 3325 3438 3397 difﬁcultate
3447 3329 3574 3397 jam
3583 3329 3936 3400 perlegenda

2335 3421 2498 3474 Hanc
2529 3413 2902 3487 provinciam
2921 3414 3139 3470 edendi
3166 3431 3370 3471 sacros
3420 3415 3674 3473 Codices
3723 3422 3940 3490 postea

2265 3505 2535 3576 aggressi
2565 3508 2702 3559 sunt
2725 3502 3046 3558 Flaminius
3060 3502 3347 3574 Nobilius,
3376 3504 3936 3572 Morinus,Joannes

2265 3593 2655 3656 Martianaeus,
2675 3591 2930 3646 Thomas
2951 3593 3296 3657 lletarneus,
3329 3591 3517 3649 Faber
3537 3592 3938 3660 Stabulensis,

2264 3683 2560 3753 Josephus
2590 3680 2768 3737 Maria
2800 3681 2970 3749 Caro,
2998 3681 3319 3737 cardinalis
3349 3680 3733 3749 Thomasius,
3757 3688 3817 3740 et
3845 3686 3941 3738 Pe—

2265 3777 2388 3829 trus
2409 3769 2676 3827 Sabatier
2689 3768 2837 3824 alios
2853 3783 3188 3836 recensens,
3209 3769 3484 3826 etmerito
3504 3769 3940 3828 Blanchinium

2266 3859 2550 3916 extollens
2586 3873 2597 3913 :
2634 3873 2703 3912 ex
2731 3857 2820 3913 his
2842 3856 3081 3913 duobus
3107 3857 3427 3930 postremis
3457 3857 3826 3916 clarissimis
3839 3876 3942 3917 au-

2263 3947 2527 4004 ctoribus
2551 3945 2845 4019 quidquid
2865 3946 3240 4017 repcruimus
3258 3945 3339 4002 ad
3367 3950 3648 4004 nostram
3698 3948 3937 4006 Brevia-

2261 4037 2332 4094 rii
2353 4034 2938 4093 GothiciEditionem
2997 4034 3264 4106 perutile,
3312 4031 3754 4103 delibavimus,
3814 4052 3938 4094 non

2261 4126 2430 4183 vultu
2458 4125 2958 4191 ritusimmutato,
2986 4123 3093 4178 sed
3119 4125 3352 4179 tantum
3366 4128 3658 4193 correcto,
3697 4126 3941 4184 collatis

2260 4213 2615 4271 lectionibus
2639 4227 2776 4266 cum
2798 4209 3095 4266 Vaticanis
3117 4211 3256 4267 Cod.
3293 4211 3769 4278 Veronensibus.
3800 4218 3942 4272 Cor-

504 4308 679 4359 tenus
708 4300 962 4396 intendit
987 4295 1584 4396 praeclarissimushic
1599 4296 1689 4352 vir
1710 4295 1942 4368 aliquid
1963 4298 2154 4356 detra-
2185 4341 2230 4396 D
2260 4300 2629 4369 beiensibus,
2663 4298 3122 4368 Parisiensibus,
3142 4299 3335 4357 sancti
3364 4303 3668 4372 Germani,
3706 4309 3769 4361 et
3781 4305 3939 4363 aliis.

504 4391 642 4447 here
670 4387 1004 4446 auctoritati
1033 4386 1242 4441 veteris
1283 4383 1555 4452 Romani,
1581 4385 1727 4456 quin
1748 4385 1946 4456 potius
1973 4386 2154 4443 extol-

502 4476 878 4534 lere.Cotlata
898 4474 1117 4532 etenim
1133 4473 1312 4545 hujus
1339 4472 1704 4530 correctione
1725 4488 1865 4529 cum
1904 4473 2151 4545 antiquo

503 4565 768 4630 Gothico,
783 4563 1088 4622 evidenter
1107 4562 1533 4619 demonstratur
1546 4560 1856 4619 Ecclesiam
1869 4577 2150 4634 sponsam

503 4654 712 4711 Christi
739 4667 974 4725 semper
992 4655 1048 4710 et
1074 4650 1298 4723 ubique
1355 4664 1542 4706 unam
1585 4648 1790 4716 fuisse,
1814 4649 2148 4722 eodemque

500 4743 716 4816 Spiritu
737 4740 1160 4807 coadunatam,
1174 4737 1614 4807 inconsutilem,
1628 4753 1749 4794 non
1765 4737 1842 4794 ab
1858 4737 2147 4796 haereticis

497 4831 900 4894 dilaceratam,
925 4829 1179 4886 divisam
1207 4827 1500 4898 inpartes,
1529 4825 1819 4890 sortitam,
1841 4830 1897 4882 et
1921 4843 1958 4884 a
1987 4844 2145 4887 sum-

497 4933 600 4976 mo
629 4934 819 4991 usque
871 4918 1153 4975 deorsum
1197 4916 1274 4972 ab
1305 4914 1419 4971 illis
1478 4913 1751 4970 scissam.
1815 4915 1971 4972 Licet
2024 4932 2145 4974 non

496 5006 657 5064 idem
680 5007 922 5076 modus,
948 5003 1198 5075 ordo,_et
1224 5002 1414 5060 Latini
1443 5001 1734 5058 sermonis
1773 5002 2056 5063 facundia
2082 5007 2144 5063 in

495 5096 775 5153 omnibus
787 5095 1056 5169 precibus
1073 5096 1377 5167 appareat,
1394 5091 1456 5147 in
1467 5090 1722 5146 Gothicis
1735 5096 1937 5148 tamen
1949 5109 2143 5151 exem-

493 5185 763 5256 plaribus
791 5186 1086 5257 ingenuus
1105 5196 1302 5237 sermo
1321 5179 1676 5251 resplendet,
1706 5195 1829 5236 non
1849 5185 1972 5239 arte
1993 5184 2143 5255 poli-

493 5279 608 5342 tus,
631 5274 736 5332 sed
747 5277 1100 5332 vetustatem
1111 5268 1407 5342 redolens,
1424 5267 1500 5324 ob
1516 5266 1698 5340 idque
1720 5274 2140 5340 grammatices

489 5363 711 5434 regulis
725 5379 850 5420 non
864 5368 990 5420 tam
1015 5361 1173 5418 arcte
1194 5357 1491 5424 astrictus,
1515 5359 1580 5415 ut
1606 5357 1668 5413 in
1689 5373 1810 5416 uno
1840 5360 1934 5418 vel
1953 5361 2138 5422 altero

487 5450 623 5509 loco
647 5453 828 5523 hujus
847 5453 1068 5508 nostrae
1093 5445 1368 5502 editionis
1401 5445 1605 5502 videre
1626 5444 1763 5504 licet
1775 5465 1795 5520 ς
1830 5454 2133 5516 caeterum,

2333 4392 2400 4446 In
2433 4394 2663 4446 tantum
2698 4387 2977 4444 deserviit
2998 4387 3187 4444 Editio
3213 4389 3504 4445 versionis
3530 4393 3942 4450 veterisltalte

2261 4495 2298 4536 a
2328 4481 2491 4534 Petro
2522 4476 2789 4533 Sabatier
2816 4492 3042 4546 magno
3072 4475 3280 4534 labore
3323 4475 3498 4545 facta,
3532 4482 3598 4536 ut
3632 4495 3713 4538 ea
3783 4481 3943 4538 duce

2259 4583 2383 4624 non
2407 4565 2837 4632 cmentiremus,
2854 4580 2963 4620 nec
2981 4565 3432 4636 caespitaremus
3457 4581 3633 4634 ;nam
3667 4584 3792 4626 nec
3811 4586 3942 4626 ver-

2256 4655 2404 4711 bum
2425 4654 2545 4711 tere
2565 4655 2626 4710 in
2643 4660 2845 4710 nostro
2873 4652 3161 4710 Psalterio
3189 4653 3533 4711 invenimus
3575 4662 3938 4726 exaratum,

2256 4743 2423 4816 quod
2453 4744 2514 4800 in
2543 4743 2658 4800 alio
2683 4759 2752 4798 ex
2781 4745 2910 4799 Mss.
2943 4742 3244 4814 praecipue
3293 4743 3355 4800 in
3403 4742 3602 4800 Bibliis
3662 4746 3941 4805 Gothicis

2253 4831 2575 4896 Toletanis,
2609 4836 2666 4888 et
2691 4831 2755 4887 in
2769 4831 2906 4886 divo
2926 4831 3257 4900 Augustino
3297 4846 3420 4888 non
3471 4830 3715 4902 legatur
3751 4854 3767 4892 :
3823 4837 3940 4893 hoc

2253 4920 2437 4978 modo
2461 4925 2587 4977 tuta
2609 4919 2784 4976 nobis
2814 4918 3007 4991 patuit
3031 4917 3128 4976 via
3155 4918 3234 4976 ad
3258 4919 3446 4976 nostri
3468 4921 3772 4983 Breviarii
3801 4941 3936 4983 cor-

2251 5010 2574 5067 rectionem
2595 5007 2842 5081 quando
2860 5007 2950 5064 vel
2963 5005 3252 5064 mendum
3278 5010 3650 5082 typographi
3665 5027 3940 5088 appare-

2249 5097 2355 5156 bat
2383 5103 2676 5171 apertum,
2707 5096 2801 5154 vel
2819 5096 2868 5152 si
2894 5095 3075 5153 etiam
3102 5095 3378 5156 haesitare
3400 5097 3476 5154 de
3507 5113 3710 5158 snnsu
3742 5103 3939 5161 alicu-

2245 5188 2344 5258 jus
2373 5188 2538 5244 vocis
2580 5185 2981 5256 contingebat,
3029 5184 3158 5243 aliis
3210 5185 3508 5242 veteribus
3544 5186 3935 5250 lectionibus

2249 5275 2752 5333 concordantibus
2773 5273 3188 5332 ﬁrmabamur.

2319 5364 2600 5435 Mirabilis
2610 5362 2990 5420 multiformis
3000 5362 3190 5433 gratia
3203 5361 3305 5418 Dei
3325 5361 3336 5416 l
3357 5360 3642 5426 Mirabilis
3661 5367 3931 5440 Spiritus

2245 5452 2584 5510 Paracletus
2596 5450 2954 5523 septiformis
2966 5465 3233 5519 munere,
3261 5453 3318 5506 et
3333 5450 3736 5524 multiformis
3753 5457 3929 5516 dono

487 5543 731 5614 propter
762 5537 902 5598 Cod.
923 5533 1328 5597 venerabilem
1360 5533 1640 5593 canitiem
1669 5551 1741 5594 ea
1779 5535 1965 5597 illaesa
1999 5540 2136 5598 reli-
2241 5541 2606 5613 linguarum,
2625 5540 3020 5614 quidignatus
3048 5543 3135 5599 est
3158 5555 3232 5597 ex
3258 5537 3588 5596 visceribus
3611 5547 3788 5604 sacri
3801 5551 3928 5606 tex-
