4076 6404
242 325 291 386 (3
1114 327 1562 385 FRANCISCUS
1600 322 1951 385 ANTONIUS
1992 318 2414 385 LORENZANA
2468 312 2811 394 LECTORI.-
3616 349 3681 402 14

239 428 543 518 ίυεεὼεῳλθ
558 444 1313 506 substantialisententize
1336 452 1663 508 mutatione
1687 455 1769 507 tot
1791 467 1916 507 ver-
1944 450 1991 503 A
2032 454 2390 511 maculatiin
2418 460 2603 527 via,et
2634 458 3096 531 totantiquitatis
3128 465 3317 527 notas,
3336 466 3679 527 totannota—

241 534 507 590 sionesab
535 534 810 590 Ecclesia
843 552 981 593 non
1030 538 1305 610 rejectas,
1353 545 1553 612 totque
1606 538 1915 609 generibus

236 622 562 691 linguarum
581 621 951 694 depositum
965 622 1192 682 ﬁdeiin
1204 629 1334 682 Mss.
1356 627 1611 684 Gothicis
1632 627 1911 692 Vaticani,

239 712 523 782 Hispaniae
551 710 1000 783 etGalliarum,
1032 712 1290 771 nobisin
1325 714 1487 771 hunc
1511 714 1669 772 diem
1692 720 1915 771 sartum

238 804 453 855 tectum
502 814 743 855 servare
771 796 787 856 !

308 890 387 942 Ne
415 903 551 942 vero
582 878 867 957 vagandi
892 887 1147 947 licentia
1172 888 1449 946 ﬁdelibus
1480 890 1916 947 indiscrimina-

243 976 345 1030 tim
374 975 752 1046 tribueretur,
784 980 846 1032 et
862 977 1051 1033 simul
1078 978 1746 1035 haereticorumlibertas
1759 995 1917 1035 coer-

248 1068 488 1127 ceretur,
509 1080 760 1119 sacrum
775 1063 1113 1121 concilium
1148 1066 1552 1123 Tridentinum
1573 1067 1811 1139 privatis
1823 1083 1914 1122 ar-

241 1151 475 1207 bitrium
517 1151 737 1222 judicii
785 1151 849 1208 in
882 1154 1075 1210 sacris
1119 1150 1529 1211 discernendis
1555 1155 1814 1222 ademit;
1862 1159 1916 1211 et

240 1256 307 1294 ex
327 1239 606 1296 omnibus
638 1238 1041 1297 versionibus
1083 1246 1137 1299 et
1176 1241 1547 1300 Editionibus
1605 1260 1913 1300 sacrorum

238 1327 552 1385 Bibllorum
586 1322 920 1399 Vulgatam
949 1329 1175 1400 selegit,
1231 1332 1459 1387 caeteris
1524 1332 1796 1403 praetulit,
1859 1334 1912 1387 et

233 1416 643 1473 authenticam
676 1414 1019 1475 declaravit
1036 1439 1053 1489 λ
1090 1436 1161 1475 ne
1182 1418 1244 1475 in
1274 1436 1336 1476 re
1365 1424 1487 1476 tam
1510 1420 1675 1492 gravi
1695 1420 1827 1476 laici
1857 1425 1912 1476 et

230 1506 462 1561 feminae
490 1504 737 1577 judices
805 1508 1339 1565 constituerentur.
1386 1512 1512 1564 Non
1569 1526 1706 1565 vero
1763 1506 1908 1565 alias

2028 539 2199 595 tionis
2211 558 2484 600 numeros
2496 546 2809 611 hebraicis,
2838 549 3105 605 Romanis
3119 553 3175 604 et
3192 552 3448 623 antiquis
3474 555 3678 627 Hispa-

2025 626 2172 681 nicis
2201 628 2405 687 litteris
2432 630 2757 706 descriptos
2780 636 3056 706 reperies.
3085 640 3148 692 ut
3168 636 3333 695 nulla
3367 626 3674 701 remaneat

2024 714 2330 774 dubitatio.
2361 721 2566 792 Incipit
2588 738 2624 778 a
2661 720 3144 781 litterahebraica
3168 726 3383 795 Ateph,
3402 730 3672 801 sequitur

2023 818 2308 861 numerus
2348 810 2649 865 Romanus
2682 810 2719 874 Ι,
2765 811 2915 867 alius
2966 811 3317 884 Hispanicus
3373 815 3670 887 adjicitur,

2024 905 2353 963 omnesque
2382 894 2539 951 idem
2571 896 2928 968 signiﬁcant,
2949 896 3163 956 scilicet
3188 916 3509 959 numerum
3550 905 3671 976 pri-

2022 994 2191 1035 mum
2214 997 2228 1047 ;
2262 986 2467 1053 postea
2494 983 2841 1054 indigitatur
2884 986 3119 1045 initium
3143 990 3412 1060 mysticae
3442 992 3666 1061 signiﬁ-

2023 1066 2292 1137 cationis,
2322 1076 2378 1126 et
2398 1072 2481 1127 sic
2499 1072 2779 1146 deinceps
2800 1078 2956 1131 totus
2969 1076 3238 1147 psalmus
3256 1092 3361 1149 per
3384 1083 3517 1136 octo
3542 1095 3669 1137 ver-

2024 1155 2240 1211 siculos
2263 1160 2595 1217 successive
2626 1162 2687 1216 in
2717 1162 2912 1233 capita
2932 1163 3321 1222 distribuitur.
3358 1169 3421 1223 In
3446 1168 3665 1226 versio-

2021 1258 2094 1297 ne
2106 1242 2597 1313 Vulgatatantum
2624 1248 2827 1305 litterae
2845 1250 3143 1307 Hebraicae
3158 1258 3561 1326 apponuntur,
3612 1260 3667 1313 et

2019 1328 2121 1387 illa
2137 1331 2255 1388 alia
2276 1332 2335 1388 in
2365 1338 2567 1391 nostro
2594 1337 2870 1394 Psalterio
2897 1337 3102 1395 addita
3114 1339 3663 1411 antiquitatemred-

2020 1419 2195 1475 olent.
2234 1418 2470 1477 Psalmo
2492 1439 2612 1491 xcv,
2642 1427 2692 1493 8,
2731 1424 2859 1480 haec
2883 1425 3069 1482 verba
3093 1427 3154 1481 in
3185 1432 3392 1485 nostro
3449 1431 3661 1486 Codice

2018 1507 2294 1577 leguntur
2328 1510 2551 1567 :Dicite
2578 1513 2641 1567 in
2688 1514 3066 1570 nationibus:
3117 1516 3411 1571 Dominus
3450 1532 3665 1587 regna-

230 1576 527 1665 quasdam
560 1594 1570 1668 versionesparvipendit,ltalicam
1588 1596 1907 1669 praecipue;
1944 1576 1991 1633 Β
2020 1576 2101 1651 vit
2128 1611 2163 1652 a
2192 1596 2371 1665 ligno.
2402 1597 2709 1665 aJustino,
2742 1599 3299 1673 Tertulliano,atque
3329 1602 3461 1659 aliis
3487 1576 3663 1660 Patri-

230 1683 352 1737 imo
376 1688 434 1738 ut
464 1682 568 1754 buj
582 1700 653 1739 us
674 1683 1088 1740 innotesceret
1109 1684 1430 1757 antiquitas
1483 1689 1539 1741 et
1582 1686 1817 1748 veritas,
1847 1685 1908 1740 in

232 1769 427 1827 ofﬁcio
441 1772 818 1828 Homanoad
838 1775 1206 1829 matutinum
1238 1774 1531 1845 psalmus,
1563 1790 1667 1829 seu
1695 1772 1907 1830 invita~

230 1860 469 1924 torium,
516 1862 1125 1927 Venite,e.z'sultemus
1156 1862 1424 1928 Domino,
1452 1863 1626 1935 juxta
1656 1866 1909 1918 veterem

230 1948 573 2004 versionem
598 1949 815 2005 Italam
842 1949 1035 2005 ferme
1085 1948 1460 2005 adamussim
1490 1950 1788 2016 recitatur,
1818 1966 1909 2006 re-

228 2039 394 2092 tenta
423 2036 698 2092 solumin
730 2037 829 2092 die
860 2038 1215 2110 Epiphaniae
1249 2038 1487 2095 Domini
1540 2036 1822 2108 Vulgata;
1856 2043 1911 2094 et

229 2124 549 2193 Gregorius
580 2128 834 2196 Magnus
868 2130 1127 2198 utraque
1140 2126 1525 2183 translatione
1538 2142 1699 2182 nunc
1727 2141 1907 2195 nova,

225 2228 393 2268 nunc
422 2218 642 2281 vetere,
685 2214 990 2270 utebatur.

302 2303 976 2359 lnintroitumissarum
996 2303 1213 2359 videsis
1253 2302 1584 2374 gradualia,
1620 2306 1908 2359 ettractus

224 2390 816 2462 ipsiusmetMissalis
843 2392 1123 2448 Romani.
1145 2392 1375 2447 Passim
1390 2392 1770 2447 inveniuntur
1782 2408 1905 2448 ver-

225 2480 309 2534 sic
320 2479 400 2534 uli
414 2479 758 2535 secundum
782 2484 1048 2535 veterem
1062 2480 1273 2536 Italam
1288 2480 1621 2536 versionem
1633 2525 1647 2548 ,
1664 2496 1788 2551 qua
1801 2482 1907 2536 uti-

226 2574 322 2621 tur
354 2568 713 2623 Psalterium
744 2568 1372 2639 Gothico-Hispanum:
1406 2569 1661 2640 exempli
1696 2585 1901 2626 causa:

221 2654 281 2711 in
316 2656 561 2711 introitu
596 2656 932 2711 Dominicee
962 2658 1433 2728 Septuagesimte
1463 2658 1783 2713 recitantur
1808 2658 1906 2714 illa

222 2743 410 2799 verba
441 2762 453 2798 :
479 2745 1031 2801 Circumdederunt
1057 2760 1146 2801 me
1174 2750 1425 2815 gemitus
1446 2750 1673 2808 mortis,
1707 2750 1762 2801 et
1783 2761 1904 2801 non

222 2832 475 2901 doloris,
501 2834 686 2903 juxta
740 2833 1087 2902 Vulgatam,
1111 2834 1172 2888 in
1220 2834 1529 2889 communi
1571 2838 1905 2905 martyrum

2017 1683 2131 1739 bus
2145 1688 2447 1755 tantopere
2459 1686 2900 1755 commendata,
2924 1691 2979 1744 et
2999 1704 3035 1745 a
3056 1691 3388 1759 Fortunato,
3408 1690 3470 1746 in
3491 1691 3662 1762 hym-

2016 1786 2097 1827 no
2140 1773 2370 1830 Vexilia
2400 1775 2571 1844 Regis
2612 1774 2932 1845 prodeunt,
2981 1777 3097 1833 hoc
3146 1778 3330 1836 modo
3385 1778 3657 1837 intexta:

2302 1887 2548 1961 Impleta
2578 1895 2737 1961 sunt,
2787 1906 2923 1961 quae
2978 1890 3239 1949 concinit

2318 1957 2505 2031 David
2548 1958 2723 2031 fideli
2784 1957 3068 2031 c’armine,

2304 2028 2513 2084 Dicens
2544 2030 2603 2084 in
2654 2031 2996 2087 nationibus
3052 2028 3067 2087 Ξ

2300 2100 2640 2169 Regnavita
2682 2101 2844 2171 ligno
2898 2104 3086 2159 Deus:

2018 2215 2073 2267 et
2092 2215 2291 2268 tamen
2318 2212 2381 2267 in
2406 2213 2653 2284 Vulgata
2682 2230 2805 2271 non
2834 2216 3223 2288 reperientur,
3260 2221 3320 2276 ut
3367 2221 3427 2277 in
3479 2222 3659 2279 veteri

2015 2299 2158 2356 Itala
2180 2304 2237 2356 et
2276 2301 2551 2359 Psalterio
2581 2306 2809 2359 nostro.

2088 2390 2246 2444 Scire
2274 2390 2369 2445 hic
2417 2390 2613 2461 cupiet
2662 2392 2926 2448 eruditus
2976 2393 3178 2461 lector,
3227 2411 3263 2453 a
3302 2410 3423 2468 quo
3453 2401 3509 2454 et
3536 2410 3658 2469 quo

2015 2476 2231 2533 saeculo
2249 2478 2361 2533 hoc
2386 2476 2731 2535 Psalterium
2751 2497 2865 2536 ms.
2894 2483 2969 2538 sit
2992 2486 3336 2553 exaratum;
3387 2488 3460 2551 et,
3494 2490 3558 2541 ut
3577 2484 3657 2541 ob

2013 2566 2470 2624 elucidationem
2500 2568 2581 2623 rei
2604 2569 2910 2640 utriusque
2948 2570 3100 2627 fines
3131 2573 3274 2630 recti
3299 2573 3507 2643 judicii
3535 2590 3658 2632 non

2013 2656 2580 2728 praetergrediamur,
2596 2658 2913 2713 asserimus
2932 2660 3194 2716 Codicem
3208 2662 3317 2718 tria
3333 2664 3655 2731 continere,

2014 2743 2229 2800 scilicet
2260 2744 2621 2811 Psalterium,
2658 2746 2907 2813 cantica,
2948 2751 3004 2803 et
3043 2748 3341 2819 hymnos;
3377 2755 3656 2807 caeterum

2014 2830 2075 2886 in
2136 2832 2559 2902 praelocutione
2620 2834 2911 2890 acrostica
2955 2835 3325 2905 hymnorum
3380 2839 3655 2906 leguntur

225 2925 499 2992 tempore
512 2920 819 2993 paschali,
838 2920 1061 2992 psalm.
1086 2937 1277 2976 cxxxiv
1303 2938 1315 2975 :
1343 2922 1414 2977 In
1430 2922 1613 2977 servis
1641 2923 1762 2977 suis
1773 2937 1907 2977 con-
1938 2912 1981 2969 (ἶ
2013 2918 2181 2975 initio
2194 2920 2482 2990 cujusque
2506 2920 2834 2975 hexametri
2857 2920 3080 2988 litterae,
3109 2938 3182 2977 ex
3207 2922 3423 2993 quibus
3442 2925 3655 2995 prode-

225 3009 562 3077 solabitur;
588 3012 769 3079 juxta
808 3009 1147 3079 Vulgatam,
1170 3010 1607 3078 deprecabitur.

300 3100 376 3153 Ne
425 3098 755 3154 videamur
795 3098 1063 3154 Psalterii
1094 3098 1405 3155 lsidoriani
1451 3098 1788 3155 versionem
1816 3099 1905 3154 ni-

229 3187 416 3242 mium
435 3188 751 3253 extollere,
772 3191 954 3259 etpro
968 3190 1174 3243 nostro
1194 3185 1440 3243 arbitrio
1457 3202 1720 3244 asserere
1753 3191 1905 3244 vete-

224 3276 269 3328 ri
286 3275 524 3341 ltalicae,
545 3290 741 3346 quam
755 3289 1166 3345 summopere,
1186 3279 1246 3330 ut
1270 3275 1496 3330 dictum
1509 3278 1614 3338 est,
1630 3275 1904 3344 Augusti-

225 3377 335 3417 nus
346 3362 775 3425 commendat,
788 3378 927 3419 eam
939 3378 1070 3417 esse
1088 3362 1761 3434 simillimam,quasdam
1772 3361 1904 3418 loca

223 3451 629 3520 proferemus.
664 3455 731 3507 In
762 3452 1007 3524 psalmo
1047 3468 1213 3519 nvn,
1268 3451 1488 3521 legitur
1536 3451 1597 3505 in
1656 3450 1904 3520 Vulgata

222 3542 504 3611 odientes,
521 3547 583 3597 et
595 3542 660 3597 in
676 3539 967 3597 Psalterio
981 3539 1312 3596 Isidoriano
1325 3540 1458 3595 odio
1488 3540 1764 3596 habentes
1774 3582 1787 3606 ,
1801 3553 1901 3594 eo-

222 3627 355 3685 dem
381 3631 578 3687 modo
612 3646 745 3700 quo
797 3633 1049 3685 sanctus
1109 3628 1477 3697 Augustinus
1523 3628 1681 3696 legit.
1738 3627 1898 3683 Psal-

223 3732 320 3772 mo
352 3736 508 3788 xnu,
542 3723 600 3785 3,
633 3718 839 3774 tamin
854 3716 1105 3787 Vulgata
1133 3732 1321 3788 quam
1352 3716 1481 3772 aliis
1521 3715 1896 3771 versionibus

226 3814 469 3875 eructat,
486 3808 552 3863 in
568 3808 851 3863 versione
864 3821 1009 3862 vero
1022 3806 1204 3861 veteri
1222 3804 1367 3861 Itala
1379 3804 1591 3874 legitur
1602 3810 1895 3867 eructuat,

230 3900 286 3950 ut
308 3896 492 3952 etiam
514 3896 583 3951 in
612 3894 957 3964 Augustino
980 3912 1000 3964 ;
1029 3893 1297 3966 insuper,
1332 3908 1485 3948 vers.
1538 3894 1603 3947 14
1630 3892 1901 3963 ejusdem

232 3983 458 4053 psalmi,
478 3983 772 4053 Vulgata:
793 3983 860 4039 Si
878 3982 994 4038 mei
1004 3996 1125 4038 non
1145 3982 1385 4050 fuerint
1401 3982 1719 4047 dominati;
1748 3980 1902 4037 Psal-

239 4076 439 4130 terium
470 4072 912 4135 lsidorianum,
942 4071 1275 4138 dominata,
1313 4069 1483 4125 sicuti
1511 4070 1900 4139 Augustinus.

240 4161 456 4219 Psalmo
481 4180 578 4233 xx,
605 4166 666 4230 3,
686 4160 1053 4217 desiderium
1082 4159 1273 4215 cordis
1302 4156 1516 4230 legitur
1538 4157 1599 4213 in
1630 4158 1899 4228 Vulgata,

2014 3011 2119 3064 unt
2146 3007 2274 3063 htec
2304 3008 2487 3063 verba
2514 3026 2527 3062 :
2556 3008 2887 3063 Mauricius
2910 3010 3146 3066 obtante
3184 3011 3518 3068 Veraniano
3534 3014 3656 3071 edi-

2012 3097 2119 3166 dyt
2142 3110 2253 3165 ;ex
2281 3095 2500 3167 quibus
2532 3095 2881 3167 conspicum
2944 3100 3192 3169 apparet
3229 3101 3655 3173 exscriptorem

2009 3184 2197 3240 fuisse
2230 3183 2559 3255 quemdam
2590 3184 2938 3255 Mauricum,
2976 3186 3285 3245 Veraniani
3334 3189 3509 3258 votis,
3554 3194 3658 3247 aut

2005 3275 2211 3345 jussu;
2246 3277 2487 3345 tamque
2508 3273 2769 3344 jubentis
2786 3290 2966 3345 quam
2995 3277 3369 3348 exsequentis
3384 3293 3497 3334 nos
3517 3278 3657 3337 latet

2009 3362 2249 3430 notitia;
2280 3378 2389 3417 nec
2416 3361 2772 3432 conjecturis
2814 3362 2985 3418 locus
3041 3367 3149 3429 est,
3198 3380 3337 3420 cum
3387 3365 3555 3423 nulla
3592 3368 3655 3423 in

2010 3450 2273 3507 conciliis
2291 3449 2582 3505 Toletanis
2605 3450 2869 3521 episcopi
2918 3451 3231 3508 Veraniani
3260 3453 3484 3510 mentio
3509 3455 3651 3521 ﬂat;

2009 3554 2151 3595 nam
2180 3537 2313 3593 licet
2340 3537 2662 3601 Mauritius,
2710 3539 2999 3593 Oretanus
3048 3539 3388 3611 episcopus,
3422 3544 3478 3597 et
3507 3544 3655 3599 Vera

2008 3626 2464 3683 Tarraconensis
2501 3624 2797 3681 Toletanis
2849 3627 3116 3682 conciliis
3172 3628 3650 3702 subscripserint,

2009 3719 2209 3771 tamen
2227 3713 2457 3769 nullum
2482 3729 2555 3768 ex
2581 3712 2696 3769 hoc
2726 3712 3187 3772 fundamentum
3211 3716 3339 3772 elici
3356 3722 3571 3789 potest,
3600 3723 3657 3775 et

2009 3801 2430 3859 tantummodo
2457 3799 2535 3857 ad
2593 3800 2901 3872 scripturae
2958 3802 3131 3871 signa
3172 3820 3471 3861 recurrere
3498 3806 3651 3863 licet.

2080 3895 2143 3946 ln
2156 3890 2400 3947 canticis
2420 3888 2845 3960 superscriptio
2858 3890 3279 3963 prophetarum
3301 3891 3539 3951 inversa
3552 3896 3655 3952 tibi

2008 3978 2319 4047 videbitur;
2346 3993 2489 4035 nam
2501 3976 2787 4034 Jeremias
2809 3993 2918 4049 pro
2930 3979 3231 4051 Nehemia,
3248 3982 3529 4040 Zacharia
3544 3999 3653 4056 pro

2008 4067 2232 4130 Azaria,
2265 4065 2551 4122 Jeremias
2570 4081 2680 4137 pro
2692 4065 3142 4131 Micheea,lsaias
3168 4084 3278 4139 pro
3298 4069 3574 4137 Jeremia,
3598 4074 3655 4128 et

2012 4159 2165 4212 Osca
2198 4172 2209 4211 ι
2240 4153 2353 4210 hoc
2384 4154 2601 4224 partim
2626 4153 2999 4223 exscriptoris
3052 4156 3250 4225 culpa,
3284 4158 3498 4226 partim
3525 4157 3655 4215 aliis

247 4256 294 4304 et
318 4250 443 4306 aliis
475 4248 866 4324 quibusdam
883 4246 1278 4311 versionibus,
1312 4246 1375 4301 in
1430 4244 1713 4302 Psalterio
1771 4262 1903 4303 vero
1934 4255 1983 4315 1)
2010 4245 2084 4301 de
2119 4242 2314 4299 causis
2344 4240 2683 4310 contingere
2712 4240 2949 4313 potuit;
2972 4246 3113 4299 etne
3144 4243 3524 4315 supercilium
3554 4262 3653 4303 ex-

247 4339 602 4397 llozarabico
616 4339 859 4403 animae,
883 4336 1021 4393 utin
1044 4333 1379 4406 Augustino
1404 4337 1490 4403 ;et
1526 4332 1786 4391 Ecclesia
1798 4338 1905 4392 Ro-

249 4444 410 4487 mana
438 4430 503 4486 in
528 4426 855 4487 communi
896 4424 1079 4481 unius
1106 4424 1382 4496 martyris
1432 4422 1656 4495 pluries
1696 4423 1906 4497 repetit

250 4532 463 4576 anum.

305 4609 472 4665 Juxta
486 4606 819 4677 Vulgatam
832 4606 1080 4659 centum
1093 4600 1536 4673 quinquaginta
1564 4600 1782 4672 psalmi
1794 4601 1902 4657 Da-

252 4695 393 4762 vidis,
409 4714 515 4754 seu
526 4696 579 4766 ej
592 4711 665 4750 us
677 4690 1131 4763 discipulorum
1151 4693 1607 4758 enumerantur;
1630 4689 1902 4745 tamenin

255 4792 425 4844 nostro
446 4783 743 4844 Psalterio
796 4780 1155 4843 Isidoriano,
1192 4783 1250 4835 et
1300 4778 1362 4834 in
1396 4778 1663 4834 versione
1721 4778 1901 4834 veteri

256 4872 420 4933 Italica
454 4870 905 4949 superadditur
958 4867 1231 4939 psalmus
1271 4882 1373 4935 cu,
1408 4866 1577 4937 cujus
1623 4866 1853 4923 initium
1883 4884 1896 4922 :

255 4963 468 5022 Pusillus
488 4981 658 5021 eram
692 4958 1103 5026 interfratres
1116 4971 1289 5021 meos,
1306 4962 1360 5013 et
1390 4955 1899 5012 adoiescentiorin

253 5051 583 5127 domopatris
602 5051 749 5115 mei,
769 5051 919 5112 etc.,
946 5061 1086 5100 cum
1098 5044 1212 5101 hac
1242 5044 1567 5117 epigraphe
1587 5061 1597 5097 :
1615 5045 1723 5100 Hic
1738 5046 1900 5114 psal-

245 5154 335 5203 mu;
339 5147 580 5220 proprie
600 5140 813 5208 script
824 5151 895 5191 us
918 5134 980 5189 in
995 5134 1195 5189 David
1205 5140 1378 5190 extra
1408 5149 1743 5200 numerum,
1769 5148 1897 5191 cum

225 5240 649 5309 pugnatoresset
680 5228 998 5287 adversus
1027 5221 1255 5278 Goliam
1276 5223 1527 5278 soluszet
1557 5221 1604 5277 si
1630 5220 1899 5278 conferas

225 5333 311 5385 non
336 5323 804 5403 Epigraphem,
836 5310 967 5403 sed.
988 5309 1208 5381 psalmi
1236 5310 1574 5403 le‘bd,§l_)8
1620 5309 1804 5403 dubio
1835 5309 1897 5365 in

216 5397 680 5477 i'ersione‘veteri
696 5402 933 5463 Italica
946 5397 1273 5469 (nusquam
1286 5399 1348 5456 in
1386 5398 1653 5457 Editione
1679 5398 1894 5470 Vulga-

210 5515 268 5575 ta,
311 5508 526 5578 etaliis)
562 5499 825 5562 eadem
853 5485 1147 5558 reperies.

252 5576 529 5660 praem
541 5590 670 5651 sed
680 5585 800 5644 ulo
818 5581 1101 5635 scrutare
1124 5576 1408 5647 psalmum
1419 5577 1896 5649 cxvm,Beatiz'm-

2012 4332 2205 4398 tollas,
2224 4330 2378 4386 illico
2404 4329 2507 4387 tibi
2535 4329 2878 4400 exemplum
2892 4329 3080 4387 simile
3094 4331 3155 4387 in
3183 4336 3387 4391 nostra
3404 4334 3655 4406 Vulgata

2011 4422 2264 4479 occurrit
2276 4434 2453 4491 ;nam
2495 4434 2622 4490 cap.
2657 4435 2808 4475 xxvu
2835 4420 3055 4487 Matth.,
3088 4436 3241 4477 vers.
3274 4425 3326 4488 9,
3353 4422 3482 4479 haec
3526 4440 3653 4481 ver-

2007 4511 2107 4569 ba:
2120 4510 2170 4565 A
2180 4513 2495 4578 coeperunt
2510 4507 2769 4579 triginda
2780 4514 3079 4579 argenteos
3087 4512 3344 4579 pretium
3354 4514 3656 4581 appretia-

2012 4602 2074 4666 ti,
2100 4604 2207 4655 etc.
2218 4639 2231 4664 ,
2245 4598 2431 4653 relata
2448 4599 2583 4651 sunt
2610 4596 3057 4667 tanquamdicta
3068 4613 3104 4655 a
3122 4599 3379 4656 Jeremia
3394 4602 3649 4673 prophe-

2007 4688 2203 4756 ta,illis
2223 4685 2418 4741 verbis
2451 4702 2463 4739 :
2500 4685 2665 4739 Tunc
2695 4686 3000 4753 impletum
3014 4692 3121 4753 est,
3146 4688 3301 4757 quod
3320 4684 3545 4744 dictum
3568 4695 3651 4746 est

2003 4776 2437 4847 perJeremiam
2464 4772 2736 4845 ;qnando
2760 4778 2918 4830 certo
2931 4779 3293 4831 constatnon
3324 4778 3644 4851 aleremia,

2009 4865 2114 4922 sed
2143 4881 2178 4921 a
2207 4861 2491 4921 Zacharia
2524 4878 2654 4917 esse
2685 4862 2935 4933 prolata.
2974 4864 3240 4931 Ulterius,
3270 4881 3401 4937 cap.
3426 4882 3444 4921 ι
3498 4869 3646 4924 Mar-

2007 4956 2078 5021 ci,
2111 4970 2263 5009 vers.
2296 4956 2347 5017 2,
2380 4954 2764 5022 apponuntur
2788 4949 2887 5006 illa
2916 4950 3097 5009 verba
3127 4969 3139 5007 :
3170 4954 3323 5009 Ecce
3347 4969 3442 5025 ego
3482 4957 3648 5012 mitto

2006 5031 2285 5114 angelum
2300 5055 2485 5095 meum
2499 5044 2637 5094 ante
2644 5039 2859 5107 faciem
2876 5043 3037 5096 tuam
3060 5043 3265 5109 ;juarta
3280 5042 3494 5099 Isaiam
3505 5058 3643 5112 pro-

2002 5133 2257 5203 phetam,
2290 5132 2346 5184 et
2372 5143 2577 5183 revera
2606 5130 2743 5183 sunt
2789 5126 3105 5183 Malachiae.
3138 5129 3227 5185 Ad
3257 5129 3363 5187 has
3390 5135 3446 5187 et
3501 5131 3649 5189 alias

2006 5219 2165 5276 difﬁc
2174 5219 2381 5274 ultates
2398 5214 2747 5271 enodandas
2760 5214 2820 5270 in
2840 5215 3037 5273 varias
3050 5218 3410 5288 expositores
3423 5220 3650 5278 abeunt

2007 5307 2327 5365 sententias
2346 5323 2359 5373 ;
2376 5303 2478 5361 sed
2491 5303 2562 5360 ad
2578 5306 2852 5359 nostrum
2875 5304 3207 5361 institutum
3223 5306 3415 5377 magis
3428 5308 3648 5365 arridet

2003 5402 2242 5454 sanctus
2268 5393 2681 5465 Hieronymus,
2707 5391 2809 5447 lib.
2834 5407 2871 5446 ιῐ
2902 5393 2963 5449 in
2982 5397 3163 5449 Amos
3231 5411 3439 5466 cap.v,
3484 5397 3644 5451 hisce

2001 5484 2217 5543 verbis:
2236 5484 2308 5538 In
2325 5482 2591 5537 omnibus
2606 5480 2938 5550 Scripturis
2952 5484 3173 5539 sanctis
3206 5484 3638 5539 observandum

2004 5581 2086 5637 est
2111 5573 2423 5645 apostolos,
2444 5578 2497 5630 et
2519 5571 2858 5641 apostolicos
2902 5572 3054 5629 viros
3080 5573 3139 5629 in
3183 5570 3459 5641 ponendis
3477 5569 3638 5624 testi-
