4076 6398
446 276 517 342 15
1368 269 1812 357 EBANCISCUS
1849 261 2211 323 ANTONIUS
2250 258 2674 316 LORENZANA
2714 257 3041 316 LECTORI.
3814 252 3888 310 16

448 407 661 466 maniis
677 404 749 460 de
775 400 970 458 Veteri
984 399 1479 454 Testamentonon
1500 395 1677 451 verba
1707 390 2096 456 considerare,
2134 388 2181 443 A
2211 384 2406 441 clesite
2437 387 2638 441 Patres
2666 383 2924 440 strictius
2953 378 3229 437 amicitiae
3258 378 3566 435 vinculum
3614 393 3885 452 usquam

446 497 549 554 sed
572 508 827 552 sensum.
2210 473 2543 546 perlectum
2591 476 2679 528 est
2696 474 2723 529 ?

516 587 600 640 Ex
627 582 721 639 his
750 576 1045 647 colligitur
1074 573 1456 647 Hispanicam
1486 571 1812 629 Ecclesiam
1828 569 1889 626 in
1907 581 2102 624 sacro-
2279 561 2563 629 Isidorus,
2581 560 2688 616 etsi
2701 573 2827 617 non
2842 556 3413 647 discipulus,eidem
3427 555 3883 647 summoponti-

443 688 580 729 rum
595 644 1283 727 Bibliorumversionein
1294 660 1569 735 plurimis
1597 660 1903 717 adhaerere
1919 654 2100 713 veteri
2205 650 2304 707 ﬁci
2330 649 2958 708 commendatissimus
2976 647 3105 710 fuit,
3134 646 3239 719 qui
3251 661 3373 703 non
3390 645 3585 704 solum
3614 644 3874 735 auctori-

442 761 677 827 ltalicae,
702 758 874 829 cujus
889 754 1255 811 mentionem
1277 734 1519 809 sanctus
1548 748 1916 822 Augustinus
1937 742 2096 809 facit;
2206 744 2325 797 tate
2354 738 2843 829 apostolicaejus
2879 736 3232 829 electionem
3253 735 3646 829 conﬁrmavit,
3669 739 3734 829 et
3748 734 3879 791 ele-

442 853 501 906 et
524 849 587 907 in
613 824 829 905 Missali
852 849 909 900 et
925 841 1220 900 Breviario
1235 844 1504 898 Romano
1520 839 1695 910 juxta
1714 837 2015 904 eamdem,
2043 837 2100 889 et
2208 832 2370 885 ctum
2383 844 2554 885 sacro
2566 827 2749 900 pallio
2764 827 3087 893 decoravit,
3106 825 3208 880 sed
3223 825 3404 881 etiam
3417 825 3547 896 ejus
3558 824 3620 881 in
3635 824 3876 880 univer-

438 953 563 995 non
596 936 896 992 aliastunc
920 930 1204 1004 temporis
1230 929 1510 999 vigentes,
1546 926 1748 1001 plures
1788 922 2096 998 appositas
2204 931 2273 974 sa
2290 917 2570 988 Hispania
2599 915 2893 973 vicarium
2923 913 3249 1004 constituit,
3280 916 3412 1004 Non
3442 913 3738 1004 minorem
3753 915 3874 1004 Leo

440 1025 624 1083 fuisse
649 1021 975 1080 versiculos
1002 1002 1271 1077 Clemens
1309 1017 1446 1083 Vlll,
1501 1016 1563 1072 in
1605 1014 1771 1071 bulla
1822 1016 2092 1069 Romano
2199 1007 2268 1061 IV
2280 1004 2354 1062 de
2376 1021 2447 1063 eo
2468 1004 2816 1078 opinionem
2835 1002 3251 1077 concepit,qui
3281 1002 3363 1059 ad
3389 1002 3702 1060 Britanniae
3717 1002 3875 1075 epis-

442 1113 654 1173 Missali
682 1110 946 1185 praeﬁxa,
979 1106 1366 1182 sequentibus
1393 1103 1612 1170 verbis,
1666 1105 1915 1160 testatur
1946 1099 2092 1168 :Qui
2198 1108 2380 1185 copos
2395 1094 2677 1185 scribens,
2707 1094 2917 1185 asserit
2948 1092 3537 1185 :isidoridictasicut
3560 1092 3873 1162 Hierony-

439 1203 599 1275 (Pius
615 1180 805 1273 νὴτεί
813 1200 1016 1256 multis
1025 1180 1343 1268 propositis
1351 1193 1545 1265 poenis
1559 1192 1920 1250 severissime
1929 1204 1994 1245 ca
2002 1205 2089 1245 τε·
2195 1183 2279 1275 nti
2298 1188 2351 1238 et
2365 1183 2428 1275 _A
2439 1184 2682 1275 ugustin
2692 1184 2709 1237 ἰ
2721 1182 3033 1275 retinenda
3063 1196 3203 1245 esse,
3237 1180 3341 1236 ubi
3368 1181 3716 1275 inusitatum
3730 1194 3873 1275 con-

439 1293 544 1361 rit,
572 1306 646 1348 ne
666 1292 762 1347 illi
774 1290 864 1347 vel
874 1288 1217 1350 adderetur,
1234 1286 1329 1341 vel
1339 1284 1467 1339 ulla
1482 1280 2084 1346 rationedemeretur,

439 1388 630 1439 tamen
637 1394 953 1453 progressu
966 1375 1260 1447 temporis,
1273 1376 1397 1430 sive
1409 1370 1935 1443 typographorum,
1966 1368 2089 1424 sive

435 1468 1005 1536 aliorum,temeritas
1015 1470 1070 1521 et
1082 1464 1332 1520 audacia
1345 1462 1536 1532 e/I‘ecit
1548 1461 1797 1516 utmulti
1806 1460 1869 1514 in
1879 1472 2087 1528 eaquw

435 1559 525 1615 his
533 1557 827 1627 proximis
837 1556 1013 1613 annis
1026 1566 1247 1611 excusa
1257 1556 1395 1607 sunt
1409 1550 1683 1606 Missalia
1695 1562 1920 1604 errores
1945 1560 2090 1602 irre-

429 1644 891 1717 pserint,quibus
904 1642 1296 1700 vetustissima
1306 1639 1421 1695 illa
1437 1638 1741 1695 sacrorum
1755 1636 2088 1691 Bibliorum

2195 1258 2735 1342 tigeritnegotium,
2765 1270 2925 1343 quod
2953 1285 3059 1342 per
3106 1284 3366 1327 canones
3394 1269 3637 1325 minime
3659 1266 3868 1340 deﬁni-

2197 1359 2257 1413 ri
2267 1362 2475 1429 possit.
2510 1359 2649 1429 EjUs
2682 1359 2845 1415 fama
2871 1374 2942 1415 eo
2974 1358 3221 1415 tandem
3252 1356 3532 1425 excrevit,
3563 1360 3628 1413 ut
3653 1356 3752 1414 vix
3783 1355 3870 1413 ab

2196 1447 2325 1518 ejus
2339 1446 2509 1504 obitu
2526 1446 2672 1503 dece
2686 1464 2745 1503 m
2759 1453 2816 1503 et
2834 1447 3114 1505 sexannis
3138 1446 3378 1520 elapsis,
3389 1446 3667 1503 Toletana
3684 1460 3871 1519 syno-

2196 1534 2277 1591 do
2298 1535 2558 1591 duorum
2586 1552 2764 1608 supra
2775 1535 3217 1609 quinquaginta
3239 1537 3665 1609 episcoporum
3694 1533 3871 1607 plau-

2196 1622 2395 1688 dente,
2417 1625 2669 1696 ipsoque
2683 1630 2889 1680 sancto
2921 1623 3280 1696 lldcphonso
3313 1622 3865 1693 suffragante,Doc-

433 1712 777 1806 versio,qua!
789 1732 970 1790 etiam
982 1737 1121 1788 ante
1137 1734 1306 1786 sanct
1314 1731 1336 1783 i
1343 1728 1700 1797 Hieronymi
1710 1737 1977 1795 tempora
2000 1738 2088 1780 ce-

2211 1727 2289 1767 ;or
2301 1713 2586 1783 egregius,
2612 1713 2922 1769 catholicae
2952 1713 3231 1768 Ecclesia
3257 1713 3639 1769 novissimum
3654 1712 3859 1775 decus,

437 1823 614 1880 lebris
628 1821 832 1879 habita
844 1826 926 1877 est
948 1834 1011 1875 in
1031 1816 1374 1885 Ecclesia,et
1392 1829 1805 1888 exquaomnes
1818 1814 1945 1882 fere
1958 1829 2009 1867 m
2020 1811 2090 1867 is-

432 1926 638 1969 sarum
650 1910 1150 1978 introitus,etquae
1160 1902 1777 1975 dicunturgradualia
1789 1908 1841 1958 et
1854 1902 2088 1972 o/Ierto-

432 1998 1187 2071 riaacceptasunt,omuino
1198 1995 1432 2052 sublata
1445 1994 1813 2065 est.....cujus
1828 1993 1918 2047 rei
1935 2006 2084 2060 prae-

436 2097 633 2148 textas
658 2087 1093 2160 fuissevidetur
1106 2092 1173 2140 ut
1199 2084 1399 2140 omnia
1425 2084 1506 2140 ad
1539 2082 1946 2153 praescriptum
1985 2094 2085 2136 sa-

434 2193 673 2237 crorum
685 2177 1011 2233 Bibliorum
1029 2175 1292 2244 Vulgata?
1310 2171 1609 2228 Editionis
1642 2174 2081 2227 revocarentur.

504 2266 832 2325 Licetenim
845 2263 1247 2335 Hieronymus
1268 2262 1327 2317 in
1348 2260 1531 2318 sacris
1565 2260 1881 2331 Scripturis
1907 2272 2085 2329 expo-

433 2355 649 2414 nendis
672 2354 883 2411 doctor
906 2350 1208 2409 maximus
1233 2350 1459 2406 censeri
1511 2348 1746 2415 debeat,
1799 2352 1998 2403 tamen
2023 2345 2086 2400 in

433 2444 693 2502 Ecclesia
717 2442 923 2499 Latina
941 2439 1146 2511 magni
1167 2437 1448 2512 ponderis
1477 2451 1716 2509 semper
1757 2434 1970 2491 habita
1999 2438 2089 2489 est

435 2528 1097 2601 auctoritasAugustini.
1125 2531 1238 2584 Nec
1250 2526 1513 2583 eruditos
1537 2525 1679 2581 latet
1704 2524 2087 2596 Hispanicam

436 2621 760 2679 Ecclesium
789 2619 919 2691 ejus
947 2632 1132 2690 opera
1152 2631 1275 2688 prae
1303 2614 1490 2671 oculis
1519 2612 1824 2676 habuisse,
1844 2628 1984 2667 cum
2008 2610 2088 2668 ob

433 2708 945 2784 propinquitatem
957 2706 1295 2775 regionum,
1310 2708 1437 2759 tum
1464 2703 1543 2758 ob
1574 2700 1962 2773 epistolarum
1980 2699 2089 2756 fre-

435 2798 766 2870 quentiam,
782 2795 1275 2867 etepiscoporum
1295 2790 1710 2847 Africanorum
1729 2806 1866 2845 cum
1885 2789 2087 2861 Hispa-

435 2886 585 2944 nicis
638 2882 1266 2941 communicationem.

509 2973 815 3033 Canticum
829 2987 969 3026 χχιιι
991 2970 1053 3025 in
1069 2974 1275 3026 nostro
1297 2967 1579 3024 Psalterio
1627 2966 1928 3024 canticum
1949 2966 2089 3022 Tobi

437 3061 800 3128 inscribitur,
815 3074 938 3115 non
962 3058 1157 3114 Tobiz
1178 3063 1261 3122 ;et
1277 3057 1491 3113 eodem
1516 3055 1701 3112 modo
1722 3060 1966 3111 sanctus
1978 3065 2089 3111 Au-

446 3151 742 3223 gustinus,
776 3147 879 3220 qui
908 3160 1147 3218 semper
1194 3145 1489 3201 seniorem
1529 3144 1749 3207 Tobim,
1790 3143 2089 3215 juniorem

450 3240 687 3296 Tobiam
719 3235 998 3309 appellat.

514 3331 766 3384 Sanctus
786 3323 1049 3380 Leander
1072 3322 1346 3395 apprime
1379 3321 1596 3378 charus
1623 3320 1818 3383 fuit,et
1836 3321 2097 3378 amicitia

447 3413 973 3487 conjunctissimus
1011 3418 1217 3467 sancto
1249 3409 1526 3479 Gregorio
1578 3412 1808 3479 Magno,
1861 3425 2096 3465 necnon

451 3508 693 3563 sanctus
708 3502 973 3577 Isidorus
999 3516 1011 3566 ;
1027 3500 1155 3571 ejus
1173 3499 1257 3555 rei
1287 3498 1529 3554 evidens
1572 3502 1995 3569 argumentum
2013 3503 2100 3555 est

449 3592 612 3666 quod
633 3588 1065 3646 commentaria
1086 3588 1146 3643 in
1179 3587 1288 3643 Job
1310 3603 1464 3659 papa
1491 3586 1802 3658 Gregorius
1833 3587 2101 3644 Leandro

450 3679 695 3745 dicavit,
719 3694 859 3734 eum
876 3676 1190 3749 alloquens
1214 3676 1413 3732 verbis
1438 3690 1643 3731 amore
1672 3679 1731 3731 et
1775 3676 2104 3733 reverentia

447 3768 663 3843 plenis.
682 3769 725 3833 Ο
737 3767 822 3823 uis
833 3765 1011 3837 igitur
1022 3781 1185 3821 sanae
1202 3764 1420 3821 mentis
1438 3764 1552 3820 hos
1567 3768 1806 3821 sanctos
1828 3763 2103 3821 doctores

450 3857 726 3929 ejusdem
744 3853 990 3912 instituti
1002 3858 1213 3910 mutuo
1233 3853 1386 3909 inter
1401 3868 1462 3909 se
1474 3869 1597 3909 non
1627 3850 1953 3909 contulisse
1966 3868 2106 3908 con-

460 3946 614 4015 silia,
639 3944 944 4001 versiones
967 3958 1194 4009 sacras,
1210 3941 1484 4011 etlibros,
1511 3940 1729 4014 quibus
1757 3940 1909 3997 ﬁdes
1926 3941 2104 3999 catho

448 4035 565 4092 lica
591 4033 916 4102 fulciretur,
940 4037 997 4088 et
1032 4031 1357 4088 Gothorum
1406 4045 1553 4101 gens
1586 4045 1778 4103 nuper
1812 4029 1892 4086 ad
1920 4028 2104 4086 ﬁdem

449 4138 739 4180 conversa
781 4121 843 4177 in
869 4136 941 4177 ea
991 4119 1373 4190 stabiliretur,
1420 4117 2105 4191 opinabitur7Adducat

449 4211 603 4269 alius
617 4209 806 4267 simile
819 4208 1216 4266 dedicationis
1227 4206 1552 4280 exemplum
1566 4206 1769 4263 summi
1782 4207 2078 4279 pontiﬁcis
2088 4248 2102 4273 ,

449 4298 776 4371 magnique
798 4297 1073 4353 Ecclesiae
1087 4295 1348 4353 doctoris
1373 4313 1387 4364 ;
1402 4294 1463 4350 in
1477 4295 1746 4351 medium
1762 4294 1971 4352 afferat
1985 4294 2105 4351 alia

446 4387 634 4446 verba
663 4390 839 4445 tantae
868 4384 1299 4441 benevolentiae
1329 4381 1669 4455 plenasicut
1695 4380 1798 4437 illa
1841 4382 2104 4451 Gregorii

448 4477 528 4534 ad
549 4474 908 4538 Leandrum,
937 4489 1010 4529 ex
1039 4472 1253 4543 Regist.
1285 4469 1388 4528 lib.
1421 4486 1495 4537 1v,
1520 4469 1693 4542 epist.
1727 4469 1795 4527 46
1825 4489 1837 4529 :
1869 4470 2102 4538 Quanto

448 4565 665 4623 ardore
690 4564 891 4621 videre
907 4570 964 4619 te
982 4563 1203 4630 sitiam,
1218 4561 1361 4632 quia
1394 4559 1569 4615 valde
1579 4573 1671 4615 me
1688 4557 1910 4629 diligis,
1925 4560 1989 4615 in
2016 4560 2105 4614 tui

450 4652 670 4711 tabulis
682 4649 875 4709 cordis
889 4651 1040 4721 leges
1060 4666 1073 4715 ;
1091 4648 1194 4706 sed
1210 4649 1352 4719 quia
1376 4648 1553 4717 longo
1581 4652 1883 4704 terrarum
1906 4649 2103 4718 spatio

448 4741 816 4812 disjunctum
834 4747 889 4796 te
909 4737 1579 4806 viderenequeo,unum,
1609 4734 1765 4807 quod
1791 4736 1942 4792 mihi
1970 4736 2105 4794 dete

447 4830 698 4887 dictavit
729 4829 1016 4897 charitas,
1028 4824 1165 4896 feci,
1182 4831 1247 4880 ut
1263 4824 1842 4895 Regulaepastoralis
1860 4826 2101 4895 librum,

447 4933 613 4991 quem
622 4918 686 4973 in
698 4917 1071 4985 episcopatus
1086 4913 1199 4970 mei
1207 4913 1453 4970 exordio
1465 4913 1754 4982 scripsi,et
1770 4914 2107 4985 libros,quos

445 5007 509 5063 in
521 5004 932 5076 expositionem
950 5001 1101 5059 beati
1108 5000 1177 5058 Jo
1184 5001 1344 5071 bjam
1356 5000 1575 5057 dudum
1587 5018 1669 5059 me
1673 5003 1884 5072 fecisse
1896 5018 2106 5075 cogno-

447 5094 780 5157 visti,sanct
788 5091 924 5147 itati
935 5091 1360 5159 tuw,communi
1366 5089 1490 5159 ﬁlio
1505 5090 1751 5148 Probino
1756 5092 2101 5162 presbytero

444 5182 727 5247 veniente,
744 5181 1228 5237 transmitterem.
1249 5178 1384 5235 Etin
1396 5176 1514 5235 ﬁne
1525 5178 1809 5251 epistolae,
1824 5180 1899 5237 de
1910 5180 2102 5238 brevi-

443 5274 565 5327 tate
577 5285 705 5326 sese
727 5283 1043 5336 excusans,
1086 5267 1218 5324 haec
1236 5266 1423 5325 verba
1441 5284 1590 5326 auro
1602 5269 1901 5342 cedroque
1913 5268 2101 5341 digna

442 5357 706 5415 eumdem
718 5356 1033 5431 alloquens
1048 5356 1181 5428 subj
1192 5355 1377 5428 ungit:
1393 5357 1536 5428 Ipsa
1552 5356 1838 5415 charitati
1853 5362 1967 5414 tua?
1982 5361 2100 5429 epi-

439 5448 605 5505 stola
617 5463 750 5506 mea:
762 5447 1016 5505 brevitas
1026 5446 1594 5517 innotescit,quando
1604 5446 1653 5504 ei
1662 5461 1880 5516 parum
1891 5448 2099 5519 loquor

441 5553 613 5610 quem
636 5540 827 5609 magis
850 5536 1117 5594 omnibus
1141 5535 1349 5607 diligo.
1383 5535 1723 5609 Interquos,
1738 5550 1967 5610 quaeso,
1999 5538 2097 5594 Eo-

2197 1801 2259 1856 in
2285 1802 2639 1856 saeculorum
2684 1803 2805 1869 {ine
2842 1801 3237 1872 doctissimus,
3269 1808 3324 1858 et
3355 1817 3487 1858 cum
3520 1801 3858 1857 reverentia

2196 1906 2273 1947 no
2299 1890 2645 1958 minandus,
2673 1890 2961 1963 appellari
2984 1891 3284 1947 meruerit.

2267 1997 2529 2054 Perfacili
2542 1997 2781 2065 negotio
2794 2014 2862 2052 ex
2876 1998 3189 2071 hucusque
3206 1998 3375 2054 dictis
3392 2004 3702 2055 autumare
3715 1998 3856 2070 quis

2195 2087 2406 2161 poterit
2436 2092 2583 2158 quot
2602 2089 2779 2143 ﬂores
2797 2103 2868 2142 ex
2883 2086 3145 2144 Ecclesia
3169 2091 3457 2157 Romana,
3473 2092 3721 2161 ejusque
3734 2087 3855 2144 ritu

2194 2176 2256 2231 hi
2270 2160 2420 2231 sacri
2448 2175 2719 2231 doctores
2734 2176 3156 2248 decerpserint,
3189 2193 3328 2232 cum
3345 2178 3462 2233 vita
3490 2175 3603 2232 illis
3624 2160 3696 2233 ad
3716 2192 3856 2249 pro-

2194 2270 2499 2320 curatores
2514 2264 2834 2320 mittendos
2850 2266 3113 2336 patebat,
3139 2270 3195 2321 et
3226 2264 3438 2321 iisdem
3465 2265 3523 2321 id
3551 2265 3858 2337 prosperis

2194 2355 2342 2409 bene
2366 2352 2615 2422 agendis
2646 2355 2865 2408 summi
2903 2353 3219 2425 pontiﬁces
3249 2355 3507 2410 maxime
3545 2352 3851 2411 favebant.

2267 2461 2397 2515 Jam
2428 2474 2549 2514 non
2598 2458 2862 2515 demiror
2908 2459 3256 2515 Psalterium
3304 2460 3477 2531 juxta
3514 2461 3856 2516 versionem

2194 2552 2454 2606 veterem
2475 2547 2702 2614 Italam,
2718 2564 2840 2620 qua
2855 2548 3275 2620 Hispaniarum
3291 2552 3490 2604 Patres
3506 2548 3853 2615 utebantur,

2196 2637 2258 2691 in
2289 2635 2510 2692 summi
2532 2636 2828 2708 pontificis
2851 2637 3089 2701 sacello,
3136 2653 3245 2693 nec
3299 2653 3419 2693 non
3485 2638 3731 2693 Venetiis
3793 2637 3861 2692 in

2194 2724 2409 2795 majori
2439 2724 2690 2779 ecclesia
2721 2726 2906 2781 sancti
2942 2728 3117 2781 Marci
3166 2727 3226 2781 in
3286 2726 3639 2782 hodiernum
3690 2725 3859 2781 diem

2194 2815 2459 2886 recitari;
2490 2814 2702 2870 eodem
2734 2816 2892 2871 enim
2925 2815 3137 2887 spiritu
3163 2819 3361 2872 Patres
3394 2816 3689 2889 Hispanici
3717 2833 3861 2887 age-

2194 2903 2651 2973 bantur,eadem
2664 2904 2997 2977 apostolica
3018 2905 3334 2976 disciplina
3350 2906 3780 2975 dirigebantur,
3802 2912 3863 2963 et

2200 3009 2237 3049 a
2265 2994 2450 3049 sancti
2478 2994 2621 3050 Petri
2651 2994 2792 3049 sede
2820 2994 3111 3066 quodillis
3144 2995 3347 3050 deerat
3380 2996 3817 3051 mutuabantur
3843 3014 3859 3059 ;

2201 3084 2534 3155 eademque
2564 3084 2757 3138 versio
2779 3099 2963 3153 quam
2996 3088 3237 3138 sanctus
3269 3084 3581 3151 Gregorius
3596 3088 3860 3141 veterem

2202 3172 2667 3241 Vulgatam,seu
2729 3170 3200 3237 translationem,
3252 3172 3534 3244 appellat,
3583 3188 3619 3228 a
3649 3178 3864 3228 sancto

2203 3260 2537 3333 Augustino
2569 3259 2712 3314 Itala
2743 3262 3142 3331 nuncupatur.

2280 3369 2572 3421 Hactenus
2603 3364 2676 3419 de
2719 3364 2989 3419 versione
3019 3364 3199 3435 hujus
3235 3366 3424 3421 sancti
3465 3366 3663 3421 ofticii.
3692 3365 3867 3423 Nunc

2207 3470 2347 3510 vero
2378 3452 2789 3525 antiquitatem
2811 3452 3058 3523 liturgite
3081 3455 3682 3527 Gothico-Hispanicae
3702 3459 3875 3527 pate-

2210 3542 2450 3607 faciam,
2485 3540 2676 3612 primo
2707 3558 2777 3597 ex
2812 3546 3104 3599 vetustate
3133 3544 3436 3610 Codicum,
3489 3545 3754 3599 secundo
3797 3562 3874 3600 ex

2211 3629 2669 3687 institutoribus.
2692 3647 2796 3685 seu
2819 3632 3311 3703 compilatoribus
3328 3633 3475 3703 ejus,
3499 3633 3876 3705 demumquc

2211 3737 2282 3777 ex
2301 3720 2457 3775 notis
2483 3724 2695 3774 cantus
2737 3720 3017 3792 appellati
3071 3721 3399 3790 Eugeniani
3430 3722 3613 3776 textui
3665 3737 3880 3793 appo-

2214 3811 2358 3865 sitis.

2283 3914 2624 3971 Miseranda
2662 3914 3054 3986 deﬂendaque
3091 3918 3504 3989 Hispaniarum
3555 3917 3877 3975 vastatioa

2216 4004 2711 4070 Saracenisfacta,
2728 4005 3119 4077 Hispanorum
3140 4009 3378 4063 Patrum
3401 4009 3729 4066 memoriam
3742 4024 3874 4065 non

2212 4094 2508 4165 abolevit;
2537 4094 2815 4166 quamvis
2845 4093 3107 4166 plurima
3137 4109 3344 4151 eorum
3373 4098 3613 4170 scripta,
3643 4098 3873 4172 partim

2214 4184 2471 4250 (abrasa,
2501 4182 2717 4254 partim
2748 4181 2984 4237 mendis
3009 4188 3065 4238 et
3093 4182 3312 4239 fabulis
3343 4185 3627 4253 conferta,
3641 4186 3873 4259 partim

2212 4271 2543 4345 deperdita,
2563 4276 2847 4343 spurcata
2863 4272 3102 4343 partim,
3116 4276 3173 4328 et
3198 4272 3458 4347 denique
3475 4275 3600 4347 igni
3625 4275 3872 4347 tradita,

2211 4360 2447 4433 penitus
2460 4358 2743 4415 oblivioni
2768 4358 2911 4415 dare
2943 4359 3878 4437 intenderentpagani,postlimi-

2210 4449 2314 4507 nio
2344 4452 2567 4515 tamen,
2593 4448 2807 4506 Mauris
2841 4449 3123 4521 expulsis,
3155 4465 3340 4522 opera
3364 4456 3422 4508 et
3452 4452 3648 4509 studio
3684 4454 3879 4510 cardi-

2209 4538 2439 4595 nalium
2469 4536 2753 4604 Ximenii,
2788 4537 3015 4593 Loaisae
3044 4543 3101 4594 et
3124 4539 3378 4609 Aguirrii
3407 4540 3469 4597 in
3498 4541 3765 4599 Editione
3794 4545 3877 4600 ri-

2210 4632 2306 4684 tus
2335 4625 3241 4685 etconcil.Toletanorumhonos
3264 4629 3445 4685 tantis
3474 4630 3748 4688 Patribus
3773 4639 3877 4690 est

2211 4717 2535 4775 restitutus.

2287 4824 2344 4881 Si
2373 4823 2616 4896 aliquod
2641 4822 2701 4879 in
2727 4836 2873 4878 mss.
2906 4822 3151 4879 Codices
3169 4824 3460 4881 mendum
3485 4824 3741 4899 irrepsit,
3770 4843 3875 4885 ex-

2213 4913 2592 4987 scriptorum,
2622 4926 2745 4968 non
2771 4915 3082 4967 auctorum
3121 4911 3258 4968 vitio
3286 4917 3378 4969 est
3402 4914 3789 4983 vertendum;
3818 4920 3875 4975 si

2212 5003 2372 5059 enim
2400 5002 2579 5059 hodie
2610 5016 2749 5058 cum
2767 5015 2863 5056 ars
2892 5000 3331 5072 typograpbica
3355 5002 3531 5073 viget,
3559 5004 3872 5076 passimin

2209 5088 2378 5148 libris
2396 5103 2627 5147 errores
2662 5087 3050 5144 inveniuntur
3065 5092 3121 5145 et
3137 5089 3378 5153 menda,
3406 5090 3556 5163 quid
3576 5092 3798 5149 mirum
3815 5095 3873 5151 si

2208 5178 2570 5237 inventionis
2589 5178 2755 5235 initio
2781 5176 3873 5241 MissaleetBreviariumlsidorianum

2208 5269 2448 5327 mendis
2480 5272 2731 5325 scateret
2754 5282 2941 5340 quam
2958 5265 3232 5339 plurimis
3251 5268 3280 5323 ?
3304 5270 3419 5325 Nec
3439 5274 3673 5327 tantum
3685 5271 3762 5328 de
3778 5271 3870 5331 la-

2207 5360 2355 5417 bore
2379 5362 2585 5416 nostro
2615 5356 2998 5421 conﬁdimus,
3030 5359 3096 5412 ut
3115 5355 3305 5413 fatum
3360 5356 3550 5414 simile
3577 5358 3785 5433 aliqua
3803 5361 3872 5419 in

2204 5452 2374 5521 parte
2393 5460 2517 5504 non
2542 5444 2718 5503 nobis
2730 5444 3065 5514 contingat;
3088 5458 3228 5517 pag.
3256 5444 3418 5501 enim
3466 5449 3534 5502 59
3561 5446 3873 5507 invenitur

2205 5536 2399 5595 sancti
2423 5536 2664 5594 Thomas
2678 5531 3116 5591 Cantuariensis
3128 5547 3373 5604 nomen,
3405 5539 3866 5607 proutexstatin
