4076 6410
226 348 270 407 21

1195 347 1635 413 FRANCISCUS
1674 342 2028 427 ANTONIUS
2063 344 2471 413 LORENZANA
2510 355 2827 439 LECTORI.

3621 373 3693 451 ξε

222 475 457 561 mitem?
470 469 769 561 ίβεθξᾙεῗί
780 477 1096 541 Sanctus
1109 476 1186 551 de
1198 474 1601 551 Puriﬁcatione
1618 488 1945 536 sermonem
1977 469 2025 525 Α
2058 474 2141 527 dis
2154 478 2615 546 ostenderunt,et
2631 496 3025 555 sangumesuo
3037 484 3326 545 Ecciesias
3337 466 3686 561 dedit-avere,

219 558 274 614 ad
290 558 575 631 populum
624 560 996 621 habuerit.

2052 568 2241 619 vestra
2267 566 2586 636 diligentia
2604 586 2711 624 non
2730 571 2956 639 ignoret
2982 592 2997 640 ;
3017 574 3294 644 quoniam
3308 581 3682 638 concordiam

273 649 324 702 In
351 647 556 703 medio
580 651 1084 721 quorumdam
1100 650 1473 724 psalmorum
1492 650 1812 724 apponitur
1826 649 1940 705 hoc
2049 666 2180 707 cum
2212 656 2487 711 Romana
2518 658 2659 712 urbe
2686 660 2983 727 Hispania
3020 662 3083 715 in
3096 663 3443 732 religioneet
3473 670 3681 726 ονάίηρ

219 737 462 807 verbum,
484 738 909 807 Diapsalrma,
942 741 1137 812 quod
1158 741 1217 795 in
1240 741 1534 795 Breviario
1554 740 1880 794 Isidoriano
1904 754 1939 794 a
2045 741 2430 811 diviniofﬁcii
2450 744 2727 811 habuisse,
2756 748 2898 802 satis
2922 755 3093 817 patet.
3111 749 3323 807 POStea
3341 768 3441 808 eos
3458 755 3535 810 ad
3556 772 3679 812 am-

223 826 485 882 cardinali
541 828 857 882 Ximenio
892 829 1077 900 typis
1110 828 1268 889 edito
1294 844 1428 883 raro
1446 827 1937 893 invenitur,nunc

228 934 345 973 vero
366 917 768 989 insequendo
807 919 1304 989 antographum
1334 917 1632 973 multoties
1659 918 1932 989 reperies,

233 1008 450 1062 denotat
474 1006 649 1061 enim
693 1007 1205 1079 separationem
1253 1006 1406 1061 inter
1436 1022 1622 1061 unum
1656 1010 1711 1061 et
1751 1006 1934 1060 alium

236 1095 577 1150 versiculum
594 1094 913 1167 ejusdem
936 1094 1171 1167 psalmi
1197 1095 1302 1159 ;ad
1328 1094 1806 1150 observationem
1830 1093 1935 1164 igi-

240 1192 320 1241 tur
332 1200 525 1258 pensas
550 1184 614 1239 in
644 1183 1035 1257 psalmodia
1062 1187 1123 1239 et
1144 1183 1223 1240 ad
1237 1188 1477 1238 cantum
1498 1182 1932 1237 moderandum

239 1276 381 1328 notis
404 1272 658 1328 musicis
704 1272 1145 1344 obsequendo
1174 1271 1540 1327 inserviebat.

290 1363 349 1417 In
382 1361 644 1427 aliorum
656 1360 1072 1433 psalmorum
1088 1359 1292 1415 medio
1318 1359 1443 1414 haec
1458 1358 1776 1431 apponitur
1792 1360 1933 1415 nota

262 1449 537 1767 ﬁtque:
575 1581 1084 1653 significatidem
1120 1596 1192 1637 ac
1232 1579 1668 1650 repetitio;suis
1704 1579 1929 1650 quippe

250 1793 525 1847 omnibus
554 1791 999 1863 litterisligatis
1022 1792 1255 1845 constat
1281 1787 1392 1844 tale
1415 1787 1673 1857 signum.
1706 1787 1927 1857 Astrin-

245 1880 533 1949 gebantur
562 1881 798 1935 etenim
831 1884 1113 1935 cantores
1136 1876 1528 1947 antiphonam
1561 1879 1821 1945 repetere
1853 1891 1922 1930 ex

240 1967 439 2023 verbis
470 1969 663 2040 ipsius
688 1967 923 2041 psalmi
957 1966 1315 2021 deductam:
1355 1963 1589 2033 hocque
1616 1961 1924 2018 accidebat

235 2070 361 2110 non
389 2056 447 2110 in
472 2054 1021 2124 brevioribus,sed
1056 2054 1118 2108 in
1142 2050 1517 2119 longioribus
1552 2049 1822 2121 psalmis,
1860 2054 1922 2105 ut

232 2146 509 2213 quadam
526 2146 738 2216 quiete
756 2143 819 2209 in
844 2141 1197 2197 recitatione
1216 2139 1533 2202 fuerentur,
1557 2142 1613 2191 et
1640 2137 1920 2193 varietate

230 2238 451 2289 cantus
484 2231 1175 2289 fastidiumallevarent.

306 2322 616 2378 Lubenter
638 2322 800 2379 alias
836 2318 1227 2391 probationes
1246 2315 1321 2370 ad
1339 2313 1773 2383 indigitandam
1789 2328 1920 2368 nos-

226 2412 309 2466 tri
324 2412 481 2465 ritus
494 2409 794 2466 canitiem
814 2408 1249 2478 adjungemus.
1265 2406 1328 2458 In
1342 2402 1555 2457 Codice
1574 2406 1918 2474 nuncupato

227 2498 665 2553 Emilianensi
677 2540 689 2555 .
713 2497 878 2571 quod
892 2496 949 2550 in
964 2494 1132 2563 regio
1146 2491 1507 2547 monasterio
1520 2490 1921 2546 Excurialensi

231 2591 620 2657 asservatur;
636 2590 779 2641 ante
793 2598 1025 2639 annum
1038 2580 1414 2638 millesimum
1429 2577 1921 2649 septuagesimum

228 2682 529 2732 octavum
564 2678 842 2744 exarato,
859 2673 942 2729 ita
959 2669 1280 2740 inscripto:
1306 2670 1389 2723 De
1404 2668 1583 2722 missa
1601 2666 1922 2735 apostolica

226 2766 289 2818 in
326 2764 569 2834 Spania
609 2764 825 2829 ducta,
852 2761 1132 2814 Julianus
1172 2762 1224 2811 et
1250 2757 1439 2819 Felix,
1472 2753 1755 2809 asseritur
1776 2756 1845 2819 ,1,
1873 2753 1918 2825 ἓ,

223 2857 469 2923 septem
485 2848 861 2921 apostolicos
876 2847 1040 2901 viros
1054 2847 1439 2914 Torquatum,
1459 2840 1920 2911 Ctesiphontem,

221 2945 279 2995 et
295 2940 451 2995 alios
478 2941 889 3001 memoratos,
917 2932 1319 2989 sacerdotium
1340 2945 1374 2984 a
1389 2928 1613 2984 sanctis
1634 2929 1920 2999 apostolis

221 3031 397 3084 Petro
427 3026 706 3084 etPaqu
733 3024 1061 3094 sucepisse,
1112 3025 1169 3075 et
1216 3020 1276 3074 in
1332 3016 1579 3073 urbibus
1614 3017 1919 3089 Hispania-

2043 830 2422 901 plectendum
2452 833 2511 888 in
2540 834 2819 907 Hispania
2849 838 3183 897 Romanum
3204 841 3379 895 ritum
3404 842 3677 902 adhorta-

2042 921 2168 987 tur;
2220 925 2273 975 et
2296 920 2427 975 licet
2456 922 2673 979 indicet
2698 924 3088 991 Hispanicum
3126 927 3381 995 ofﬁcium
3435 934 3673 989 vesania

2040 1007 2648 1065 Priscillianistarum
2691 1013 2995 1079 pollutum,
3035 1013 3399 1071 Arianorum
3425 1020 3679 1088 perﬁdia

2041 1095 2447 1165 depravatum,
2479 1114 2544 1153 ac
2574 1099 2793 1154 demum
2811 1101 3219 1157 invadentibus
3244 1105 3554 1161 Saracenis
3593 1108 3678 1163 di-

2038 1186 2352 1248 minutum,
2372 1185 2500 1240 haec
2512 1186 2694 1241 verba
2705 1187 2867 1242 nullo
2881 1189 3061 1243 modo
3076 1195 3344 1247 evertunt
3361 1197 3533 1250 antea
3543 1210 3677 1268 pro-

2038 1277 2198 1337 rata;
2222 1287 2364 1328 nam
2392 1289 2536 1327 cura
2560 1279 2900 1339 sanctorum
2924 1276 3146 1347 Isidori,
3188 1278 3550 1350 lldephonsi,
3581 1286 3676 1341 Ju-

2038 1360 2177 1415 liani
2200 1366 2253 1416 et
2286 1361 2535 1416 aliorum
2550 1362 2840 1433 Hispanite
2854 1366 3108 1431 Patrum,
3123 1367 3287 1422 omni
3307 1368 3462 1435 labe,
3482 1371 3529 1426 si
3551 1388 3674 1444 qua

2038 1448 2242 1515 inerat,
2270 1448 2707 1521 fuitpurgatum
2733 1449 3018 1513 ofﬁcium,
3052 1468 3313 1525 suaeque,
3356 1450 3672 1526 integritati

2038 1541 2093 1591 et
2120 1537 2357 1608 puritati
2384 1536 2736 1600 restitutum,
2754 1541 2817 1591 ut
2842 1541 3088 1593 testatur
3112 1540 3290 1609 Felix,
3318 1541 3571 1617 loquens
3592 1546 3668 1601 de

2037 1628 2241 1680 sancto
2270 1623 2522 1689 Juliano,
2540 1625 2632 1677 cui
2647 1625 2915 1697 congruit
2935 1624 3196 1680 ofﬁcium
3208 1630 3543 1685 Romanum
3559 1632 3668 1697 hu-

2029 1714 2127 1787 jus
2154 1712 2341 1767 sancti
2372 1728 2441 1767 ex
2468 1711 2677 1766 eodem
2719 1711 2899 1766 Felice
2939 1711 3380 1786 depromptum.
3634 1696 3637 1699 γ

1955 1800 2000 1869 Β
2103 1815 3668 1889 IpsimetRomanipontiﬁces,postmodumdesinceri-

2033 1912 2146 1964 tate
2163 1905 2339 1961 ofﬁcii
2362 1905 2635 1960 certiores
2678 1902 2886 1968 effecti,
2915 1902 3059 1959 illud
3080 1904 3300 1963 iteratis
3331 1907 3665 1981 diplomati-

2031 1996 2147 2052 bus
2175 1993 2609 2055 conﬁrmarunt
2642 2006 2818 2058 ;nam
2875 1990 3058 2047 Julius
3088 1995 3152 2055 II,
3181 2007 3342 2053 anno
3401 1999 3550 2061 t508,
3586 1999 3665 2054 ad

2029 2098 2236 2157 preces
2268 2079 2581 2145 cardinalis
2630 2078 2873 2135 Ximenii
2932 2077 3197 2135 ofﬁcium
3237 2080 3535 2143 roboravit
3562 2085 3656 2143 his

2028 2170 2224 2229 verbis
2260 2186 2271 2224 :
2306 2168 2798 2237 Antiquissimum
2820 2171 2873 2233 et
2889 2182 3113 2237 magna
3131 2167 3515 2233 devotionis...
3541 2173 3664 2233 Nos

2028 2261 2219 2329 igitur
2245 2258 2343 2328 qui
2366 2272 2440 2312 ea:
2468 2255 2661 2310 debito
2688 2255 3005 2327 pastoralis
3025 2255 3214 2323 ofﬁcii
3244 2256 3436 2312 divini
3461 2261 3657 2316 cultus

2028 2350 2409 2418 augmentum
2422 2343 2662 2399 sznceris
2676 2347 3020 2410 exoptamus
3032 2342 3352 2411 affectibus.
3364 2384 3377 2398 .
3398 2347 3595 2406 omnia
3607 2353 3663 2404 et

2028 2435 2265 2505 singula
2277 2434 2336 2487 in
2352 2432 2522 2488 dictis
2537 2430 2749 2487 litteris
2762 2434 3033 2493 contenta
3062 2432 3419 2487 auctoritate
3429 2440 3659 2501 aposto-

2032 2524 2147 2580 lica
2178 2527 2370 2576 tenore
2386 2517 2766 2591 praesentium
2815 2516 3234 2589 approbamus,
3265 2522 3321 2579 et
3349 2520 3662 2586 conﬁrma-

2029 2626 2177 2667 mus.
2206 2611 2271 2664 Et
2301 2622 2460 2665 anno
2489 2610 2619 2661 1512
2642 2603 2935 2663 aliabulla
2955 2602 3217 2661 ofﬁcium
3237 2606 3658 2671 Mazarabicum

2031 2695 2449 2765 communivit;
2465 2709 2599 2765 qum
2612 2691 2996 2762 adeojdiserta
3009 2694 3185 2761 atque
3210 2706 3488 2769 expressa
3504 2694 3662 2761 sedis

2030 2784 2370 2857 apostolicae
2400 2779 2754 2854 approbaiio
2785 2780 2873 2849 (ut
2900 2778 3089 2851 inquit
3119 2780 3334 2844 Pinius)
3358 2784 3663 2845 obstruere

2028 2873 2205 2929 debet
2231 2870 2501 2926 omnium
2531 2870 2733 2936 ora,ut
2763 2881 2940 2942 nemo
2970 2869 3104 2937 post
3126 2866 3290 2925 illam
3327 2871 3663 2945 contrareg-

2028 2967 2330 3017 tauratum
2354 2956 2531 3013 ofﬁcii
2553 2952 2899 3020 Mozarabici
2930 2964 3158 3019 usum,‘;
3177 2952 3424 3029 ejusque
3454 2955 3660 3015 minis-

2025 3054 2252 3106 trorum
2284 3044 2711 3112 fundationem,
2735 3040 2827 3101 vel
2857 3040 3082 3097 hiscere
3131 3041 3347 3098 audeat
3372 3059 3385 3112 ;
3416 3042 3495 3098 ob
3546 3043 3661 3101 hoc

220 3133 361 3172 mm
394 3116 670 3172 deinitio
701 3113 838 3203 vitae
862 3107 1223 3203 im‘Por‘ai‘s
1269 3105 1618 3203 prédigar?’
1642 3105 1915 3203 ‘E‘Rpisie’
1950 3133 1991 3188 C
2026 3105 2621 3194 Pauluslllaamulum
2635 3105 3164 3203 aliquemactorum
3179 3105 3661 3197 Ximeniideside-

224 3212 282 3260 et
297 3211 442 3278 post
456 3200 1087 3278 pancafsubjungitur
1106 3214 1118 3251 :
1134 3197 1419 3266 Atqueita
1432 3194 1585 3249 sicut
1607 3193 1682 3249 ab
1696 3199 1920 3278 aposto-

224 3274 570 3349 lis’miss'am
588 3290 1052 3359 doctrinamque
1062 3287 1559 3352 acceperunt,per
1568 3274 1921 3351 Hispaniam

223 3376 534 3437 ordinatis
554 3378 848 3452 episcopis
864 3370 1292 3441 tradiderunt.§
1304 3369 1557 3439 2,agitur
1570 3369 1637 3423 de
1653 3370 1918 3439 Hispanas

224 3468 516 3525 Ecclesia;
552 3466 767 3523 ofﬁcio
786 3466 992 3519 Romae
1022 3459 1268 3515 laudato
1289 3462 1345 3513 et
1369 3456 1758 3528 comprobato
1777 3459 1920 3510 tem-

224 3574 373 3630 pore
397 3556 666 3614 Joannis
700 3567 906 3629 papte,
968 3550 1257 3617 regnante
1308 3545 1518 3601 Carolo
1558 3546 1919 3599 Francorum

222 3662 390 3716 rege,
417 3651 474 3701 et
508 3642 796 3701 Ordonio
829 3638 968 3707 rege
992 3636 1055 3692 in
1082 3633 1321 3690 Civitate
1366 3631 1738 3701 Legionensi.
1774 3632 1919 3685 Cum

226 3735 392 3792 enim
418 3721 1359 3817 Zanelluspresbyterapraafato
1383 3735 1624 3817 summo
1640 3718 1919 3817 pontifice

234 3823 463 3880 Joanne
495 3804 741 3878 missus
796 3816 1028 3876 fuisset,
1060 3816 1125 3866 ut
1153 3808 1567 3865 ecclesiastica:
1615 3804 1916 3873 religionis

247 3918 450 3968 statum
471 3910 554 3967 ibi
576 3888 990 3982 perquireret,
1026 3901 1403 3969 etcomperta
1430 3894 1674 3967 fideliter
1686 3897 1920 3982 aposto-

241 3994 347 4057 licae
374 4001 507 4057 sedi
542 3981 836 4057 referret,
892 3982 1248 4058 injunctnm'
1273 3984 1385 4039 sibi
1423 3998 1641 4037 munus
1680 3981 1919 4035 solerter

237 4101 589 4164 exsequens,
618 4096 887 4141 omnem
906 4074 1187 4132 ordinem
1216 4067 1599 4128 ecclesiastici
1656 4066 1835 4122 oﬁicii
1865 4072 1920 4123 et

232 4156 653 4234 consecration
664 4174 717 4227 is
730 4160 1016 4239 regulam
1032 4156 1725 4241 perscrutatus,can0nes
1739 4160 1793 4211 et
1804 4172 1919 4210 om-

225 4278 316 4323 nes
334 4268 677 4329 Sacramen
689 4246 892 4319 torum
907 4248 1095 4329 libroS
1108 4248 1356 4323 perlegit
1375 4263 1387 4299 :
1404 4247 1618 4299 cuncta
1632 4241 1921 4299 catholica

222 4351 327 4411 ﬁde
359 4354 614 4411 munita
650 4332 1013 4406 inveniens,
1059 4335 1345 4395 exultavit
1374 4350 1388 4399 ;
1416 4333 1668 4387 Domino
1724 4347 1916 4404 papae,

221 4438 452 4511 Joanni,
486 4448 548 4499 et
580 4435 770 4496 omni
799 4425 1429 4511 conventuiRomanae
1473 4416 1757 4486 ecclesiae,
1784 4420 1920 4497 utin

223 4506 891 4601 venerat,renuntiavit
909 4534 923 4583 ;
942 4506 1440 4585 audiensqueboc
1453 4507 1742 4601 dominus
1749 4522 1922 4601 papa-

221 4628 268 4679 et
292 4593 494 4678 omnis
531 4621 844 4673 Romana
884 4600 1170 4667 ECclesia,
1218 4599 1437 4668 gratias
1488 4599 1604 4650 Deo
1642 4593 1918 4659 reddens,

223 4707 561 4782 Hispanicae
584 4695 893 4757 Ecclesiae
921 4688 1187 4746 ofﬁcium
1210 4683 1473 4740 laudavit
1502 4687 1557 4736 et
1582 4680 1882 4735 roboravit
1906 4695 1919 4743 ;

222 4767 333 4853 hor;
356 4794 487 4851 solo
526 4788 783 4849 addito,
815 4787 883 4835 ut
902 4779 1179 4844 deinceps
1200 4787 1364 4827 more
1377 4769 1714 4837 apostolica’
1736 4767 1925 4821 Eccle-

226 4888 313 4940 tiae
341 4879 838 4940 celebrarentur
864 4871 1093 4923 secreta
1146 4861 1350 4915 missae.
1858 4856 1861 4859 ‘

291 4977 561 5031 Summus
578 4959 877 5039 pontifex
892 4950 1210 5021 Gregorius
1226 4945 1626 5039 Vll’Alphopso
1641 4943 1812 5039 sexto
1826 4942 1921 5039 Le-

232 5028 407 5134 gienis
434 5028 596 5128 regi;
631 5046 879 5110 S‘ancio
901 5043 966 5106 V,
1016 5042 1307 5101 Navarrze,
1351 5039 1408 5132 et
1436 5028 1924 5134 epi'sco‘pis,‘indi-

231 5116 373 5207 liene
388 5116 804 5205 sriabdnstitu
814 5134 891 5187 tis
908 5121 1433 5189 rescribens,initio
1453 5118 1711 5190 epistolae
1725 5116 1809 5170 sic
1822 5131 1922 5170 eos

234 5203 470 5296 7:
489 5203 643 5292 Cum
662 5228 893 5282 beatus
910 5213 1213 5284 apostolus
1230 5210 1455 5264 Paulus
1496 5203 1842 5275 Hispaniam
1865 5217 1925 5296 se

447 5288 792 5393 s'lfgniﬁcet,
821 5322 897 5362 ac
920 5306 1129 5374 postea
1142 5304 1350 5393 septem
1374 5292 1763 5393 epis'coposnab
1786 5288 1924 5393 urbe

242 5379 945 5471 lter—naiad‘instruendos
986 5385 1295 5454 Hispaniae
1321 5381 1614 5451 papulosa
1654 5379 1828 5471 Petro
1869 5380 1922 5429 et

416 5464 664 5573 apostol
674 5494 728 5547 is
740 5487 1014 5573 directos
1027 5472 1350 5573 fuissequi,
1365 5470 1673 5573 destructa
1683 5464 1923 5573 idolpla-

382 5555 1729 5648 cliristianitatemfundaverant,religionem
1760 5555 1923 5621 plan-

248 5638 816 5749 ligatam".
830 5663 893 5719 et
904 5650 1174 5727 ofﬁcium
1187 5648 1251 5704 in
1260 5645 1472 5706 divtm’:
1486 5641 1744 5702 cultibus
1755 5652 1925 5709 agen-

2025 3226 2193 3295 ravit,
2213 3224 2316 3297 qui
2344 3237 2516 3285 sacra
2542 3218 2918 3279 Mozarabum
2941 3215 3251 3275 volumina
3274 3231 3481 3279 rursus
3504 3218 3658 3287 em].

2027 3318 2221 3385 garet;
2250 3313 2419 3383 cujus
2446 3312 2585 3369 vota
2619 3323 2731 3371 nos
2784 3305 3110 3377 adimplere
3145 3318 3448 3379 curamus.

2099 3424 2161 3475 In
2206 3418 2367 3473 Actis
2415 3417 2775 3477 sanctorum,
2810 3416 2954 3467 tom.
2979 3408 3385 3475 VIJulii,traot.
3413 3409 3657 3479 prmvio,

2026 3525 2197 3566 num.
2234 3508 2322 3571 10,
2346 3505 2419 3560 de
2446 3503 2622 3558 beato
2641 3500 2867 3557 Jacobo
2880 3496 3173 3569 apostolo,
3199 3497 3325 3553 hinc
3347 3511 3659 3566 apponun-

2027 3603 2121 3655 tur
2147 3594 2331 3651 verba
2357 3592 2738 3661 :Sequiturut
2760 3587 3061 3656 apostolus
3074 3586 3177 3640 ille
3192 3598 3388 3640 saeros
3402 3583 3661 3653 liturgiaD

2024 3686 2176 3741 ritus
2189 3681 2391 3737 ibidem
2403 3675 2873 3747 designarit,imo
2884 3674 3079 3737 etiam,
3095 3676 3385 3741 quantum
3397 3685 3503 3739 per
3516 3685 3663 3727 com-

2025 3770 2456 3833 memorationis
2479 3773 2703 3834 tempus
2729 3763 2916 3829 licuit,
2946 3759 3259 3815 tradiderit
3274 3763 3327 3814 et
3355 3758 3661 3825 conﬁrma-

2025 3862 2196 3923 verit,
2229 3859 2292 3913 id
2309 3857 2465 3927 quod
2494 3856 2657 3910 circa
2676 3866 2798 3907 rem
2816 3853 3159 3918 praesentem
3178 3860 3215 3909 α
3245 3850 3450 3902 sancta
3482 3844 3657 3900 Petro

2023 3945 2346 4016 acceperat.
2364 3946 2430 4007 Et
2443 3941 2690 4008 ibidem,
2704 3953 2866 3993 num.
2888 3940 2948 3991 6:
2968 3934 3216 4002 Operam
3234 3946 3453 4002 quoque
3492 3945 3658 3987 suam

2021 4036 2292 4104 fortasse,
2308 4048 2367 4088 eo
2379 4029 2685 4087 contulerit
2700 4029 2937 4081 sanctus
2951 4022 3199 4077 Paulus.
3215 4019 3280 4077 Id
3291 4019 3489 4089 ipsum
3500 4031 3663 4086 aper-

2024 4130 2079 4181 te
2114 4124 2343 4178 constat
2367 4134 2437 4173 ex
2468 4112 2747 4172 decretali
2774 4107 3096 4175 Innocentii
3125 4112 3165 4162 Ι.

2096 4232 2223 4299 Ipse
2253 4225 2459 4280 doctor
2488 4218 2781 4291 egregius,
2810 4230 2845 4270 a
2869 4228 2989 4285 quo
3018 4224 3279 4299 praesens
3306 4208 3662 4299 officiummt

2027 4294 2306 4379 diximus,
2321 4307 2834 4367 nomenclaturam
2855 4301 3098 4372 accepit,
3112 4298 3219 4353 lib.
3249 4314 3286 4349 ιι
3315 4294 3502 4359 Ofﬁe.,
3522 4310 3657 4365 cap.

2032 4409 2113 4476 15,
2131 4404 2211 4458 ait
2230 4420 2243 4457 :
2270 4392 2425 4456 Ordo
2438 4401 2633 4454 autem
2658 4394 2842 4448 missae
2855 4395 2910 4446 et
2933 4388 3259 4476 orationem
3273 4380 3484 4455 quibus
3503 4382 3663 4438 obla-

1952 4470 1997 4524 D
2031 4498 2089 4548 ta
2100 4470 2142 4547 va
2156 4493 2273 4547 Deo
2284 4486 2571 4559 sacriﬁcia
2582 4483 3002 4539 consecrantur
3012 4474 3269 4543 primum
3284 4486 3321 4527 a
3336 4475 3541 4527 sancto
3553 4471 3663 4526 Pe-

2029 4588 2121 4638 tro
2135 4584 2217 4636 est
2232 4558 2563 4638 institutus;
2588 4572 2754 4639 cujus
2767 4565 3214 4623 celebrationem
3228 4575 3342 4615 uno
3364 4558 3664 4626 eodemque

2028 4656 2199 4725 modo
2230 4667 2531 4721 universus
2554 4658 2781 4730 peragit
2822 4654 2988 4709 orbis.
3042 4647 3367 4720 Perpende,
3391 4645 3661 4710 obsecro,

2032 4756 2238 4812 lsidori
2270 4749 2639 4807 sententiam.
2658 4743 2866 4825 Si‘ejus
2894 4745 3160 4809 tempore
3188 4750 3306 4790 uno
3334 4732 3664 4825 eodemque

2030 4844 2214 4900 modo
2235 4854 2465 4896 sacram
2481 4818 2785 4902 liturgiam'
2817 4828 3127 4883 universus
3149 4820 3473 4897 peragebat
3494 4818 3665 4873 orbis

2031 4932 2140 4988 abs
2171 4927 2353 4984 dudio
2374 4928 2568 4980 Patres
2581 4918 2870 4988 Hispaniae
2884 4913 3089 4969 ordine
3128 4910 3370 4979 antiquo
3400 4909 3664 4961 Romano

2032 5016 2385 5075 sacriﬁcium
2415 5008 2811 5072 celebrabant,
2844 5005 2903 5058 in
2933 5000 3096 5057 nullo
3154 5014 3190 5054 a
3216 4996 3357 5051 se‘de
3387 4997 3659 5049 Romana

2031 5105 2443 5175 discrepantes
2464 5116 2474 5155 ;
2490 5096 2753 5166 alioquin
2766 5106 2887 5147 non
2916 5105 3027 5144 uno
3056 5086 3361 5153 eodemque
3374 5082 3543 5137 modo
3557 5095 3664 5150 ap-

2028 5172 2289 5266 pelleret.
2325 5190 2366 5244 Ο
2394 5182 2734 5241 miseranda
2754 5178 3016 5235 Arabum
3046 5172 3355 5243 ingluvies,
3377 5184 3515 5266 quae
3543 5180 3664 5222 non

2032 5256 2227 5335 solum
2249 5275 2544 5348 quasdam
2574 5266 3031 5345 pretiosissimas
3048 5273 3353 5316 sacrorum
3377 5256 3661 5311 Codicum

2027 5343 2309 5440 reliquias
2336 5364 2454 5417 fere
2475 5343 2878 5426 absumpsisti,
2910 5351 3014 5405 sed
3044 5348 3187 5404 alias
3209 5346 3369 5440 dono
3518 5354 3662 5440 pras-

2032 5429 2295 5512 serv-atas
2319 5462 2539 5518 magna
2555 5444 2806 5515 caligine
2833 5437 3130 5494 involutas
3143 5430 3425 5501 reliquisti
3444 5429 3457 5482 ξ
3484 5429 3668 5518 inten-

2029 5509 2181 5600 dens
2209 5509 2454 5595 obruere
2476 5509 2991 5593 sacras—basilicas,
3008 5536 3109 5577 eas
3119 5509 3666 5600 devastare,_elvitav

2029 5594 2515 5699 tes—depopulari,
2540 5623 2597 5678 et
2621 5614 2809 5677 nostri
2830 5613 2981 5671 ritus
3026 5596 3376 5666 memoriam
3406 5594 3667 5658 abolere,
