4076 6408
521 378 592 441 23
1383 373 1829 434 FRANCISCUS
1868 365 2224 427 ANTONIUS
2264 365 2690 425 LORENZANA
2729 366 3056 426 LECTORI.
3874 379 3941 432 24

530 503 921 564 dubitationis
950 507 1007 561 et
1033 502 1486 575 disceptationis
1499 501 1807 559 materiem
1830 496 2044 553 criticis
2063 508 2178 551 neo
2211 495 2255 547 A
2294 493 2497 551 Galliis
2520 495 2910 567 perspicuum
2923 496 3016 549 est
3040 491 3454 549 testimonium
3495 495 3751 569 epistola
3768 495 3946 557 Caroli

530 594 724 652 tericis
752 591 1101 650 ministrasti
1131 592 1144 646 !

602 680 912 740 Perierunt
926 693 1070 736 sane
1085 678 1263 735 multa
1276 681 1295 733 Ι
1302 677 1480 734 sidori
1490 692 1670 749 Opera
1685 693 1698 743 ;
1720 675 1826 732 sed
1836 688 1959 731 non
1974 671 2182 727 omnia

531 771 854 843 depascere
866 766 1060 840 potuit
1082 765 1184 823 illa
1204 766 1479 822 szevities.
1502 765 1855 822 lnterierunt
1867 774 2091 831 magna
2108 774 2180 813 ex

532 856 922 932 parteJuliani
942 854 1207 927 episcopi
1219 854 1482 911 Toletani
1502 853 1721 926 scripta
1738 870 1751 918 ;
1768 852 1874 908 sed
1894 852 1945 921 ej
1958 866 2025 904 us
2040 862 2181 920 apo-

531 947 693 1017 logia
718 961 827 1018 pro
866 944 1054 1002 tribus
1092 943 1442 1000 substantiis
1465 943 1544 1000 ad
1578 958 1703 999 suae
1718 940 2066 998 orthodoxae
2079 936 2183 993 do-

535 1034 737 1091 ctrinaa
748 1032 1164 1103 ostensionem]
1176 1031 1426 1103 posteris
1463 1031 1686 1088 intacta
1696 1027 2002 1085 remansit.
2023 1024 2180 1081 Pari-

534 1125 622 1181 ter
644 1136 825 1193 opera
849 1119 1091 1189 Eugenii
1120 1121 1187 1189 Il,
1219 1118 1490 1191 episcopi
1517 1117 1801 1183 Toletani,
1840 1114 2116 1171 versibus
2128 1117 2185 1168 et

536 1210 731 1267 soluta
758 1208 1024 1266 oratione
1043 1223 1057 1275 ;
1075 1208 1330 1265 Montani
1350 1206 1611 1279 epistolae
1635 1223 1649 1272 ;
1669 1210 1723 1262 et
1748 1204 1865 1261 alia
1892 1199 2186 1258 nonnulla

533 1298 859 1355 Gothorum
879 1296 1125 1351 Pati-um
1138 1298 1272 1351 ante
1285 1297 1622 1352 Maurorum
1636 1294 1715 1350 irr
1723 1293 2031 1365 uptionem
2060 1304 2185 1345 mo-

534 1388 837 1449 numenta,
869 1398 1077 1440 eorum
1106 1382 1474 1447 facundiam,
1500 1381 2022 1451 congruentiorem
2054 1393 2187 1433 sen-

535 1492 689 1540 sum,
718 1475 779 1528 in
810 1471 1266 1543 interpretandis
1286 1471 1601 1543 Scripturis
1616 1470 2107 1529 uniformitatem,
2131 1470 2188 1521 et

534 1562 660 1618 sedi
689 1559 1034 1632 apostolicae
1056 1559 1452 1615 reverentiam
1471 1559 1613 1614 satis
1641 1557 1983 1613 ostendunt.
1999 1556 2187 1610 Etiam

532 1652 800 1721 tempore
822 1646 1225 1703 Mahumeticae
1254 1646 1610 1718 captivitatis
1654 1645 1880 1701 litteras
1904 1643 2017 1699 sub
2042 1642 2191 1714 opti-

535 1737 653 1793 mis
685 1734 984 1803 magistris
1005 1733 1280 1789 nonnulli
1306 1733 1665 1797 didicerunt,
1710 1732 1851 1789 ﬁdei
1877 1729 2190 1804 praeceptis

2291 582 2469 648 Calvi,
2486 583 2662 657 cujus
2684 583 2868 641 verba
2881 583 3069 640 aiTert.
3083 581 3154 638 cl.
3182 582 3483 653 Mabillon,
3511 586 3573 642 in
3602 591 3852 646 tractatu
3877 590 3946 647 de

2290 672 2584 742 Liturgia:
2603 688 2748 729 nam
2762 688 2901 728 cum
2914 672 2976 727 in
2986 670 3143 741 regis
3158 673 3473 743 praesentia
3487 675 3848 746 peregissent
3860 694 3945 735 sa-

2290 767 2679 817 crosanctum
2711 762 2915 817 missae
2948 761 3310 816 sacrificium
3336 762 3591 833 quidam
3613 766 3944 823 sacerdotes

2290 850 2559 921 Hispani.
2591 850 3942 923 postquamCalliamplexalierantﬂomanum

2290 956 2327 996 a
2354 939 2725 1011 temporibus
2752 939 2964 1011 Pipini,
2988 955 3052 994 se
3082 939 3323 1007 vidisse,
3343 940 3523 997 ritum
3548 958 3800 999 avorum
3822 961 3948 1002 suo-

2290 1043 2427 1083 rum
2459 1032 2704 1085 testatus
2736 1033 2841 1084 est.

2376 1116 2580 1181 Quoad
2592 1116 2858 1172 ofﬁcium
2872 1117 3257 1182 canonicum,
3276 1133 3381 1173 seu
3394 1119 3758 1176 Breviarium
3776 1121 3949 1179 Isido-

2291 1204 2530 1261 rianum
2540 1247 2553 1272 ,
2568 1204 2840 1276 priorum
2855 1204 3215 1260 saeculorum
3229 1205 3558 1276 penetralia
3569 1222 3693 1263 non
3706 1225 3857 1281 opus
3869 1216 3948 1267 est

2293 1292 2654 1365 perscrutari
2678 1309 2691 1359 ;
2727 1309 2923 1365 neque
2955 1293 3032 1348 ad
3047 1294 3569 1366 comprobandam
3584 1298 3877 1355 unitatem
3899 1306 3950 1357 et

2295 1380 2772 1437 conformitatem
2799 1398 2938 1437 cum
2966 1387 3305 1452 pervetusto
3324 1386 3598 1441 Romano
3628 1385 3845 1443 scrinia
3868 1404 3950 1444 ar-

2296 1467 2630 1523 chiviorum
2661 1468 2933 1524 evolvere
2952 1470 3194 1536 ;iisdem
3221 1486 3486 1542 namque
3501 1472 3668 1528 horis
3688 1480 3945 1543 constat;

2297 1562 2355 1611 et
2383 1556 2430 1611 si
2448 1572 2735 1612 aurorum
2752 1558 3059 1628 adjiciunt,
3089 1558 3149 1613 id
3171 1558 3432 1627 profecto
3448 1560 3660 1632 primis
3685 1562 3946 1619 Ecclesia

2299 1644 2533 1699 saeculis
2562 1645 2843 1700 usitatum
2862 1646 3159 1712 videmus,
3180 1647 3237 1701 in
3252 1647 3719 1719 quibus,;tideles
3752 1652 3825 1706 ad
3839 1652 3945 1723 pri-

2298 1734 2508 1789 mitatis
2519 1733 2667 1790 lucis
2682 1736 2800 1790 Deo
2816 1735 3427 1805 persolvendas,initio
3439 1754 3672 1795 aurorae
3685 1756 3951 1811 assurge-

533 1821 751 1879 imbuti
774 1834 890 1893 pro
920 1819 1143 1892 pabulo
1169 1820 1485 1890 docebant,
1513 1825 1569 1876 et
1583 1835 1785 1877 coram
1802 1818 2043 1888 regibus
2056 1833 2190 1889 pro-
2228 1838 2268 1892 Β
2296 1820 2464 1878 bant.
2504 1821 2593 1877 Ad
2631 1822 2907 1878 ordinem
2937 1828 3137 1879 autem
3164 1825 3331 1897 quod
3382 1831 3630 1897 spectat,
3674 1844 3947 1886 successu

534 1908 879 1977 ﬁtebantur,
911 1912 975 1964 ut
1001 1907 1217 1964 accidit
1245 1907 1415 1964 beato
1431 1908 1675 1977 Eulogio
1693 1907 1877 1963 electo
1902 1906 2188 1978 episcopo

535 1996 837 2063 Toletano,
860 1996 966 2067 qui
1001 2010 1125 2051 non
1173 1996 1371 2051 solum
1397 2011 1507 2051 sua
1537 1995 1814 2068 apologia
1851 1997 2187 2065 martyrum

537 2081 937 2139 constantiam
966 2082 1249 2148 defendit,
1282 2082 1387 2137 sed
1412 2098 1618 2139 eorum
1631 2087 1776 2138 Acta
1801 2098 1909 2137 suo
1936 2084 2186 2137 Memco-

536 2170 671 2227 riali
693 2169 1026 2234 illustravit,
1060 2170 1400 2239 gentilicum
1426 2169 1686 2227 furorem
1729 2186 1849 2226 non
1875 2169 2185 2241 pertimes-

538 2274 697 2324 cens,
738 2273 963 2330 suoque
990 2259 1283 2327 sanguine
1322 2260 1643 2315 ﬁrmansid
1664 2260 1828 2332 quod
1859 2258 2039 2315 corde
2064 2272 2185 2313 cre-

536 2346 732 2413 debat,
762 2346 840 2402 ad
862 2346 1178 2417 justitiam,
1194 2351 1251 2403 et
1275 2363 1377 2403 ore
1395 2347 1788 2404 conﬁtebatur
1800 2347 1879 2404 ad
1901 2348 2181 2402 salutem.

616 2437 893 2490 Nostrum
910 2434 1251 2491 institutum
1272 2435 1485 2505 majori
1498 2436 1915 2509 perspicuitate
1931 2435 2182 2491 elucide-

542 2524 832 2578 mus.Non
848 2524 1173 2578 asserimus
1186 2521 1495 2578 Gothicum
1509 2524 1688 2579 ritum
1702 2525 1965 2596 quinque
1980 2522 2184 2594 priori-

539 2609 656 2666 bus
667 2609 941 2665 Ecclesiae
958 2608 1188 2665 saeculis
1200 2609 1482 2666 eumdem
1493 2610 1553 2666 in
1565 2612 1847 2668 omnibus
1864 2611 2047 2667 sacris
2058 2626 2187 2683 pre-

548 2696 721 2752 cibus
753 2695 941 2752 fuisse
972 2712 1108 2752 cum
1141 2700 1408 2753 Romano
1436 2718 1448 2767 ;
1483 2699 1588 2754 sed
1631 2700 1879 2770 origine,
1907 2704 1963 2754 et
1983 2699 2187 2771 quoad

539 2784 957 2851 substantiam,
989 2788 1053 2839 ut
1107 2784 1300 2840 innuit
1336 2785 1499 2842 card.
1548 2788 1712 2841 Bona
1742 2788 1882 2858 (Lib.
1915 2802 1934 2843 1
1970 2789 2187 2844 Rerum

540 2872 771 2941 liturg.,
804 2886 929 2942 cap.
957 2876 990 2926 7
1010 2887 1143 2928 num
1172 2874 1252 2942 5),
1273 2872 1544 2929 videlicet
1576 2875 1937 2931 sacriﬁcium
1975 2876 2189 2931 iisdem

538 2958 804 3030 partibus
834 2958 1328 3016 substantialibus
1348 2967 1679 3031 constasse,
1721 2964 2186 3026 consecratione,

537 3045 923 3110 oblatione,et
952 3047 1451 3118 sumptione,licet
1474 3049 1859 3107 accidentalis
1886 3051 2032 3107 ordo
2060 3066 2188 3122 pre-

542 3148 680 3189 cum
713 3137 835 3189 tam
856 3133 1283 3205 inltaliaquam
1296 3134 1356 3190 in
1372 3135 1657 3208 Hispania
1687 3142 1881 3194 tractu
1905 3139 2190 3208 temporis

537 3219 1693 3280 fueritimmutatus.Necimmoramurin
1706 3226 2057 3282 sustinenda
2068 3226 2193 3299 opi-

539 3308 718 3364 nione
751 3307 1015 3379 Clajetani
1045 3309 1246 3376 Cenni,
1276 3310 1403 3381 qui,
1430 3310 1683 3384 loquens
1712 3313 1784 3369 de
1813 3314 2005 3371 missa
2056 3331 2191 3387 quae

539 3399 807 3468 tampore
836 3396 1026 3453 sancti
1046 3397 1255 3453 ISldOl‘i
1280 3398 1343 3453 in
1366 3399 1652 3473 Hispania
1667 3402 2192 3470 celabrabatur,ita

546 3484 1008 3555 ait(Tom.I,diss.
1028 3501 1131 3556 v11,
1150 3501 1314 3543 num.
1353 3488 1469 3559 10):
1494 3489 1681 3548 Plane
1709 3494 1837 3562 ejus
1859 3493 2188 3562 simillima,

546 3586 722 3643 quam
750 3571 918 3628 divus
942 3572 1152 3628 Petrus
1171 3574 1467 3633 instituit:
1499 3579 1653 3648 quod
1680 3578 1732 3635 si
1761 3579 2076 3636 admodum
2105 3581 2191 3637 di-

542 3673 709 3715 versa
735 3673 854 3716 esse
881 3660 1160 3717 videtura
1185 3662 1439 3720 Romana
1470 3665 1736 3738 antiqua,
1752 3668 1955 3738 exquis
1974 3683 2050 3725 an
2064 3684 2190 3726 nes-

540 3746 660 3802 ciat
682 3760 719 3802 a
740 3748 948 3812 Leone,
971 3749 1224 3815 Gelasio,
1249 3749 1526 3822 Gregorio
1543 3754 1625 3810 ad
1638 3770 1765 3811 eam
1783 3756 2045 3825 formam
2056 3773 2187 3828 per-

541 3832 780 3890 ductam
798 3848 937 3900 esse,
959 3851 1091 3907 quae
1115 3836 1285 3893 hodie
1298 3838 1549 3896 obtinet?
1568 3842 1647 3897 De
1663 3843 1925 3915 Hispana
1948 3861 2088 3901 vero
2101 3861 2187 3902 se-

540 3935 648 3975 cus
669 3924 783 3978 est:
814 3922 1066 3978 Nullum
1083 3926 1297 3995 quippe
1321 3941 1390 3982 ex
1409 3929 1592 3985 trium
1606 3931 1955 4001 pontiﬁcum
1970 3937 2186 3992 Sacra-

518 4011 850 4067 -mentariis
867 4025 987 4067 eam
1001 4012 1165 4069 novit
1180 4030 1195 4082 ;
1209 4014 1312 4071 sed
1324 4031 1503 4086 quam
1513 4019 1676 4087 prius
1702 4023 1937 4077 missam
1954 4037 1993 4079 a
2016 4039 2185 4080 sanc-

542 4101 604 4155 ta
632 4096 765 4154 sede
787 4101 1034 4168 accepit,
1068 4101 1227 4158 hanc
1251 4102 1531 4173 Hesperia
1553 4114 1761 4165 nostra
1791 4113 2179 4169 conservavit.

613 4184 772 4241 Sicut
796 4184 859 4240 in
879 4186 1255 4244 naturalibus
1270 4191 1437 4261 prius
1463 4194 1652 4262 nasci,
1670 4200 1883 4267 postea
1898 4214 2179 4264 crescere,

538 4273 598 4327 et
618 4270 826 4327 ultimo
838 4273 1041 4343 perﬁci
1058 4291 1071 4340 ;
1089 4274 1173 4331 ita
1185 4276 1247 4331 in
1258 4278 1441 4333 sacris
1453 4281 1840 4340 conﬁciendis
1859 4286 2022 4357 prior
2034 4288 2182 4343 ordo

537 4356 617 4413 ab
645 4359 972 4429 apostolica
989 4362 1130 4417 sede
1150 4369 1347 4433 natus,
1364 4374 1573 4437 postea
1597 4373 1796 4439 crevit,
1832 4356 1903 4430 ac
1923 4374 2183 4447 denique

528 4445 828 4516 perfectus
839 4454 948 4505 est.
963 4448 1239 4505 Gothicus
1252 4452 1396 4509 ritus
1402 4454 1424 4525 j
1435 4459 1573 4513 uxta
1584 4459 1861 4516 lsidorum
1876 4445 2185 4519 admodum

2299 1910 2581 1981 temporis
2603 1911 2855 1966 varietas
2876 1911 3124 1968 inducta
3148 1915 3765 1989 conspicitur,partim
3788 1934 3950 1977 amo-

2292 1998 2503 2054 nachis
2532 1998 2924 2067 descendens,
2950 2002 3166 2072 partim
3184 2008 3428 2073 propter
3453 2004 3835 2063 devotionem
3858 2024 3949 2064 au—

2294 2087 2575 2156 gendam,
2599 2088 2769 2158 quasi
2791 2088 3068 2144 dicamus
3103 2095 3332 2152 auctus,
3360 2091 3758 2164 locupletatus
3792 2112 3950 2153 sacer

2292 2175 2460 2240 ritus,
2482 2180 2537 2231 et
2573 2192 2609 2231 a
2642 2179 2893 2231 summis
2923 2177 3310 2249 pontiﬁcibus
3334 2179 3674 2253 adoptatus.

2364 2266 2510 2320 Cum
2526 2265 2771 2333 igiturin
2789 2265 3065 2321 Psalterio
3080 2266 3413 2325 Isidoriano
3443 2271 3952 2329 commendatissi-

2290 2368 2438 2407 mam
2454 2353 2780 2409 versionem
2796 2360 3039 2409 veterem
3056 2355 3311 2411 Italicam
3342 2357 3950 2428 habeamus,eta1iun-

2291 2441 2367 2497 de
2397 2441 2456 2497 in
2479 2443 2595 2498 ﬁne
2609 2444 2925 2513 cujuslibet
2948 2445 3169 2514 psalmi
3191 2446 3425 2502 dicatur
3457 2449 3657 2505 Gloria
3680 2458 3739 2506 et
3775 2452 3950 2507 honor

2290 2530 2543 2595 Patri,et
2569 2531 2735 2594 Filio,
2757 2538 2807 2585 et
2828 2533 3089 2599 Spiritui
3104 2539 3330 2599 sancto,
3346 2536 3521 2605 juxta
3544 2537 3863 2594 articulum
3893 2540 3946 2594 14

2294 2617 2502 2673 concil.
2530 2634 2589 2672 ιιι
2610 2618 2893 2683 Toletani,
2918 2618 2977 2673 in
2996 2619 3134 2675 ﬁdei
3150 2622 3540 2691 professione,
3557 2629 3611 2680 ct
3641 2642 3874 2682 canone
3892 2631 3946 2682 15

2295 2705 2507 2763 concil.
2538 2722 2613 2771 ιν,
2637 2707 2893 2777 praeside
2924 2713 3131 2763 sancto
3161 2709 3410 2781 Isidoro,
3441 2711 3762 2770 dubitandi
3791 2715 3949 2771 locus

2296 2809 2417 2849 non
2436 2799 2541 2865 est,
2586 2811 2775 2866 usque
2803 2795 2881 2850 ad
2911 2801 3183 2867 tempora
3207 2800 3367 2854 card.
3395 2800 3951 2873 Ximeniiintegrum

2297 2884 2595 2955 etabsque
2631 2884 2754 2939 ulla
2797 2885 3173 2941 substantiali
3207 2889 3534 2945 mutatione
3562 2892 3949 2963 perdurasse;

2296 2986 2405 3026 nec
2419 2971 2847 3028 eammducere
2862 2989 3035 3044 posse
3065 2973 3406 3031 festivitates
3436 2983 3764 3051 desumpta
3784 2997 3820 3037 a
3837 2998 3954 3037 car-

2297 3058 2483 3114 dinali
2503 3060 2773 3115 Ximonio
2806 3078 2876 3116 ex
2902 3062 3017 3117 ritu
3038 3063 3281 3136 antiquo
3295 3067 3594 3135 Toletano,
3629 3069 3811 3143 cujus
3832 3071 3954 3128 Mis-

2231 3191 2270 3245 C
2300 3148 2422 3204 sale
2456 3153 2660 3219 postea
2686 3149 2845 3220 typis
2872 3151 3181 3245 ediderunt
3220 3154 3555 3211 cardinales
3592 3158 3862 3215 Joannes
3891 3160 3956 3215 de

2298 3239 2542 3305 Tavera,
2563 3239 2905 3296 etMartinez
2932 3240 3315 3309 Siliceo,ante
3338 3247 3774 3304 correctionem
3800 3250 3877 3304 Pii
3901 3252 3953 3305 V.

2370 3325 2744 3383 Psalmorum
2760 3344 2938 3384 usum
2950 3345 3088 3384 cum
3101 3346 3212 3386 can
3223 3337 3279 3387 to
3294 3332 3956 3410 principio,et,{quando

2296 3412 2378 3469 illi
2390 3418 2527 3470 sunt
2538 3414 2860 3484 longiores,
2875 3433 3012 3473 cum
3024 3433 3217 3487 pausa
3232 3419 3549 3492 aliquoties
3561 3424 3724 3482 circa
3740 3426 3955 3482 medie-

2298 3503 2671 3575 tatem(quod
2685 3504 3027 3576 diapsalma
3040 3507 3426 3577 vocabant,ut
3438 3509 3665 3569 dictum
3681 3514 3953 3586 est),aeta-

2297 3594 2354 3646 te
2373 3592 2561 3647 sancti
2590 3592 2794 3648 lsidori
2823 3592 3028 3661 fuisse,
3048 3596 3606 3669 sicutapparebitin
3633 3602 3948 3673 ;Psalterio,

2296 3682 2473 3749 prout
2497 3678 2559 3734 in
2585 3682 2961 3753 autographo
2984 3698 3021 3738 a
3049 3683 3226 3739 nobis
3256 3685 3413 3742 edito
3456 3692 3667 3753 exstat,
3701 3691 3951 3762 ipsemet

2297 3770 2538 3821 sanctus
2567 3765 2778 3823 doctor
2801 3768 3173 3827 demonstrat
3205 3772 3356 3841 (Lib.
3378 3774 3488 3830 Ide
3514 3775 3708 3834 divin.
3757 3780 3946 3848 Ofﬁc,

2293 3867 2423 3923 cap.
2453 3858 2471 3908 l
2508 3853 2603 3925 §l,
2638 3856 2711 3911 de
2728 3857 3016 3926 spalmis),
3036 3858 3128 3913 his
3142 3859 3336 3915 verbis
3360 3877 3371 3916 :
3399 3863 3657 3932 Propter
3676 3870 3949 3924 carnales

2293 3948 2486 3998 autem
2508 3942 2569 3997 in
2585 3943 2879 4009 Ecclesia,
2893 3961 3009 4000 non
3018 3950 3622 4018 propterspirituales
3636 3962 3947 4014 consuetu-

2292 4030 2366 4085 do
2397 4036 2478 4087 est
2496 4032 2774 4089 instituta
2796 4036 3047 4089 canendi
3063 4051 3075 4100 ;
3092 4043 3155 4091 ut
3171 4037 3313 4107 quia
3330 4039 3515 4095 verbis
3533 4057 3649 4097 non
3671 4060 3950 4115 compun-

2288 4134 2409 4189 gun
2418 4122 2537 4187 tur,
2558 4123 2843 4176 suavitate
2858 4123 3035 4177 modu
3044 4124 3282 4180 laminis
3296 4136 3667 4187 moveantur.
3682 4175 3721 4202 .,
3738 4150 3877 4191 nam
3896 4136 3951 4190 in

2291 4206 2436 4273 ipsis
2450 4206 2487 4275 (j
2499 4222 2572 4260 ux
2582 4211 2638 4261 ta
2650 4209 3072 4280 Augustinum)
3093 4212 3268 4268 dictis
3283 4217 3509 4273 sanctis
3538 4220 3882 4291 religiosius
3906 4228 3954 4278 et

2302 4292 2614 4348 ardentius
2632 4303 2938 4375 moventur
2948 4300 3110 4355 anim
3119 4300 3340 4357 inostri
3354 4304 3434 4358 ad
3444 4306 3757 4374 ﬂammam
3769 4312 3954 4380 pieta-

2293 4385 2367 4434 tis
2398 4395 2530 4435 cum
2547 4388 2747 4437 cantat
2760 4399 3036 4455 ur,quam
3058 4390 3229 4445 sinon
3243 4398 3544 4448 cantetur.
3575 4396 3793 4455 Omnes
3807 4415 3953 4457 enim

2292 4470 2539 4539 affectus
2554 4476 2747 4529 nostri
2758 4476 3293 4553 (rursuslsidorus)
3316 4498 3419 4552 pro
3462 4499 3740 4544 sonorum
3770 4490 3955 4546 diver-

539 4532 747 4643 similis
778 4536 1079 4603 Romano;
1099 4536 1232 4595 loco
1255 4541 1414 4598 enim
1447 4546 1718 4616 superius
1744 4548 1922 4605 citato
1960 4550 2180 4623 inquit:
2219 4535 2262 4589 D
2291 4558 2485 4625 sitate,
2512 4561 2607 4616 vel
2618 4566 2899 4633 novitate,
2922 4569 3109 4622 nescio
3134 4585 3246 4639 qua
3275 4532 3508 4627 occulta
3527 4574 3953 4643 familiaritate

516 4680 523 4687 _
536 4620 765 4690 Septem
778 4636 897 4679 esse
906 4627 1194 4682 orationes
1203 4632 1477 4699 sacriﬁcii
1488 4638 1833 4705 evangelica
1844 4620 2185 4707 apostolica-

541 4722 646 4777 que
670 4709 945 4767 doctrina
961 4716 1408 4784 commendatus,
1428 4725 1483 4776 et
1493 4724 1759 4780 eumdem
1770 4725 1956 4781 ritum
1975 4727 2039 4782 in
2050 4728 2185 4785 mis-

534 4808 603 4851 sa
621 4795 1001 4855 Mozarabica
1012 4800 1273 4858 videmus
1284 4804 1455 4863 hodie
1467 4811 1712 4866 servari.
1726 4812 1799 4866 In
1814 4814 2035 4883 prima,
2053 4832 2185 4887 quae

534 4882 761 4938 dicitur
780 4901 959 4957 msss,
979 4888 1048 4955 ﬁt
1060 4890 1386 4949 admonitio
1398 4896 1480 4951 ad
1486 4899 1767 4968 populum
1787 4917 1805 4969 ;
1823 4901 1882 4956 in
1897 4882 2181 4963 secunda.

535 4969 830 5027 invocatio
839 4988 936 5029 seu
947 4975 1284 5046 deprecatio
1294 4981 1377 5037 ad
1383 4983 1571 5039 Deum
1586 4986 1670 5051 ;in
1682 4987 1883 5054 tertia,
1896 4990 2184 5060 inscripta

510 5072 666 5115 ..POS'1‘
694 5074 925 5127 NOMINA,
934 5078 1043 5132 pro
1054 5064 1427 5134 offerentibus
1445 5073 1713 5127 exoratio
1733 5074 1825 5139 ;in
1844 5085 2084 5146 quarta,
2102 5082 2183 5136 ad

526 5161 725 5217 pacem
749 5154 801 5203 et
818 5150 1106 5208 unitatem
1130 5154 1223 5216 ;in
1248 5156 1479 5225 quinta,
1502 5164 1845 5217 contestatio
1870 5180 1970 5221 seu
1987 5168 2179 5225 illatio

532 5248 637 5302 pro
664 5235 831 5291 donis
859 5239 1114 5308 acceptis
1138 5257 1152 5306 ;
1180 5242 1243 5296 in
1263 5249 1425 5300 sexta
1443 5259 1576 5300 rosr
1588 5260 1778 5304 parum
1803 5254 2181 5321 conformita-

535 5324 648 5377 tem
673 5336 806 5379 cum
828 5332 1203 5384 sacramento
1227 5344 1242 5392 ;
1271 5335 1336 5386 et
1358 5331 1422 5386 in
1446 5335 1714 5400 septima,
1758 5338 1840 5393 ad
1858 5343 2178 5400 orationem

532 5409 921 5468 Dominicam.
947 5415 1029 5469 Ex
1053 5413 1275 5485 quibus
1292 5430 1432 5473 cum
1461 5420 1744 5479 cardinali
1762 5427 1923 5484 Bona
1945 5443 2071 5486 non
2094 5431 2177 5489 le-

528 5494 1075 5556 viterautumamus
1095 5500 1278 5557 ritum
1304 5502 1367 5559 in
1391 5504 1587 5564 Africa
1606 5512 1663 5566 et
1689 5510 1888 5570 Galliis
1919 5515 2179 5578 similem

503 5639 513 5659 η
532 5581 714 5640 fuisse
724 5583 806 5642 illi
819 5585 925 5657 qui
935 5585 998 5643 in
1010 5586 1288 5658 Hispania
1298 5592 1695 5655 Mozarabicus
1705 5599 1900 5659 dictus
1911 5610 2026 5662 est:
2041 5609 2177 5666 etde

2292 4649 2965 4722 excitanturmagis,cum
2975 4671 3075 4710 sua
3083 4659 3136 4711 vi
3144 4663 3196 4713 et
3211 4660 3522 4719 artificiosa
3535 4679 3669 4722 voce
3683 4672 3951 4723 can-tatur

2363 4738 2735 4807 Hymnorum
2763 4743 3128 4800 mentionem
3145 4745 3284 4804 facit
3308 4755 3553 4807 sanctus
3569 4752 3860 4813 doctorin
3872 4773 3952 4812 se-

2291 4826 2498 4895 quenti
2510 4826 2788 4898 §,primos
2802 4846 3011 4888 eorum
3023 4836 3444 4907 compositores
3454 4855 3799 4915 recensens,
3808 4845 3953 4901 Hila-

2289 4910 2448 4967 rium
2464 4914 2684 4973 scilicet
2726 4921 3078 4991 episcopum
3121 4922 3555 4985 Pictaviensem
3604 4910 3951 5005 eloquentia

2290 5002 2706 5074 conspicuum,
2728 5012 2786 5063 et
2804 5008 3191 5068 Ambrosium
3214 5002 3745 5090 Mediolanensem,
3780 5038 3949 5095 quem

2288 5087 2482 5146 virum
2512 5108 2748 5164 magnae
2788 5096 3062 5165 gloriaein
3087 5101 3315 5158 Christo
3332 5112 3523 5173 vocat,
3541 5087 3949 5167 clarissimum

2286 5174 2583 5234 doctorem
2596 5179 2657 5235 in
2672 5182 3012 5245 Ecclesia.et
3026 5187 3086 5242 in
3104 5189 3445 5258 hujusmodi
3458 5195 3781 5252 carminum
3799 5214 3953 5254 com-

2285 5262 2577 5333 positione
2591 5269 2900 5339 copiosum
2914 5290 2932 5342 ;
2948 5279 3124 5344 atque
3138 5277 3375 5341 inde,e.r
3386 5282 3514 5349 ejus
3527 5285 3952 5357 nomine,hym-

2284 5350 2351 5404 ni
2359 5351 3100 5428 Ambrosianiappetantur
3117 5369 3188 5429 ;et
3205 5367 3329 5433 ejus
3340 5368 3705 5426 celebritatis
3719 5350 3950 5430 devotio

2277 5438 2535 5530 primum
2561 5442 2625 5497 in
2647 5444 2914 5503 Ecclesia
2931 5449 3388 5521 Mediolanensi,
3401 5462 3607 5524 postea
3631 5458 3949 5530 per_'totius

2289 5524 3948 5616 0ccidentisEcclesiaobservatur.chigiturlectorem

2283 5627 2612 5691 exoramus,
2630 5624 2693 5676 ut
2704 5622 2909 5681 oculos
2922 5626 2995 5681 ad
3006 5627 3260 5698 hymnos
3284 5634 3587 5703 praesentis
3599 5635 3750 5695 ritus
3763 5638 3944 5699 lsido-
