4076 6414
206 364 270 418 25
1218 369 1661 427 FRANCISCUS
1702 370 2056 427 ANTONIUS
2097 371 2517 429 LORENZANA
2557 376 2879 435 LECTORI.
3661 389 3734 443 26

210 489 701 553 rianiconvertat,
726 496 803 549 et
817 494 1165 557 eosdem,
1186 510 1340 566 quos
1357 497 1868 553 sanctuslsidorus
1886 512 1969 552 re-
2000 499 2046 551 A
2085 497 2298 552 etenim
2323 498 2382 554 in
2400 500 2559 556 calce
2576 503 2764 558 nostri
2781 502 3009 557 Codicis
3033 517 3154 559 non
3178 504 3373 561 solum
3398 508 3579 565 horas
3600 526 3731 569 ma-

233 579 551 637 iertrecitari
567 597 734 637 com
747 584 1000 654 periet
1030 602 1047 651 ;
1080 590 1145 639 et
1168 585 1215 638 si
1231 583 1329 639 alii
1352 583 1753 651 inveniuntur,
1780 602 1816 641 a
1838 588 1975 640 Pru-

239 669 741 743 dentiottispano,
778 673 918 744 qui
952 672 1189 728 ﬂoruit
1213 672 1430 727 saeculo
1458 688 1532 737 iv,
1561 672 1976 729 fueruntcom-

241 760 395 832 positi.

299 854 347 905 In
360 850 539 905 sancti
554 851 808 906 Jacobi
830 852 1123 923 hymno
1148 852 1425 906 undecim
1445 852 1703 923 apostoli
1724 857 1976 908 tantum-

253 938 994 1009 modoenumerantur,et
1016 940 1262 996 silentio
1277 941 1635 1005 auctor,sive
1654 941 1976 1012 exscriptor

256 1030 400 1101 (quod
413 1029 845 1085 verisimilius
865 1033 1033 1100 est),
1054 1030 1284 1085 Judam
1296 1029 1661 1085 'l‘haddasum
1681 1031 1933 1101 praeterit
1960 1054 1971 1084 :

257 1118 418 1173 videsis
433 1118 803 1189 prologum
821 1118 1333 1190 expositionisin
1350 1118 1771 1190 Apocalypsim
1787 1119 1975 1175 sancti

262 1209 383 1263 Beati
410 1207 865 1271 Liebanensis,
906 1224 1132 1280 nuper
1162 1224 1199 1262 a
1229 1211 1292 1263 Β.
1320 1210 1376 1261 Ρ.
1406 1208 1661 1263 Florezio
1690 1209 1751 1263 in
1780 1208 1973 1266 lucem

262 1295 525 1359 editadib.
542 1312 587 1351 ιι
614 1314 630 1359 ;
652 1312 787 1351 nec
811 1296 1054 1352 statim
1076 1310 1471 1368 expavescas,
1493 1296 1595 1350 sed
1609 1296 1807 1367 potius
1826 1298 1975 1353 anti-

262 1385 501 1455 quitatem
519 1384 769 1440 mirare
796 1405 811 1445 ;
830 1400 1003 1440 nam
1021 1385 1164 1439 licet
1178 1383 1641 1439 card.Ximenius
1657 1384 1715 1439 in
1731 1400 1972 1456 corpore

263 1474 619 1543 hymnihunc
633 1472 995 1528 defectum
1015 1490 1043 1526 s
1056 1472 1393 1543 uppleverit
1406 1472 1683 1526 addendo
1698 1478 1972 1529 sanctum

268 1562 637 1625 Thaddzeum,
660 1560 1117 1631 similiterque
1138 1563 1307 1613 Pater
1325 1558 1613 1613 Florezius
1632 1559 1690 1614 in
1705 1561 1971 1631 margine

276 1650 627 1705 adnotaverit
653 1650 805 1705 haec
842 1649 1055 1704 verba
1088 1649 1535 1703 Praelermissus
1573 1649 1764 1703 Judas
1779 1649 1970 1703 Thad-

273 1739 411 1795 deus
435 1745 712 1803 ;tamen,
741 1740 795 1793 si
818 1737 1214 1808 conjecturis
1247 1736 1337 1792 fas
1357 1741 1463 1800 est,
1486 1737 1859 1805 ignorantiae,
1885 1738 1972 1792 ni-

2084 585 2305 641 tutinas
2332 592 2387 643 et
2414 587 2662 645 laudum
2694 590 2977 658 invenies,
3007 592 3110 646 sed
3141 593 3320 648 etiam
3359 595 3619 666 hymnos
3651 600 3731 656 ad

2083 674 2339 743 primam
2361 678 2551 732 noctis
2569 678 2833 748 vigiliam
2855 721 2868 746 ,
2886 681 2962 735 ad
2977 681 3115 749 galli
3136 687 3399 748 cantum,
3422 686 3583 756 quod
3604 693 3731 744 erat

2084 762 2237 816 circa
2264 764 2525 819 medium
2546 769 2751 832 noctis,
2774 775 2829 823 et
2847 768 3147 840 pullorum
3164 774 3591 844 cantum,quod
3607 782 3732 833 erat

2084 850 2236 906 circa
2268 861 2681 923 exsurgentem
2706 873 3021 928 auroram;
3048 858 3207 913 hunc
3234 861 3583 928 secundum,
3610 869 3731 921 uta

2084 940 2223 1009 galli
2262 948 2438 997 cantu
2469 945 2681 1001 mediae
2736 947 2926 1002 noctis
2966 947 3383 1015 discernerent,
3432 951 3729 1023 hymnum

2084 1030 2384 1100 pullorum
2416 1038 2623 1090 cantus
2653 1036 3055 1109 appellabant.

2154 1120 2503 1189 lnsuperhis
2518 1123 2818 1181 addebant
2834 1125 2979 1180 alias
2993 1126 3262 1196 horas,ut
3283 1129 3602 1185 duodecim
3616 1130 3731 1186 diei

2082 1205 2142 1260 in
2158 1208 2337 1261 sacris
2356 1208 2595 1280 hymnis
2610 1213 3356 1283 transigerentjuxtaillam
3379 1218 3611 1273 Domini
3625 1234 3729 1274 no-

2082 1294 2183 1347 stri
2208 1296 2341 1349 Jesu
2370 1298 2575 1353 Christi
2610 1302 2963 1357 sententiam
2990 1320 3001 1357 :
3028 1304 3239 1359 Nonne
3255 1305 3561 1363 duodecim
3589 1314 3727 1363 sunt

2082 1379 2239 1436 hora?
2288 1384 2407 1438 diei
2426 1386 2453 1437 Ῡ
2482 1393 2536 1439 et
2565 1385 2745 1442 aliam
2776 1389 3128 1458 parabolam
3178 1391 3388 1459 vineae,
3422 1392 3499 1447 ad
3544 1409 3729 1465 quam

2080 1469 2467 1526 excolendam
2481 1475 2783 1543 operarios
2797 1477 3074 1531 conduxit
3087 1492 3205 1531 non
3221 1477 3411 1532 solum
3429 1480 3499 1534 ad
3516 1480 3727 1536 horam

2079 1570 2324 1622 nonam,
2350 1560 2454 1613 sed
2470 1560 2647 1615 etiam
2662 1562 2739 1617 ad
2752 1563 3045 1619 decimam
3061 1570 3117 1618 et
3134 1566 3607 1637 undecimam,ut
3622 1570 3727 1624 mi-

2078 1644 2245 1699 nistri
2272 1648 2500 1702 Domini
2525 1649 3017 1705 meditarenturin
3034 1652 3158 1719 lege
3176 1652 3303 1721 ejus
3326 1653 3419 1707 die
3443 1670 3511 1710 ac
3534 1660 3722 1719 nocte,

2078 1740 2133 1788 et
2154 1734 2333 1789 cultui
2352 1736 2553 1792 divino
2570 1744 2867 1795 vacarent.
2885 1739 2970 1795 0b
2982 1740 3138 1795 hanc
3151 1742 3437 1796 rationem
3458 1744 3726 1814 perleges

272 1828 383 1881 mire
398 1828 627 1899 pietati,
650 1833 715 1882 et
738 1825 1167 1897 exscriptoris
1183 1824 1325 1878 vitio
1341 1829 1603 1894 tempore
1626 1824 1967 1879 Mahumeti-
2004 1837 2048 1890 Β
2078 1822 2337 1893 hymnos
2365 1826 2441 1880 ad
2473 1826 2611 1894 galli
2644 1832 2883 1882 cantum
2918 1830 3071 1883 circa
3104 1829 3363 1884 mediam
3389 1833 3729 1898 noctem,ad

270 1917 720 1988 czecaptivitatis
736 1914 950 1970 debes
967 1918 1222 1977 vertere,
1240 1928 1359 1967 non
1378 1912 1634 1967 auctoris
1650 1929 1662 1977 ;
1678 1910 1772 1965 ille
1784 1912 1963 1979 enim,

271 2021 443 2059 errore
477 2011 733 2077 captus,
764 2003 994 2059 timuit
1016 2001 1399 2056 ubinonerat
1424 2001 1709 2063 timor,ne
1724 2006 1963 2056 sanctus

266 2093 435 2148 Judas
465 2110 611 2148 cum
644 2092 969 2147 traditore
998 2089 1487 2145 confunderetur.

330 2183 388 2236 In
400 2183 658 2253 praefato
672 2179 1057 2251 Psalteriopn
1068 2179 1150 2233 ι’σὶ
1164 2194 1268 2249 pro
1288 2177 1452 2241 mihi,
1473 2178 1709 2231 macina
1725 2193 1830 2248 pro
1844 2193 1963 2233 ma-

265 2272 436 2326 china
458 2286 712 2342 semper
731 2268 1072 2337 scribitur;
1093 2266 1406 2338 aliquoties
1422 2265 1453 2319 ὁ
1472 2281 1579 2336 pro
1606 2280 1658 2328 υ,
1678 2264 1765 2317 vel
1786 2282 1815 2319 e
1830 2282 1965 2320 con-

266 2368 368 2425 tra,
385 2361 563 2428 Josep
583 2375 701 2429 pro
718 2358 959 2425 Joseph
972 2369 994 2424 ,'
1011 2357 1181 2422 Asap
1200 2369 1306 2425 pro
1324 2353 1549 2422 Asaph,
1572 2359 1838 2422 tropeum
1859 2370 1965 2424 pro

266 2449 597 2515 tropha’um
612 2490 625 2513 ,
656 2446 863 2501 etalia
882 2444 980 2498 his
1001 2441 1328 2507 simillima,
1353 2441 1856 2513 prmtermittendo
1878 2458 1966 2497 as-

264 2536 625 2605 pirationem
652 2535 880 2590 litterae
910 2534 971 2597 Iz,
994 2532 1255 2603 reperies
1278 2544 1301 2600 ;
1320 2536 1375 2585 et
1396 2531 1508 2585 hoc
1526 2530 1766 2585 evidens
1788 2536 1874 2585 est
1898 2532 1966 2585 si-

266 2638 454 2691 gnum
484 2624 765 2679 Gothicae
791 2619 1315 2693 pronuntiationis
1340 2625 1395 2673 et
1416 2618 1968 2689 scriptura:;lingua

256 2713 486 2766 etenim
507 2709 1121 2766 vernaculaillorum
1138 2706 1451 2775 gutturalis
1467 2722 1690 2773 magna
1707 2723 1843 2761 cum
1863 2708 1968 2761 dif-

251 2800 529 2855 ﬁcultate
562 2800 1081 2866 Latinoingenuo
1115 2794 1782 2850 sermoniassuetiebat:
1819 2797 1965 2851 etob

246 2888 372 2943 hoc
400 2892 593 2943 rudes
627 2887 1050 2958 exscriptores
1094 2882 1421 2955 pervetusti
1452 2882 1596 2937 ritus
1641 2889 1968 2939 memorata

246 2976 451 3032 verba
496 2979 958 3048 apposuerunt,
986 2977 1049 3028 ut
1074 2971 1275 3026 videre
1307 2971 1476 3025 estin
1520 2971 1648 3026 aliis
1697 2971 1964 3040 ejusdem

239 3066 449 3119 aetatis
481 3063 829 3119 Codicibus
858 3081 871 3123 ;
908 3067 967 3115 et
990 3076 1066 3115 ne
1098 3058 1527 3114 oti'endiculum
1553 3058 1966 3114 sacerdotibus

236 3153 660 3208 Mozarabicis
689 3156 1062 3215 remaneret,
1097 3153 1361 3203 correcta
1402 3152 1540 3201 sunt
1571 3148 1631 3202 in
1683 3148 1963 3203 Psaltcrio
1996 3182 2035 3237 ρ

232 3241 525 3310 praefata
553 3240 770 3295 verba.

314 3331 665 3391 [lucusque
680 3342 908 3383 omnes
923 3324 1172 3380 studiosi
1187 3322 1721 3387 soleninitates,seu
1735 3330 1961 3379 sancto-

219 3431 381 3471 rum
420 3418 821 3482 festivitates,
856 3430 1015 3486 quas
1049 3415 1247 3466 Patres
1294 3411 1521 3465 Gothici
1560 3411 1959 3481 celebrabant,

218 3504 625 3559 avidissime
640 3505 800 3559 scire
820 3502 1179 3572 cupiebant;
1201 3516 1269 3553 ex
1286 3500 1416 3570 ipso
1435 3500 1593 3554 enim
1613 3499 1909 3554 Breviario
1931 3515 1968 3555 a

219 3592 423 3646 card.
438 3592 728 3647 Ximenio
749 3588 917 3662 typis
935 3594 1178 3644 exarato
1193 3586 1508 3657 decerpere
1524 3602 1643 3641 non
1658 3591 1963 3657 poterant;

244 3677 329 3733 ibi
346 3680 702 3743 invenitur,
715 3684 781 3732 ut
800 3675 1313 3741 diximus,festum
1327 3674 1685 3730 sanctissimi
1700 3675 1968 3746 Corporis

252 3767 496 3823 Christi
531 3766 770 3823 saeculo
792 3781 900 3820 xm
925 3765 1001 3821 ab
1026 3763 1267 3819 Urbano
1296 3763 1465 3827 lV,ad
1484 3762 1847 3818 abolendum
1872 3765 1971 3818 Be-

247 3858 538 3926 rengarii
573 3870 853 3911 errorem
880 3853 1220 3908 institutum
1252 3852 1434 3919 ;inibi
1463 3851 1520 3906 in
1556 3851 1968 3907 festivitatibus

248 3957 359 4010 per
388 3959 648 3999 annum
674 3942 889 4014 plures
908 3942 966 3995 in
986 3938 1295 3993 communi
1315 3944 1659 3994 sanctorum
1672 3941 1971 4009 reperiun-

249 4037 347 4086 tur
379 4034 595 4087 sancti
627 4032 708 4085 de
733 4028 965 4101 quibus
988 4034 1256 4099 tempore
1279 4027 1605 4081 Gothorum
1630 4027 1968 4083 nullatenus

245 4120 548 4176 ofﬁcium
578 4120 775 4174 fiebat
802 4137 817 4183 ;
840 4119 965 4172 imo
988 4116 1242 4188 quidam
1264 4120 1399 4186 post
1422 4115 1609 4170 multa
1627 4116 1847 4171 saecula
1870 4117 1971 4172 ﬂo-

242 4217 528 4265 ruerunt
559 4226 573 4271 ;
605 4223 780 4263 nunc
808 4211 1014 4262 autem
1042 4222 1109 4260 ex
1132 4205 1483 4277 pervetustis
1507 4206 1725 4260 nostris
1752 4206 1973 4261 Codici«

238 4294 373 4353 bus
394 4296 865 4367 manuscriptis
880 4292 1733 4359 secernunturfestivitates,de
1752 4295 1971 4367 quibus

243 4390 557 4459 tempore
587 4384 1067 4448 Gothorum,seu
1092 4381 1273 4453 paulo
1293 4387 1430 4436 ante
1450 4384 1786 4438 Maurorum
1808 4384 1970 4439 inva-

239 4475 519 4531 sionem
544 4474 858 4544 agebatur
884 4490 897 4540 ;
919 4471 1197 4542 facilique
1216 4470 1455 4539 negotio
1479 4470 1890 4541 percallebunt
1912 4472 1972 4527 id

236 4566 443 4635 quod
478 4563 826 4636 optabant:
858 4576 1002 4614 nam
1031 4558 1243 4629 hymni
1264 4559 1322 4613 in
1346 4573 1594 4629 corpore
1617 4561 1890 4616 Breviarii
1917 4567 1972 4617 et

238 4662 394 4720 post
409 4655 666 4709 cantica
680 4648 943 4722 appositi
958 4648 1239 4703 vetustati
1252 4647 1398 4701 ritus
1411 4664 1499 4703 om
1511 4663 1605 4703 nes
1619 4655 1967 4720 congruunt;

238 4755 369 4797 nec
414 4743 603 4805 ullus,
639 4747 706 4796 ut
735 4743 934 4795 exstat
967 4738 1027 4791 in
1057 4736 1291 4803 Codice,
1322 4742 1407 4791 est
1434 4737 1887 4807 praetermissus;
1918 4745 1972 4795 et

245 4845 327 4885 ne
366 4832 662 4904 repetitio
686 4826 1007 4884 fastidium
1040 4828 1299 4894 generet,
1332 4824 1580 4897 quando
1598 4825 1805 4897 hymni
1836 4832 1971 4881 sunt

249 4917 311 4973 in
330 4936 601 4992 corpore
621 4914 1295 4980 Breviariiﬁtremissio
1308 4914 1379 4970 ad
1395 4914 1679 4984 propriam
1697 4915 1970 4972 festivita-

255 5012 389 5063 tem
424 5025 599 5074 ;nam
618 5006 833 5062 licetin
857 5002 1229 5075 quibusdam
1246 5003 1440 5056 verbis
1458 5002 1753 5075 discrepet
1780 5004 1969 5059 Editio

261 5097 441 5152 card.
478 5096 734 5152 Ximenii
760 5110 796 5149 a
830 5096 1044 5147 nostro
1072 5090 1282 5143 Codice
1316 5092 1436 5156 Ms.,
1474 5106 1605 5145 cum
1636 5090 1695 5145 in
1728 5091 1968 5147 modico

268 5193 563 5256 appareat
594 5183 963 5243 discrimen,
1009 5192 1135 5232 non
1165 5182 1251 5231 est
1275 5178 1435 5247 justa
1471 5193 1653 5233 causa
1684 5178 1963 5249 prmfatos

272 5269 531 5343 hymnos
557 5268 936 5343 corrigendi.

344 5365 461 5419 Non
480 5366 609 5421 leve
623 5364 701 5420 ad
720 5354 1141 5418 asserendam
1155 5353 1339 5409 nostri
1360 5353 1589 5409 Codicis
1613 5358 1963 5409 vetustatem

276 5461 693 5524 argumentum
724 5444 1098 5513 insurgitex
1125 5455 1374 5497 numero
1392 5441 1665 5497 etordine
1679 5442 1962 5498 horarum

271 5547 690 5605 canonicarum
718 5539 805 5599 ad
829 5547 1005 5609 quas
1039 5532 1279 5600 aptatur
1303 5530 1586 5600 hymnus,
1620 5534 1675 5585 et
1697 5530 1961 5601 priorum

265 5637 516 5697 Ecclesiae
534 5630 943 5694 saeculorum
964 5616 1151 5675 nobis
1168 5618 1424 5686 speciem
1446 5617 1705 5674 referunt
1729 5636 1741 5685 ;
1766 5617 1962 5692 primo

2078 1910 2374 1980 pullorum
2390 1918 2631 1969 cantum
2651 1916 2805 1969 circa
2829 1914 3056 1971 initium
3077 1918 3369 1985 surgentis
3388 1921 3721 1984 auroraa,ad

2074 1998 2332 2070 primam
2345 2000 2476 2057 Jam
2494 2002 2640 2057 lucis
2653 2010 2781 2059 orto
2792 2004 3084 2071 sidere,ad
3102 2007 3331 2062 tertiam
3348 2006 3503 2062 circa
3524 2008 3729 2063 horam

2073 2086 2190 2140 diei
2217 2103 2463 2153 nonam,
2486 2090 2560 2143 ad
2588 2098 2867 2161 quartam
2890 2091 3046 2147 circa
3065 2092 3278 2148 horam
3316 2094 3731 2163 decimam,ad

2074 2181 2301 2231 sextam
2316 2178 2473 2233 circa
2486 2179 2835 2235 duodecima
2847 2197 2899 2235 m
2912 2181 3002 2247 ,ad
3018 2182 3332 2253 septimam
3350 2184 3504 2238 circa
3518 2184 3730 2240 horam

2074 2265 2400 2321 secundam
2415 2270 2696 2339 vesperis,
2713 2269 2787 2324 ad
2808 2286 3029 2325 nonam
3047 2271 3202 2326 circa
3217 2272 3555 2339 tertiam,ad
3577 2274 3729 2330 deci“

2078 2369 2240 2408 mam
2267 2355 2422 2410 circa
2446 2359 2827 2427 quartam,ad
2850 2359 3229 2414 undecimam
3252 2360 3407 2415 circa
3427 2362 3720 2433 quintam,

2076 2441 2152 2495 ad
2167 2441 2587 2499 duodecimam
2600 2446 2754 2501 circa
2770 2447 3100 2514 sextam,ad
3115 2464 3393 2519 vesperas
3411 2451 3564 2505 circa
3579 2449 3723 2505 solis

2077 2546 2354 2585 occasum
2367 2536 2529 2587 .Ante
2543 2549 2672 2587 com
2683 2533 2979 2604 plctorium
2996 2536 3171 2591 etiam
3186 2536 3445 2607 hymnus
3460 2554 3586 2593 cum
3601 2554 3723 2609 pre-

2077 2617 2247 2672 cibus
2274 2620 2630 2675 recitabatur
2650 2621 3000 2694 ;etdenique
3020 2623 3095 2677 ad
3122 2624 3571 2696 complctorium
3586 2630 3720 2681 ante

2077 2722 2376 2773 somnum.
2389 2710 2463 2762 ad
2486 2708 2821 2780 lectumque
2846 2711 3033 2781 parati
3053 2711 3437 2767 habitationes
3454 2729 3611 2787 aqua
3624 2714 3722 2768 be-

2076 2794 2311 2849 nedicta
2349 2795 2769 2865 aspergebant,
2808 2800 3108 2869 Deumque
3140 2798 3637 2869 deprecabantur,
3657 2805 3722 2857 ut

2076 2882 2280 2952 procul
2315 2883 2654 2937 recederent
2677 2885 2941 2939 noctium
2965 2891 3547 2955 phantasmata,cum
3574 2902 3719 2958 pace

2076 2970 2422 3033 dormirent,
2455 2986 2702 3040 corpora
2732 2988 2803 3026 ne
2837 2972 3254 3043 polluerentur,
3290 2980 3344 3029 et
3376 2974 3723 3043 evigilarent

2079 3074 2214 3112 cum
2250 3058 2498 3112 Christo.

2154 3147 2858 3217 Perpende,queeso,hanc
2870 3148 2977 3202 diei
2992 3151 3292 3221 noctisque
3307 3168 3528 3206 sacram
3542 3153 3728 3208 distri-

2084 3234 2382 3289 butionem
2411 3251 2574 3289 :cum
2595 3235 2751 3290 horis
2771 3237 3070 3291 canonicis
3084 3238 3462 3311 confer,quas
3476 3246 3604 3311 post
3623 3258 3731 3296 sae~

2083 3322 2281 3377 culum
2300 3340 2351 3377 v1
2373 3323 2575 3378 ﬁdeles
2594 3324 3014 3393 observabant;
3032 3333 3397 3397 perscrutare
3413 3330 3733 3384 monacho-

2078 3425 2211 3464 rum
2238 3411 2483 3466 Orientis
2506 3413 3025 3476 consuetudinem,
3052 3429 3159 3469 nec
3187 3431 3306 3469 non
3328 3432 3433 3487 per
3455 3418 3729 3487 antiquas

2048 3500 2051 3503 ’
2079 3499 2425 3554 monasterii
2452 3499 2791 3562 Lirinensis,
2817 3507 2872 3556 et
2891 3501 3141 3557 aliorum
3167 3504 3610 3560 constitutiones
3636 3521 3648 3569 ;
3673 3511 3729 3561 et

2078 3602 2213 3641 cum
2242 3588 2301 3641 in
2334 3594 2538 3644 nostro
2567 3588 2808 3644 Gothico
2847 3590 2959 3645 ritu
2992 3590 3231 3657 videris,
3268 3608 3453 3662 apage
3485 3608 3727 3649 omnem

2078 3676 2424 3731 anxietatem
2440 3678 2506 3731 de
2525 3678 2573 3747 ej
2587 3694 2652 3731 us
2669 3678 3000 3733 veneranda
3012 3680 3497 3736 canitieJ’otueru
3509 3686 3570 3737 nt
3584 3698 3727 3737 sane

2080 3768 2410 3835 temporum
2427 3766 2638 3834 injuria
2656 3767 2924 3835 quaedam
2940 3767 3245 3821 membran
3256 3784 3397 3823 acea
3411 3768 3549 3825 folia
3563 3771 3729 3841 depe-

2078 3853 2219 3919 rire;
2242 3854 2423 3924 potuit
2446 3857 2779 3910 Maurorum
2804 3856 3054 3910 saevities
3069 3861 3123 3910 et
3139 3856 3447 3912 barbaries
3461 3874 3565 3929 per
3578 3859 3730 3914 mul-

2082 3946 2137 3996 ta
2168 3941 2488 3996 Gothorum
2518 3949 2909 3997 monumenta
2936 3942 3129 3997 delere
3155 3945 3622 4016 ;exscriptorum
3645 3948 3728 4018 ig-

2082 4032 2355 4085 norantia
2384 4030 2567 4085 Latini
2586 4031 2876 4085 sermonis
2910 4031 3129 4085 menda
3151 4033 3479 4087 admiscere
3504 4036 3726 4104 potuit;

2081 4116 2181 4170 sed
2203 4116 2362 4171 nullo
2382 4118 2561 4172 modo
2582 4118 2819 4171 abolere
2838 4122 3435 4187 potueruntnostrum
3453 4121 3729 4177 Codicem

2082 4205 2555 4275 manuscriptum
2588 4220 2855 4270 aureum,
2881 4221 2947 4259 ex
2973 4220 3094 4276 quo
3119 4212 3405 4277 tanquam
3435 4223 3499 4261 ex
3532 4224 3731 4277 ungue

2081 4294 2390 4361 conjicitur
2421 4292 2742 4363 antiquitas
2770 4292 2955 4346 nostri
2986 4292 3129 4347 ritus
3173 4293 3499 4360 lsidoriaui,
3532 4295 3731 4351 adhuc

2081 4381 2505 4438 dmninationis
2531 4381 2796 4436 Arabicae
2827 4387 3090 4454 tempore
3124 4383 3474 4455 transcripti,
3500 4385 3732 4441 hodier-

2082 4488 2227 4526 num
2258 4487 2449 4542 usque
2480 4471 2537 4525 in
2561 4470 2721 4525 diem
2747 4472 3054 4525 exstantis.

2155 4557 2455 4619 Nonnulli,
2492 4573 2685 4612 errore
2717 4558 2964 4628 decepti,
3001 4559 3253 4615 concilia
3278 4560 3557 4617 Toletana
3586 4565 3731 4617 tem-

2080 4647 2327 4718 poribus
2361 4645 2683 4701 Gothorum
2715 4646 3013 4701 celebrata
3045 4648 3242 4717 potius
3280 4651 3520 4704 comitia
3566 4650 3730 4719 regia

2082 4752 2263 4807 quam
2282 4734 2531 4789 concilia
2552 4734 2729 4788 fuisse
2751 4734 3058 4790 dixerunt:
3081 4750 3150 4789 eo
3173 4736 3723 4807 nixifundamento,

2080 4824 2221 4895 quia
2251 4822 2467 4893 saepius
2517 4838 2652 4877 cum
2690 4826 3103 4891 juramentum
3148 4823 3442 4879 tidelitatis
3482 4826 3725 4895 regibus

2081 4913 2275 4967 electis
2326 4910 2741 4982 praestabatur,
2781 4916 2903 4965 tum
2936 4912 3077 4982 quia
3108 4911 3407 4968 multoties
3456 4914 3527 4968 de
3559 4915 3726 4983 regni

2079 4999 2507 5071 gubernatione
2523 5014 2659 5053 cum
2674 5014 2807 5067 rege
2825 5004 2881 5053 et
2909 5000 3251 5069 proceribus
3264 5000 3554 5070 agebatur
3572 5018 3584 5066 ;
3598 5002 3725 5073 jam

2076 5090 2365 5161 quoniam
2386 5104 2551 5158 reges
2569 5094 2625 5143 et
2640 5093 2951 5157 magnatas
2968 5106 3104 5144 cum
3121 5090 3385 5145 Patribus
3404 5090 3728 5145 subscribe-

2078 5177 2217 5233 bant
2238 5194 2248 5239 ;
2266 5178 2391 5247 jam
2409 5178 2545 5248 quia
2562 5183 2779 5231 tomum
2794 5177 3011 5245 regium
3028 5193 3100 5232 an
3113 5183 3161 5232 te
3177 5178 3401 5233 initium
3416 5178 3626 5251 synodi
3642 5179 3727 5233 of-

2074 5264 2342 5320 ferebant
2364 5264 2513 5334 ;jam
2533 5264 2789 5336 denique
2804 5265 3089 5335 quoniam
3108 5265 3409 5320 decretum
3425 5267 3496 5320 de
3512 5266 3723 5320 contir-

2075 5354 2333 5408 matione
2346 5352 2573 5407 concilii
2588 5352 3097 5423 apponebant.Sed
3115 5354 3259 5408 nihil
3272 5353 3480 5409 horum
3497 5359 3615 5408 tam
3632 5369 3723 5406 sa-

2074 5442 2187 5496 cris
2202 5446 2424 5497 Patrum
2442 5442 2751 5497 Gothorum
2766 5441 3027 5505 ccetibus,
3039 5446 3137 5495 aut
3151 5458 3330 5497 sacrm
3346 5457 3539 5497 eorum
3557 5439 3719 5493 litur-

2074 5530 2183 5599 giae
2197 5529 2560 5596 adversatur,
2568 5528 2857 5601 praecipue
2872 5544 3010 5583 cum
3022 5533 3257 5585 centum
3275 5534 3331 5584 et
3344 5522 3713 5598 septuaginta

2074 5634 2174 5673 sex
2204 5631 2464 5675 canones
2491 5632 2523 5673 e
2549 5617 2809 5674 conciliis
2831 5616 3139 5684 Toletanis,
3181 5619 3239 5673 et
3261 5618 3463 5672 sancto
3489 5608 3709 5663 Isidoro
