4076 6418
541 338 615 414 g7
1458 331 1903 414 FRANCISCUS
1942 325 2295 409 ANTONIUS
2332 327 2757 398 LORENZANA
2792 328 3120 410 prerem.
3891 341 3954 394 23

547 462 926 542 desumptos.
950 473 988 528 a
1008 458 1289 536 Gratiano
1309 457 1588 528 collectos
1616 458 1820 534 palam
1840 456 2075 522 edoceri
2096 457 2202 514 Ec-
2227 454 2277 510 A
2311 453 2547 520 sitatam
2587 457 2917 527 sermonis;
2951 462 3006 522 et
3029 455 3438 534 eamdemmet
3464 456 3527 520 in
3561 461 3767 526 nostro
3803 470 3951 526 auto-

544 549 729 618 clesia
773 552 1048 612 Romana
1089 546 1439 621 permiserit,
1472 549 1554 604 eis
1585 549 1994 610 auctoritatem
2027 560 2203 602 suam

543 637 954 712 impertiverit,
970 639 1182 694 etsuos
1198 634 1393 693 fecerit
1412 653 1426 706 ;
1443 635 1683 696 aliunde
1697 653 1834 692 cum
1861 635 1922 694 in
1946 633 2205 692 Ecclesia

543 742 776 798 novum
805 740 928 782 non
979 725 1051 781 sit
1101 725 1162 780 in
1219 727 1455 782 Patrum
1499 725 1749 798 synodis
1784 739 1856 784 ex
1901 723 2204 780 voluntate

546 815 891 888 principum
906 813 1089 872 sacris
1103 813 1432 871 admiscere
1444 814 1746 886 quasdam
1760 813 2033 886 publicas
2043 813 2203 870 ordi-

547 905 843 978 nationes,
874 904 968 964 hae
989 904 1317 977 prtesertim
1343 903 1543 968 locum
1565 904 1873 968 habebant
1891 903 1952 960 in
1974 903 2206 964 electio-

547 994 726 1050 nibus
762 1008 974 1063 regum
998 993 1346 1066 Gothorum,
1389 998 1449 1052 ut
1480 994 1900 1068 episcoporum
1927 992 2202 1066 exemplo

547 1082 742 1139 caeteri
793 1081 1039 1138 vassalli
1103 1081 1474 1156 principibus
1529 1081 1813 1138 libentius
1869 1086 1923 1142 et
1973 1081 2202 1144 facilius

547 1169 878 1240 obedirent,
897 1171 1120 1244 riteque
1135 1169 1353 1230 factam
1382 1169 1729 1228 electionem
1753 1174 1876 1228 tuto
1893 1174 1946 1226 et
1963 1186 2071 1248 pro
2093 1185 2200 1243 pa-

545 1257 670 1330 tulo
697 1257 1025 1323 faterentur
1046 1277 1062 1330 ;
1090 1258 1370 1338 idemque
1388 1259 1447 1314 in
1478 1259 1741 1331 antiquis
1759 1258 2201 1332 pontiﬁcalibus

546 1351 602 1408 et
632 1345 1071 1418 Capitularibus
1098 1347 1285 1404 Caroli
1317 1347 1510 1418 Magni
1535 1347 1827 1404 videmus.

618 1441 680 1498 in
693 1437 874 1510 hujus
885 1437 970 1494 rei
991 1437 1237 1494 evidens
1257 1442 1680 1508 argumentum
1701 1453 1771 1492 ea
1783 1441 1909 1494 erat
1938 1436 2091 1493 inter
2110 1453 2202 1494 sa-

545 1525 874 1584 cerdotium
906 1530 962 1581 et
989 1525 1310 1598 imperium
1342 1525 1684 1593 concordia,
1708 1530 1769 1586 ut
1792 1529 2012 1586 statuta
2029 1531 2083 1582 et
2101 1541 2200 1582 sa-

544 1628 659 1678 cras
691 1628 900 1684 preces
928 1613 1081 1668 miro
1112 1611 1336 1670 foedere
1372 1618 1688 1686 utramque
1718 1618 2080 1684 potestatem
2105 1630 2200 1670 co-

543 1700 849 1776 pularent’;
865 1699 1002 1758 ideo
1027 1701 1238 1773 hymni
1260 1700 1320 1774 in
1338 1701 1721 1760 ordinatione
1739 1709 1792 1758 et
1810 1704 2090 1760 natalitio
2110 1718 2198 1758 re-

2311 545 2544 618 grapho
2574 549 2674 603 Ms.
2700 547 2778 606 ad
2810 547 3167 608 divisionem
3199 551 3502 619 tractatus,
3535 563 3646 606 seu
3673 554 3808 616 ante
3851 552 3952 614 ini-

2310 634 2464 694 tium
2489 635 2722 692 numeri
2746 635 3140 709 psalmorum,
3168 635 3458 694 invenies.

2381 721 2508 778 Alia
2551 723 2907 794 conSpicitur
2955 731 3097 779 nota
3151 722 3562 794 hujuscemodi
3620 724 3819 795 figuras
3868 712 3948 797 ἦ,

2311 827 2493 884 quam
2514 811 2866 870 denominat
2895 813 3288 886 Phietro,quae
3314 814 3554 885 ponitur
3583 815 3660 872 ad
3674 815 3946 876 denotan-

2310 898 2453 955 dam
2470 900 2927 960 sollicitudinem
2942 901 3180 976 ubitaliq
3189 901 3288 957 uid
3301 901 3677 962 obscuritatis
3691 912 3854 974 est,et
3865 923 3949 964 ea-

2309 986 2449 1044 dem
2480 988 2610 1061 ipsa
2643 989 2968 1064 aliquando
2996 989 3235 1046 modica
3274 991 3604 1052 mutatione
3643 992 3703 1050 in
3759 1000 3947 1052 nostro

2309 1078 2686 1151 autographo
2724 1082 2827 1135 Ms.
2858 1079 3118 1154 ponitur.

2381 1167 2600 1223 Cantus
2621 1167 2849 1240 absque
2877 1167 3039 1228 clave
3083 1171 3141 1226 et
3169 1167 3340 1224 lineis
3377 1168 3669 1230 hodierno
3698 1174 3949 1246 tempore

2306 1253 2646 1319 inusitatus,
2677 1255 2758 1311 sic
2789 1257 2848 1312 in
2879 1260 3086 1314 nostro
3129 1258 3504 1330 autographa
3532 1263 3782 1332 apparet
3818 1261 3949 1316 solis

2309 1347 2590 1400 constans
2613 1345 2859 1400 musicae
2883 1345 3143 1420 punctis,
3172 1361 3305 1418 quae
3334 1346 3656 1406 distinctim
3685 1352 3742 1404 et
3764 1354 3948 1422 aperte

2301 1431 2474 1504 juxta
2488 1432 2773 1489 lsidorum
2787 1433 3352 1505 dignoscebanturin
3369 1435 3552 1491 tribus
3564 1436 3825 1512 partibus
3845 1454 3948 1498 mu-

2309 1521 2463 1586 sicae,
2496 1521 2716 1578 scilicet
2741 1523 3498 1595 harmonica,rythmica,et
3515 1525 3776 1582 metrica.
3796 1525 3949 1594 Quod

2308 1607 2386 1664 ad
2415 1609 2830 1672 harmonicam
2861 1610 3133 1684 pertinet,
3169 1611 3295 1667 haec
3325 1611 3403 1666 ad
3443 1628 3654 1676 omnes
3689 1614 3792 1686 qui
3820 1628 3949 1668 voce

2309 1698 2556 1770 propria
2586 1706 2895 1754 eanuntex
2919 1699 3121 1754 animo
3153 1703 3207 1754 et
3237 1699 3450 1756 ardore
3480 1706 3715 1756 motum
3733 1701 3885 1771 facit,
3905 1706 3952 1756 et

540 1785 656 1858 gis,
671 1787 743 1844 de
751 1790 1110 1860 profectione
1123 1791 1730 1860 exercitus,quiusque
1743 1793 1802 1846 in
1817 1793 2202 1847 reversionem
2231 1799 2274 1854 Β
2309 1801 2381 1841 ex
2404 1791 2568 1846 motu
2592 1802 2844 1842 sonum:
2878 1789 3071 1844 Tenus
3089 1792 3288 1844 autem
3317 1788 3647 1846 secundum
3674 1789 3950 1846 lsidorum

543 1877 748 1946 diebus
768 1878 1122 1956 litaniarum
1136 1878 1414 1933 dicendus
1433 1885 1534 1942 est,
1551 1878 1688 1934 item
1702 1895 1805 1949 pro
1821 1880 1988 1934 varia
2006 1881 2195 1943 clade,

541 1965 933 2032 vetustissimi
953 1971 1113 2034 sunt,
1142 1965 1466 2036 Gothorum
1489 1967 1713 2040 proprii
1739 1972 1887 2034 ;'nec
1910 1967 2064 2026 ullus
2095 1968 2200 2041 qui

543 2068 646 2108 eos
675 2053 881 2124 legerit
917 2053 1148 2118 inﬁcias
1186 2054 1298 2114 ibit
1315 2073 1332 2124 ;
1359 2059 1414 2110 et
1438 2070 1512 2112 ne
1536 2055 1880 2126 ambigendi
1905 2055 2199 2128 relinque-

541 2147 703 2210 retur
731 2143 985 2210 occasio,
1035 2143 1193 2220 typis
1226 2143 1359 2202 illos
1406 2143 1781 2212 excudimus,
1826 2145 2062 2210 Utinam
2099 2145 2200 2206 Al-

497 2285 514 2293 ,
539 2231 812 2302 phonsus
840 2232 1086 2297 Ortizius
1119 2233 1203 2296 sic
1233 2231 1482 2304 fecisset,
1519 2236 1582 2290 ut
1612 2233 1809 2294 omnis
1835 2233 2060 2300 nebula
2091 2233 2200 2289 du-

539 2318 777 2386 bietatis
804 2318 1158 2398 dispareret.

613 2409 805 2473 Quam
827 2407 1154 2480 plurimum
1181 2407 1433 2468 desudat
1465 2408 1772 2478 ingenium
1802 2412 1860 2465 P.
1898 2408 2112 2472 Florezi
2136 2409 2198 2465 in

542 2495 923 2552 vindicandis
952 2503 1213 2578 quatuor
1254 2497 1520 2552 versibus
1563 2497 1772 2570 gymni
1812 2498 1999 2564 sancti
2033 2498 2197 2571 Tyrsi

539 2584 910 2642 mentionem
937 2584 1294 2642 facientibus
1326 2586 1590 2660 episcopi
1623 2586 1862 2646 Cixillaz.
1896 2589 2003 2642 Pro
2039 2592 2197 2642 certo

542 2672 826 2752 supponit
839 2689 941 2728 eos
955 2672 1016 2736 in
1029 2674 1449 2730 vetustioribus
1464 2677 1595 2732 Mss.
1607 2675 1900 2732 Toletanis
1917 2674 2192 2750 reperiri;

539 2763 596 2815 et
627 2775 702 2816 ne
729 2761 867 2842 quis
893 2761 952 2818 in
967 2766 1274 2842 posterum
1289 2761 1641 2834 decipiatur,
1661 2763 2194 2826 animadvertimus

535 2846 597 2902 in
629 2849 849 2903 nostris
875 2852 1006 2906 Mss.
1040 2851 1325 2923 (quorum
1365 2866 1523 2926 saepe
1563 2851 1972 2926 meminimus)
2002 2851 2194 2910 nulla-

535 2937 707 2990 tenus
738 2935 837 3002 illa
861 2937 1111 3008 inveniri
1142 2939 1324 2994 verba
1363 2956 1376 2994 :

717 3023 994 3090 r[emplum
1013 3025 1419 3090 _hoc,_Domine.
1450 3026 1633 3075 Cixilla
1659 3026 1916 3090 condidit,

722 3086 949 3148 Dignam
973 3087 1056 3135 hic
1088 3087 1280 3136 habeat
1303 3093 1534 3147 sortem;

721 3147 778 3216 in
799 3147 997 3216 caetera
1020 3163 1142 3198 cum
1169 3152 1405 3216 summis
1430 3151 1634 3216 civibus
1665 3153 1871 3216 cantica
1913 3153 2187 3216 praecinet,

719 3209 968 3258 Gaudens
994 3213 1267 3276 perpetuis
1294 3212 1503 3261 saeculis
1534 3214 1808 3264 omnibus.

603 3290 684 3344 Ex
716 3285 830 3344 hoc
860 3291 1099 3346 vinculo
1128 3290 1311 3348 lector
1350 3291 1577 3364 solutus
1608 3309 1728 3349 non
1749 3299 1878 3363 eget
1896 3294 2014 3368 alto
2035 3295 2188 3356 testi-

532 3377 758 3449 monio,
795 3383 858 3434 ut
888 3380 1072 3436 nostri
1111 3382 1259 3436 ritus
1286 3381 1590 3440 veritatem
1613 3387 1869 3456 astruat;
1894 3389 1950 3446 et
1973 3400 2187 3457 quam-

530 3466 622 3519 vis
655 3465 974 3522 cardinalis
1007 3469 1292 3525 Baronius
1323 3469 1482 3526 hunc
1515 3476 1785 3536 sanetum
1819 3475 2070 3548 Tyrsum
2095 3489 2189 3542 as-

533 3554 727 3624 signet
747 3555 825 3610 ad
852 3555 1009 3611 diem
1033 3561 1102 3612 24
1130 3559 1418 3624 Januarii,
1449 3564 1512 3630 ut
1536 3560 1735 3632 videre
1762 3567 1848 3621 est
1866 3562 1923 3618 in
1942 3562 2187 3628 notisad

530 3642 1014 3716 Martyrologium
1053 3645 1235 3716 hujus
1265 3647 1400 3722 diei,
1446 3648 1834 3730 nihilominus
1875 3651 1933 3716 in
1979 3657 2186 3724 nostro

530 3734 630 3788 Ms.
660 3737 714 3788 et
742 3732 940 3789 officio
967 3734 1210 3803 Gothico
1237 3735 1465 3800 obtinet
1492 3737 1690 3795 locum
1717 3739 1776 3818 in
1809 3739 1904 3796 die
1928 3744 1995 3795 28
2039 3756 2187 3814 prae-

528 3820 671 3892 dicti
711 3823 960 3889 mensio,
994 3841 1115 3897 quo
1153 3826 1333 3892 etiam
1383 3828 1450 3882 ﬁt
1490 3829 1712 3892 mentio
1761 3829 1945 3895 sancti
1990 3830 2187 3894 Leucii

529 3915 729 3979 mart.,
767 3912 1036 3994 ejusdem
1068 3915 1258 3980 sancti
1308 3915 1480 3988 Tyrsi
1522 3917 1580 3974 in
1613 3917 1893 3990 passione
1926 3919 2090 3984 socii,
2126 3923 2188 3974 ut

531 4005 781 4084 apparet
812 4017 884 4056 ex
911 4000 1164 4075 hymno.
1617 3995 1624 4002 ’

599 4089 889 4146 Versatiin
921 4090 1172 4155 lectione
1199 4109 1448 4166 operum
1482 4093 1672 4162 sancti
1697 4093 2188 4168 Isidori,ibitesti-

527 4178 800 4234 monium
825 4179 954 4250 ejus
995 4181 1302 4254 sapientiae
1324 4183 1712 4248 invenient,et
1736 4201 1914 4254 omne
1931 4185 2184 4242 dubium

528 4281 666 4337 erga
692 4273 962 4325 nostrum
977 4269 1153 4326 ritum
1174 4273 1629 4342 etomnigenam
1649 4273 1777 4352 ejus
1795 4275 2186 4332 eruditionem

531 4361 873 4412 evanescet:
904 4357 978 4413 de
995 4359 1223 4426 artibus
1250 4359 1601 4436 liberalibus
1620 4367 1683 4419 ut
1705 4362 2028 4442 sapientior
2049 4379 2188 4418 neo-

531 4445 747 4500 tericus
775 4446 910 4514 egit,
941 4448 992 4502 ei
1031 4448 1104 4503 de
1131 4447 1344 4510 ofﬁciis
1368 4449 1780 4512 ecclesiasticis
1794 4451 1965 4524 juxta
2003 4467 2187 4524 aurea

531 4533 728 4618 prima
757 4537 1164 4608 Romanorum
1204 4537 1461 4610 saecula;
1501 4527 1888 4602 idemmet'ut
1933 4540 2187 4596 vicarius

535 4622 897 4694 apostolicus
920 4625 1131 4681 concil.
1165 4625 1452 4681 nationali
1479 4626 1761 4690 Toletano
1793 4643 1850 4682 iV
1871 4627 2182 4699 praesedit;

535 4715 589 4766 et
610 4710 705 4765 his
737 4711 1174 4790 egregiisfactis
1197 4713 1546 4776 incredibile
1579 4719 1668 4769 est
1690 4715 2040 4788 eloquentiae
2070 4716 2187 4779 flu-

532 4815 671 4855 men
711 4801 769 4866 in
803 4817 1012 4856 omnes
1042 4817 1164 4856 non
1197 4800 1532 4873 diffudisse,
1558 4803 1884 4875 praesertim
1909 4805 2067 4861 circa
2093 4823 2186 4869 sa-

531 4904 698 4956 cram
727 4889 1027 4960 liturgiam
1068 4895 1124 4946 et
1149 4889 1353 4947 divina
1383 4889 1581 4954 ofﬁcia
1610 4893 1968 4960 ordinanda.

602 4980 667 5042 In
697 4978 1073 5049 autographo
1096 4978 1524 5052 manuscripto,
1551 4980 1712 5052 quod
1737 4997 1858 5054 prae
1881 4982 2067 5054 oculis
2086 4983 2190 5052 ha-

529 5065 740 5141 bemus
782 5067 858 5122 ad
905 5067 1236 5131 Editionem
1272 5068 1452 5138 hujus
1511 5071 1811 5139 Breviarii,
1863 5071 2036 5140 signa
2064 5089 2187 5129 non

529 5143 789 5220 obscura
811 5155 991 5226 hujus
1021 5155 1104 5210 rei
1135 5165 1456 5229 apparent;
1481 5157 1936 5231 indigitabimus
1961 5159 2183 5233 aliqua.

530 5246 597 5297 ut
626 5246 974 5312 caeterorum
1007 5243 1336 5302 similitudo
1365 5261 1502 5312 cum
1542 5247 1656 5304 ritu
1704 5263 1839 5304 vere
1879 5254 1934 5304 et
1978 5251 2188 5306 merito

531 5329 860 5400 lsidoriano
874 5337 1214 5403 nuncupato
1234 5332 1431 5404 possit
1446 5334 1846 5404 cognosci.Sic
1861 5337 2095 5408 primum
2115 5339 2186 5394 ad

533 5417 947 5474 denotandum
980 5421 1450 5494 paragraphum,
1481 5429 1542 5478 ut
1568 5439 1660 5478 res
1690 5441 1726 5480 ει
1757 5424 1934 5480 rebus
1964 5443 2096 5498 quae
2129 5427 2184 5481 in

534 5523 810 5576 conuexo
850 5514 1213 5574 concurrunt
1244 5513 1743 5592 separentur,th
1761 5521 1904 5582 nota
1925 5524 1966 5596 ιη
1993 5532 2186 5594 appo-

535 5595 696 5664 nitur
722 5611 757 5676 a
790 5600 998 5682 sancto
1025 5596 1272 5680 isidoro,
1299 5614 1432 5672 cap.
1452 5601 1982 5682 go;denotatenim
1998 5601 2185 5664 diver-

2309 1873 2415 1930 lib.
2444 1884 2506 1946 ιι)
2534 1875 2808 1948 Etymol.,
2839 1892 2970 1948 cap.
2996 1880 3085 1942 2'2,
3115 1882 3196 1932 est
3220 1883 3398 1932 acuta
3422 1879 3758 1940 enuntiatio
3789 1879 3949 1943 vocis,

2312 1961 2642 2018 harmoniae
2672 1964 3014 2032 cii/ferentia
3041 1971 3093 2019 et
3119 1967 3586 2036 quantitas,qua?
3604 1967 3664 2021 in
3698 1970 3852 2022 vocis
3872 1983 3952 2021 ac-

2311 2057 2485 2106 centu
2515 2053 2603 2106 vel
2635 2059 2836 2107 tenore
2863 2054 3124 2107 consistit
3153 2070 3166 2118 ;
3196 2056 3369 2122 cujus
3394 2069 3606 2124 genera
3631 2055 3694 2109 in
3722 2056 3954 2126 quinde-

2310 2140 2420 2195 clm
2429 2145 2632 2210 partes
2653 2141 3309 2207 musicidiviserunt,ex
3333 2141 3545 2214 quibus
3577 2143 3951 2216 hyperlydius

2308 2230 2659 2284 novissimus
2676 2235 2728 2286 et
2746 2232 3141 2301 acutissimus,
3167 2231 3519 2302 hypodorius
3532 2233 3801 2288 omnium
3831 2247 3952 2304 gra-

2310 2317 2581 2372 vissimus
2602 2322 2702 2374 est.
2734 2319 2961 2376 Cantus
2987 2318 3280 2390 estigitur
3298 2321 3453 2375 vocis
3475 2321 3646 2390 juxta
3672 2320 3952 2392 regulasa

2311 2410 2518 2460 sancto
2551 2406 2769 2460 Isidoro
2800 2407 3026 2478 positas
3053 2425 3065 2475 ;
3099 2423 3240 2464 nam
3274 2422 3455 2462 sonus
3485 2407 3750 2464 directus
3783 2412 3888 2478 est,
3904 2412 3952 2461 et

2309 2509 2492 2548 sonus
2519 2495 2800 2566 praecedit
2837 2500 3102 2552 cantum.

2379 2586 2503 2639 Non
2520 2582 2740 2646 latebat
2755 2591 3030 2642 sanctum
3047 2585 3353 2644 doctorem
3380 2585 3530 2654 inter
3545 2603 3729 2648 voces
3751 2601 3949 2654 suaves

2305 2675 2361 2728 et
2391 2672 2645 2746 pingues
2675 2673 3034 2740 differentia;
3062 2673 3311 2732 mirifice
3329 2674 3488 2732 enim
3513 2674 3725 2732 deﬁnit
3754 2691 3949 2732 vocem

2303 2767 2561 2828 acutam,
2593 2768 2855 2830 tenuem,
2887 2762 3088 2831 altam,
3119 2762 3357 2829 duram,
3389 2779 3690 2836 asperam,
3717 2780 3946 2826 etecam,

2302 2849 2672 2906 vinnolatam
2705 2856 2760 2906 et
2806 2851 3150 2921 perfectam,
3184 2867 3319 2924 quae
3361 2855 3448 2907 est
3475 2851 3615 2916 alta,
3647 2854 3874 2919 suavis,
3904 2857 3950 2908 et

2302 2937 2462 2994 clara
2497 2957 2509 2994 :
2542 2939 2680 3006 alta,
2709 2943 2774 2994 ut
2801 2939 2859 2995 in
2889 2939 3144 2994 sublime
3180 2939 3437 2996 sufﬁciat
3463 2959 3475 3008 ;
3501 2940 3683 3009 clara,
3705 2947 3768 2998 ut
3791 2957 3949 3000 aures

2300 3025 2621 3098 impleat,et
2639 3026 2931 3092 suavis,ut
2959 3027 3329 3082 audientium
3364 3028 3577 3084 animis
3598 3028 3946 3092 blandiatur.

2221 3147 2262 3202 ε
2369 3115 2456 3170 Ad
2487 3114 2931 3184 dignoscendos
2960 3117 3222 3171 musicos
3250 3132 3537 3172 numeros
3552 3119 3852 3190 quasdam
3876 3133 3951 3172 re-

2301 3203 2473 3273 gulas
2506 3203 2905 3258 arithmeticas
2927 3203 3096 3259 affert
3115 3211 3356 3260 sanctus
3381 3205 3801 3280 lsidorus,quaa
3817 3205 3953 3280 peri-

2303 3292 2526 3347 tissimo
2559 3292 2619 3347 in
2643 3292 2899 3348 musices
2919 3298 3042 3349 arte
3063 3293 3242 3350 hodie
3265 3294 3641 3350 arridebunt.
3667 3296 3950 3352 Numeros

2298 3382 2403 3450 (ait
2429 3381 2533 3436 lib.
2558 3382 2676 3448 cit.,
2696 3398 2826 3453 cap.
2851 3382 2943 3452 23)
2964 3382 3285 3440 secundum
3305 3384 3589 3440 musicam
3607 3385 3693 3442 ita
3716 3399 3947 3460 quaeres.

2297 3470 2514 3542 Positis
2529 3472 2823 3534 extremis,
2854 3477 2916 3525 ut
2928 3477 3076 3540 puta
3096 3476 3126 3527 6
3140 3477 3191 3527 et
3213 3471 3458 3532 t2,vides
3470 3479 3598 3551 quot
3614 3472 3949 3550 monadibus

2296 3563 2659 3640 supereturG
2685 3575 2720 3615 a
2749 3564 2829 3626 12,
2859 3565 2913 3616 et
2935 3567 3017 3616 est
3037 3564 3068 3636 6
3090 3561 3480 3630 monadibus;
3510 3562 3682 3634 ducis
3697 3579 3802 3640 per
3823 3579 3947 3640 qua-

2296 3648 2430 3710 drat
2439 3651 2742 3718 um,sexies
2753 3652 2882 3708 seni
2888 3651 3126 3720 faciunt
3143 3654 3226 3706 36.
3239 3651 3382 3722 Conj
3388 3652 3552 3722 ungis
3564 3659 3836 3716 extrema
3853 3651 3949 3708 illa

2295 3739 2492 3810 prima
2515 3743 2545 3793 6
2577 3755 2648 3794 ac
2674 3743 2759 3808 12,
2781 3740 2962 3796 simul
2982 3739 3255 3810 efﬁciunt
3275 3742 3358 3798 18.
3377 3741 3630 3806 Partiris
3650 3746 3719 3798 36
3739 3757 3848 3818 per
3873 3743 3946 3795 18.

2297 3828 2559 3906 efﬁcitur
2599 3828 2943 3899 dipondius.
2963 3829 3297 3900 Hosjungis
3321 3844 3446 3884 cum
3465 3845 3694 3894 summa
3711 3831 3946 3892 minore.

2296 3916 2783 3982 scilicet,6,erunt
2819 3920 2870 3985 8,
2903 3923 2957 3972 et
2979 3916 3091 3974 erit
3121 3917 3374 3972 medium
3400 3918 3558 3973 inter
3582 3922 3612 3973 6
3641 3926 3694 3976 et
3733 3917 3950 3974 12.Ρι·ο-

2295 4011 2500 4086 pterea
2521 4005 2668 4076 quod
2697 4007 2730 4059 8
2751 4011 3039 4074 superant
3061 4009 3091 4061 6
3123 4005 3350 4062 duabus
3369 4004 3745 4075 monadibus,
3772 4007 3838 4063 id
3858 4012 3949 4070 est,

2298 4095 2470 4150 tertia
2493 4093 2565 4150 de
2582 4102 2760 4158 sex,et
2777 4097 3137 4161 superantur
3153 4098 3183 4150 8
3197 4109 3232 4150 a
3261 4098 3320 4152 12
3335 4100 3590 4167 quatuor
3607 4095 3950 4154 monadibus

2299 4184 2472 4238 tertia
2497 4183 2788 4251 portione.
2817 4181 2942 4248 Qua
2959 4189 3132 4252 parte
3144 4199 3283 4253 ergo
3304 4184 3782 4250 superat.eadem
3797 4198 3953 4254 supe-

2297 4279 2489 4328 ratur.
2525 4270 2674 4336 Quin
2694 4269 2847 4326 ultra
2868 4270 3231 4336 fatescimus,
3255 4271 3303 4328 si
3331 4270 3651 4338 lectoribus
3675 4277 3844 4346 patet
3867 4271 3952 4336 via

2297 4363 2362 4414 ut
2391 4359 2678 4414 rimentur
2709 4358 3036 4422 sententias
3069 4358 3314 4420 Isidori?

2370 4448 2701 4510 Concordia
2731 4464 2976 4522 operum
3009 4449 3198 4504 sancti
3218 4447 3432 4506 Isidori
3459 4465 3588 4506 cum
3614 4449 3736 4506 hoc
3753 4452 3952 4524 nostro

2300 4538 2594 4603 Breviario
2625 4538 2885 4606 maxime
2913 4537 3101 4608 elucet
3148 4538 3207 4594 in
3244 4537 3633 4614 inscriptione
3685 4537 3951 4604 lectionis

2294 4627 2845 4700 Ecclesiastiei,qtue
2865 4626 2924 4684 in
2947 4625 3238 4694 Breviario
3255 4626 3411 4684 hanc
3433 4627 3829 4710 epigraphem
3854 4625 3950 4690 ha-

2293 4715 2424 4772 bet:
2447 4715 2636 4772 Lectio
2651 4716 3162 4773 lib.E’cclesiastici
3178 4715 3509 4778 Salomonis
3531 4733 3543 4783 ;
3563 4721 3776 4774 etcum
3792 4712 3948 4796 apud

2297 4819 2508 4868 omnes
2528 4808 2752 4858 constet
2767 4803 2986 4858 librum
3004 4801 3387 4872 Ecclesiastici
3407 4819 3443 4858 a
3458 4805 3593 4862 Jesu
3607 4803 3736 4860 filio
3756 4802 3951 4860 Sirach

2299 4892 2904 4966 Hierosolymita,non
2922 4891 3439 4960 veroaSalomone
3453 4892 3637 4948 fuisse
3657 4890 3951 4974 composi-

2298 4983 2651 5052 tum,statim
2675 4981 2995 5046 difficultas
3014 4981 3267 5051 insurgit
3287 4999 3298 5038 :
3315 4982 3624 5054 quomodo
3643 4983 3731 5038 sic
3750 4984 3810 5046 in
3837 4985 3955 5038 Bre-

2297 5072 2484 5128 viario
2509 5070 2876 5140 indigitatur.
2899 5070 2983 5124 Ad
3005 5085 3157 5142 quos
3181 5069 3503 5144 respondet
3520 5069 3954 5134 sanctuslsido-

2297 5177 2418 5225 rus,
2443 5159 2545 5225 lib.
2588 5159 3017 5216 Prooemiorum
3038 5159 3254 5214 Veteris
3281 5162 3556 5230 Testam.,
3591 5162 3618 5230 §
3653 5162 3742 5217 De
3770 5159 3959 5218 Eccle-

2297 5250 2530 5306 siastico
2545 5267 2557 5304 :
2575 5249 2826 5316 Propter
2837 5249 3082 5303 nimiam
3097 5263 3299 5303 sensus
3312 5249 3766 5314 similitudinem
3787 5254 3840 5322 ξι
3853 5248 3955 5304 εἰο·

2299 5341 2427 5412 quii
2452 5339 2819 5407 parilitatem
2858 5337 3193 5394 Salomonis
3221 5337 3394 5391 titulo
3412 5344 3821 5406 praenotatur.

2377 5431 2500 5484 Non
2518 5426 2624 5484 abs
2638 5441 2698 5480 re
2717 5423 3168 5480 immorabimur
3183 5423 3494 5480 ulteriusin
3520 5423 3959 5500 propugnanda

2307 5514 2652 5586 antiquitate
2673 5513 3152 5588 Isidorianiritus,
3169 5529 3242 5568 ex
3255 5512 3834 5588 conformitate,quee
3848 5528 3961 5568 cer-

2305 5602 2469 5690 nitur
2496 5599 2558 5690 in
2584 5585 2869 5668 Psalterio
2891 5600 3059 5690 juxta
3081 5604 3340 5688 veterem
3363 5585 3570 5689 Italam
3590 5601 3956 5688 versionem,
