  <div class='ocr_page' id='page_1' title='image "/cluster/home/n/w/nwhite01/storage/ocr_20150623/86/umn.31951002477379d/031.png"; bbox 0 0 4076 6444; ppageno 0'>
   <div class='ocr_carea' id='block_1_1' title="bbox 515 325 2061 368">
    <p class='ocr_par' dir='ltr' id='par_1_1' title="bbox 515 325 2061 368">
     <span class='ocr_line' id='line_1_1' title="bbox 515 325 2061 368; baseline -0.007 0"><span class='ocrx_word' id='word_1_1' title='bbox 515 325 2061 368; x_wconf 58' lang='lat' dir='ltr'>W</span> 
     </span>
    </p>
   </div>
   <div class='ocr_carea' id='block_1_2' title="bbox 628 462 3794 621">
    <p class='ocr_par' dir='ltr' id='par_1_2' title="bbox 628 462 3794 621">
     <span class='ocr_line' id='line_1_2' title="bbox 628 462 3794 621; baseline -0.006 -16"><span class='ocrx_word' id='word_1_2' title='bbox 628 481 730 605; x_wconf 92' lang='lat' dir='ltr'><strong>IN</strong></span> <span class='ocrx_word' id='word_1_3' title='bbox 796 474 1205 602; x_wconf 77' lang='lat' dir='ltr'>NOMINE</span> <span class='ocrx_word' id='word_1_4' title='bbox 1260 472 1664 621; x_wconf 77' lang='lat' dir='ltr'>PATRIS,</span> <span class='ocrx_word' id='word_1_5' title='bbox 1727 474 1856 598; x_wconf 85' lang='lat' dir='ltr'>ET</span> <span class='ocrx_word' id='word_1_6' title='bbox 1929 469 2203 616; x_wconf 80' lang='lat' dir='ltr'><strong>FILII,</strong></span> <span class='ocrx_word' id='word_1_7' title='bbox 2290 470 2402 592; x_wconf 83' lang='lat' dir='ltr'>ET</span> <span class='ocrx_word' id='word_1_8' title='bbox 2485 466 2959 594; x_wconf 80' lang='lat' dir='ltr'><strong>SPIRITUS</strong></span> <span class='ocrx_word' id='word_1_9' title='bbox 3019 463 3411 613; x_wconf 80' lang='lat' dir='ltr'><strong>SANGTI,</strong></span> <span class='ocrx_word' id='word_1_10' title='bbox 3471 462 3794 590; x_wconf 86' lang='lat' dir='ltr'><strong>AMEN.</strong></span> 
     </span>
    </p>
   </div>
   <div class='ocr_carea' id='block_1_3' title="bbox 2091 652 2355 710">
    <p class='ocr_par' dir='ltr' id='par_1_3' title="bbox 2091 652 2355 710">
     <span class='ocr_line' id='line_1_3' title="bbox 2091 652 2355 710; baseline -0.011 0"><span class='ocrx_word' id='word_1_11' title='bbox 2091 652 2355 710; x_wconf 83' lang='lat' dir='ltr'><strong>INCIPIT</strong></span> 
     </span>
    </p>
   </div>
   <div class='ocr_carea' id='block_1_4' title="bbox 1201 855 3230 1078">
    <p class='ocr_par' dir='ltr' id='par_1_4' title="bbox 1201 855 3230 1078">
     <span class='ocr_line' id='line_1_4' title="bbox 1201 855 3230 1078; baseline -0.009 -1"><span class='ocrx_word' id='word_1_12' title='bbox 1201 855 3230 1078; x_wconf 80' lang='lat' dir='ltr'><strong>BREVIARIUM</strong></span> 
     </span>
    </p>
   </div>
   <div class='ocr_carea' id='block_1_5' title="bbox 1621 1198 2804 1270">
    <p class='ocr_par' dir='ltr' id='par_1_5' title="bbox 1621 1198 2804 1270">
     <span class='ocr_line' id='line_1_5' title="bbox 1621 1198 2804 1270; baseline -0.005 0"><span class='ocrx_word' id='word_1_13' title='bbox 1621 1207 1736 1270; x_wconf 92' lang='lat' dir='ltr'><strong>AD</strong></span> <span class='ocrx_word' id='word_1_14' title='bbox 1769 1203 2072 1270; x_wconf 86' lang='lat' dir='ltr'>DEBITE</span> <span class='ocrx_word' id='word_1_15' title='bbox 2102 1198 2804 1267; x_wconf 85' lang='lat' dir='ltr'>PERSOLVENDUM</span> 
     </span>
    </p>
   </div>
   <div class='ocr_carea' id='block_1_6' title="bbox 1231 1355 3178 1519">
    <p class='ocr_par' dir='ltr' id='par_1_6' title="bbox 1231 1355 3178 1519">
     <span class='ocr_line' id='line_1_6' title="bbox 1231 1355 3178 1519; baseline -0.008 0"><span class='ocrx_word' id='word_1_16' title='bbox 1231 1361 2142 1519; x_wconf 88' lang='lat' dir='ltr'>DIVINUM</span> <span class='ocrx_word' id='word_1_17' title='bbox 2204 1355 3178 1512; x_wconf 85' lang='lat' dir='ltr'>OFFICIUM</span> 
     </span>
    </p>
   </div>
   <div class='ocr_carea' id='block_1_7' title="bbox 1839 1635 2612 1696">
    <p class='ocr_par' dir='ltr' id='par_1_7' title="bbox 1839 1635 2612 1696">
     <span class='ocr_line' id='line_1_7' title="bbox 1839 1635 2612 1696; baseline -0.008 -1"><span class='ocrx_word' id='word_1_18' title='bbox 1839 1637 2226 1696; x_wconf 82' lang='lat' dir='ltr'>SECUNDUM</span> <span class='ocrx_word' id='word_1_19' title='bbox 2265 1635 2612 1693; x_wconf 79' lang='lat' dir='ltr'>HEGULAM</span> 
     </span>
    </p>
   </div>
   <div class='ocr_carea' id='block_1_8' title="bbox 1597 1827 2854 1928">
    <p class='ocr_par' dir='ltr' id='par_1_8' title="bbox 1597 1827 2854 1928">
     <span class='ocr_line' id='line_1_8' title="bbox 1597 1827 2854 1928; baseline -0.004 0"><span class='ocrx_word' id='word_1_20' title='bbox 1597 1829 2324 1928; x_wconf 90' lang='lat' dir='ltr'><strong>BEATISSIMI</strong></span> <span class='ocrx_word' id='word_1_21' title='bbox 2390 1827 2854 1925; x_wconf 87' lang='lat' dir='ltr'><strong>ISIDORI</strong></span> 
     </span>
    </p>
   </div>
   <div class='ocr_carea' id='block_1_9' title="bbox 1746 2065 2672 2115">
    <p class='ocr_par' dir='ltr' id='par_1_9' title="bbox 1746 2065 2672 2115">
     <span class='ocr_line' id='line_1_9' title="bbox 1746 2065 2672 2115; baseline 0.001 -1"><span class='ocrx_word' id='word_1_22' title='bbox 1746 2066 2206 2114; x_wconf 70' lang='lat' dir='ltr'>ARCHIEPISCOPI</span> <span class='ocrx_word' id='word_1_23' title='bbox 2252 2066 2544 2112; x_wconf 77' lang='lat' dir='ltr'>HISPALEN</span> <span class='ocrx_word' id='word_1_24' title='bbox 2554 2065 2644 2112; x_wconf 79' lang='lat'>$13</span> <span class='ocrx_word' id='word_1_25' title='bbox 2654 2095 2672 2115; x_wconf 80' lang='grc' dir='ltr'><strong><em>ο</em></strong></span> 
     </span>
    </p>
   </div>
   <div class='ocr_carea' id='block_1_10' title="bbox 701 2233 3932 2320">
    <p class='ocr_par' dir='ltr' id='par_1_10' title="bbox 701 2233 3932 2320">
     <span class='ocr_line' id='line_1_10' title="bbox 701 2233 3932 2320; baseline -0.005 -14"><span class='ocrx_word' id='word_1_26' title='bbox 701 2251 745 2320; x_wconf 83' lang='lat'><strong>1</strong></span> <span class='ocrx_word' id='word_1_27' title='bbox 793 2249 864 2306; x_wconf 88' lang='lat' dir='ltr'>IN</span> <span class='ocrx_word' id='word_1_28' title='bbox 905 2245 1238 2304; x_wconf 68' lang='lat' dir='ltr'>DOMINICO</span> <span class='ocrx_word' id='word_1_29' title='bbox 1279 2245 1488 2301; x_wconf 83' lang='lat' dir='ltr'>PRIMO</span> <span class='ocrx_word' id='word_1_30' title='bbox 1528 2240 1968 2299; x_wconf 83' lang='lat' dir='ltr'>ADVENTUS</span> <span class='ocrx_word' id='word_1_31' title='bbox 2188 2237 2235 2292; x_wconf 85' lang='lat' dir='ltr'><strong>A</strong></span> <span class='ocrx_word' id='word_1_32' title='bbox 2266 2239 2324 2294; x_wconf 87' lang='lat' dir='ltr'>et</span> <span class='ocrx_word' id='word_1_33' title='bbox 2353 2235 2590 2308; x_wconf 79' lang='lat' dir='ltr'>Spiritui</span> <span class='ocrx_word' id='word_1_34' title='bbox 2631 2237 2844 2293; x_wconf 90' lang='lat' dir='ltr'>Sancto</span> <span class='ocrx_word' id='word_1_35' title='bbox 2873 2233 2935 2290; x_wconf 91' lang='lat' dir='ltr'>in</span> <span class='ocrx_word' id='word_1_36' title='bbox 2965 2233 3180 2291; x_wconf 75' lang='lat' dir='ltr'>saecula</span> <span class='ocrx_word' id='word_1_37' title='bbox 3201 2233 3574 2290; x_wconf 75' lang='lat' dir='ltr'>saeculorum.</span> <span class='ocrx_word' id='word_1_38' title='bbox 3599 2238 3828 2292; x_wconf 83' lang='lat' dir='ltr'>Amen.</span> <span class='ocrx_word' id='word_1_39' title='bbox 3862 2237 3932 2291; x_wconf 88' lang='lat' dir='ltr'>P.</span> 
     </span>
    </p>
   </div>
   <div class='ocr_carea' id='block_1_11' title="bbox 1179 2321 3108 2428">
    <p class='ocr_par' dir='ltr' id='par_1_11' title="bbox 1179 2321 3108 2428">
     <span class='ocr_line' id='line_1_11' title="bbox 1179 2321 3108 2428; baseline -0.024 -2"><span class='ocrx_word' id='word_1_40' title='bbox 1179 2369 1486 2428; x_wconf 81' lang='lat' dir='ltr'>DOMINI.</span> <span class='ocrx_word' id='word_1_41' title='bbox 2266 2327 2330 2379; x_wconf 65' lang='lat' dir='ltr'>Et</span> <span class='ocrx_word' id='word_1_42' title='bbox 2348 2323 2702 2428; x_wconf 48' lang='grc' dir='ltr'>ἐξεθξεηάθῑζ</span> <span class='ocrx_word' id='word_1_43' title='bbox 2729 2321 3108 2428; x_wconf 48' lang='grc' dir='ltr'>ορηοιέξοᾶιξε.</span> 
     </span>
    </p>
   </div>
   <div class='ocr_carea' id='block_1_12' title="bbox 1467 2406 3934 2484">
    <p class='ocr_par' dir='ltr' id='par_1_12' title="bbox 1467 2406 3934 2484">
     <span class='ocr_line' id='line_1_12' title="bbox 1467 2406 3934 2484; baseline 0.001 -17"><span class='ocrx_word' id='word_1_44' title='bbox 1467 2406 1486 2424; x_wconf 85' lang='grc'>⁸</span> <span class='ocrx_word' id='word_1_45' title='bbox 2333 2413 2511 2468; x_wconf 85' lang='lat' dir='ltr'>Dicat</span> <span class='ocrx_word' id='word_1_46' title='bbox 2533 2411 2859 2482; x_wconf 79' lang='lat' dir='ltr'>presbyter.</span> <span class='ocrx_word' id='word_1_47' title='bbox 2895 2411 3180 2467; x_wconf 87' lang='lat' dir='ltr'>Dominus</span> <span class='ocrx_word' id='word_1_48' title='bbox 3212 2411 3285 2468; x_wconf 85' lang='lat' dir='ltr'>sit</span> <span class='ocrx_word' id='word_1_49' title='bbox 3311 2426 3547 2484; x_wconf 86' lang='lat' dir='ltr'><strong>semper</strong></span> <span class='ocrx_word' id='word_1_50' title='bbox 3577 2411 3934 2469; x_wconf 83' lang='lat' dir='ltr'>vobiscum.</span> 
     </span>
    </p>
   </div>
   <div class='ocr_carea' id='block_1_13' title="bbox 1111 2477 2758 2570">
    <p class='ocr_par' dir='ltr' id='par_1_13' title="bbox 1111 2477 2758 2570">
     <span class='ocr_line' id='line_1_13' title="bbox 1111 2477 2758 2570; baseline 0.007 -27"><span class='ocrx_word' id='word_1_51' title='bbox 1111 2477 1209 2534; x_wconf 77' lang='lat' dir='ltr'>Ad</span> <span class='ocrx_word' id='word_1_52' title='bbox 1251 2478 1547 2547; x_wconf 64' lang='grc' dir='ltr'>νεφενοε·</span> <span class='ocrx_word' id='word_1_53' title='bbox 2264 2510 2327 2570; x_wconf 64' lang='grc' dir='ltr'>Η.</span> <span class='ocrx_word' id='word_1_54' title='bbox 2355 2502 2424 2557; x_wconf 91' lang='lat' dir='ltr'>Et</span> <span class='ocrx_word' id='word_1_55' title='bbox 2455 2477 2614 2569; x_wconf 78' lang='lat' dir='ltr'>cum,</span> <span class='ocrx_word' id='word_1_56' title='bbox 2648 2477 2758 2556; x_wconf 75' lang='lat' dir='ltr'>etc.</span> 
     </span>
    </p>
   </div>
   <div class='ocr_carea' id='block_1_14' title="bbox 579 2582 2189 2658">
    <p class='ocr_par' dir='ltr' id='par_1_14' title="bbox 579 2582 1770 2658">
     <span class='ocr_line' id='line_1_14' title="bbox 579 2582 1770 2658; baseline -0.008 -13"><span class='ocrx_word' id='word_1_57' title='bbox 579 2588 842 2658; x_wconf 79' lang='lat' dir='ltr'>Incipiat</span> <span class='ocrx_word' id='word_1_58' title='bbox 870 2585 1337 2657; x_wconf 81' lang='lat' dir='ltr'>Presbytercum</span> <span class='ocrx_word' id='word_1_59' title='bbox 1358 2585 1527 2654; x_wconf 86' lang='lat' dir='ltr'>signo</span> <span class='ocrx_word' id='word_1_60' title='bbox 1558 2582 1770 2638; x_wconf 77' lang='lat' dir='ltr'>crucis.</span> 
     </span>
    </p>
   </div>
   <div class='ocr_carea' id='block_1_15' title="bbox 2324 2582 3934 2658">
    <p class='ocr_par' dir='ltr' id='par_1_15' title="bbox 2334 2587 3934 2648">
     <span class='ocr_line' id='line_1_15' title="bbox 2334 2587 3934 2648; baseline 0.001 -4"><span class='ocrx_word' id='word_1_61' title='bbox 2334 2589 2564 2647; x_wconf 84' lang='lat' dir='ltr'>Lauda.</span> <span class='ocrx_word' id='word_1_62' title='bbox 2596 2587 2864 2644; x_wconf 84' lang='lat' dir='ltr'>Alleluia.</span> <span class='ocrx_word' id='word_1_63' title='bbox 2887 2588 3038 2645; x_wconf 82' lang='lat' dir='ltr'>Mitte</span> <span class='ocrx_word' id='word_1_64' title='bbox 3065 2587 3234 2645; x_wconf 89' lang='lat' dir='ltr'>nobis</span> <span class='ocrx_word' id='word_1_65' title='bbox 3256 2587 3543 2644; x_wconf 81' lang='lat' dir='ltr'>auxilium</span> <span class='ocrx_word' id='word_1_66' title='bbox 3571 2587 3646 2644; x_wconf 91' lang='lat' dir='ltr'>de</span> <span class='ocrx_word' id='word_1_67' title='bbox 3669 2596 3900 2648; x_wconf 83' lang='lat' dir='ltr'>sancto</span> <span class='ocrx_word' id='word_1_68' title='bbox 3925 2609 3934 2645; x_wconf 96' lang='lat'>:</span> 
     </span>
    </p>
   </div>
   <div class='ocr_carea' id='block_1_16' title="bbox 580 2666 3940 2750">
    <p class='ocr_par' dir='ltr' id='par_1_16' title="bbox 580 2666 3940 2750">
     <span class='ocr_line' id='line_1_16' title="bbox 580 2666 3940 2750; baseline -0.002 -17"><span class='ocrx_word' id='word_1_69' title='bbox 580 2679 645 2733; x_wconf 88' lang='lat' dir='ltr'>In</span> <span class='ocrx_word' id='word_1_70' title='bbox 673 2675 917 2734; x_wconf 88' lang='lat' dir='ltr'>nomine</span> <span class='ocrx_word' id='word_1_71' title='bbox 935 2673 1170 2733; x_wconf 90' lang='lat' dir='ltr'>Domini</span> <span class='ocrx_word' id='word_1_72' title='bbox 1188 2671 1374 2729; x_wconf 87' lang='lat' dir='ltr'>nostri</span> <span class='ocrx_word' id='word_1_73' title='bbox 1391 2672 1533 2727; x_wconf 85' lang='lat' dir='ltr'>Jesu</span> <span class='ocrx_word' id='word_1_74' title='bbox 1554 2668 1759 2726; x_wconf 86' lang='lat' dir='ltr'>Christi</span> <span class='ocrx_word' id='word_1_75' title='bbox 1781 2666 1982 2724; x_wconf 91' lang='lat' dir='ltr'>lumen</span> <span class='ocrx_word' id='word_1_76' title='bbox 2014 2681 2151 2723; x_wconf 88' lang='lat' dir='ltr'>cum</span> <span class='ocrx_word' id='word_1_77' title='bbox 2261 2681 2319 2732; x_wconf 81' lang='lat' dir='ltr'>et,</span> <span class='ocrx_word' id='word_1_78' title='bbox 2347 2677 2421 2733; x_wconf 85' lang='lat' dir='ltr'>de</span> <span class='ocrx_word' id='word_1_79' title='bbox 2462 2677 2600 2734; x_wconf 83' lang='lat' dir='ltr'>Sion</span> <span class='ocrx_word' id='word_1_80' title='bbox 2627 2682 2788 2733; x_wconf 82' lang='lat' dir='ltr'>tuere</span> <span class='ocrx_word' id='word_1_81' title='bbox 2809 2692 2937 2741; x_wconf 75' lang='lat' dir='ltr'>nos,</span> <span class='ocrx_word' id='word_1_82' title='bbox 2961 2676 3229 2734; x_wconf 68' lang='lat' dir='ltr'>Domine,</span> <span class='ocrx_word' id='word_1_83' title='bbox 3247 2677 3308 2732; x_wconf 85' lang='grc' dir='ltr'><em>Ρ,</em></span> <span class='ocrx_word' id='word_1_84' title='bbox 3324 2680 3386 2732; x_wconf 83' lang='lat' dir='ltr'><strong>In</strong></span> <span class='ocrx_word' id='word_1_85' title='bbox 3416 2692 3819 2750; x_wconf 78' lang='lat' dir='ltr'>quacumque</span> <span class='ocrx_word' id='word_1_86' title='bbox 3845 2680 3940 2736; x_wconf 78' lang='lat' dir='ltr'>die</span> 
     </span>
    </p>
   </div>
   <div class='ocr_carea' id='block_1_17' title="bbox 502 2762 3941 2838">
    <p class='ocr_par' dir='ltr' id='par_1_17' title="bbox 502 2762 3941 2838">
     <span class='ocr_line' id='line_1_17' title="bbox 502 2762 3941 2838; baseline 0 -14"><span class='ocrx_word' id='word_1_87' title='bbox 502 2779 671 2838; x_wconf 86' lang='lat' dir='ltr'>pace.</span> <span class='ocrx_word' id='word_1_88' title='bbox 704 2776 767 2835; x_wconf 72' lang='grc' dir='ltr'>Βι.</span> <span class='ocrx_word' id='word_1_89' title='bbox 793 2766 914 2822; x_wconf 89' lang='lat' dir='ltr'>Deo</span> <span class='ocrx_word' id='word_1_90' title='bbox 951 2762 1195 2835; x_wconf 82' lang='lat' dir='ltr'>gratias.</span> <span class='ocrx_word' id='word_1_91' title='bbox 2260 2764 2738 2821; x_wconf 88' lang='lat' dir='ltr'>invocaverimus</span> <span class='ocrx_word' id='word_1_92' title='bbox 2762 2770 2838 2829; x_wconf 91' lang='lat' dir='ltr'>te,</span> <span class='ocrx_word' id='word_1_93' title='bbox 2879 2763 3136 2829; x_wconf 86' lang='lat' dir='ltr'>alleluia,</span> <span class='ocrx_word' id='word_1_94' title='bbox 3173 2763 3430 2820; x_wconf 87' lang='lat' dir='ltr'>alleluia.</span> <span class='ocrx_word' id='word_1_95' title='bbox 3460 2763 3520 2823; x_wconf 55' lang='lat' dir='ltr'>in</span> <span class='ocrx_word' id='word_1_96' title='bbox 3556 2766 3941 2824; x_wconf 69' lang='lat' dir='ltr'>Laetabimur</span> 
     </span>
    </p>
   </div>
   <div class='ocr_carea' id='block_1_18' title="bbox 571 2845 2181 2923">
    <p class='ocr_par' dir='ltr' id='par_1_18' title="bbox 571 2845 2146 2922">
     <span class='ocr_line' id='line_1_18' title="bbox 571 2845 2146 2922; baseline -0.007 -11"><span class='ocrx_word' id='word_1_97' title='bbox 571 2855 741 2910; x_wconf 83' lang='lat' dir='ltr'>Dicat</span> <span class='ocrx_word' id='word_1_98' title='bbox 765 2852 1105 2922; x_wconf 80' lang='lat' dir='ltr'>Presbyter.</span> <span class='ocrx_word' id='word_1_99' title='bbox 1141 2849 1426 2906; x_wconf 87' lang='lat' dir='ltr'>Dominus</span> <span class='ocrx_word' id='word_1_100' title='bbox 1456 2847 1528 2904; x_wconf 89' lang='lat' dir='ltr'>sit</span> <span class='ocrx_word' id='word_1_101' title='bbox 1553 2861 1788 2919; x_wconf 81' lang='lat' dir='ltr'>semper</span> <span class='ocrx_word' id='word_1_102' title='bbox 1817 2845 2146 2902; x_wconf 77' lang='lat' dir='ltr'>vobiscum.</span> 
     </span>
    </p>
   </div>
   <div class='ocr_carea' id='block_1_19' title="bbox 2327 2845 3937 2923">
    <p class='ocr_par' dir='ltr' id='par_1_19' title="bbox 2335 2851 3937 2923">
     <span class='ocr_line' id='line_1_19' title="bbox 2335 2851 3937 2923; baseline 0.004 -16"><span class='ocrx_word' id='word_1_103' title='bbox 2335 2852 2579 2909; x_wconf 90' lang='lat' dir='ltr'>salutari</span> <span class='ocrx_word' id='word_1_104' title='bbox 2608 2857 2708 2908; x_wconf 89' lang='lat' dir='ltr'>tuo</span> <span class='ocrx_word' id='word_1_105' title='bbox 2741 2871 2752 2907; x_wconf 94' lang='lat'>:</span> <span class='ocrx_word' id='word_1_106' title='bbox 2789 2857 2844 2908; x_wconf 89' lang='lat' dir='ltr'>et</span> <span class='ocrx_word' id='word_1_107' title='bbox 2873 2851 2934 2906; x_wconf 89' lang='lat' dir='ltr'>in</span> <span class='ocrx_word' id='word_1_108' title='bbox 2955 2852 3198 2908; x_wconf 86' lang='lat' dir='ltr'>nomine</span> <span class='ocrx_word' id='word_1_109' title='bbox 3235 2852 3332 2907; x_wconf 91' lang='lat' dir='ltr'>Dei</span> <span class='ocrx_word' id='word_1_110' title='bbox 3348 2853 3536 2908; x_wconf 91' lang='lat' dir='ltr'>nostri</span> <span class='ocrx_word' id='word_1_111' title='bbox 3562 2856 3937 2923; x_wconf 81' lang='lat' dir='ltr'>magniﬁca-</span> 
     </span>
    </p>
   </div>
   <div class='ocr_carea' id='block_1_20' title="bbox 500 2939 3938 3013">
    <p class='ocr_par' dir='ltr' id='par_1_20' title="bbox 500 2939 3938 3013">
     <span class='ocr_line' id='line_1_20' title="bbox 500 2939 3938 3013; baseline 0.001 -15"><span class='ocrx_word' id='word_1_112' title='bbox 500 2953 566 3012; x_wconf 65' lang='lat' dir='ltr'>ﬁ.</span> <span class='ocrx_word' id='word_1_113' title='bbox 606 2944 840 2998; x_wconf 86' lang='lat' dir='ltr'>Etcum</span> <span class='ocrx_word' id='word_1_114' title='bbox 865 2939 1080 3013; x_wconf 79' lang='lat' dir='ltr'>spiritu</span> <span class='ocrx_word' id='word_1_115' title='bbox 1103 2942 1226 2996; x_wconf 90' lang='lat' dir='ltr'>tuo.</span> <span class='ocrx_word' id='word_1_116' title='bbox 2259 2940 2478 2998; x_wconf 90' lang='lat' dir='ltr'>bimur.</span> <span class='ocrx_word' id='word_1_117' title='bbox 2534 2942 2612 2997; x_wconf 88' lang='lat' dir='ltr'>P.</span> <span class='ocrx_word' id='word_1_118' title='bbox 2647 2943 2714 2997; x_wconf 90' lang='lat' dir='ltr'>Et</span> <span class='ocrx_word' id='word_1_119' title='bbox 2752 2941 2826 2996; x_wconf 88' lang='lat' dir='ltr'>de</span> <span class='ocrx_word' id='word_1_120' title='bbox 2859 2942 2995 2997; x_wconf 88' lang='lat' dir='ltr'>Sion</span> <span class='ocrx_word' id='word_1_121' title='bbox 3037 2945 3196 2996; x_wconf 91' lang='lat' dir='ltr'>tuere</span> <span class='ocrx_word' id='word_1_122' title='bbox 3226 2956 3356 3007; x_wconf 90' lang='lat' dir='ltr'>nos,</span> <span class='ocrx_word' id='word_1_123' title='bbox 3395 2941 3646 2996; x_wconf 89' lang='lat' dir='ltr'>Domine</span> <span class='ocrx_word' id='word_1_124' title='bbox 3687 2943 3764 3003; x_wconf 59' lang='lat' dir='ltr'>Vn</span> <span class='ocrx_word' id='word_1_125' title='bbox 3803 2945 3938 3002; x_wconf 89' lang='lat' dir='ltr'>Glo-</span> 
     </span>
    </p>
   </div>
   <div class='ocr_carea' id='block_1_21' title="bbox 572 3021 2182 3103">
    <p class='ocr_par' dir='ltr' id='par_1_21' title="bbox 572 3021 2151 3097">
     <span class='ocr_line' id='line_1_21' title="bbox 572 3021 2151 3097; baseline -0.005 -12"><span class='ocrx_word' id='word_1_126' title='bbox 572 3031 695 3087; x_wconf 89' lang='lat' dir='ltr'>Isto</span> <span class='ocrx_word' id='word_1_127' title='bbox 733 3029 943 3085; x_wconf 80' lang='lat' dir='ltr'>ordine</span> <span class='ocrx_word' id='word_1_128' title='bbox 967 3027 1337 3097; x_wconf 75' lang='lat' dir='ltr'>incipiantur</span> <span class='ocrx_word' id='word_1_129' title='bbox 1361 3025 1558 3080; x_wconf 85' lang='lat' dir='ltr'>omnia</span> <span class='ocrx_word' id='word_1_130' title='bbox 1587 3024 1788 3094; x_wconf 83' lang='lat' dir='ltr'>ofﬁcia</span> <span class='ocrx_word' id='word_1_131' title='bbox 1811 3027 2050 3092; x_wconf 73' lang='lat' dir='ltr'>excepto</span> <span class='ocrx_word' id='word_1_132' title='bbox 2079 3021 2151 3077; x_wconf 85' lang='lat' dir='ltr'>de</span> 
     </span>
    </p>
   </div>
   <div class='ocr_carea' id='block_1_22' title="bbox 2327 3021 3937 3103">
    <p class='ocr_par' dir='ltr' id='par_1_22' title="bbox 2327 3031 3937 3103">
     <span class='ocr_line' id='line_1_22' title="bbox 2327 3031 3937 3103; baseline 0.003 -15"><span class='ocrx_word' id='word_1_133' title='bbox 2327 3047 2348 3088; x_wconf 73' lang='grc' dir='ltr'><strong>ι</strong></span> <span class='ocrx_word' id='word_1_134' title='bbox 2376 3035 2433 3088; x_wconf 90' lang='lat' dir='ltr'>et</span> <span class='ocrx_word' id='word_1_135' title='bbox 2457 3031 2671 3097; x_wconf 90' lang='lat' dir='ltr'>honor,</span> <span class='ocrx_word' id='word_1_136' title='bbox 2715 3037 2824 3086; x_wconf 93' lang='lat' dir='ltr'>etc.</span> <span class='ocrx_word' id='word_1_137' title='bbox 2857 3031 2922 3086; x_wconf 92' lang='lat' dir='ltr'>P.</span> <span class='ocrx_word' id='word_1_138' title='bbox 2958 3033 3020 3086; x_wconf 87' lang='lat' dir='ltr'><strong>In</strong></span> <span class='ocrx_word' id='word_1_139' title='bbox 3063 3045 3447 3103; x_wconf 87' lang='lat' dir='ltr'>quacumque</span> <span class='ocrx_word' id='word_1_140' title='bbox 3463 3031 3558 3088; x_wconf 91' lang='lat' dir='ltr'>die</span> <span class='ocrx_word' id='word_1_141' title='bbox 3592 3031 3937 3093; x_wconf 85' lang='lat' dir='ltr'>invocave-</span> 
     </span>
    </p>
   </div>
   <div class='ocr_carea' id='block_1_23' title="bbox 501 3117 2465 3188">
    <p class='ocr_par' dir='ltr' id='par_1_23' title="bbox 501 3117 2465 3188">
     <span class='ocr_line' id='line_1_23' title="bbox 501 3117 2465 3188; baseline -0.001 -12"><span class='ocrx_word' id='word_1_142' title='bbox 501 3117 824 3188; x_wconf 78' lang='lat' dir='ltr'>defunctis.</span> <span class='ocrx_word' id='word_1_143' title='bbox 2259 3120 2465 3176; x_wconf 90' lang='lat' dir='ltr'>rimus.</span> 
     </span>
    </p>
   </div>
   <div class='ocr_carea' id='block_1_24' title="bbox 574 3199 3232 3279">
    <p class='ocr_par' dir='ltr' id='par_1_24' title="bbox 574 3199 3232 3279">
     <span class='ocr_line' id='line_1_24' title="bbox 574 3199 3232 3279; baseline -0.003 -15"><span class='ocrx_word' id='word_1_144' title='bbox 574 3207 808 3264; x_wconf 82' lang='lat' dir='ltr'>Lauda.</span> <span class='ocrx_word' id='word_1_145' title='bbox 834 3210 882 3262; x_wconf 86' lang='lat' dir='ltr'><strong>A</strong></span> <span class='ocrx_word' id='word_1_146' title='bbox 911 3204 1050 3262; x_wconf 91' lang='lat' dir='ltr'>solis</span> <span class='ocrx_word' id='word_1_147' title='bbox 1079 3209 1212 3262; x_wconf 91' lang='lat' dir='ltr'>ortu</span> <span class='ocrx_word' id='word_1_148' title='bbox 1229 3219 1422 3276; x_wconf 90' lang='lat' dir='ltr'>usque</span> <span class='ocrx_word' id='word_1_149' title='bbox 1442 3202 1520 3259; x_wconf 88' lang='lat' dir='ltr'>ad</span> <span class='ocrx_word' id='word_1_150' title='bbox 1540 3199 2150 3270; x_wconf 87' lang='lat' dir='ltr'>occasum,P.Lauda-</span> <span class='ocrx_word' id='word_1_151' title='bbox 2934 3209 3232 3279; x_wconf 75' lang='lat' dir='ltr'>Hymnus,</span> 
     </span>
    </p>
   </div>
   <div class='ocr_carea' id='block_1_25' title="bbox 500 3287 3269 3353">
    <p class='ocr_par' dir='ltr' id='par_1_25' title="bbox 500 3287 3269 3353">
     <span class='ocr_line' id='line_1_25' title="bbox 500 3287 3269 3353; baseline -0.003 -1"><span class='ocrx_word' id='word_1_152' title='bbox 500 3295 622 3353; x_wconf 85' lang='lat' dir='ltr'>bile</span> <span class='ocrx_word' id='word_1_153' title='bbox 659 3310 882 3352; x_wconf 90' lang='lat' dir='ltr'>nomen</span> <span class='ocrx_word' id='word_1_154' title='bbox 911 3293 1165 3351; x_wconf 89' lang='lat' dir='ltr'>Domini.</span> <span class='ocrx_word' id='word_1_155' title='bbox 1197 3292 1257 3352; x_wconf 52' lang='grc' dir='ltr'>Ψ.</span> <span class='ocrx_word' id='word_1_156' title='bbox 1295 3291 1378 3349; x_wconf 91' lang='lat' dir='ltr'>Sit</span> <span class='ocrx_word' id='word_1_157' title='bbox 1404 3305 1624 3348; x_wconf 90' lang='lat' dir='ltr'>nomen</span> <span class='ocrx_word' id='word_1_158' title='bbox 1657 3288 1890 3346; x_wconf 91' lang='lat' dir='ltr'>Domini</span> <span class='ocrx_word' id='word_1_159' title='bbox 1913 3287 2152 3344; x_wconf 87' lang='lat' dir='ltr'>benedi-</span> <span class='ocrx_word' id='word_1_160' title='bbox 2513 3295 2725 3352; x_wconf 73' lang='lat' dir='ltr'>Christi</span> <span class='ocrx_word' id='word_1_161' title='bbox 2752 3301 2983 3353; x_wconf 69' lang='lat' dir='ltr'>caterva</span> <span class='ocrx_word' id='word_1_162' title='bbox 3010 3297 3269 3353; x_wconf 68' lang='lat' dir='ltr'>clamitet</span> 
     </span>
    </p>
   </div>
   <div class='ocr_carea' id='block_1_26' title="bbox 503 3375 3281 3458">
    <p class='ocr_par' dir='ltr' id='par_1_26' title="bbox 503 3375 3281 3458">
     <span class='ocr_line' id='line_1_26' title="bbox 503 3375 3281 3458; baseline -0.004 -17"><span class='ocrx_word' id='word_1_163' title='bbox 503 3388 687 3449; x_wconf 91' lang='lat' dir='ltr'>ctum,</span> <span class='ocrx_word' id='word_1_164' title='bbox 721 3383 962 3448; x_wconf 88' lang='lat' dir='ltr'>amodo,</span> <span class='ocrx_word' id='word_1_165' title='bbox 995 3386 1052 3438; x_wconf 91' lang='lat' dir='ltr'>et</span> <span class='ocrx_word' id='word_1_166' title='bbox 1083 3396 1270 3453; x_wconf 90' lang='lat' dir='ltr'>usque</span> <span class='ocrx_word' id='word_1_167' title='bbox 1302 3380 1363 3436; x_wconf 91' lang='lat' dir='ltr'>in</span> <span class='ocrx_word' id='word_1_168' title='bbox 1389 3383 1698 3436; x_wconf 68' lang='lat' dir='ltr'>aeternum.</span> <span class='ocrx_word' id='word_1_169' title='bbox 1723 3379 1794 3435; x_wconf 91' lang='lat' dir='ltr'>P.</span> <span class='ocrx_word' id='word_1_170' title='bbox 1830 3375 2152 3434; x_wconf 88' lang='lat' dir='ltr'>Laudabile</span> <span class='ocrx_word' id='word_1_171' title='bbox 2440 3388 2654 3441; x_wconf 72' lang='lat' dir='ltr'>Rerum</span> <span class='ocrx_word' id='word_1_172' title='bbox 2679 3385 2910 3458; x_wconf 71' lang='lat' dir='ltr'>parenti</span> <span class='ocrx_word' id='word_1_173' title='bbox 2950 3386 3281 3458; x_wconf 67' lang='lat' dir='ltr'>proximas,</span> 
     </span>
    </p>
   </div>
   <div class='ocr_carea' id='block_1_27' title="bbox 502 3471 3254 3545">
    <p class='ocr_par' dir='ltr' id='par_1_27' title="bbox 502 3471 3254 3545">
     <span class='ocr_line' id='line_1_27' title="bbox 502 3471 3254 3545; baseline -0 -15"><span class='ocrx_word' id='word_1_174' title='bbox 502 3488 727 3530; x_wconf 88' lang='lat' dir='ltr'>nomen</span> <span class='ocrx_word' id='word_1_175' title='bbox 755 3471 1017 3530; x_wconf 89' lang='lat' dir='ltr'>Domini.</span> <span class='ocrx_word' id='word_1_176' title='bbox 2440 3475 2599 3540; x_wconf 86' lang='lat' dir='ltr'>Quas</span> <span class='ocrx_word' id='word_1_177' title='bbox 2632 3490 2759 3531; x_wconf 90' lang='lat' dir='ltr'>esse</span> <span class='ocrx_word' id='word_1_178' title='bbox 2789 3474 2982 3540; x_wconf 85' lang='lat' dir='ltr'>sentit,</span> <span class='ocrx_word' id='word_1_179' title='bbox 3010 3476 3254 3545; x_wconf 86' lang='lat' dir='ltr'>gratias,</span> 
     </span>
    </p>
   </div>
   <div class='ocr_carea' id='block_1_28' title="bbox 577 3554 3388 3641">
    <p class='ocr_par' dir='ltr' id='par_1_28' title="bbox 577 3554 3388 3641">
     <span class='ocr_line' id='line_1_28' title="bbox 577 3554 3388 3641; baseline 0 -25"><span class='ocrx_word' id='word_1_180' title='bbox 577 3562 798 3619; x_wconf 81' lang='lat' dir='ltr'>Oratio.</span> <span class='ocrx_word' id='word_1_181' title='bbox 834 3563 1011 3626; x_wconf 91' lang='lat' dir='ltr'>Deus,</span> <span class='ocrx_word' id='word_1_182' title='bbox 1045 3561 1216 3630; x_wconf 90' lang='lat' dir='ltr'>cujus</span> <span class='ocrx_word' id='word_1_183' title='bbox 1235 3571 1457 3614; x_wconf 88' lang='lat' dir='ltr'>nomen</span> <span class='ocrx_word' id='word_1_184' title='bbox 1478 3560 1568 3613; x_wconf 90' lang='lat' dir='ltr'>est</span> <span class='ocrx_word' id='word_1_185' title='bbox 1594 3554 1977 3612; x_wconf 87' lang='lat' dir='ltr'>benedictum</span> <span class='ocrx_word' id='word_1_186' title='bbox 1998 3556 2035 3610; x_wconf 65' lang='grc' dir='ltr'>εὶ</span> <span class='ocrx_word' id='word_1_187' title='bbox 2061 3569 2153 3611; x_wconf 90' lang='lat' dir='ltr'>so—</span> <span class='ocrx_word' id='word_1_188' title='bbox 2186 3587 2231 3641; x_wconf 76' lang='grc' dir='ltr'><strong>Β</strong></span> <span class='ocrx_word' id='word_1_189' title='bbox 2440 3561 2785 3635; x_wconf 88' lang='lat' dir='ltr'>Laudesque</span> <span class='ocrx_word' id='word_1_190' title='bbox 2814 3568 3051 3636; x_wconf 90' lang='lat' dir='ltr'>promat</span> <span class='ocrx_word' id='word_1_191' title='bbox 3074 3564 3388 3621; x_wconf 86' lang='lat' dir='ltr'>maximas.</span> 
     </span>
    </p>
   </div>
   <div class='ocr_carea' id='block_1_29' title="bbox 503 3643 3141 3722">
    <p class='ocr_par' dir='ltr' id='par_1_29' title="bbox 503 3643 3141 3722">
     <span class='ocr_line' id='line_1_29' title="bbox 503 3643 3141 3722; baseline 0 -16"><span class='ocrx_word' id='word_1_192' title='bbox 503 3651 575 3707; x_wconf 90' lang='lat' dir='ltr'>lis</span> <span class='ocrx_word' id='word_1_193' title='bbox 601 3654 733 3708; x_wconf 89' lang='lat' dir='ltr'>ortu</span> <span class='ocrx_word' id='word_1_194' title='bbox 762 3665 956 3722; x_wconf 88' lang='lat' dir='ltr'>usque</span> <span class='ocrx_word' id='word_1_195' title='bbox 977 3648 1058 3706; x_wconf 88' lang='lat' dir='ltr'>ad</span> <span class='ocrx_word' id='word_1_196' title='bbox 1073 3645 1547 3717; x_wconf 89' lang='lat' dir='ltr'>occasum,reple</span> <span class='ocrx_word' id='word_1_197' title='bbox 1569 3645 1953 3714; x_wconf 59' lang='lat' dir='ltr'>corhostrum</span> <span class='ocrx_word' id='word_1_198' title='bbox 1970 3643 2154 3699; x_wconf 81' lang='lat' dir='ltr'>scien-</span> <span class='ocrx_word' id='word_1_199' title='bbox 2513 3651 2721 3705; x_wconf 86' lang='lat' dir='ltr'>Vatum</span> <span class='ocrx_word' id='word_1_200' title='bbox 2752 3649 2874 3722; x_wconf 90' lang='lat' dir='ltr'>poli</span> <span class='ocrx_word' id='word_1_201' title='bbox 2898 3649 3141 3707; x_wconf 89' lang='lat' dir='ltr'>oracula</span> 
     </span>
    </p>
   </div>
   <div class='ocr_carea' id='block_1_30' title="bbox 503 3731 3114 3809">
    <p class='ocr_par' dir='ltr' id='par_1_30' title="bbox 503 3731 3114 3809">
     <span class='ocr_line' id='line_1_30' title="bbox 503 3731 3114 3809; baseline 0 -13"><span class='ocrx_word' id='word_1_202' title='bbox 503 3742 605 3808; x_wconf 87' lang='lat' dir='ltr'>tia,</span> <span class='ocrx_word' id='word_1_203' title='bbox 634 3744 690 3796; x_wconf 89' lang='lat' dir='ltr'>et</span> <span class='ocrx_word' id='word_1_204' title='bbox 713 3737 801 3796; x_wconf 92' lang='lat' dir='ltr'>ori</span> <span class='ocrx_word' id='word_1_205' title='bbox 827 3741 1033 3796; x_wconf 89' lang='lat' dir='ltr'>nostro</span> <span class='ocrx_word' id='word_1_206' title='bbox 1061 3741 1178 3794; x_wconf 57' lang='lat' dir='ltr'>tuas</span> <span class='ocrx_word' id='word_1_207' title='bbox 1201 3734 1400 3792; x_wconf 89' lang='lat' dir='ltr'>laudis</span> <span class='ocrx_word' id='word_1_208' title='bbox 1432 3733 1632 3790; x_wconf 87' lang='lat' dir='ltr'>ofﬁcia</span> <span class='ocrx_word' id='word_1_209' title='bbox 1661 3731 1884 3804; x_wconf 90' lang='lat' dir='ltr'>deputa</span> <span class='ocrx_word' id='word_1_210' title='bbox 1925 3748 1939 3788; x_wconf 92' lang='lat'><strong>:</strong></span> <span class='ocrx_word' id='word_1_211' title='bbox 1972 3735 2053 3802; x_wconf 91' lang='lat' dir='ltr'>ut,</span> <span class='ocrx_word' id='word_1_212' title='bbox 2084 3731 2153 3788; x_wconf 89' lang='lat' dir='ltr'>si-</span> <span class='ocrx_word' id='word_1_213' title='bbox 2438 3738 2683 3795; x_wconf 83' lang='lat' dir='ltr'>Perfecit</span> <span class='ocrx_word' id='word_1_214' title='bbox 2706 3738 2850 3795; x_wconf 92' lang='lat' dir='ltr'>olim</span> <span class='ocrx_word' id='word_1_215' title='bbox 2878 3739 3114 3809; x_wconf 89' lang='lat' dir='ltr'>tradita,</span> 
     </span>
    </p>
   </div>
   <div class='ocr_carea' id='block_1_31' title="bbox 501 3820 3235 3900">
    <p class='ocr_par' dir='ltr' id='par_1_31' title="bbox 501 3820 3235 3900">
     <span class='ocr_line' id='line_1_31' title="bbox 501 3820 3235 3900; baseline -0.003 -15"><span class='ocrx_word' id='word_1_216' title='bbox 501 3836 600 3884; x_wconf 82' lang='lat' dir='ltr'>cut</span> <span class='ocrx_word' id='word_1_217' title='bbox 629 3843 807 3884; x_wconf 90' lang='lat' dir='ltr'>omne</span> <span class='ocrx_word' id='word_1_218' title='bbox 847 3843 946 3900; x_wconf 89' lang='lat' dir='ltr'>per</span> <span class='ocrx_word' id='word_1_219' title='bbox 970 3842 1169 3883; x_wconf 83' lang='lat' dir='ltr'>aevum</span> <span class='ocrx_word' id='word_1_220' title='bbox 1195 3823 1399 3880; x_wconf 89' lang='lat' dir='ltr'>debito</span> <span class='ocrx_word' id='word_1_221' title='bbox 1429 3821 1650 3879; x_wconf 90' lang='lat' dir='ltr'>honore</span> <span class='ocrx_word' id='word_1_222' title='bbox 1676 3820 2155 3887; x_wconf 89' lang='lat' dir='ltr'>benediceris,ita</span> <span class='ocrx_word' id='word_1_223' title='bbox 2443 3830 2589 3884; x_wconf 83' lang='lat' dir='ltr'>Cum</span> <span class='ocrx_word' id='word_1_224' title='bbox 2619 3844 2729 3884; x_wconf 81' lang='lat' dir='ltr'>nos</span> <span class='ocrx_word' id='word_1_225' title='bbox 2755 3828 3005 3884; x_wconf 71' lang='lat' dir='ltr'>redemit</span> <span class='ocrx_word' id='word_1_226' title='bbox 3024 3829 3235 3884; x_wconf 81' lang='lat' dir='ltr'>unicus</span> 
     </span>
    </p>
   </div>
   <div class='ocr_carea' id='block_1_32' title="bbox 501 3912 3110 3987">
    <p class='ocr_par' dir='ltr' id='par_1_32' title="bbox 501 3912 3110 3987">
     <span class='ocr_line' id='line_1_32' title="bbox 501 3912 3110 3987; baseline -0.002 -11"><span class='ocrx_word' id='word_1_227' title='bbox 501 3918 579 3977; x_wconf 91' lang='lat' dir='ltr'>ab</span> <span class='ocrx_word' id='word_1_228' title='bbox 609 3922 744 3975; x_wconf 89' lang='lat' dir='ltr'>ortu</span> <span class='ocrx_word' id='word_1_229' title='bbox 782 3916 925 3974; x_wconf 88' lang='lat' dir='ltr'>solis</span> <span class='ocrx_word' id='word_1_230' title='bbox 965 3929 1159 3987; x_wconf 89' lang='lat' dir='ltr'>usque</span> <span class='ocrx_word' id='word_1_231' title='bbox 1190 3912 1268 3970; x_wconf 91' lang='lat' dir='ltr'>ad</span> <span class='ocrx_word' id='word_1_232' title='bbox 1304 3926 1587 3968; x_wconf 86' lang='lat' dir='ltr'>occasum</span> <span class='ocrx_word' id='word_1_233' title='bbox 1616 3923 1886 3967; x_wconf 88' lang='lat' dir='ltr'>consono</span> <span class='ocrx_word' id='word_1_234' title='bbox 1919 3913 2152 3965; x_wconf 85' lang='lat' dir='ltr'>cuncto—</span> <span class='ocrx_word' id='word_1_235' title='bbox 2439 3916 2698 3972; x_wconf 90' lang='lat' dir='ltr'>Factoris</span> <span class='ocrx_word' id='word_1_236' title='bbox 2728 3916 2885 3971; x_wconf 82' lang='lat' dir='ltr'>orbis</span> <span class='ocrx_word' id='word_1_237' title='bbox 2918 3915 3110 3972; x_wconf 83' lang='lat' dir='ltr'>Filius.</span> 
     </span>
    </p>
   </div>
   <div class='ocr_carea' id='block_1_33' title="bbox 499 4003 3474 4077">
    <p class='ocr_par' dir='ltr' id='par_1_33' title="bbox 499 4003 3474 4077">
     <span class='ocr_line' id='line_1_33' title="bbox 499 4003 3474 4077; baseline -0 -13"><span class='ocrx_word' id='word_1_238' title='bbox 499 4023 634 4064; x_wconf 89' lang='lat' dir='ltr'>rum</span> <span class='ocrx_word' id='word_1_239' title='bbox 660 4020 761 4064; x_wconf 90' lang='lat' dir='ltr'>ore</span> <span class='ocrx_word' id='word_1_240' title='bbox 785 4003 1069 4062; x_wconf 89' lang='lat' dir='ltr'>lauderis.</span> <span class='ocrx_word' id='word_1_241' title='bbox 1102 4014 1164 4072; x_wconf 65' lang='grc' dir='ltr'>Βί.</span> <span class='ocrx_word' id='word_1_242' title='bbox 1207 4004 1414 4056; x_wconf 85' lang='lat' dir='ltr'>Amen.</span> <span class='ocrx_word' id='word_1_243' title='bbox 2508 4005 2760 4060; x_wconf 85' lang='lat' dir='ltr'>Verbum</span> <span class='ocrx_word' id='word_1_244' title='bbox 2783 4003 3136 4077; x_wconf 89' lang='lat' dir='ltr'>profectum,</span> <span class='ocrx_word' id='word_1_245' title='bbox 3169 4004 3474 4077; x_wconf 88' lang='lat' dir='ltr'>proditum</span> 
     </span>
    </p>
   </div>
   <div class='ocr_carea' id='block_1_34' title="bbox 572 4087 3218 4160">
    <p class='ocr_par' dir='ltr' id='par_1_34' title="bbox 572 4087 3218 4160">
     <span class='ocr_line' id='line_1_34' title="bbox 572 4087 3218 4160; baseline -0.001 -8"><span class='ocrx_word' id='word_1_246' title='bbox 572 4098 677 4152; x_wconf 88' lang='lat' dir='ltr'>Per</span> <span class='ocrx_word' id='word_1_247' title='bbox 703 4091 1174 4152; x_wconf 87' lang='lat' dir='ltr'>misericordiam</span> <span class='ocrx_word' id='word_1_248' title='bbox 1206 4094 1394 4153; x_wconf 90' lang='lat' dir='ltr'>tuam,</span> <span class='ocrx_word' id='word_1_249' title='bbox 1421 4089 1575 4144; x_wconf 90' lang='lat' dir='ltr'>Deus</span> <span class='ocrx_word' id='word_1_250' title='bbox 1594 4090 1813 4154; x_wconf 89' lang='lat' dir='ltr'>noster,</span> <span class='ocrx_word' id='word_1_251' title='bbox 1846 4087 1950 4160; x_wconf 89' lang='lat' dir='ltr'>qui</span> <span class='ocrx_word' id='word_1_252' title='bbox 1972 4101 2034 4143; x_wconf 90' lang='lat' dir='ltr'>es</span> <span class='ocrx_word' id='word_1_253' title='bbox 2053 4087 2152 4144; x_wconf 93' lang='lat' dir='ltr'>be-</span> <span class='ocrx_word' id='word_1_254' title='bbox 2434 4092 2583 4149; x_wconf 89' lang='lat' dir='ltr'>Tulit</span> <span class='ocrx_word' id='word_1_255' title='bbox 2608 4097 2842 4149; x_wconf 88' lang='lat' dir='ltr'>reatum</span> <span class='ocrx_word' id='word_1_256' title='bbox 2870 4093 3218 4160; x_wconf 87' lang='lat' dir='ltr'>criminum;</span> 
     </span>
    </p>
   </div>
   <div class='ocr_carea' id='block_1_35' title="bbox 499 4175 3468 4255">
    <p class='ocr_par' dir='ltr' id='par_1_35' title="bbox 499 4175 3468 4255">
     <span class='ocr_line' id='line_1_35' title="bbox 499 4175 3468 4255; baseline 0 -14"><span class='ocrx_word' id='word_1_257' title='bbox 499 4183 793 4254; x_wconf 87' lang='lat' dir='ltr'>nediotus,</span> <span class='ocrx_word' id='word_1_258' title='bbox 830 4187 886 4240; x_wconf 91' lang='lat' dir='ltr'>et</span> <span class='ocrx_word' id='word_1_259' title='bbox 909 4181 1082 4251; x_wconf 85' lang='lat' dir='ltr'>vivis,</span> <span class='ocrx_word' id='word_1_260' title='bbox 1111 4185 1170 4237; x_wconf 92' lang='lat' dir='ltr'>et</span> <span class='ocrx_word' id='word_1_261' title='bbox 1196 4176 1404 4236; x_wconf 87' lang='lat' dir='ltr'>omnia</span> <span class='ocrx_word' id='word_1_262' title='bbox 1429 4176 1587 4247; x_wconf 87' lang='lat' dir='ltr'>regis</span> <span class='ocrx_word' id='word_1_263' title='bbox 1623 4175 1684 4232; x_wconf 90' lang='lat' dir='ltr'>in</span> <span class='ocrx_word' id='word_1_264' title='bbox 1717 4175 1938 4233; x_wconf 65' lang='lat' dir='ltr'>saecula</span> <span class='ocrx_word' id='word_1_265' title='bbox 1969 4193 2151 4232; x_wconf 77' lang='lat' dir='ltr'>saecu-</span> <span class='ocrx_word' id='word_1_266' title='bbox 2438 4183 2810 4253; x_wconf 88' lang='lat' dir='ltr'>Sumensque</span> <span class='ocrx_word' id='word_1_267' title='bbox 2837 4185 3110 4239; x_wconf 89' lang='lat' dir='ltr'>nostrum</span> <span class='ocrx_word' id='word_1_268' title='bbox 3139 4182 3468 4255; x_wconf 88' lang='lat' dir='ltr'>pulverem,</span> 
     </span>
    </p>
   </div>
   <div class='ocr_carea' id='block_1_36' title="bbox 497 4267 3274 4343">
    <p class='ocr_par' dir='ltr' id='par_1_36' title="bbox 497 4267 3274 4343">
     <span class='ocr_line' id='line_1_36' title="bbox 497 4267 3274 4343; baseline -0.001 -13"><span class='ocrx_word' id='word_1_269' title='bbox 497 4274 715 4330; x_wconf 89' lang='lat' dir='ltr'>lorum.</span> <span class='ocrx_word' id='word_1_270' title='bbox 752 4284 816 4342; x_wconf 50' lang='lat' dir='ltr'>ni.</span> <span class='ocrx_word' id='word_1_271' title='bbox 848 4274 1060 4327; x_wconf 82' lang='lat' dir='ltr'>Amen.</span> <span class='ocrx_word' id='word_1_272' title='bbox 2435 4267 2627 4326; x_wconf 86' lang='lat' dir='ltr'>Mortis</span> <span class='ocrx_word' id='word_1_273' title='bbox 2650 4268 2902 4341; x_wconf 89' lang='lat' dir='ltr'>peremit</span> <span class='ocrx_word' id='word_1_274' title='bbox 2926 4270 3274 4343; x_wconf 86' lang='lat' dir='ltr'>principem.</span> 
     </span>
    </p>
   </div>
   <div class='ocr_carea' id='block_1_37' title="bbox 570 4353 3298 4432">
    <p class='ocr_par' dir='ltr' id='par_1_37' title="bbox 570 4353 3298 4432">
     <span class='ocr_line' id='line_1_37' title="bbox 570 4353 3298 4432; baseline -0 -15"><span class='ocrx_word' id='word_1_275' title='bbox 570 4362 747 4418; x_wconf 85' lang='lat' dir='ltr'>Dicat</span> <span class='ocrx_word' id='word_1_276' title='bbox 767 4359 1102 4430; x_wconf 78' lang='lat' dir='ltr'>Presbyter.</span> <span class='ocrx_word' id='word_1_277' title='bbox 1139 4356 1429 4414; x_wconf 90' lang='lat' dir='ltr'>Dominus</span> <span class='ocrx_word' id='word_1_278' title='bbox 1455 4356 1526 4412; x_wconf 89' lang='lat' dir='ltr'>sit</span> <span class='ocrx_word' id='word_1_279' title='bbox 1551 4369 1787 4426; x_wconf 90' lang='lat' dir='ltr'>semper</span> <span class='ocrx_word' id='word_1_280' title='bbox 1816 4353 2145 4412; x_wconf 90' lang='lat' dir='ltr'>vobiscum.</span> <span class='ocrx_word' id='word_1_281' title='bbox 2503 4361 2550 4413; x_wconf 85' lang='lat' dir='ltr'><strong>A</strong></span> <span class='ocrx_word' id='word_1_282' title='bbox 2573 4363 2763 4415; x_wconf 86' lang='lat' dir='ltr'>matre</span> <span class='ocrx_word' id='word_1_283' title='bbox 2792 4362 2968 4416; x_wconf 88' lang='lat' dir='ltr'>natus</span> <span class='ocrx_word' id='word_1_284' title='bbox 2999 4363 3259 4432; x_wconf 89' lang='lat' dir='ltr'>tempore</span> <span class='ocrx_word' id='word_1_285' title='bbox 3285 4378 3298 4428; x_wconf 90' lang='lat'><strong>;</strong></span> 
     </span>
    </p>
   </div>
   <div class='ocr_carea' id='block_1_38' title="bbox 500 4446 3340 4520">
    <p class='ocr_par' dir='ltr' id='par_1_38' title="bbox 500 4446 3340 4520">
     <span class='ocr_line' id='line_1_38' title="bbox 500 4446 3340 4520; baseline -0.001 -13"><span class='ocrx_word' id='word_1_286' title='bbox 500 4462 566 4518; x_wconf 55' lang='lat' dir='ltr'>Ir.</span> <span class='ocrx_word' id='word_1_287' title='bbox 607 4452 674 4506; x_wconf 91' lang='lat' dir='ltr'>Et</span> <span class='ocrx_word' id='word_1_288' title='bbox 700 4464 838 4505; x_wconf 91' lang='lat' dir='ltr'>cum</span> <span class='ocrx_word' id='word_1_289' title='bbox 871 4446 1080 4520; x_wconf 88' lang='lat' dir='ltr'>spiritu</span> <span class='ocrx_word' id='word_1_290' title='bbox 1103 4450 1226 4503; x_wconf 88' lang='lat' dir='ltr'>tuo.</span> <span class='ocrx_word' id='word_1_291' title='bbox 2441 4447 2491 4516; x_wconf 77' lang='lat'><strong>2</strong></span> <span class='ocrx_word' id='word_1_292' title='bbox 2524 4447 2639 4503; x_wconf 90' lang='lat' dir='ltr'>Sed</span> <span class='ocrx_word' id='word_1_293' title='bbox 2666 4447 3055 4520; x_wconf 88' lang='lat' dir='ltr'>sempiternus</span> <span class='ocrx_word' id='word_1_294' title='bbox 3089 4465 3125 4505; x_wconf 93' lang='lat' dir='ltr'>a</span> <span class='ocrx_word' id='word_1_295' title='bbox 3153 4451 3340 4505; x_wconf 88' lang='lat' dir='ltr'>Patre.</span> 
     </span>
    </p>
   </div>
   <div class='ocr_carea' id='block_1_39' title="bbox 569 4532 3161 4608">
    <p class='ocr_par' dir='ltr' id='par_1_39' title="bbox 569 4532 3161 4608">
     <span class='ocr_line' id='line_1_39' title="bbox 569 4532 3161 4608; baseline -0.001 -14"><span class='ocrx_word' id='word_1_296' title='bbox 569 4539 648 4595; x_wconf 89' lang='lat' dir='ltr'>Et</span> <span class='ocrx_word' id='word_1_297' title='bbox 674 4543 838 4607; x_wconf 89' lang='lat' dir='ltr'>nota,</span> <span class='ocrx_word' id='word_1_298' title='bbox 874 4535 1033 4608; x_wconf 83' lang='lat' dir='ltr'>quod</span> <span class='ocrx_word' id='word_1_299' title='bbox 1059 4539 1119 4590; x_wconf 83' lang='lat' dir='ltr'>in</span> <span class='ocrx_word' id='word_1_300' title='bbox 1157 4537 1278 4604; x_wconf 81' lang='lat' dir='ltr'>ﬁne</span> <span class='ocrx_word' id='word_1_301' title='bbox 1311 4534 1572 4589; x_wconf 85' lang='lat' dir='ltr'>omnium</span> <span class='ocrx_word' id='word_1_302' title='bbox 1606 4533 1953 4590; x_wconf 86' lang='lat' dir='ltr'>Orationam</span> <span class='ocrx_word' id='word_1_303' title='bbox 1987 4532 2151 4590; x_wconf 84' lang='lat' dir='ltr'>debet</span> <span class='ocrx_word' id='word_1_304' title='bbox 2437 4535 2682 4592; x_wconf 89' lang='lat' dir='ltr'>Duabus</span> <span class='ocrx_word' id='word_1_305' title='bbox 2709 4535 2771 4592; x_wconf 92' lang='lat' dir='ltr'>in</span> <span class='ocrx_word' id='word_1_306' title='bbox 2810 4535 3161 4594; x_wconf 89' lang='lat' dir='ltr'>substantiis</span> 
     </span>
    </p>
   </div>
   <div class='ocr_carea' id='block_1_40' title="bbox 499 4622 3274 4699">
    <p class='ocr_par' dir='ltr' id='par_1_40' title="bbox 499 4622 3274 4699">
     <span class='ocr_line' id='line_1_40' title="bbox 499 4622 3274 4699; baseline -0.003 -14"><span class='ocrx_word' id='word_1_307' title='bbox 499 4643 727 4699; x_wconf 83' lang='lat' dir='ltr'>semper</span> <span class='ocrx_word' id='word_1_308' title='bbox 753 4627 878 4683; x_wconf 79' lang='lat' dir='ltr'>dici</span> <span class='ocrx_word' id='word_1_309' title='bbox 902 4625 1075 4682; x_wconf 84' lang='lat' dir='ltr'>modo</span> <span class='ocrx_word' id='word_1_310' title='bbox 1095 4622 1458 4692; x_wconf 84' lang='lat' dir='ltr'>supradicto.</span> <span class='ocrx_word' id='word_1_311' title='bbox 2433 4626 2690 4682; x_wconf 88' lang='lat' dir='ltr'>Persona</span> <span class='ocrx_word' id='word_1_312' title='bbox 2716 4624 2844 4684; x_wconf 88' lang='lat' dir='ltr'>sola</span> <span class='ocrx_word' id='word_1_313' title='bbox 2871 4630 2959 4682; x_wconf 89' lang='lat' dir='ltr'>est</span> <span class='ocrx_word' id='word_1_314' title='bbox 2987 4625 3274 4682; x_wconf 87' lang='lat' dir='ltr'>numinis.</span> 
     </span>
    </p>
   </div>
   <div class='ocr_carea' id='block_1_41' title="bbox 569 4709 3306 4782">
    <p class='ocr_par' dir='ltr' id='par_1_41' title="bbox 569 4709 3306 4782">
     <span class='ocr_line' id='line_1_41' title="bbox 569 4709 3306 4782; baseline -0.001 -7"><span class='ocrx_word' id='word_1_315' title='bbox 569 4717 747 4775; x_wconf 89' lang='lat' dir='ltr'>Sono.</span> <span class='ocrx_word' id='word_1_316' title='bbox 776 4715 998 4779; x_wconf 84' lang='lat' dir='ltr'>Venite,</span> <span class='ocrx_word' id='word_1_317' title='bbox 1025 4711 1354 4770; x_wconf 86' lang='lat' dir='ltr'>exultemus</span> <span class='ocrx_word' id='word_1_318' title='bbox 1376 4710 1626 4767; x_wconf 91' lang='lat' dir='ltr'>Domino</span> <span class='ocrx_word' id='word_1_319' title='bbox 1652 4728 1664 4767; x_wconf 90' lang='lat'>:</span> <span class='ocrx_word' id='word_1_320' title='bbox 1680 4709 2007 4782; x_wconf 87' lang='lat' dir='ltr'>jubilemus</span> <span class='ocrx_word' id='word_1_321' title='bbox 2031 4713 2150 4768; x_wconf 92' lang='lat' dir='ltr'>Deo</span> <span class='ocrx_word' id='word_1_322' title='bbox 2505 4714 2671 4771; x_wconf 86' lang='lat' dir='ltr'>Venit</span> <span class='ocrx_word' id='word_1_323' title='bbox 2700 4713 2854 4770; x_wconf 91' lang='lat' dir='ltr'>Deus</span> <span class='ocrx_word' id='word_1_324' title='bbox 2879 4713 3071 4772; x_wconf 86' lang='lat' dir='ltr'>factus</span> <span class='ocrx_word' id='word_1_325' title='bbox 3101 4713 3306 4780; x_wconf 89' lang='lat' dir='ltr'>homo,</span> 
     </span>
    </p>
   </div>
   <div class='ocr_carea' id='block_1_42' title="bbox 500 4799 3172 4871">
    <p class='ocr_par' dir='ltr' id='par_1_42' title="bbox 500 4799 3172 4871">
     <span class='ocr_line' id='line_1_42' title="bbox 500 4799 3172 4871; baseline -0.001 -9"><span class='ocrx_word' id='word_1_326' title='bbox 500 4805 744 4864; x_wconf 89' lang='lat' dir='ltr'>salutari</span> <span class='ocrx_word' id='word_1_327' title='bbox 800 4808 1032 4861; x_wconf 89' lang='lat' dir='ltr'>nostro.</span> <span class='ocrx_word' id='word_1_328' title='bbox 1087 4800 1148 4862; x_wconf 54' lang='lat' dir='ltr'>in</span> <span class='ocrx_word' id='word_1_329' title='bbox 1184 4802 1674 4871; x_wconf 66' lang='lat' dir='ltr'>Prmoccupemus</span> <span class='ocrx_word' id='word_1_330' title='bbox 1721 4799 1935 4856; x_wconf 88' lang='lat' dir='ltr'>faciem</span> <span class='ocrx_word' id='word_1_331' title='bbox 1963 4800 2066 4856; x_wconf 89' lang='lat' dir='ltr'>Dei</span> <span class='ocrx_word' id='word_1_332' title='bbox 2086 4800 2148 4856; x_wconf 90' lang='lat' dir='ltr'>in</span> <span class='ocrx_word' id='word_1_333' title='bbox 2433 4804 2686 4860; x_wconf 87' lang='lat' dir='ltr'>Nitescat</span> <span class='ocrx_word' id='word_1_334' title='bbox 2716 4808 2778 4860; x_wconf 93' lang='lat' dir='ltr'>ut</span> <span class='ocrx_word' id='word_1_335' title='bbox 2808 4802 2969 4861; x_wconf 86' lang='lat' dir='ltr'>cultu</span> <span class='ocrx_word' id='word_1_336' title='bbox 2993 4819 3172 4869; x_wconf 90' lang='lat' dir='ltr'>novo,</span> 
     </span>
    </p>
   </div>
   <div class='ocr_carea' id='block_1_43' title="bbox 500 4886 3115 4962">
    <p class='ocr_par' dir='ltr' id='par_1_43' title="bbox 500 4886 3115 4962">
     <span class='ocr_line' id='line_1_43' title="bbox 500 4886 3115 4962; baseline -0.001 -11"><span class='ocrx_word' id='word_1_337' title='bbox 500 4894 898 4961; x_wconf 81' lang='lat' dir='ltr'>confessione,</span> <span class='ocrx_word' id='word_1_338' title='bbox 930 4895 987 4948; x_wconf 90' lang='lat' dir='ltr'>et</span> <span class='ocrx_word' id='word_1_339' title='bbox 1010 4891 1073 4946; x_wconf 92' lang='lat' dir='ltr'>in</span> <span class='ocrx_word' id='word_1_340' title='bbox 1104 4888 1380 4962; x_wconf 89' lang='lat' dir='ltr'>psalmis.</span> <span class='ocrx_word' id='word_1_341' title='bbox 1409 4888 1473 4943; x_wconf 92' lang='lat' dir='ltr'>P.</span> <span class='ocrx_word' id='word_1_342' title='bbox 1505 4886 1840 4945; x_wconf 89' lang='lat' dir='ltr'>Jubilemus</span> <span class='ocrx_word' id='word_1_343' title='bbox 1871 4889 2013 4946; x_wconf 93' lang='lat' dir='ltr'>Deo.</span> <span class='ocrx_word' id='word_1_344' title='bbox 2181 4938 2220 4962; x_wconf 60' lang='grc' dir='ltr'><em>η</em></span> <span class='ocrx_word' id='word_1_345' title='bbox 2434 4894 2692 4949; x_wconf 86' lang='lat' dir='ltr'>Benatus</span> <span class='ocrx_word' id='word_1_346' title='bbox 2717 4891 2778 4948; x_wconf 87' lang='lat' dir='ltr'>in</span> <span class='ocrx_word' id='word_1_347' title='bbox 2799 4896 2940 4949; x_wconf 90' lang='lat' dir='ltr'>nato</span> <span class='ocrx_word' id='word_1_348' title='bbox 2973 4891 3115 4962; x_wconf 88' lang='lat' dir='ltr'>Deo,</span> 
     </span>
    </p>
   </div>
   <div class='ocr_carea' id='block_1_44' title="bbox 569 4938 3290 5052">
    <p class='ocr_par' dir='ltr' id='par_1_44' title="bbox 569 4938 3290 5052">
     <span class='ocr_line' id='line_1_44' title="bbox 569 4938 3088 4962; baseline 0.003 -21"><span class='ocrx_word' id='word_1_349' title='bbox 569 4938 898 4961; x_wconf 55' lang='grc' dir='ltr'>ωννυνμν,</span> <span class='ocrx_word' id='word_1_350' title='bbox 932 4938 987 4948; x_wconf 64' lang='grc' dir='ltr'>,η</span> <span class='ocrx_word' id='word_1_351' title='bbox 1010 4938 1073 4946; x_wconf 90' lang='lat'><em>__</em></span> <span class='ocrx_word' id='word_1_352' title='bbox 1105 4938 1380 4962; x_wconf 42' lang='lat' dir='ltr'>,-w____-</span> <span class='ocrx_word' id='word_1_353' title='bbox 1409 4938 1433 4943; x_wconf 92' lang='lat'>_</span> <span class='ocrx_word' id='word_1_354' title='bbox 1462 4938 1472 4942; x_wconf 84' lang='lat'>-</span> <span class='ocrx_word' id='word_1_355' title='bbox 1507 4938 1525 4943; x_wconf 74' lang='lat'>-</span> <span class='ocrx_word' id='word_1_356' title='bbox 1545 4938 1837 4945; x_wconf 52' lang='grc' dir='ltr'>--ω-υ</span> <span class='ocrx_word' id='word_1_357' title='bbox 1871 4938 2013 4946; x_wconf 82' lang='lat'>_--.</span> <span class='ocrx_word' id='word_1_358' title='bbox 2435 4938 2691 4949; x_wconf 60' lang='grc' dir='ltr'>-.ν--.-ν</span> <span class='ocrx_word' id='word_1_359' title='bbox 2717 4938 2778 4948; x_wconf 86' lang='grc'>-..</span> <span class='ocrx_word' id='word_1_360' title='bbox 2799 4938 2937 4949; x_wconf 67' lang='grc' dir='ltr'>...ην</span> <span class='ocrx_word' id='word_1_361' title='bbox 2973 4938 3088 4948; x_wconf 64' lang='grc' dir='ltr'>--ν</span> 
     </span>
     <span class='ocr_line' id='line_1_45' title="bbox 569 4938 3290 5052; baseline -0.002 -12"><span class='ocrx_word' id='word_1_362' title='bbox 569 4983 746 5040; x_wconf 88' lang='lat' dir='ltr'>Dicat</span> <span class='ocrx_word' id='word_1_363' title='bbox 779 4980 1123 5052; x_wconf 80' lang='lat' dir='ltr'>Presbyter.</span> <span class='ocrx_word' id='word_1_364' title='bbox 1156 4977 1442 5034; x_wconf 90' lang='lat' dir='ltr'>Dominus</span> <span class='ocrx_word' id='word_1_365' title='bbox 1463 4977 1536 5033; x_wconf 92' lang='lat' dir='ltr'>sit</span> <span class='ocrx_word' id='word_1_366' title='bbox 1559 4992 1795 5049; x_wconf 89' lang='lat' dir='ltr'>semper</span> <span class='ocrx_word' id='word_1_367' title='bbox 1815 4977 2144 5034; x_wconf 85' lang='lat' dir='ltr'>vobiscum.</span> <span class='ocrx_word' id='word_1_368' title='bbox 2180 4938 2222 4995; x_wconf 79' lang='lat' dir='ltr'>C</span> <span class='ocrx_word' id='word_1_369' title='bbox 2437 4979 2647 5038; x_wconf 88' lang='lat' dir='ltr'>Factus</span> <span class='ocrx_word' id='word_1_370' title='bbox 2666 4995 2857 5036; x_wconf 91' lang='lat' dir='ltr'>novus</span> <span class='ocrx_word' id='word_1_371' title='bbox 2885 4995 3053 5037; x_wconf 87' lang='lat' dir='ltr'>verus</span> <span class='ocrx_word' id='word_1_372' title='bbox 3081 4938 3290 5037; x_wconf 69' lang='lat' dir='ltr'>homo.</span> 
     </span>
    </p>
   </div>
   <div class='ocr_carea' id='block_1_45' title="bbox 499 5068 3304 5142">
    <p class='ocr_par' dir='ltr' id='par_1_45' title="bbox 499 5068 3304 5142">
     <span class='ocr_line' id='line_1_46' title="bbox 499 5068 3304 5142; baseline -0.001 -14"><span class='ocrx_word' id='word_1_373' title='bbox 499 5084 563 5142; x_wconf 63' lang='lat' dir='ltr'>BI.</span> <span class='ocrx_word' id='word_1_374' title='bbox 592 5074 659 5128; x_wconf 87' lang='lat' dir='ltr'>Et</span> <span class='ocrx_word' id='word_1_375' title='bbox 686 5086 844 5126; x_wconf 90' lang='lat' dir='ltr'>cum.</span> <span class='ocrx_word' id='word_1_376' title='bbox 2505 5068 2722 5126; x_wconf 87' lang='lat' dir='ltr'>Natalis</span> <span class='ocrx_word' id='word_1_377' title='bbox 2742 5069 2882 5125; x_wconf 92' lang='lat' dir='ltr'>hinc</span> <span class='ocrx_word' id='word_1_378' title='bbox 2904 5069 2983 5124; x_wconf 92' lang='lat' dir='ltr'>ob</span> <span class='ocrx_word' id='word_1_379' title='bbox 3013 5069 3304 5139; x_wconf 80' lang='lat' dir='ltr'>gaudium</span> 
     </span>
    </p>
   </div>
   <div class='ocr_carea' id='block_1_46' title="bbox 498 5153 3247 5230">
    <p class='ocr_par' dir='ltr' id='par_1_46' title="bbox 498 5153 3247 5230">
     <span class='ocr_line' id='line_1_47' title="bbox 498 5153 3247 5230; baseline -0.001 -13"><span class='ocrx_word' id='word_1_380' title='bbox 498 5161 869 5230; x_wconf 83' lang='lat' dir='ltr'>Antiphona.</span> <span class='ocrx_word' id='word_1_381' title='bbox 900 5155 1168 5214; x_wconf 83' lang='lat' dir='ltr'>Alleluia.</span> <span class='ocrx_word' id='word_1_382' title='bbox 1214 5155 1444 5226; x_wconf 77' lang='lat' dir='ltr'>Audite,</span> <span class='ocrx_word' id='word_1_383' title='bbox 1489 5153 1695 5228; x_wconf 89' lang='lat' dir='ltr'>populi</span> <span class='ocrx_word' id='word_1_384' title='bbox 1727 5171 1957 5222; x_wconf 87' lang='lat' dir='ltr'>omnes,</span> <span class='ocrx_word' id='word_1_385' title='bbox 2006 5155 2149 5227; x_wconf 88' lang='lat' dir='ltr'>quia</span> <span class='ocrx_word' id='word_1_386' title='bbox 2435 5157 2631 5214; x_wconf 88' lang='lat' dir='ltr'>Ovans</span> <span class='ocrx_word' id='word_1_387' title='bbox 2655 5158 2947 5230; x_wconf 86' lang='lat' dir='ltr'>trophceo,</span> <span class='ocrx_word' id='word_1_388' title='bbox 2981 5158 3247 5229; x_wconf 86' lang='lat' dir='ltr'>gentium</span> 
     </span>
    </p>
   </div>
   <div class='ocr_carea' id='block_1_47' title="bbox 499 5243 3285 5318">
    <p class='ocr_par' dir='ltr' id='par_1_47' title="bbox 499 5243 3285 5318">
     <span class='ocr_line' id='line_1_48' title="bbox 499 5243 3285 5318; baseline -0.001 -14"><span class='ocrx_word' id='word_1_389' title='bbox 499 5249 787 5306; x_wconf 90' lang='lat' dir='ltr'>Dominus</span> <span class='ocrx_word' id='word_1_390' title='bbox 804 5246 1114 5318; x_wconf 85' lang='lat' dir='ltr'>egrediens</span> <span class='ocrx_word' id='word_1_391' title='bbox 1135 5245 1209 5301; x_wconf 91' lang='lat' dir='ltr'>de</span> <span class='ocrx_word' id='word_1_392' title='bbox 1233 5244 1366 5302; x_wconf 93' lang='lat' dir='ltr'>loco</span> <span class='ocrx_word' id='word_1_393' title='bbox 1393 5259 1523 5314; x_wconf 93' lang='lat' dir='ltr'>suo,</span> <span class='ocrx_word' id='word_1_394' title='bbox 1553 5243 1892 5313; x_wconf 89' lang='lat' dir='ltr'>descendet,</span> <span class='ocrx_word' id='word_1_395' title='bbox 1911 5243 2149 5300; x_wconf 90' lang='lat' dir='ltr'>concul—</span> <span class='ocrx_word' id='word_1_396' title='bbox 2434 5247 2661 5303; x_wconf 79' lang='lat' dir='ltr'>Renata</span> <span class='ocrx_word' id='word_1_397' title='bbox 2687 5245 2856 5318; x_wconf 90' lang='lat' dir='ltr'>plebs</span> <span class='ocrx_word' id='word_1_398' title='bbox 2882 5261 2987 5318; x_wconf 92' lang='lat' dir='ltr'>per</span> <span class='ocrx_word' id='word_1_399' title='bbox 3015 5247 3285 5317; x_wconf 80' lang='lat' dir='ltr'>gratiam,</span> 
     </span>
    </p>
   </div>
   <div class='ocr_carea' id='block_1_48' title="bbox 503 5331 3247 5407">
    <p class='ocr_par' dir='ltr' id='par_1_48' title="bbox 503 5331 3247 5407">
     <span class='ocr_line' id='line_1_49' title="bbox 503 5331 3247 5407; baseline -0.003 -12"><span class='ocrx_word' id='word_1_400' title='bbox 503 5355 650 5396; x_wconf 86' lang='lat' dir='ltr'>cans</span> <span class='ocrx_word' id='word_1_401' title='bbox 681 5343 947 5395; x_wconf 86' lang='lat' dir='ltr'>extrema</span> <span class='ocrx_word' id='word_1_402' title='bbox 979 5340 1160 5393; x_wconf 67' lang='lat' dir='ltr'>terrae.</span> <span class='ocrx_word' id='word_1_403' title='bbox 1201 5334 1262 5393; x_wconf 61' lang='lat' dir='ltr'>if.</span> <span class='ocrx_word' id='word_1_404' title='bbox 1297 5332 1504 5389; x_wconf 82' lang='lat' dir='ltr'>Audite</span> <span class='ocrx_word' id='word_1_405' title='bbox 1530 5331 1658 5388; x_wconf 76' lang='lat' dir='ltr'>haec</span> <span class='ocrx_word' id='word_1_406' title='bbox 1673 5347 1883 5388; x_wconf 91' lang='lat' dir='ltr'>omnes</span> <span class='ocrx_word' id='word_1_407' title='bbox 1904 5337 2145 5402; x_wconf 84' lang='lat' dir='ltr'>gentes:</span> <span class='ocrx_word' id='word_1_408' title='bbox 2436 5335 2568 5389; x_wconf 82' lang='lat' dir='ltr'>Haec</span> <span class='ocrx_word' id='word_1_409' title='bbox 2597 5332 2744 5391; x_wconf 85' lang='lat' dir='ltr'>festa</span> <span class='ocrx_word' id='word_1_410' title='bbox 2775 5333 3002 5407; x_wconf 74' lang='lat' dir='ltr'>prtebet</span> <span class='ocrx_word' id='word_1_411' title='bbox 3025 5349 3247 5391; x_wconf 89' lang='lat' dir='ltr'>annna.</span> 
     </span>
    </p>
   </div>
   <div class='ocr_carea' id='block_1_49' title="bbox 501 5420 3310 5499">
    <p class='ocr_par' dir='ltr' id='par_1_49' title="bbox 501 5420 3310 5499">
     <span class='ocr_line' id='line_1_50' title="bbox 501 5420 3310 5499; baseline -0.002 -15"><span class='ocrx_word' id='word_1_412' title='bbox 501 5427 751 5484; x_wconf 87' lang='lat' dir='ltr'>auribus</span> <span class='ocrx_word' id='word_1_413' title='bbox 782 5424 1086 5499; x_wconf 87' lang='lat' dir='ltr'>percipite,</span> <span class='ocrx_word' id='word_1_414' title='bbox 1114 5423 1214 5496; x_wconf 87' lang='lat' dir='ltr'>qui</span> <span class='ocrx_word' id='word_1_415' title='bbox 1239 5420 1517 5479; x_wconf 89' lang='lat' dir='ltr'>habitatis</span> <span class='ocrx_word' id='word_1_416' title='bbox 1533 5421 1764 5478; x_wconf 91' lang='lat' dir='ltr'>orbem.</span> <span class='ocrx_word' id='word_1_417' title='bbox 1787 5423 1848 5476; x_wconf 88' lang='lat' dir='ltr'>P.</span> <span class='ocrx_word' id='word_1_418' title='bbox 1871 5421 2019 5487; x_wconf 88' lang='lat' dir='ltr'>Quia</span> <span class='ocrx_word' id='word_1_419' title='bbox 2041 5423 2149 5478; x_wconf 83' lang='lat' dir='ltr'>Do-</span> <span class='ocrx_word' id='word_1_420' title='bbox 2503 5421 2804 5480; x_wconf 85' lang='lat' dir='ltr'>Adventus</span> <span class='ocrx_word' id='word_1_421' title='bbox 2829 5423 2924 5480; x_wconf 87' lang='lat' dir='ltr'>hic</span> <span class='ocrx_word' id='word_1_422' title='bbox 2945 5423 3310 5481; x_wconf 89' lang='lat' dir='ltr'>solemnibus</span> 
     </span>
    </p>
   </div>
   <div class='ocr_carea' id='block_1_50' title="bbox 499 5509 3169 5588">
    <p class='ocr_par' dir='ltr' id='par_1_50' title="bbox 499 5509 3169 5588">
     <span class='ocr_line' id='line_1_51' title="bbox 499 5509 3169 5588; baseline -0.003 -13"><span class='ocrx_word' id='word_1_423' title='bbox 499 5515 701 5575; x_wconf 87' lang='lat' dir='ltr'>minus</span> <span class='ocrx_word' id='word_1_424' title='bbox 741 5513 1076 5588; x_wconf 82' lang='lat' dir='ltr'>egrediens.</span> <span class='ocrx_word' id='word_1_425' title='bbox 1114 5511 1400 5576; x_wconf 58' lang='lat' dir='ltr'>inGloria,</span> <span class='ocrx_word' id='word_1_426' title='bbox 1425 5513 1482 5569; x_wconf 91' lang='lat' dir='ltr'>et</span> <span class='ocrx_word' id='word_1_427' title='bbox 1500 5509 1696 5568; x_wconf 89' lang='lat' dir='ltr'>honor</span> <span class='ocrx_word' id='word_1_428' title='bbox 1721 5509 1896 5578; x_wconf 83' lang='lat' dir='ltr'>Patri.</span> <span class='ocrx_word' id='word_1_429' title='bbox 1912 5513 1968 5568; x_wconf 89' lang='lat' dir='ltr'>et</span> <span class='ocrx_word' id='word_1_430' title='bbox 1983 5509 2144 5575; x_wconf 88' lang='lat' dir='ltr'>Filio,</span> <span class='ocrx_word' id='word_1_431' title='bbox 2438 5510 2596 5570; x_wconf 88' lang='lat' dir='ltr'>Votis</span> <span class='ocrx_word' id='word_1_432' title='bbox 2624 5510 2846 5571; x_wconf 84' lang='lat' dir='ltr'>feratur</span> <span class='ocrx_word' id='word_1_433' title='bbox 2865 5511 3169 5580; x_wconf 89' lang='lat' dir='ltr'>omnibus,</span> 
     </span>
    </p>
   </div>
  </div>
