4076 6410
204 346 255 401 l9

323 472 492 538 Quos
528 471 869 528 sustinere
922 474 1226 541 convenit,

324 562 501 619 Tanti
554 562 676 618 Dei
731 562 1031 633 gloriam.

404 652 755 709 Secundus
803 656 874 708 ut
908 670 1049 708 cum
1074 656 1335 726 coeperit,

336 741 730 815 Orbemque,
778 747 980 798 terror
1019 745 1336 815 presserit;

346 834 689 889 Succurrat
718 831 861 887 haec
892 831 1239 889 humillima

356 921 748 993 Susceptoris
798 921 1083 989 dignitas.

427 1012 552 1067 Deo
574 1010 748 1065 Patri
782 1009 859 1064 sit
889 1008 1103 1079 gloria,

366 1101 634 1173 Eiusque
688 1098 810 1155 soli
859 1098 1026 1165 Filio,

368 1188 515 1244 Cum
569 1187 805 1260 Spiritu
837 1186 1150 1257 Paraclito,

372 1280 433 1333 In
462 1276 841 1348 sempiterna
895 1276 1137 1332 saecula.

366 1364 743 1435 Respondeat
773 1363 1035 1421 Chorus.
1080 1365 1290 1420 Amen.

298 1469 707 1539 Supplicatio.
726 1470 977 1524 Oremus
998 1468 1457 1540 Redemptorem
1476 1470 1682 1525 mundi
1701 1472 1897 1526 Domi-

230 1571 373 1613 num
404 1563 686 1613 nostrum
710 1559 913 1611 Iesum
943 1556 1896 1631 Christum,cumomnisupplica-

227 1646 384 1702 tione
405 1650 928 1715 rogemus;utnos
960 1646 1151 1714 gratia
1191 1644 1483 1701 adventus
1497 1647 1893 1719 suipropitius

214 1733 547 1802 justiﬁcare
577 1733 887 1804 dignetur.
921 1744 967 1801 Βτ
1010 1735 1231 1788 Praesta
1260 1736 1476 1788 aeterne
1506 1735 1891 1807 omnipotens

218 1828 394 1880 Deus.

278 1934 462 1989 Dicat
486 1929 828 2001 Presbyter.
858 1929 1037 2001 Kyrie
1068 1928 1311 1985 eleison.
1330 1929 1614 1999 RChriste
1645 1930 1886 1990 eleison.

206 2022 381 2094 Kyrie
416 2020 678 2075 eleison.

270 2126 632 2184 Notandum
662 2129 767 2189 est,
797 2125 958 2197 quod
983 2129 1115 2193 post
1136 2124 1643 2194 Supplicationem
1675 2126 1885 2183 debent

206 2219 326 2273 dici
352 2218 458 2273 isti
480 2214 665 2287 Kyrie
717 2213 962 2279 eleison,
992 2219 1059 2269 ut
1092 2228 1275 2285 supra
1301 2214 1514 2270 dictum
1531 2221 1633 2270 est.

272 2324 589 2394 Capitula.
612 2320 990 2385 Audivimus,
1011 2320 1237 2377 Christe
1263 2338 1276 2388 ;
1311 2320 1884 2389 conﬁtemur,etcre-

204 2413 426 2479 dimus,
453 2411 623 2484 quod
651 2409 727 2465 de
754 2409 892 2464 sinu
938 2409 1125 2467 Patris
1195 2409 1530 2479 egrediens,
1558 2411 1885 2476 veneris,ut

205 2502 398 2559 carnis
452 2502 685 2556 nostra
729 2496 1027 2553 vestibulo
1087 2497 1453 2568 cingereris;
1497 2498 1880 2563 liberaturus,

207 2592 427 2647 scilicet
445 2592 748 2659 suscepta:
765 2586 1194 2642 incarnationis
1210 2587 1684 2659 mysterio,quod
1699 2590 1882 2661 perie-

205 2683 291 2735 rat
318 2682 562 2734 naturae
587 2675 814 2731 vitiatas
828 2674 1126 2743 contagio.
1165 2677 1275 2731 Fac
1314 2690 1451 2745 nos,
1482 2678 1883 2747 praenuntiata

207 2768 503 2825 adventus
516 2765 605 2822 tui
618 2763 1309 2836 gaudia,promptissima
1321 2766 1881 2823 surrectionisdevo-

205 2858 355 2914 tione
382 2857 670 2927 excipere
697 2875 709 2908 :
733 2851 971 2923 ut,quia
1001 2857 1064 2907 tu
1086 2868 1118 2909 e
1144 2852 1276 2908 loco
1307 2853 1500 2924 patrio
1533 2858 1877 2927 secretoque

204 2944 604 3017 progrediens
632 2941 978 2997 salvaturus
994 2940 1652 3010 homines,humanitus
1666 2958 1875 3015 prope-

202 3036 330 3089 rasti
360 3034 439 3088 ad
469 3029 795 3105 publicum
822 3046 835 3095 ;
868 3044 979 3085 nos
1013 3044 1044 3084 e
1074 3029 1205 3085 loco
1258 3029 1526 3085 criminis
1566 3035 1870 3099 exeuntes,

1394 349 1741 406 DOMINICA
1776 349 1799 404 Ι
1827 346 2206 406 ADVENTUS
2239 351 2518 409 DOMINI.

1938 474 1983 528 A
2016 490 2053 531 a
2081 475 2262 542 malo,
2294 478 2462 534 debet
2486 478 2625 549 dici,
2656 480 2810 535 sicut
2828 476 2917 535 hic
2970 478 3196 537 dictum
3222 487 3305 538 est
3329 498 3540 556 supra,
3566 500 3669 542 us-

3600 361 3672 415 50

2016 578 2129 634 que
2153 565 2256 621 ubi
2291 566 2439 621 dicit
2492 568 2879 625 :Benedictio.

2088 654 2260 709 Dicat
2292 656 2625 726 Presbyter.

2088 742 2451 799 Benedictio.
2472 743 2734 799 Christus
2749 744 3054 813 Dominus,
3086 746 3277 817 quiad
3304 747 3666 823 redemptio-

2014 846 2151 885 nem
2185 836 2450 888 nostram
2475 835 2791 902 venit,non
2812 836 3137 892 mutatione
3172 836 3309 904 loci,
3330 838 3434 894 sed
3454 841 3664 897 verita-

2015 924 2068 974 te
2098 919 2358 975 hominis
2399 923 2692 995 assumpti
2754 922 3174 979 clarificandos
3218 941 3331 980 nos
3355 925 3580 983 attollat
3601 930 3663 984 in

2014 1007 2268 1077 gloriam
2298 1010 2480 1081 regni.
2518 1022 2585 1071 Βί.
2613 1015 2822 1069 Amen.
2850 1016 3038 1085 Atque
3070 1013 3231 1070 idem
3262 1015 3340 1072 ad
3365 1015 3662 1074 redimen-

2012 1097 2159 1152 dum
2188 1098 2449 1168 veniens,
2476 1101 2819 1173 redemptos
2832 1117 2942 1157 nos
2968 1118 3005 1157 a
3033 1102 3208 1159 malis
3234 1104 3518 1161 omnibus
3540 1121 3661 1163 ser-

2010 1189 2123 1240 vet.
2158 1197 2217 1244 Rv.
2249 1189 2517 1257 Amen;Et
2542 1190 2832 1261 quoniam
2864 1189 2989 1261 ipse
3014 1189 3364 1248 humiliatus
3385 1193 3661 1266 iniquita-

2011 1276 2128 1327 tem
2160 1278 2424 1330 nostram
2452 1276 2727 1343 abstulit;
2769 1277 2896 1349 ipse
2950 1277 3244 1349 ploriosus
3276 1280 3659 1338 beatitudinis

2009 1361 2183 1417 nobis
2211 1363 2461 1434 praemia
2485 1364 2686 1421 donet.
2712 1377 2775 1425 R.
2805 1371 3012 1421 Amen.
3046 1371 3151 1424 Per
3181 1370 3657 1427 misericordiam

2007 1450 2196 1522 ipsius
2213 1453 2308 1508 Dei
2330 1453 2639 1525 nostri,qui
2661 1460 2751 1509 est
2774 1454 3145 1521 benedictus,
3176 1457 3395 1524 etvivit,
3444 1461 3501 1515 et
3526 1474 3653 1516 om-

2005 1539 2105 1595 nia
2132 1541 2279 1608 regit
2310 1541 2370 1596 in
2402 1542 2619 1597 saecula
2640 1542 3015 1598 saeculorum.
3048 1555 3110 1613 Re.
3146 1546 3353 1600 Amen.

2074 1629 2249 1685 Dicat
2278 1630 2615 1701 Presbyter.
2648 1631 2932 1686 Dominus
2959 1630 3032 1687 sit
3058 1647 3292 1705 semper
3320 1634 3646 1691 vobiscum.

2004 1728 2066 1784 Ri.
2094 1720 2159 1773 Et
2199 1734 2357 1774 cum.

1920 1819 1965 1877 Β
2071 1807 2149 1862 Et
2171 1813 2329 1871 nota,
2354 1810 2502 1879 quod
2526 1809 2585 1862 in
2606 1808 2728 1877 ﬁne
2752 1808 3012 1864 omnium
3041 1810 3528 1867 Benedictionum
3552 1812 3646 1869 de-

2002 1894 2093 1950 bet
2108 1896 2230 1951 dici
2254 1897 2420 1952 modo
2446 1912 2631 1967 supra
2683 1897 2861 1953 dicto.

2068 1985 2301 2041 Lauda.
2337 1986 2638 2051 Quisedes
2664 1986 3165 2058 supercherubim
3199 1989 3645 2060 appare.P.Ve-

1996 2072 2081 2143 ni,
2101 2078 2157 2129 et
2183 2073 2350 2131 salva
2378 2075 2783 2141 nos,Domine.
2808 2074 3078 2134 Alleluia.
3096 2076 3157 2137 in
3174 2076 3313 2142 Quis
3334 2077 3649 2147 regislsra-

1997 2161 2070 2228 el,
2094 2162 2333 2219 intende
2367 2166 2507 2235 :qui
2557 2162 2829 2233 deducis,
2859 2164 3022 2219 velut
3073 2180 3262 2231 ovem,
3307 2167 3641 2237 Joseph.P.

1997 2250 2156 2318 Veni,
2175 2254 2232 2306 et
2261 2252 2447 2307 salva.
2476 2251 2539 2312 Ψ.
2559 2252 2773 2318 Gloria,
2808 2256 2865 2309 et
2892 2252 3087 2309 honor
3113 2255 3284 2321 Patri,
3309 2260 3366 2310 et
3396 2254 3555 2321 Filio,
3590 2260 3649 2313 et

1997 2338 2236 2411 Spiritui
2259 2341 2473 2395 Sancto
2499 2340 2560 2395 in
2592 2340 2812 2396 saecula
2837 2340 3227 2400 saeculorum.
3254 2343 3462 2399 Amen.

2064 2428 2126 2481 P.
2164 2428 2323 2498 Veni,
2358 2432 2414 2484 et
2470 2427 2637 2483 salva
2689 2444 2823 2484 nos.

2067 2516 2119 2586 3
2156 2515 2379 2573 Oratio.
2412 2518 2583 2587 Deus,
2637 2517 2737 2573 Dei
2794 2517 2987 2585 Filius,
3042 2518 3213 2589 cujus
3242 2519 3303 2574 in
3352 2523 3640 2577 aeternum

1994 2618 2100 2675 per
2123 2609 2326 2661 manet
2349 2620 2569 2661 nomen
2594 2606 2852 2677 ;quique
2883 2621 3075 2662 unum
3108 2610 3161 2662 te
3202 2623 3333 2663 esse
3381 2609 3643 2665 innotes-

1993 2706 2134 2746 cens
2160 2692 2346 2749 Deum
2376 2709 2447 2749 ac
2481 2694 2817 2759 Dominum,
2850 2710 2958 2766 per
2976 2696 3639 2768 susceptaaincarnatio-

1991 2778 2082 2833 nis
2114 2781 2463 2850 mysterium
2507 2780 2748 2836 venistis
2798 2782 2855 2836 in
2914 2796 3137 2850 regem,
3202 2786 3267 2839 ut
3314 2784 3636 2840 redimeres

1989 2867 2277 2924 saeculum
2301 2887 2314 2921 :
2343 2868 2421 2924 da
2456 2868 2654 2937 nobis,
2688 2868 2769 2925 ita
2796 2868 3019 2924 fervere
3047 2871 3227 2941 hujus
3252 2871 3535 2941 mysterio
3557 2872 3635 2942 pi-

1984 2958 2172 3022 etatis,
2204 2961 2387 3028 utper
2407 2956 2535 3012 haec
2566 2956 2898 3012 evadamus
2924 2957 3323 3028 muscipulam
3356 2959 3634 3030 decepto-

1982 3047 2063 3101 ris
2088 3062 2102 3101 :
2136 3049 2216 3115 ut,
2245 3046 2345 3117 qui
2376 3045 2680 3102 Adventus
2703 3046 2784 3100 tui
2808 3046 3031 3115 gaudia
3058 3045 3280 3102 diffuso
3297 3062 3395 3103 ore
3426 3048 3632 3120 praeci-

203 3119 915 3178 ωαῐιάίίίοτθεοοοοίωω
940 3116 1403 3221 ἀίῖῖξηίίδίίείίυεθ
1417 3123 1869 3221 Ρνξξξβθοξεῗωυε
1901 3165 1941 3221 C
1979 3134 2205 3206 qimus,
2233 3116 2495 3190 salvatos
2518 3149 2649 3205 nos,
2684 3150 2821 3189 cum
2855 3134 2930 3191 ad
2970 3133 3266 3204 judicium
3292 3116 3544 3204 veneris,
3576 3140 3630 3191 te

201 3225 517 3266 excursum
549 3211 650 3263 :ut
679 3212 950 3263 extrema
980 3205 1118 3261 vitae
1148 3210 1385 3273 nostris,
1409 3207 1631 3263 nullius
1661 3208 1867 3265 discri-

200 3300 363 3355 minis
385 3296 859 3355 conculcatione
876 3295 1186 3351 involvens
1212 3314 1224 3361 ;
1241 3297 1325 3351 sic
1340 3311 1630 3367 provoces
1645 3301 1863 3355 terrore

195 3389 450 3459 justitiae,
486 3390 557 3442 ut
588 3384 769 3441 solita
794 3384 1091 3453 justiﬁces
1122 3384 1360 3455 pietate.

264 3498 430 3550 Pater
460 3496 697 3556 noster,
729 3489 835 3562 qui
887 3506 950 3545 es
980 3489 1039 3544 in
1071 3489 1259 3549 ccelis.
1284 3494 1569 3551 RnAmen.
1594 3493 1863 3549 Sanctiﬁ-

205 3589 356 3639 cetur
386 3595 623 3639 nomen
659 3584 847 3635 tuum.
909 3591 969 3647 με.
1025 3581 1231 3634 Amen.
1288 3580 1582 3637 Adveniat
1610 3597 1863 3651 regnum

202 3678 381 3729 tuum.
414 3683 483 3730 Rv.
510 3673 726 3725 Amen.
763 3668 885 3723 Fiat
936 3666 1213 3723 voluntas
1242 3671 1360 3733 tua,
1414 3668 1563 3723 sicut
1603 3670 1663 3725 in
1690 3671 1859 3737 cmlo,

203 3766 252 3819 et
276 3762 333 3816 in
354 3766 539 3816 terra.
570 3768 635 3827 ἢ.
656 3758 1096 3812 Amen.Panem
1122 3760 1395 3813 nostrum
1418 3757 1859 3829 quodidianum

200 3848 463 3906 danobis
503 3846 709 3903 hodie.
736 3856 799 3911 ηρ.
826 3844 977 3910 Quia
1012 3846 1163 3899 Deus
1194 3858 1273 3899 es.
1304 3846 1371 3899 Et
1420 3844 1652 3901 dimitte
1683 3846 1857 3901 nobis

200 3938 389 3994 debita
410 3939 648 4001 nostra,
675 3933 846 3995 sicut,
878 3935 936 3987 et
963 3948 1075 3987 nos
1096 3930 1453 3987 dimittimus
1480 3931 1855 3989 debitoribus

199 4026 423 4082 nostris.
451 4023 741 4091 mAmen.
760 4024 823 4076 Et
842 4035 917 4075 ne
948 4035 1061 4076 nos
1087 4019 1344 4075 inducas
1363 4018 1420 4074 in
1446 4022 1852 4076 tentationem.

196 4127 251 4175 ἢ.
283 4114 394 4172 Sed
430 4113 627 4168 libera
656 4125 771 4166 nos
804 4125 841 4165 a
878 4108 1059 4165 malo.

254 4205 429 4259 Dicat
490 4198 832 4269 Presbyter.

252 4289 509 4347 Liberati
542 4304 581 4344 a
606 4288 794 4352 malo,
824 4286 1159 4341 conﬁrmati
1188 4301 1427 4357 semper
1463 4286 1525 4342 in
1568 4286 1727 4343 bono
1750 4286 1855 4343 tibi

187 4382 392 4438 servire
415 4391 771 4435 mereamur
803 4378 945 4439 Deo,
976 4390 1047 4430 ac
1082 4375 1334 4430 Domino
1386 4379 1615 4431 nostro.
1677 4377 1850 4437 Pone.

187 4468 657 4533 Domine,ﬁnem
672 4464 1168 4537 peccatisnostris
1200 4484 1210 4521 :
1238 4463 1323 4518 da
1351 4464 1641 4534 gaudium
1676 4464 1856 4519 tribu-

1970 3223 2192 3293 judice,
2227 3222 2613 3293 gratulemur.
2642 3233 2705 3282 ἢν.
2754 3226 2964 3277 Amen.
2996 3226 3097 3277 Per
3134 3222 3627 3280 misericordiam.

2047 3316 2109 3367 1n
2132 3312 2375 3367 nomine
2410 3311 2639 3367 Domini
2672 3312 2856 3367 nostri
2908 3313 3047 3366 Jesu
3101 3310 3311 3367 Christi
3366 3310 3631 3384 perﬁcia-

1973 3416 2109 3456 mus
2138 3416 2275 3455 cum
2308 3414 2488 3471 pace:
2524 3410 2587 3467 av.
2647 3402 2763 3457 Deo
2799 3400 3042 3470 gratias.

2042 3489 2797 3560 SequensCommemoratio
2827 3489 2993 3545 debet
3042 3488 3163 3544 dici
3194 3490 3255 3543 in
3282 3488 3408 3558 ﬁne
3436 3490 3625 3544 omni-

1972 3594 2071 3632 um
2109 3579 2492 3646 Vesperorum
2553 3592 2660 3646 per
2707 3582 2891 3632 totum
2918 3592 3162 3634 annum.

2042 3666 2274 3723 Lauda.
2297 3668 2567 3737 Vespere,
2598 3669 2654 3721 et
2678 3680 2871 3729 mane,
2904 3670 2961 3721 et
2990 3665 3258 3722 meridie.
3291 3665 3365 3721 P.
3398 3668 3473 3721 Te
3496 3664 3625 3721 lau-

1968 3754 2211 3821 damus,
2248 3754 2507 3810 Domine.

2042 3843 2266 3898 Oratio.
2287 3842 2553 3909 Domine,
2586 3844 2737 3899 Deus
2769 3843 3171 3915 omnipotens,
3204 3842 3309 3914 qui
3356 3857 3621 3914 vespere,

1968 3934 2023 3987 et
2053 3946 2251 3996 mane,
2276 3935 2332 3987 et
2356 3931 2603 3987 meridie
2627 3946 2818 3987 unum
2844 3930 3004 3988 diem
3022 3930 3219 3987 vocari
3244 3930 3479 4001 jussisti
3506 3948 3518 3985 :
3542 3936 3619 4000 et,

1967 4024 2031 4074 ut
2062 4018 2151 4074 sol
2167 4024 2514 4089 agnosceret
2545 4035 2829 4077 occasum
2862 4036 3061 4082 suum,
3102 4019 3447 4091 imperasti;
3483 4034 3622 4090 ape-

1965 4108 2031 4171 ri,
2062 4123 2435 4179 quaesumus,
2468 4106 2746 4164 tenebras
2786 4107 3059 4164 cordium
3086 4110 3547 4177 nostrorum,ut,
3562 4111 3618 4162 te

1965 4194 2255 4251 radiante.
2285 4210 2723 4265 cognoscamus
2766 4200 2821 4251 te
2852 4196 3041 4251 Deum
3068 4209 3279 4250 verum
3314 4198 3369 4249 et
3411 4194 3616 4250 lumen

1965 4288 2231 4340 ueterum.
2266 4296 2329 4344 Βί.
2363 4284 2572 4339 Amen.

2036 4373 2641 4430 Permisericordiam
2686 4376 2877 4430 tuam.

2034 4465 2210 4519 Dicat
2236 4464 2554 4534 Presbyter.
2604 4464 2669 4517 In
2698 4462 2932 4519 nomine
2964 4462 3200 4519 Domini
3248 4461 3440 4520 nostri
3469 4461 3497 4517 J
3508 4476 3613 4519 esu

182 4516 1095 4631 latis-:“praeberedemptionem
1118 4516 1386 4624 captivi:
1405 4570 1417 4607 :
1438 4554 1854 4609 sanitatemin-
1889 4516 1933 4570 Β
1966 4551 2181 4607 Christi
2216 4516 2597 4623 perﬁciamus
2626 4568 2765 4607 cum
2779 4566 2947 4623 pace.
2972 4562 3035 4610 Rv.
3057 4552 3175 4607 Deo
3198 4550 3442 4620 gratias.

181 4648 360 4704 ﬁrmis
388 4666 401 4703 :
427 4643 836 4717 requiemque
862 4640 1182 4696 defunctis.
1217 4642 1485 4697 Concede
1530 4657 1743 4713 pacem
1801 4658 1859 4713 et

179 4736 556 4793 securitatem
577 4732 642 4787 in
665 4729 954 4786 omnibus
971 4728 1188 4785 diebus
1211 4730 1428 4785 nostris
1468 4748 1479 4785 :
1509 4730 1717 4799 frange
1748 4744 1856 4785 au-

175 4827 401 4883 daciam
431 4822 832 4881 inimicorum
858 4824 1203 4876 nostrorum
1232 4818 1502 4883 :exaudi,
1529 4820 1852 4888 Deus,ora-

174 4917 378 4981 tionem
398 4926 726 4970 servorum
742 4913 986 4965 tuorum
1003 4908 1277 4964 omnium
1295 4907 1563 4964 ﬁdelium
1586 4907 1853 4963 christia-

171 5021 375 5062 norum
407 5005 473 5060 in
506 5002 632 5059 hoc
659 4999 783 5064 die,
814 5002 871 5053 et
899 4998 961 5052 in
992 4997 1158 5053 omni
1191 5001 1482 5069 tempore.
1536 5000 1637 5051 Per
1656 4996 1851 5051 Domi-

2036 4642 2401 4710 Notandum,
2433 4640 2591 4711 quod
2618 4642 2673 4694 in
2701 4642 2821 4709 ﬁne
2858 4642 3123 4696 omnium
3150 4640 3443 4696 Horarum
3470 4655 3612 4696 sem-

1963 4745 2072 4799 per
2099 4729 2264 4785 debet
2291 4728 2434 4785 dz‘ci.
2463 4733 2524 4784 in
2554 4730 2798 4785 nomine
2848 4728 3103 4799 Domini,
3129 4734 3194 4785 ut
3248 4729 3345 4784 hic
3398 4743 3605 4798 supra.

2532 4816 2623 4871 Ad
2647 4818 3038 4874 Matutinum.

2674 4906 2965 4974 Hymnus.

2106 4998 2337 5050 .iiterne
2357 5008 2557 5050 rerum
2602 4991 2902 5060 Conditor,

2103 5088 2345 5140 Noctem
2360 5081 2635 5155 diemque
2679 5082 2785 5154 qui
2815 5082 2993 5152 regis,

2101 5174 2166 5228 Et
2194 5176 2533 5244 temporum
2593 5171 2704 5227 das
2770 5175 3044 5243 tempora

2102 5264 2169 5317 Ut
2197 5261 2413 5317 alleves
2443 5260 2775 5317 fastidium.

2134 5351 2329 5406 Praeco
2365 5349 2477 5405 diei
2504 5350 2633 5421 jam
2664 5353 2855 5405 sonat.

2099 5440 2290 5495 Noctis
2325 5438 2638 5511 profundae
2696 5437 2947 5510 pervigil
2979 5456 2992 5493 :

2097 5527 2397 5583 Nocturna
2424 5527 2527 5583 lux
2578 5526 2908 5591 viantibus,

2096 5622 2142 5672 Α
2164 5624 2335 5672 nocte
2363 5619 2602 5673 noctem
2632 5630 2979 5686 segregans.

164 5098 595 5151 numnostrum
627 5092 838 5145 Jesum
873 5086 1171 5143 Christum
1190 5086 1403 5142 Filium
1437 5086 1749 5157 tuum,qui
1771 5089 1845 5141 te-

165 5199 291 5240 cum
311 5184 526 5241 vivitet
558 5180 785 5249 regnat
812 5176 874 5231 in
903 5175 1129 5231 unitate
1159 5175 1415 5248 Spiritus
1450 5174 1649 5231 Sancti
1696 5176 1846 5229 Deus

159 5288 256 5343 per
277 5273 486 5330 omnia
522 5282 780 5340 semper
813 5264 1041 5319 saecula
1098 5264 1481 5318 sreculorum.
1514 5275 1580 5323 με.
1631 5267 1841 5317 Amen.

218 5353 1062 5431 DicatPrebyter.Humiliate
1090 5369 1200 5408 vos
1229 5352 1307 5409 ad
1330 5352 1844 5409 benedictionem-

154 5453 431 5509 Dominus
463 5452 542 5508 sit
579 5460 837 5518 semper
887 5441 1229 5497 vobiscum.
1260 5454 1321 5501 Ir.
1360 5444 1592 5496 Etcum
1628 5440 1843 5513 spiritu

156 5548 374 5691 ωἳέοεα
382 5634 560 5688 ndum
570 5624 856 5701 est,qu0(l
868 5620 1095 5693 quoties
1107 5636 1345 5692 cumque
1358 5622 1580 5678 venerit
1593 5618 1843 5676 Liberati
