4076 6440
481 329 540 390 ει
1722 325 2176 388 BREVIARIUM
2225 328 2624 393 GOTHICUM.
3817 346 3897 406 52

706 453 826 510 Hoc
846 448 1130 508 excitatus
1174 449 1382 510 lucifer

621 538 804 596 Solvit
836 538 1047 610 polum
1113 539 1366 610 caligine
1393 556 1409 609 ;

617 629 741 682 Hoc
778 626 975 681 omnis
1010 641 1279 684 errorum
1310 629 1526 686 chorus

618 714 789 776 Viam
817 715 1074 772 nocendi
1103 715 1342 772 deserit.

692 806 813 860 Hoc
840 807 1026 860 nauta
1053 803 1206 860 vires
1250 805 1474 876 colligit

657 891 947 963 Pontique
978 893 1300 949 mitescunt
1332 895 1484 952 freta
1517 910 1535 954 :

624 983 744 1037 Hoc
766 980 900 1052 ipsa
926 985 1096 1052 petra
1126 982 1402 1038 Ecclesiae

662 1071 938 1136 Canente,
977 1071 1219 1143 culpam
1263 1072 1455 1130 diluit.

699 1160 1048 1230 Surgamus,
1082 1176 1225 1231 ergo
1267 1165 1528 1230 strenue,

626 1245 828 1303 Gallus
851 1248 1122 1318 jacentes
1175 1249 1409 1314 excitat,

627 1338 695 1394 Et
723 1336 1133 1392 somnolentos
1161 1337 1435 1408 increpat

627 1423 824 1482 Gallus
852 1427 1144 1494 negantes
1173 1424 1390 1494 arguit.

730 1511 894 1568 Gallo
914 1515 1166 1568 canente
1225 1528 1364 1585 spes
1389 1514 1562 1584 redit,

661 1599 854 1669 Egris
875 1600 1037 1658 salus
1062 1600 1425 1659 refunditur.

626 1691 824 1744 Mucro
861 1689 1109 1745 latronis
1160 1690 1456 1758 conditur,

631 1777 844 1849 Lapsis
867 1776 1017 1834 ﬁdes
1041 1779 1368 1843 revertitur,

701 1866 843 1921 Jesu
868 1865 1139 1921 labentes
1178 1867 1426 1938 respice,

632 1956 700 2012 Et
722 1969 835 2010 nos
857 1953 1118 2012 videndo
1157 1955 1384 2026 corrige
1414 1972 1428 2014 :

637 2042 695 2099 Si
718 2042 984 2114 respicis,
1017 2042 1171 2114 lapsi
1199 2043 1459 2114 stabunt,

637 2133 920 2203 Fletuque
944 2129 1121 2203 culpa
1142 2131 1401 2188 solvitur.

708 2221 793 2274 Tu
819 2219 944 2287 lux,
974 2218 1198 2290 refulge
1237 2219 1534 2286 sensibus,

637 2307 958 2379 Mentisque
990 2322 1273 2366 somnum
1323 2307 1554 2365 discute
1587 2325 1601 2369 :

639 2397 715 2450 Te
742 2400 945 2452 nostra
972 2411 1084 2451 vox
1104 2395 1367 2467 primum
1398 2399 1590 2467 sonet,

639 2485 709 2539 Et
725 2499 827 2540 ore
853 2483 1187 2555 psallamus
1232 2484 1355 2541 tibi.

712 2572 908 2628 Gloria
933 2572 1084 2628 Patri
1144 2572 1426 2642 ingenito,

641 2660 838 2720 Gloria
889 2661 1225 2732 Unigenito,

642 2751 770 2806 Una
796 2765 934 2806 cum
987 2751 1201 2808 Sancto
1261 2748 1502 2821 Spiritu,

640 2840 705 2894 In
749 2838 1111 2910 sempiterna
1153 2837 1396 2896 saecula.

709 2937 774 2996 ἢ.
811 2931 1016 2984 Amen.

570 3032 1106 3089 Oratio.Eternum
1123 3036 1177 3090 te
1207 3035 1538 3102 auctorem,
1566 3034 1624 3088 et
1653 3031 2034 3090 Conditorem
2059 3047 2147 3089 re-

2148 451 2197 507 A
2232 469 2370 511 cum
2384 457 2610 516 Sanctis
2623 463 2832 531 regnat
2852 459 3146 531 gloria,sic
3165 461 3224 516 et
3246 459 3308 518 in
3327 460 3504 528 nobis
3516 467 3770 534 maneat
3789 481 3896 523 sa-

2233 543 2330 600 lus
2343 547 2744 605 etbenedictio
2774 553 2896 606 tua.
2926 561 2988 618 Re.
3017 555 3226 605 Amen.

2304 636 2410 689 Per
2437 636 2910 692 misericordiam
2938 641 3122 693 tuam.

2307 721 2363 792 4
2402 723 2774 793 Antiphonti.
2806 724 3003 780 Veniet
3034 725 3322 781 Dominus
3349 725 3413 782 in
3427 742 3630 799 regem
3659 746 3672 785 :
3703 746 3899 804 super

2237 825 2478 866 omnem
2530 817 2746 868 terram
2777 813 2883 869 erit
2911 813 3202 870 Dominus
3251 832 3409 872 unus
3441 817 3526 872 :P.
3564 820 3630 875 Et
3658 835 3895 876 nomen

2236 898 2366 968 ejus
2392 898 2453 954 in
2477 904 2766 956 aeternum
2806 907 3025 957 manet.
3064 901 3128 962 37.
3163 903 3427 961 Exultate
3459 907 3580 961 Deo
3618 907 3893 979 adjutori

2235 990 2440 1044 nostro
2473 1005 2486 1044 :
2501 989 2753 1059 jubilate
2779 994 2897 1047 Deo
2925 991 3131 1048 Jacob.
3168 995 3238 1050 P.
3269 997 3335 1051 Et
3376 1009 3624 1055 nomen.
3655 997 3719 1062 77.
3754 998 3900 1055 Glo-

2234 1076 2344 1141 ria,
2386 1081 2441 1132 et
2463 1079 2658 1134 honor
2684 1080 2854 1146 Patri,
2899 1081 3078 1137 etc.P.
3113 1084 3180 1138 Et
3200 1097 3448 1139 nomen.

2310 1166 2533 1221 Oratio.
2556 1169 2834 1234 Deus,Dei
2855 1169 3310 1242 Filius,cujusin
3341 1177 3628 1242 aeternum
3652 1189 3905 1248 perma-

2237 1257 2338 1309 net
2381 1256 2656 1326 .Require
2679 1258 2796 1326 fol.
2828 1263 2880 1313 3.

2308 1343 2650 1411 Antiphonti
2671 1349 2725 1401 2.
2741 1347 2943 1404 Veniet
2961 1347 3040 1404 ad
3059 1348 3262 1406 locum
3275 1353 3551 1410 sanctum
3567 1354 3898 1425 Dominus,

2239 1447 2540 1504 quemvos
2569 1434 2746 1490 vultis
2774 1455 2788 1506 ;
2820 1440 2876 1493 et
2895 1438 3154 1507 Angelus
3199 1442 3557 1508 testamenti,
3580 1458 3903 1515 quemvos

2241 1520 2605 1578 desideratis.
2633 1525 2702 1579 P.
2737 1527 2881 1580 Ecce
2929 1527 3121 1583 veniet
3150 1528 3436 1584 Dominus
3481 1531 3899 1604 omnipotens.

2241 1608 2303 1667 ἲν.
2338 1611 2584 1679 Magnus
2612 1613 2901 1670 Dominus
2929 1620 3152 1683 noster,
3177 1621 3232 1672 et
3256 1632 3482 1688 magna
3513 1620 3695 1675 virtus
3739 1622 3902 1692 ejus.

2245 1699 2301 1752 et
2330 1698 2634 1768 sapientiae
2657 1701 2786 1771 ejus
2809 1716 2929 1758 non
2963 1707 3018 1759 et
3041 1719 3347 1761 numerus.
3378 1708 3448 1762 P.
3498 1709 3642 1763 Ecce
3667 1709 3905 1784 veniet.

2169 1802 2214 1856 Β
2244 1785 2304 1845 V.
2342 1786 2550 1853 Gloria,
2588 1793 2643 1844 et
2669 1789 2881 1856 honor,
2911 1796 3020 1847 etc.
3045 1793 3261 1849 P.Ecce
3290 1795 3504 1850 veniet.

2319 1874 2544 1931 Oratio.
2579 1876 2824 1944 Christe,
2839 1881 2940 1935 Dei
2967 1881 3163 1951 Filius,
3185 1883 3286 1954 qui
3314 1883 3562 1939 veniens
3581 1884 3660 1942 ad
3687 1887 3909 1944 locum

2245 1962 2395 2018 uteri
2426 1963 2759 2034 Virginalis,
2773 1983 2948 2023 verus
2963 1969 3211 2038 angelus
3225 1973 3583 2040 testamenti,
3605 1989 3913 2045 agnosce-

2244 2049 2326 2105 ris
2350 2053 2630 2108 :concede
2655 2055 2849 2124 nobis,
2878 2062 2940 2112 ut
2958 2057 3130 2122 ﬁdes,
3172 2075 3292 2131 qua
3316 2060 3744 2118 incarnationis
3781 2068 3911 2119 tuae

2247 2139 2470 2207 gaudia
2493 2139 2709 2197 diffuso
2721 2159 2822 2198 ore
2834 2145 3226 2213 concinimus,
3258 2147 3336 2203 ab
3384 2150 3549 2204 omni
3573 2148 3772 2223 culpae
3794 2167 3913 2208 no-

2248 2231 2383 2281 strae
2408 2242 2520 2283 nos
2547 2228 2749 2286 debito
2777 2234 2988 2304 expiet,
3009 2250 3147 2290 cum
3171 2237 3387 2292 iterum
3417 2241 3471 2294 te
3504 2238 3584 2294 ad
3596 2238 3913 2310 judicium

2247 2319 2566 2372 venturum
2592 2319 2932 2378 viderimus.
2955 2334 3018 2392 Βμ.
3043 2329 3254 2382 Amen.

2318 2407 2424 2460 Per
2449 2408 2922 2467 misericordiam
2967 2417 3154 2469 tuam.

2317 2495 2660 2563 Antiphone
2678 2501 2937 2558 3.Veniet
2947 2501 3320 2560 desideratus
3338 2507 3569 2563 cunctis
3593 2509 3909 2578 gentibus,

2248 2583 2318 2640 P.
2336 2585 2402 2638 Et
2429 2585 2653 2642 videbit
2671 2603 2808 2645 eum
2821 2592 3018 2647 omnis
3047 2593 3273 2649 oculus.
3292 2595 3353 2654 it.
3403 2599 3554 2652 Deus
3579 2599 3915 2657 manifeste

2249 2671 2445 2727 veniet
2476 2677 2668 2732 :Deus
2689 2687 2888 2734 noster
2916 2681 2972 2735 et
2996 2696 3116 2737 non
3157 2682 3369 2740 silebit.
3410 2685 3478 2740 P.
3526 2687 3591 2742 Et
3646 2687 3911 2747 videbit.

2250 2759 2312 2818 ἲν.
2337 2760 2550 2828 Gloria,
2578 2769 2634 2820 et
2657 2766 2850 2823 honor
2871 2769 3168 2838 Patri,etc.
3196 2772 3261 2827 P.
3306 2775 3372 2830 Et
3402 2775 3644 2832 videbit.
3855 2775 3858 2780 ’

2325 2849 2554 2908 Oratio.
2573 2854 2908 2912 Desiderate
2925 2859 3152 2914 cunctis
3176 2861 3451 2925 gentibus
3471 2863 3507 2918 ὁ
3541 2865 3920 2932 Christe,ad-

2252 2938 2519 3031 ven-iens,
2539 2942 2704 2999 salva
2720 2945 2976 3016 populos
3005 2947 3236 3005 tibimet
3261 2951 3609 3008 confitentes
3641 2973 3652 3012 :
3682 2959 3771 3026 ut,
3807 2959 3923 3031 qui

2256 3026 2333 3081 ad
2360 3027 2476 3084 hoc
2495 3033 2814 3101 praemium
2830 3035 3038 3090 venisti
3056 3041 3119 3092 ut
3146 3037 3412 3110 primum
3433 3041 3765 3100 redimeres
3795 3026 3924 3114 {ad

498 3135 756 3192 rumque
768 3122 1040 3177 omnium
1054 3121 1366 3177 Dominum
1381 3120 1798 3190 omnislingua
1809 3121 2140 3187 conﬁtetur,
2185 3147 2227 3204 ο
2258 3114 2373 3171 hoc
2391 3117 2605 3176 iterum
2633 3123 2842 3178 venias
2864 3138 2876 3178 :
2894 3129 2956 3180 ut
2975 3126 3279 3184 credentes
3294 3129 3405 3185 tibi
3417 3145 3528 3202 pro
3545 3133 3776 3188 meritis
3789 3149 3922 3193 non

501 3212 561 3266 et
587 3209 773 3265 credit
803 3226 817 3264 :
845 3214 909 3266 tu
938 3209 1102 3266 enim
1127 3209 1189 3264 in
1228 3209 1523 3281 principio
1562 3210 1767 3268 omnia
1811 3209 2000 3266 fecisti
2034 3226 2047 3264 :
2083 3214 2145 3266 tu

501 3297 638 3369 ipsa
656 3301 825 3369 petra
844 3297 1137 3367 Ecclesiae,
1163 3297 1226 3352 in
1255 3312 1379 3369 qua
1394 3296 1602 3370 culpas
1615 3302 1848 3354 nostras
1865 3297 2147 3353 deﬂentes

501 3385 817 3444 diluimus:
850 3389 915 3441 tu
939 3385 1100 3441 enim
1119 3385 1182 3440 in
1210 3384 1508 3456 principio
1527 3385 1795 3442 labentes
1823 3386 2068 3458 respice,
2095 3389 2150 3442 et

499 3473 762 3531 videndo
789 3489 904 3530 nos
934 3473 1200 3544 corrige;
1233 3476 1516 3530 utnostra
1529 3489 1649 3530 vox
1672 3474 1780 3530 tibi
1813 3475 2151 3547 sempcrin-

501 3567 672 3619 sonet
693 3563 756 3618 in
781 3563 944 3618 atriis
991 3563 1125 3628 tuis,
1182 3566 1239 3618 et
1288 3563 1583 3620 resolvere
1639 3579 1980 3620 mereamur
2021 3563 2148 3620 tibi.

499 3655 744 3723 Propter
763 3650 1139 3707 clementiam
1155 3656 1320 3708 tuam
1335 3654 1614 3724 petimus,
1641 3652 1957 3709 ineﬂ‘abilis
1975 3656 2150 3723 Deus,

501 3742 567 3796 ut
602 3755 782 3813 super
795 3755 907 3796 nos
925 3739 1417 3809 vigiletcustodia
1438 3745 1538 3797 tua
1565 3757 1804 3813 semper
1828 3741 2101 3812 angelica
2133 3759 2148 3797 :

503 3831 561 3885 et
578 3828 883 3885 venientes
896 3829 973 3886 ad
991 3828 1186 3885 lucem
1209 3844 1344 3885 cum
1359 3830 1722 3887 exultatione
1738 3846 1775 3887 a
1804 3834 1906 3886 tuo
1928 3831 2153 3886 lumine

503 3917 566 3972 in
577 3921 866 3973 aeternum
881 3933 1211 3988 numquam
1224 3917 1602 3975 discedamus
1619 3935 1630 3973 :
1647 3924 1705 3976 et
1739 3918 1939 3975 electis
1956 3919 2070 3975 tuis
2091 3919 2151 3975 in

507 4008 727 4062 mterna
755 4006 979 4075 gaudia
1006 4006 1196 4078 perfui
1222 4021 1576 4064 mereamur.
1618 4017 1686 4078 Βρ.
1719 4012 1908 4064 Amen

576 4096 681 4149 Per
749 4095 1221 4151 misericordiam
1274 4100 1463 4152 tuam.

575 4201 942 4272 Antiphona.
987 4201 1232 4258 Domine
1272 4203 1417 4274 quid
1461 4202 1836 4276 multiplicati
1879 4205 2017 4259 sunt
2050 4203 2155 4275 qui

504 4289 789 4345 tribulant
815 4305 911 4346 me
932 4292 1036 4346 ?tu
1060 4294 1278 4358 autem,
1307 4292 1572 4357 Domine,
1631 4295 1940 4364 susceptor
1979 4307 2152 4347 meus

507 4393 591 4434 es.
621 4377 887 4434 Psalmus
936 4395 1016 4435 Ill.

2258 3205 2649 3266 condemnes.
2681 3221 2746 3280 11:.
2772 3212 2980 3268 Amen.

2335 3296 2442 3349 Per
2470 3299 2943 3356 misericordiam
3004 3306 3189 3360 tuam.

2337 3418 2384 3476 11v
2413 3406 2572 3470 Veni,
2636 3405 3090 3465 clementissime
3122 3411 3369 3468 Domine
3405 3430 3420 3470 :
3462 3431 3713 3474 succure
3758 3421 3925 3491 jam,

2259 3499 2315 3551 et
2343 3508 2522 3565 parce
2552 3493 2725 3549 fessis
2758 3511 2769 3550 :
2797 3496 2925 3566 jam
2965 3498 3317 3557 miseranda
3368 3503 3526 3572 erige
3561 3519 3927 3578 oppressos.

2260 3582 2576 3638 Redemisti
2598 3582 2757 3639 vivos
2791 3603 2804 3644 :
2837 3585 2999 3657 eripe
3030 3588 3319 3659 captivos.
3346 3591 3690 3650 Adventum
3736 3600 3927 3656 tuum

2261 3671 2457 3726 omnis
2480 3675 2749 3728 creatura
2776 3676 2876 3729 tua
2914 3680 3204 3746 expectat.
3232 3677 3298 3732 P.
3327 3681 3513 3736 Deum
3540 3681 3636 3737 hic
3685 3700 3775 3750 es,
3816 3688 3931 3743 ab-

2264 3759 2426 3815 solve
2447 3775 2580 3815 reos
2610 3777 2624 3816 :
2653 3766 2710 3818 et
2737 3762 2883 3818 dum
2919 3765 3170 3834 veneris,
3225 3767 3477 3824 defende
3500 3775 3613 3826 nos
3670 3776 3833 3831 tuos.
3857 3777 3924 3836 37.

2261 3847 2424 3910 Veni,
2446 3848 2778 3920 Domine,et
2803 3851 3176 3909 nolitardare
3209 3870 3224 3908 :
3253 3855 3456 3913 relaxa
3493 3855 3768 3918 facinora
3796 3864 3930 3936 ple-

2261 3935 2324 3992 bi
2353 3940 2482 4004 tuae,
2512 3939 3105 4011 etrevocadispersos
3124 3942 3181 3996 in
3204 3947 3420 4000 terram
3436 3962 3629 4003 suam.
3649 3949 3718 4005 P.
3757 3935 3923 4011 Dum

2261 4025 2358 4082 hic
2393 4042 2476 4084 es.
2507 4027 2572 4086 ἲν.
2605 4028 2817 4095 Gloria,
2850 4033 2905 4084 et
2928 4029 3122 4086 honor
3149 4034 3319 4088 Patri.
3349 4045 3412 4105 13;.
3445 4036 3610 4105 Veni,
3651 4039 3928 4100 clemen-

2262 4115 2491 4170 tissime
2523 4116 2788 4172 Domine.

2336 4204 2561 4259 Oratio.
2578 4205 3194 4264 Veniclementissime
3213 4212 3480 4284 Domine,
3500 4216 3634 4272 veni
3657 4235 3674 4288 ;
3692 4221 3751 4275 et
3765 4235 3929 4292 prae-

2261 4306 2412 4363 roga
2431 4292 2767 4349 libertatem
2788 4297 3090 4368 oppressis
3125 4299 3687 4372 :excitapotentiam
3703 4309 3884 4367 tuam
3916 4329 3930 4378 ;

2263 4379 2568 4470 etplebem
2581 4383 2819 4454 posside
2831 4398 2939 4439 con
2949 4386 3441 4460 quisitam:dirige
3452 4392 3930 4470 vineam,quam

572 4485 929 4554 Antiphonw
958 4487 1526 4555 Lavame,D0mine,
1564 4486 1947 4560 abinjustitia
1980 4501 2147 4544 mea:
2185 4497 2233 4553 Β
2261 4483 2368 4560 per
2391 4469 2585 4524 virum
2619 4470 2896 4542 plantasti
2923 4474 3319 4532 dexter-astutae
3346 4496 3359 4533 :
3396 4480 3688 4541 EtFilium
3718 4469 3928 4544 homi-

508 4577 566 4628 et
589 4589 626 4629 a
654 4578 897 4645 peccato
919 4591 1054 4630 meo
1076 4577 1306 4633 munda
1348 4592 1467 4632 me.
1515 4577 1795 4632 Psalmus
1816 4593 1867 4632 L.

575 4662 1523 4733 Antiphona.Lavame,Domine,
1543 4664 1621 4720 ab
1651 4663 1940 4734 injustitia
1970 4679 2104 4720 mea
2137 4679 2151 4721 :

508 4753 564 4807 et
585 4766 620 4807 a
649 4755 896 4822 peccato
927 4768 1060 4807 meo
1085 4753 1316 4810 munda
1360 4767 1476 4818 me,
1502 4752 1776 4808 Domine.

577 4857 926 4925 Antiphone.
956 4861 1019 4913 In
1049 4860 1104 4913 te
1133 4857 1380 4932 conﬁdit
1403 4857 1759 4920 animamea
1789 4856 2014 4914 :libera
2035 4873 2149 4913 me.

511 4945 774 5003 Domine.
828 4947 1098 5002 Psalmus
1163 4964 1274 5003 Lv1.

578 5034 945 5105 Antiphona.
970 5039 1035 5090 In
1064 5038 1118 5090 te
1135 5034 1380 5092 conﬁdit
1414 5034 1618 5110 anima
1647 5050 1821 5096 mea:
1858 5035 2154 5094 liberame

511 5123 778 5180 Domine.

581 5211 808 5268 Oratio.
831 5210 1078 5267 Domine
1102 5213 1239 5266 Jesu
1269 5209 1513 5279 Christe,
1537 5211 1643 5284 qui
1670 5211 1974 5270 credentes
2012 5214 2074 5270 in
2102 5223 2153 5270 te

505 5299 858 5356 redimendo
884 5298 1160 5368 suscipis,
1191 5302 1243 5354 et
1272 5299 1597 5355 exaltando
1639 5300 1933 5370 glorificas
1960 5323 1970 5368 ;
2026 5304 2152 5374 ple-

505 5388 644 5443 bem
675 5393 839 5443 tuam
864 5384 1262 5454 abinjustitiaa
1286 5390 1342 5442 et
1367 5392 1746 5456 peccatorum
1806 5390 2056 5446 vinculis
2089 5392 2154 5447 li-

506 5475 670 5531 bera:
687 5471 950 5529 veritatis
968 5474 1344 5543 etsapientias
1359 5479 1470 5530 tuae
1490 5492 1731 5532 munere
1746 5479 1929 5536 corda
1951 5495 2151 5535 eorum

504 5562 802 5634 locupleta
827 5578 839 5627 ;
866 5565 1216 5634 mentesque
1247 5563 1554 5623 sanctiﬁca
1577 5582 1590 5620 :
1610 5571 1690 5636 ut,
1714 5567 1863 5624 sicut
1902 5567 1963 5623 in
1997 5568 2150 5626 coelo

2262 4557 2375 4618 nis,
2409 4573 2589 4629 quem
2617 4562 2986 4617 conﬁrmasti
3017 4563 3145 4627 tibi,
3190 4564 3553 4625 advocatum
3591 4587 3708 4643 pro
3738 4577 3929 4634 nobis

2263 4645 2481 4701 exaudi
2515 4663 2527 4701 :
2556 4653 2619 4703 ut
2648 4649 3094 4722 lachrymarum
3116 4653 3290 4724 panis
3329 4656 3578 4715 modum
3599 4660 3837 4721 habeat
3862 4667 3928 4723 in

2261 4738 2509 4809 ﬂagellis
2534 4757 2546 4806 ;
2570 4748 2866 4816 potusque
2879 4747 3357 4817 compunctionis
3378 4757 3598 4808 nostrae
3615 4754 3777 4812 vires
3793 4775 3928 4817 non

2263 4830 2540 4894 attenuet,
2577 4831 2679 4887 sed
2710 4837 2765 4889 et
2785 4835 3043 4890 enutriat
3064 4840 3315 4893 mentes.
3351 4850 3415 4909 Ην.
3438 4839 3654 4899 Amen.

2333 4919 2437 4973 Per
2482 4919 2953 4978 misericordiam
3009 4926 3200 4981 tuam.

2870 5026 2941 5081 In
2959 5028 3280 5084 Laudibus.

2333 5131 2417 5186 Ad
2449 5130 2775 5225 canticum.
2807 5133 3025 5190 Audiat
3046 5139 3208 5225 terra
3237 5152 3309 5193 ex
3356 5154 3456 5196 ore
3481 5156 3642 5200 meo.
3701 5149 3931 5225 Expec-

2261 5221 2435 5288 tetur,
2467 5220 2620 5276 sicut
2634 5221 2834 5292 pluvia
2859 5222 3163 5296 eloquium
3189 5241 3418 5297 meum,
3445 5220 3927 5310 etdescendant,

2265 5309 2418 5362 sicut
2445 5324 2544 5364 ros
2580 5310 2765 5366 verba
2788 5327 2940 5367 mea.

2479 5398 2796 5453 Canticum
2825 5401 3273 5460 Deuteronomz‘z’
3293 5405 3469 5476 (Cap.
3505 5424 3704 5484 χχχιι).

2335 5485 2581 5539 Attende
2612 5487 2848 5554 coelum,
2867 5490 3190 5563 etloquar;
3222 5495 3300 5550 ‘et
3329 5496 3536 5554 audiat
3555 5503 3722 5561 terra
3738 5508 3936 5564 verba

2262 5587 2334 5628 ΘΧ
2364 5588 2461 5629 ore
2487 5589 2639 5630 meo.
