4076 6404
142 323 198 379 53

1342 306 1742 373 DOMINICAI
1780 304 2156 373 ADVENTUS
2196 307 2474 373 DOMINI.
3551 316 3624 375 54

200 446 575 520 Expectetur
602 441 778 501 sicut
800 435 1015 511 pluVia
1047 432 1357 507 eloquium
1396 448 1622 501 meum,
1655 435 1713 490 et
1740 432 1851 489 de-
1887 435 1932 501 Α
1964 432 2079 505 Ipsi
2103 432 2165 489 in
2194 434 2386 491 zelum
2408 434 2859 493 concitaverunt
2878 447 2975 491 me
2997 434 3020 457 '
3051 435 3256 507 etnon
3303 436 3368 499 in
3408 439 3621 509 Deum,

146 539 429 594 scandant
463 533 643 590 sicut
671 544 784 586 ros
810 524 1002 585 verba
1042 538 1206 583 mea.

205 622 599 683 Sieutimber
650 632 849 691 super
871 627 1149 686 gramen,
1188 614 1207 633 '
1238 614 1294 671 et
1332 609 1481 673 sicut
1522 610 1623 668 nix
1673 624 1855 683 supra

160 722 368 778 faenum
379 756 395 771 .

218 805 369 871 Quia
396 814 650 859 nomen
684 794 934 854 Domini
964 791 1273 849 invocavi:
1299 792 1319 811 '
1343 789 1480 846 date
1495 787 1855 860 magnitudi-

164 910 289 951 nem
318 891 592 948 Domino
628 890 758 945 Deo
812 886 1044 940 nostro.

228 986 401 1047 Deus,
424 994 585 1036 vera
608 989 811 1049 opera
832 974 985 1043 ejus,
1030 972 1048 993 '
1076 972 1133 1026 et
1161 983 1371 1025 omnes
1414 966 1527 1023 viae
1575 965 1703 1038 ejus
1759 965 1852 1036 ju-

172 1073 323 1129 dicia
345 1088 359 1125 :

230 1164 385 1218 Deus
413 1156 647 1219 ﬁdelis,
671 1153 869 1225 inquo
902 1164 1028 1207 non
1053 1150 1141 1204 est
1182 1145 1487 1219 iniquitas,
1512 1144 1532 1167 ‘
1563 1144 1758 1215 justus
1795 1145 1852 1198 et

171 1254 413 1308 sanctus
442 1244 774 1302 Dominus.

227 1337 645 1397 Peccaverunt
666 1331 723 1387 ei
746 1344 873 1387 non
895 1326 1003 1384 ﬁlii
1020 1324 1392 1383 immaculati
1412 1341 1424 1380 :
1448 1326 1472 1351 ⁴¹
1488 1321 1650 1379 natio
1665 1335 1852 1395 prava

162 1432 213 1485 et
238 1439 555 1500 perversa.
580 1424 722 1477 Haec
744 1417 1004 1474 Domino
1047 1413 1385 1470 retribuisti.

228 1498 360 1573 Haec
392 1512 577 1586 plebs
612 1509 787 1566 fatua
819 1510 877 1561 et
905 1518 1032 1560 non
1084 1499 1373 1574 sapiens?
1401 1514 1601 1555 nonne
1637 1498 1733 1554 hic
1769 1500 1856 1552 est

160 1607 285 1679 ipse
309 1607 490 1675 pater
545 1604 713 1664 tuus,
743 1594 853 1667 qui
883 1589 1159 1665 possedit
1188 1594 1266 1657 te,
1323 1592 1378 1645 et
1401 1588 1557 1656 fecit,
1608 1590 1662 1641 et
1690 1600 1853 1640 crea-

160 1696 240 1751 vit
266 1698 320 1750 te
345 1693 374 1747 ?

2034 525 2096 577 In
2121 521 2210 579 ira
2239 525 2687 581 concitaverunt
2712 538 2809 579 me
2830 526 2851 546 ⁶
2882 522 2944 579 in
2975 522 3155 579 idolis
3186 526 3341 583 suis:

2034 612 2099 681 Et
2136 625 2246 681 ego
2266 612 2328 668 in
2370 614 2458 669 ira
2480 614 2797 669 concitabo
2826 616 3017 679 eos,et
3033 627 3155 668 non
3176 613 3237 669 in
3254 616 3620 685 gentem,'in

1963 704 2199 768 gentem
2230 702 2599 759 insensatam
2629 701 2872 758 irritabo
2921 716 3044 756 eos.

2035 789 2358 860 Quiaignis
2387 791 2606 847 exarsit
2626 791 2691 846 in
2729 791 2818 846 ira
2837 804 2993 854 mea,
3021 789 3043 810 "
3068 791 3468 851 etexardescit
3512 808 3616 850 us-

1960 891 2077 948 que
2103 878 2180 933 ad
2219 879 2439 936 inferos
2464 880 2749 936 deorsum
2775 896 2788 934 :

2034 968 2313 1025 Comedet
2341 974 2496 1026 terra
2535 968 2877 1027 nascentias
2929 970 3279 1039 agrorum,‘
3303 974 3359 1028 et
3378 970 3613 1029 inﬂamo

1958 1058 2127 1109 maut
2155 1056 2547 1112 fundamenta
2573 1057 2895 1112 montium.

2032 1144 2358 1213 Congeram
2378 1145 2436 1200 in
2462 1144 2575 1201 illis
2593 1145 2799 1208 mala,‘
2817 1146 2873 1201 et
2892 1142 3136 1219 sagittas
3153 1159 3319 1202 meas
3336 1160 3623 1203 consum:

1966 1230 2147 1285 mabo
2170 1232 2228 1287 in
2261 1233 2359 1287 eis.

2034 1319 2357 1379 Tabescent
2378 1320 2557 1387 fame,
2583 1325 2639 1378 et
2662 1336 2799 1377 esca
2829 1321 3034 1377 avium
3082 1324 3272 1389 erunt,
3305 1324 3327 1343 ⁶
3351 1326 3406 1380 et
3432 1324 3621 1381 tensio

1962 1406 2179 1462 dorsus
2209 1409 2564 1464 insanabilis
2605 1410 2706 1464 eis.

2035 1498 2246 1552 Dentes
2284 1498 2609 1553 bestiarum
2634 1497 2951 1554 immittam
2966 1496 3028 1552 in
3066 1496 3174 1563 eis,
3206 1497 3229 1518 "
3253 1513 3392 1555 cum
3420 1499 3618 1561 furore

1966 1584 2323 1643 trahentium
2357 1602 2531 1659 super
2556 1590 2792 1642 terram.

2033 1678 2079 1729 Α
2102 1675 2241 1730 foris
2262 1675 2571 1731 interﬁciat
2597 1680 2767 1732 natos
2780 1689 2989 1731 eorum
3006 1674 3325 1745 gladius,et
3338 1676 3397 1732 in
3414 1691 3615 1748 prome

232 1784 301 1837 In
322 1784 533 1835 mente
573 1774 798 1832 habete
856 1771 986 1827 dies
1034 1767 1253 1838 saeculi,
1274 1768 1294 1788 ’⁷
1319 1764 1623 1835 intelligite
1662 1778 1855 1819 annos
1889 1802 1934 1862 Β
1962 1764 2208 1835 ptuariis
2238 1765 2429 1821 timor.

160 1870 437 1930 nationis
460 1867 821 1924 nationum:

233 1966 561 2028 Interroga
583 1958 821 2010 Patrem
846 1955 1041 2013 tuum,
1096 1952 1153 2003 et
1180 1945 1337 2003 dicet
1391 1942 1530 2009 tibi;
1555 1941 1855 1997 *seniores

159 2055 326 2116 tuos,
360 2051 422 2104 et
448 2040 913 2101 annuntiabunt
942 2035 1076 2093 tibi.

233 2140 395 2193 Cum
427 2129 788 2204 dispartiret
820 2125 1105 2183 Excelsus
1127 2124 1335 2192 gentes
1360 2139 1372 2174 :
1397 2123 1413 2141 ‘
1452 2117 1855 2192 quemadmo-

159 2226 322 2283 dum
351 2219 653 2293 dispersit
682 2216 840 2273 iilios
872 2213 1037 2284 Adae,

237 2311 468 2371 Statuit
498 2305 794 2365 terminos
826 2301 1096 2373 gentium
1117 2299 1137 2320 ‘
1168 2295 1507 2355 secundum
1536 2309 1855 2367 numerum

158 2402 557 2472 Angelorum
585 2395 711 2460 Dei,

230 2495 426 2549 Facta
458 2493 553 2545 est
579 2501 724 2559 pars
754 2479 1189 2553 Domini,plebs
1210 2474 1394 2534 Jacob
1424 2492 1437 2527 :
1468 2476 1496 2531 ?
1524 2472 1856 2529 funiculum

158 2578 534 2639 hereditatis
570 2576 705 2646 ejus
741 2570 942 2628 lsrael.

242 2668 676 2729 Sufﬁcientem
700 2677 842 2719 eum
875 2658 989 2715 sibi
1010 2658 1147 2715 fecit
1188 2657 1253 2713 in
1285 2658 1442 2719 terra
1462 2652 1719 2729 deserta,
1748 2654 1766 2674 '
1796 2650 1857 2705 in

161 2760 260 2817 siti
289 2757 553 2819 caloris,
587 2752 695 2808 ubi
727 2765 853 2806 non
875 2752 1001 2804 erat
1025 2761 1225 2819 aqua;

244 2844 617 2906 Circumivit
646 2856 807 2905 eum,
833 2842 891 2895 et
916 2835 1176 2893 erudivit
1201 2850 1363 2902 eum,
1384 2831 1539 2886 sicut
1567 2828 1859 2902 pupillam

167 2938 363 3003 oculi,
409 2937 431 2956 "
466 2926 1004 2999 Quemadmodum
1060 2921 1265 2995 aquila
1314 2923 1583 2994 proteget
1649 2916 1861 2974 nidum

171 3043 361 3083 suum
403 3023 677 3093 desuper
705 3016 907 3089 pullos
929 3029 1070 3070 suos
1098 3010 1333 3075 sedens,

250 3112 542 3170 Extendit
564 3108 693 3164 alas
757 3120 922 3173 suas,
956 3106 1013 3160 et
1071 3099 1397 3174 assumpsit
1425 3112 1548 3166 eos,
1576 3098 1596 3118 ⁶
1626 3098 1685 3151 et
1732 3110 1856 3150 sus-

179 3205 345 3276 cepit
383 3216 496 3256 eos
530 3211 717 3269 super
742 3191 1028 3264 scapulas
1059 3205 1224 3245 suas.

256 3275 562 3347 Dominus
595 3284 762 3341 solus
782 3280 1121 3337 deducebat
1143 3293 1245 3334 eos
1274 3294 1287 3330 :
1311 3276 1333 3298 '
1350 3278 1407 3331 et
1433 3288 1557 3330 non
1577 3275 1857 3339 eratcum

178 3381 282 3447 illo
314 3380 472 3447 deus
502 3376 759 3443 alienus.

254 3466 559 3541 Imposuit
580 3465 643 3520 in
665 3458 1042 3531 fortitudines
1087 3457 1283 3529 terrm‘
1306 3452 1646 3529 nascentias
1685 3464 1854 3523 agro-

174 3576 342 3626 rum,

254 3645 612 3718 Suggerunt
640 3639 758 3697 mel
792 3638 868 3694 de
901 3641 1094 3710 petra,
1127 3637 1148 3658 "
1175 3636 1232 3711 et
1269 3630 1470 3701 oleum
1485 3629 1558 3688 de
1590 3627 1859 3705 ﬁrmissi-

176 3753 289 3796 ma
319 3740 518 3809 petra.

252 3808 562 3896 Butyrum
583 3814 1000 3889 bovum,etlac
1018 3813 1224 3883 ovium
1245 3826 1383 3867 cum
1407 3809 1582 3881 adipe
1605 3808 1655 3880 5
1675 3820 1857 3881 agno-

174 3932 324 3973 rum
343 3918 406 3973 et
427 3907 973 3975 arietum,ﬁliorum
992 3908 1301 3960 taurorum
1323 3904 1379 3956 et
1393 3899 1697 3954 hircorum
1718 3911 1857 3952 cum

177 4006 368 4077 adipe
390 4016 632 4065 renum,
666 4000 680 4014 '
712 3996 1169 4059 frumentum,et
1198 3990 1554 4060 sanguinem
1594 4003 1750 4042 uvae.

258 4092 418 4148 Bibit
443 4088 763 4145 vinum.Et
791 4081 1177 4151 manducavit
1205 4077 1413 4141 Jacob,
1440 4079 1457 4099 "
1475 4083 1530 4131 et
1560 4077 1857 4131 saturatus

177 4187 293 4249 est,
324 4175 835 4245 etrecalcitravit.

253 4270 522 4327 Dilectus
552 4262 834 4338 :pinguis
860 4259 1053 4316 factus
1086 4260 1195 4324 est,
1225 4256 1317 4312 'et
1341 4253 1623 4312 dilatatus
1673 4254 1781 4327 est,

252 4362 325 4417 Et
354 4352 723 4427 derelinquit
745 4346 1068 4425 Deumqui
1087 4346 1225 4403 fecit
1249 4359 1408 4427 eum,
1434 4344 1451 4362 '
1476 4346 1533 4399 et
1553 4339 1791 4409 recessit
1820 4354 1857 4395 a

178 4453 305 4506 Deo
332 4443 587 4507 salutari
620 4457 761 4499 suo.

2036 1854 2278 1908 Juvenis
2302 1870 2441 1910 cum
2460 1854 2706 1923 virgine,
2727 1853 2992 1909 ‘lactans
3014 1868 3152 1909 cum
3178 1852 3437 1913 stabilito
3451 1868 3610 1911 sene.

2037 1942 2162 1997 Dixi
2191 1960 2203 1997 :
2236 1943 2587 2015 Disperdam
2610 1944 2741 1998 illos
2768 1942 2821 1996 ε*
2838 1941 3088 2015 privabo
3120 1945 3320 2003 autem
3334 1956 3406 1998 ex
3426 1943 3621 2015 omni-

1963 2029 2079 2086 bus
2108 2032 2467 2087 memoriam
2496 2047 2724 2088 eorum.
2844 2014 2853 2015 ί
3518 2014 3521 2029 ³

2034 2120 2159 2175 Nisi
2183 2120 2588 2193 propteriram
2633 2119 3017 2177 inimicorum
3062 2134 3330 2189 suorum,
3354 2121 3377 2141 '
3405 2123 3619 2187 utnon

1965 2207 2080 2263 sint
2108 2208 2289 2278 longo
2320 2214 2586 2283 tempore
2609 2224 2790 2281 super
2805 2212 3057 2266 terram:
3088 2213 3153 2279 ut
3194 2223 3320 2265 non
3367 2224 3619 2265 consen-

1966 2295 2111 2350 tiant
2134 2296 2482 2363 adversarii,
2536 2301 2592 2352 et
2622 2296 2823 2351 dicant
2852 2296 3099 2351 :Manus
3145 2300 3351 2353 nostra
3392 2294 3626 2367 excelsa

1965 2388 2068 2454 est,
2105 2388 2159 2439 et
2190 2400 2306 2439 non
2336 2387 2508 2449 Deus,
2547 2384 2679 2439 fecit
2710 2385 2837 2439 haec
2870 2383 3094 2440 omnia.
3444 2366 3447 2367 ν
3616 2366 3617 2369 η

2037 2472 2187 2537 Quia
2206 2473 2371 2528 natio
2401 2472 2613 2545 perditi
2639 2471 2869 2527 consilii
2893 2475 2997 2541 est,
3023 2475 3112 2527 'et
3161 2485 3285 2526 non
3323 2474 3409 2527 est
3451 2471 3513 2527 in
3541 2472 3626 2528 eis

1966 2560 2304 2633 disciplina.

2038 2652 2101 2704 Et
2128 2665 2251 2704 non
2283 2650 2691 2718 cogitaverunt
2717 2648 3077 2718 intelligere;
3101 2648 3267 2703 'haac
3299 2647 3629 2720 percipient

1966 2736 2028 2791 in
2059 2736 2257 2791 futuro
2289 2741 2578 2808 tempore.

2041 2826 2561 2889 Quemadmodum
2580 2824 2958 2896 persequitur
2975 2838 3136 2879 unus
3167 2822 3348 2889 mille,
3379 2821 3401 2846 '
3418 2826 3476 2878 et
3501 2823 3625 2880 duo

1971 2912 2433 2969 commovebunt
2453 2911 2611 2967 dena
2650 2910 2835 2966 millia
2860 2928 2875 2976 ;

2042 3002 2160 3057 Nisi
2177 3002 2320 3073 quia
2344 3001 2631 3056 Dominus
2659 2997 2919 3054 subdidit
2935 3014 3061 3065 eos,
3087 3001 3143 3054 et
3157 2996 3404 3054 tradidit
3419 3013 3523 3054 eos
3540 2999 3570 3054 ?
3600 3000 3621 3025 '

1974 3091 2114 3163 quia
2137 3106 2259 3146 non
2282 3093 2369 3145 est
2402 3092 2553 3145 Deus
2583 3092 2787 3144 noster
2813 3088 2964 3143 sicut
2991 3086 3074 3143 dii
3104 3084 3376 3142 illorum:
3396 3086 3621 3145 inimici

1972 3182 2171 3237 autem
2206 3178 2389 3235 nostri
2420 3177 2725 3234 insensati.
3510 3178 3513 3181 ‘

2040 3271 2121 3323 Ex
2140 3268 2316 3323 vinea
2333 3267 2491 3323 enim
2526 3265 2949 3333 Sodomorum,
2986 3264 3121 3320 vitis
3146 3268 3403 3331 eorum,‘
3420 3269 3622 3338 etpro-

1965 3372 2125 3430 pago
2157 3373 2365 3413 eorum
2395 3372 2465 3431 ex
2499 3358 2817 3412 Gomorra:
3186 3354 3187 3357 ‘
3228 3354 3231 3357 ‘
3302 3352 3307 3359 '

2032 3449 2159 3502 Uva
2184 3461 2392 3501 eorum
2422 3459 2541 3500 uva
2558 3442 2726 3512 fellis,
2749 3444 2773 3466 *
2789 3442 2998 3521 botrus
3019 3440 3619 3514 amaritudinisipsis.

2037 3540 2129 3592 ira
2152 3535 2469 3591 dracorum
2490 3534 2698 3589 vinum
2730 3547 2962 3601 eorum,
2985 3530 3007 3556 '
3035 3533 3093 3587 et
3121 3530 3285 3587 furor
3332 3530 3618 3604 aspidum

1966 3624 2339 3680 insanabilis.
3396 3620 3399 3623 ’
3538 3614 3541 3623 ’

2037 3716 2241 3770 Nonne
2271 3713 2395 3769 hzec
2421 3712 2784 3781 congregata
2810 3712 2948 3766 sunt
2968 3708 3133 3782 apud
3153 3709 3300 3777 me,‘
3318 3712 3373 3766 et
3386 3710 3619 3781 signata

1965 3802 2028 3857 in
2056 3802 2350 3859 thesauris
2377 3802 2526 3857 meis
2544 3801 2572 3856 ‘2
3440 3800 3444 3805 '
3586 3798 3607 3807 ’λ

2036 3895 2101 3948 In
2123 3892 2284 3948 diem
2304 3890 2514 3962 judicii
2540 3888 2791 3945 reddam
2814 3889 3175 3959 intempore,
3209 3889 3380 3944 'cum
3396 3889 3619 3946 tituba-

1966 3981 2115 4037 verit
2152 3997 2257 4054 pes
2285 3996 2493 4037 eorum
2519 3996 2532 4034 :
3604 3976 3609 3977 ⁷

2040 4072 2189 4137 Quia
2218 4087 2398 4143 prope
2418 4073 2510 4125 est
2537 4068 2666 4123 dies
2696 4065 3043 4138 perditionis
3074 4080 3303 4134 eorum,
3324 4068 3413 4122 ‘et
3441 4066 3619 4124 adve-

1965 4161 2129 4216 nient
2148 4163 2362 4231 parata
2392 4158 2521 4213 illis.
2782 4154 2783 4157 “
3294 4160 3297 4163 ‘
3460 4154 3463 4155 '

2038 4249 2187 4315 Quia
2210 4246 2503 4318 judicabit
2530 4242 2819 4300 Dominus
2860 4240 3154 4314 populum
3194 4256 3392 4307 suum,
3417 4241 3513 4298 'et
3552 4243 3615 4297 in

1967 4338 2154 4395 servis
2186 4338 2313 4392 suis
2345 4332 2791 4392 consolabitur:

2036 4426 2190 4483 Vidit
2215 4426 2372 4482 enim
2399 4440 2501 4480 eos
2526 4422 2826 4492 fatigatos,
2860 4421 2881 4442 ⁴¹
2911 4422 2968 4475 et
2992 4418 3254 4476 defectos
3284 4419 3346 4476 in
3388 4419 3616 4476 obduc-

253 4541 322 4601 Ει
345 4532 983 4603 exacerbaveruntme
1014 4526 1076 4583 in
1097 4525 1210 4582 diis
1232 4521 1529 4589 alienis,in
1546 4518 1855 4576 abomina-
1889 4501 1931 4555 ί)
1965 4518 2210 4585 tionem,
2240 4520 2296 4571 et
2319 4513 2659 4570 dissolutos.

180 4627 453 4685 tionibus
483 4623 611 4679 suis
640 4622 702 4676 in
732 4620 886 4675 iram
912 4616 1363 4687 concitaverunt
1381 4612 1524 4669 me.‘
1543 4612 1609 4675 Et
1633 4606 1855 4679 sacriﬁ—

182 4717 478 4785 caverunt
505 4709 847 4774 dazmoniis,
882 4711 936 4763 et
961 4720 1084 4762 non
1109 4706 1249 4766 Deo,

263 4810 437 4873 Deos,
466 4818 626 4876 quos
674 4814 801 4855 non
858 4798 1188 4852 noverunt:
1222 4795 1242 4855 ,'
1272 4790 1416 4847 novi
1470 4791 1855 4860 recentesque

197 4898 509 4962 venerunt,
549 4905 708 4964 quos
738 4885 1082 4951 nescierunt
1110 4897 1279 4955 reges
1308 4895 1541 4951 eorum.

260 4989 473 5050 Deum,
506 4980 615 5055 qui
653 4983 710 5036 te
742 4969 1413 5047 genuit,derelinquisti,
1433 4970 1451 4988 '
1476 4966 1769 5025 etoblitus
1790 4981 1854 5035 es

202 5075 292 5147 qui
323 5070 611 5131 enutrivit
641 5072 721 5124 te.

261 5162 411 5220 Vidit
441 5160 686 5227 Deus,et
711 5151 939 5210 zelatus
961 5152 1053 5206 est
1080 5152 1135 5205 τ’
1150 5152 1209 5219 et
1229 5144 1620 5203 exacerbatus
1645 5147 1733 5219 est
1755 5158 1857 5217 per

200 5251 334 5307 iram
354 5252 623 5307 ﬁliorum
648 5256 906 5299 suorum
938 5246 995 5294 et
1016 5238 1269 5293 ﬁliarum
1285 5279 1299 5291 .

262 5344 316 5397 Et
339 5341 522 5397 dixit:
559 5336 858 5410 Avertam
876 5328 1089 5385 faciem
1110 5342 1306 5382 meam
1332 5324 1409 5381 ab
1429 5322 1563 5391 eis,‘
1589 5326 1857 5379 etosten-

201 5427 323 5486 dam
355 5429 506 5503 quid
536 5426 653 5483 erit
685 5422 778 5477 eis
812 5420 874 5472 in
904 5415 1232 5472 novissimo
1258 5431 1271 5469 :

254 5499 395 5587 Quia
414 5518 585 5578 natio
614 5519 916 5587 perversa
944 5507 1068 5561 est:
1100 5504 1115 5520 '
1143 5502 1267 5568 ﬁlii,
1299 5501 1362 5563 in
1386 5499 1609 5574 quibus
1629 5513 1749 5556 non
1768 5500 1857 5554 est

187 5610 318 5671 ﬁdes
347 5611 410 5693 in
438 5607 620 5687 ipsis.

2034 4609 2101 4661 Et
2116 4605 2292 4660 dixit:
2320 4603 2427 4660 Ubi
2452 4604 2590 4657 sunt
2615 4598 2696 4655 dii
2717 4598 2822 4663 tui,
2846 4597 3046 4665 Israel,
3065 4598 3087 4621 '
3105 4597 3167 4653 in
3184 4596 3409 4673 quibus
3428 4598 3615 4654 conﬁ-

1963 4694 2153 4751 debas
2184 4694 2244 4749 in
2271 4692 2415 4764 ipsis
2438 4691 2466 4745 ‘I
2854 4690 2857 4691 ⁷
3212 4684 3213 4689 “
3526 4688 3531 4689 ’

2033 4784 2115 4838 De
2136 4796 2395 4854 quorum
2422 4779 2599 4850 adipe
2621 4776 3047 4833 sacriﬁciorum
3070 4772 3385 4845 edebatis,‘
3405 4774 3615 4833 etlibe-

1963 4873 2119 4929 batis
2141 4871 2347 4927 vinum
2370 4868 2727 4924 libationum
2762 4878 3007 4921 eorum:
3448 4864 3449 4867 ‘
3544 4858 3551 4867 ‘

2036 4963 2338 5030 Exurgant
2366 4972 2525 5014 nunc
2550 4955 2913 5026 etadjuvent
2944 4966 3070 5023 vos,
3092 4951 3117 4974 "
3136 4954 3193 5008 et
3244 4950 3395 5008 ﬁant
3439 4949 3614 5007 vobis

1962 5053 2349 5123 protectores.

2035 5138 2264 5204 Videte,
2298 5135 2587 5208 quoniam
2612 5148 2724 5203 ego
2755 5146 2889 5187 sum
2920 5129 3269 5196 Dominus,‘
3292 5132 3350 5186 et
3372 5144 3497 5185 non
3524 5133 3615 5203 est

1963 5227 2113 5283 alius
2131 5230 2341 5298 praeter
2372 5239 2487 5278 me.

2034 5317 2153 5386 Ego
2176 5314 2467 5377 occidam,
2497 5315 2554 5365 et.
2600 5308 2795 5364 vivere
2840 5307 3498 5378 faciamz'percutiam,
3557 5309 3614 5361 et

1963 5422 2073 5477 ego
2095 5422 2199 5461 san
2210 5404 2410 5471 abo,et
2438 5415 2560 5457 non
2582 5403 2668 5455 est
2694 5398 2798 5469 qui
2819 5396 3031 5468 eripiat
3047 5395 3122 5451 de
3141 5394 3422 5471 manibus
3436 5393 3609 5465 meis.

2034 5494 2183 5561 Quia
2198 5491 2401 5549 tollam
2414 5490 2475 5545 in
2492 5487 2706 5544 caelum
2722 5500 2971 5543 manum
2986 5482 3609 5555 meam,etjuraboper

1962 5582 2272 5640 dexteram
2297 5580 2581 5647 meam,et
2607 5575 2841 5637 dicam:
2863 5574 2885 5596 '
2914 5572 3058 5631 Vivo
3088 5587 3200 5657 ego
3215 5572 3278 5630 in
3298 5573 3601 5653 aeternum,
