4076 6446
217 340 268 408 51‘
1407 361 1757 418 DOMINICA
1798 361 1819 415 1
1852 360 2231 420 ADVENTUS
2261 365 2539 423 DOMINI.
3608 338 3685 419 58'

221 480 476 535 sternam
493 482 987 553 possidebunt.
1010 488 1142 542 Haec
1171 486 1375 543 omnia
1401 487 1552 544 liber
1572 488 1722 553 vitae,
1746 490 1920 543 testa-
1949 488 1993 542 A
2032 505 2243 562 pacem
2273 495 2329 548 et
2358 490 2733 549 securitatem
2771 489 2833 545 in
2870 489 3152 545 omnibus
3181 489 3391 545 diebus
3425 492 3676 549 nostris:

222 573 467 626 mentum
500 570 868 645 Altissimi,
891 578 952 631 et
977 576 1493 647 agnitioveritatis.
1518 580 1731 649 Legem
1750 592 1918 634 man-
2030 580 2236 654 frange
2268 582 2586 638 audaciam
2616 580 2991 637 inimicorum
3022 582 3366 635 nostrorum
3400 598 3411 635 :
3437 581 3675 646 exaudi,

226 658 630 733 davitMoyses
645 661 719 716 in
734 664 1067 735 praeceptis
1076 665 1096 735 j
1108 666 1521 735 ustitiarum,et
1532 666 1921 723 hereditatem
2030 672 2540 737 Deus,orationem
2556 686 2862 726 servorum
2876 673 3114 724 tuorum
3129 668 3401 724 omnium
3414 670 3488 723 ﬁd
3499 669 3677 725 elium

230 749 670 817 domuiJacob,
706 756 772 809 et
804 752 994 809 Israel
1020 754 1468 825 promissiones.
1501 755 1698 811 Posuit
1730 755 1921 812 David
2030 759 2483 815 christianorum
2525 760 2581 813 in
2614 759 2729 816 hoc
2753 759 2867 823 die,
2897 760 2955 812 et
2984 758 3043 812 in
3075 757 3241 811 omni
3267 760 3551 828 tempore.
3576 760 3680 812 Per

228 856 393 913 puero
428 856 551 896 suo
586 841 878 898 excitare
928 858 1131 913 regem
1159 860 1228 900 ex
1255 845 1383 917 ipso
1414 845 1825 913 fortissimum,
1858 846 1919 900 in
2030 848 2348 905 Dominum
2382 853 2649 904 nostrum
2679 847 2878 903 Jesum
2910 847 3204 903 Christum
3243 845 3454 901 Filium
3485 849 3674 909 tuum,

226 930 427 986 throno
444 930 726 986 honoris
755 931 1077 988 sedentem
1108 934 1170 989 in
1202 935 1653 1007 sempiternum.
1673 933 1783 1000 Qui
1812 933 1920 989 im-
2027 938 2129 1011 qui
2159 942 2357 993 tecum
2382 937 2543 1002 vivit,
2579 941 2634 992 et
2662 940 2870 1006 regnat
2896 936 2955 992 in
2973 935 3194 990 unitate
3216 935 3463 1006 Spiritus
3484 934 3680 990 Sancti

225 1019 395 1091 plevit
424 1020 619 1091 quasi
651 1019 895 1076 Phison
918 1021 1251 1091 scientiam,
1274 1028 1330 1079 et
1350 1023 1500 1079 sicut
1517 1022 1702 1092 Tigris
1721 1023 1780 1077 in
1798 1022 1920 1079 die-
2030 1027 2523 1084 Deus.Peromnia
2536 1042 2767 1100 semper
2779 1024 2996 1082 saecula
3008 1024 3673 1093 saeculorum.Rv.Amen.

221 1108 328 1165 bus
342 1111 815 1175 novorum.Qui
834 1109 1117 1183 adimplet
1129 1112 1300 1183 quasi
1315 1112 1634 1184 Euphrates
1648 1127 1912 1167 sensum:
2097 1114 2934 1185 DicatPresbyter.Humiliate
2950 1129 3059 1169 vos
3075 1112 3145 1168 ad
3172 1111 3673 1167 benedictionem.

219 1198 318 1271 qui
344 1196 731 1270 multiplicat
767 1199 949 1270 quasi
985 1199 1265 1255 Jordanis
1295 1201 1354 1259 in
1383 1204 1648 1272 tempore
1679 1200 1913 1255 messis.
2097 1203 2388 1259 Dominus
2420 1205 2493 1260 sit
2521 1219 2756 1276 semper
2778 1202 3115 1259 vobiscum.
3141 1212 3205 1270 ny.
3239 1201 3304 1255 Et
3333 1214 3470 1255 cum
3504 1199 3675 1271 spiri-

216 1287 939 1360 Quimittitdiscipllnam
957 1288 1317 1345 sicutlucem
1340 1308 1350 1348 :
1373 1294 1427 1345 et
1442 1289 1727 1345 assistens
1743 1287 1916 1362 quasi
2025 1294 2088 1349 tu
2117 1295 2239 1346 tuo.

214 1376 426 1432 Gehon
474 1376 544 1431 in
578 1375 811 1431 diebus
836 1376 1179 1434 vindemiae.
1213 1377 1323 1443 Qui
1375 1378 1613 1449 perfecit
1650 1378 1914 1450 primum
2099 1380 2322 1435 Lauda.
2355 1380 2463 1445 Qui
2505 1380 2697 1442 sedes,
2721 1380 2843 1449 fol.
2882 1382 2940 1435 2.

210 1464 365 1520 scire
388 1465 628 1537 ipsam,
667 1470 725 1520 et
780 1464 1075 1520 inﬁrmior
1121 1481 1243 1521 non
1274 1465 1656 1535 investigavit
1680 1481 1834 1521 eam.
1867 1472 1914 1521 A
2093 1469 2450 1525 Benedictio.
2477 1468 2735 1525 Christus
2768 1467 3072 1530 Dominus,
3093 1464 3197 1538 qui
3215 1464 3293 1519 ad
3315 1463 3677 1534 redemptio-

216 1553 380 1609 mari
411 1554 587 1609 enim
612 1553 960 1609 abundavit
978 1553 1255 1624 cogitatio
1268 1554 1480 1625 ejus,et
1501 1554 1912 1627 consiliumip—
2022 1569 2161 1610 nem
2182 1560 2447 1611 nostram
2470 1555 2631 1611 venit
2647 1570 2768 1609 non
2790 1554 3115 1610 mutatione
3144 1551 3280 1615 loci,
3308 1549 3413 1605 sed
3430 1549 3675 1605 veritate

216 1643 353 1697 sius
375 1643 437 1697 in
453 1642 699 1714 abysso
715 1657 961 1711 magna.
980 1642 1101 1713 Ego
1125 1644 1417 1715 sapientia
1434 1642 1617 1698 eﬂudi
1640 1642 1908 1698 flumina.
2020 1643 2282 1699 hominis
2309 1644 2599 1715 assumpti
2622 1641 3069 1707 ;clarificandos
3095 1655 3205 1696 nos
3223 1637 3448 1695 attollat
3464 1638 3524 1693 in
3553 1637 3676 1706 glo-

216 1732 351 1800 Ego
382 1736 625 1787 trames
655 1746 834 1804 aquae
861 1730 922 1785 in
961 1746 1158 1786 messe
1184 1731 1405 1787 deﬂuo.
1440 1734 1561 1800 Ego
1594 1732 1769 1804 quasi
1800 1731 1912 1786 ﬂu-
2020 1731 2172 1787 riam
2202 1732 2367 1802 regni
2402 1751 2413 1790 :
2445 1743 2508 1801 Π.
2532 1736 2737 1789 Amen.
2758 1732 2945 1803 Atque
2966 1729 3127 1784 idem
3155 1728 3233 1783 ad
3253 1725 3673 1782 redimendum

211 1820 360 1877 vius
387 1821 645 1892 Dioryx,
684 1826 742 1875 et
763 1820 915 1877 sicut
937 1819 1329 1892 aquaeductus
1355 1820 1510 1875 exivi
1536 1837 1572 1876 a
1605 1821 1909 1893 paradiso.
1943 1834 1989 1891 Β
2021 1821 2285 1884 veniens,
2314 1820 2656 1892 redemptos
2685 1834 2797 1875 nos
2839 1834 2875 1873 a
2913 1816 3090 1873 malis
3129 1815 3411 1872 omnibus
3455 1816 3669 1869 servet.

216 1908 361 1964 Dixi
389 1910 616 1979 rigabo
644 1908 894 1964 hortum
921 1922 1146 1974 meum,
1189 1912 1246 1964 et
1274 1908 1587 1964 inebriabo
1617 1910 1772 1981 prati
1795 1910 1912 1965 mei
2022 1920 2086 1977 Βτ.
2119 1912 2328 1964 Amen.
2362 1911 2427 1963 Et
2463 1908 2897 1981 quoniamipse
2922 1904 3271 1961 humiliatus
3292 1901 3668 1973 iniquitatem

213 1996 525 2054 fructum.
562 2000 633 2053 Et
657 2012 796 2053 ecce
828 1996 1020 2053 factus
1041 2002 1128 2053 est
1148 1998 1293 2053 mihi
1314 2002 1533 2053 trames
1566 1997 1908 2065 abundans,
2020 2002 2291 2055 nostram
2322 1996 2586 2063 abstulit,
2616 1997 2741 2067 ipse
2782 1995 3075 2066 gloriosus
3106 1991 3485 2048 beatitudinis
3502 1988 3673 2045 nobis

214 2089 283 2141 et
299 2085 537 2142 ﬂuvius
551 2101 729 2141 meus
753 2085 1266 2158 appropinquavit
1283 2086 1360 2142 ad
1381 2101 1547 2141 mare
1575 2103 1589 2142 :
1620 2087 1911 2158 quoniam
2020 2086 2271 2158 praemia
2300 2086 2498 2144 donet.
2528 2098 2593 2153 ἢ.
2624 2089 2832 2141 Amen.

211 2174 585 2231 doctrinam
608 2174 787 2250 quasi
803 2174 1002 2230 lucem
1021 2174 1378 2230 illuminabo
1393 2174 1694 2245 omnibus,
1711 2179 1909 2232 etnar-
2093 2178 2198 2230 Per
2235 2174 2728 2231 misericordiam.
2762 2178 2869 2229 etc.

207 2266 386 2319 rabo
420 2263 592 2319 illam
622 2278 817 2336 usque
848 2262 909 2318 iu
948 2262 1367 2335 longinquum.
1403 2264 1729 2319 Penetrabo
1759 2263 1911 2319 infe-
2093 2264 2380 2319 Dominus
2415 2264 2491 2321 sit
2522 2278 2759 2334 semper
2783 2261 3117 2317 vobiscum.
3151 2270 3214 2328 Ra
3244 2262 3311 2315 Et
3339 2273 3497 2313 cum.

204 2352 421 2408 riores
434 2356 645 2425 partes
673 2355 926 2422 terrae,et
942 2351 1255 2423 inspiciam
1273 2367 1483 2409 omnes
1526 2351 1905 2417 dormientes,
2090 2353 2227 2408 Fiat
2250 2355 2723 2409 commemoratio
2747 2352 2827 2408 ad
2841 2351 3225 2406 Matutinum.
3244 2348 3504 2418 Sequens
3525 2361 3676 2402 com-

208 2445 277 2498 et
311 2440 686 2497 illuminabo
704 2444 1015 2515 sperantes
1044 2440 1105 2495 in
1134 2442 1340 2496 Deum.
1372 2452 1436 2509 Ri.
1470 2439 1677 2498 Amen.
2018 2444 2361 2498 memoratio
2386 2442 2551 2498 debet
2581 2441 2701 2497 dici
2720 2441 2778 2496 in
2806 2440 3073 2495 omnibus
3100 2437 3416 2494 Matutinis
3445 2450 3559 2505 per
3589 2440 3673 2489 to-

930 2529 1243 2600 Hymmus.
2022 2535 2147 2585 tum
2183 2546 2408 2586 annum
2426 2574 2439 2587 .

486 2620 857 2675 Cunctorum
888 2620 1010 2673 Rex
1043 2617 1445 2688 omnipotens,
2095 2619 2319 2675 Lauda.
2353 2619 2441 2673 Ad
2472 2618 2969 2675 annunciandum
2987 2630 3165 2671 mane
3195 2610 3667 2670 misericordiam

419 2705 724 2762 Mundum
760 2705 992 2761 salvare
1032 2705 1299 2769 veniens,
2022 2710 2205 2763 tuam.
2236 2709 2306 2763 P.
2348 2711 2410 2764 Et
2430 2708 2741 2763 veritatem
2773 2711 2941 2763 tuam
2969 2721 3075 2777 per
3104 2707 3361 2759 noctem.

424 2798 717 2851 Formam
740 2793 1068 2866 assumpsit
1104 2793 1373 2866 corporis
2091 2797 2313 2852 Oratio.
2346 2796 2804 2863 Mane,Domine,
2828 2794 3016 2850 oratio
3037 2795 3240 2848 nostra
3263 2790 3569 2862 perveniat
3591 2788 3670 2844 ad

430 2889 665 2943 Nostrae
698 2884 1125 2941 similitudinis.
2018 2886 2247 2950 te.Quia
2262 2884 2571 2955 suscepisti
2590 2882 3054 2939 contractionem
3071 2878 3407 2949 fragilitatis
3427 2880 3663 2941 nostrae,

496 2974 840 3043 Quiregnat
869 2988 1009 3027 cum
1037 2971 1358 3029 Altissimo.
2017 2973 2275 3029 concede
2315 2972 2490 3028 nobis
2531 2972 2693 3027 diem
2737 2971 2917 3024 istum
2954 2967 3310 3038 jocundum,
3342 2962 3663 3036 paciﬁcum

416 3062 680 3132 Virginis
710 3062 866 3117 intra
896 3065 1155 3130 uterum,
2017 3061 2142 3117 sine
2160 3061 2465 3126 seandalo,
2500 3062 2558 3131 8
2584 3060 2708 3116 sine
2738 3057 2976 3114 macula
3009 3074 3021 3111 :
3048 3056 3173 3110 sine
3199 3053 3321 3109 ulla
3344 3052 3665 3108 tentatione

417 3151 775 3209 Nasciturus
797 3150 858 3204 in
890 3164 1161 3221 corpore,
1937 3176 1978 3232 ρ
2018 3149 2398 3205 advenientes
2428 3150 2502 3205 ad
2536 3163 2865 3221 vesperam,
2911 3150 2963 3201 te
3013 3142 3429 3201 collaudamus
3458 3155 3661 3209 regem

417 3239 628 3296 Mortis
655 3237 891 3293 vincula
910 3237 1311 3309 disrumpere.
2014 3241 2324 3295 aeternum.
2350 3251 2412 3307 Βι.
2451 3244 2659 3294 Amen.

491 3328 712 3384 Gentes
736 3330 907 3381 erant
948 3326 1008 3381 in
1050 3325 1331 3381 tenebris.
2096 3326 2204 3383 Per
2235 3326 2704 3384 misericordiam
2730 3328 2917 3387 tuam,
2949 3325 3056 3378 etc.

416 3416 711 3473 Viderunt
731 3415 936 3470 lumen
954 3413 1226 3486 fulgoris,

2086 3427 2152 3480 Et
2184 3419 2450 3477 ﬁdelium
2468 3416 2683 3472 animae
2702 3413 2972 3470 omnium
2994 3410 3411 3466 defunctorum
3436 3404 3666 3474 requie-

412 3507 573 3563 Cum
615 3504 885 3561 Salvator
935 3504 1232 3560 advenerit
2014 3515 2186 3570 scant
2214 3510 2276 3564 in
2298 3521 2463 3581 pace.
2498 3517 2562 3575 ἣν.
2592 3504 2799 3558 Amen.

412 3595 759 3659 Redime”:
802 3608 926 3667 (Ιυο
957 3592 1245 3649 condidit
2084 3602 2357 3657 Exeunte
2394 3596 2664 3663 Vespera.
2690 3590 2920 3647 Lauda.
2954 3592 2997 3643 Α
3039 3586 3178 3642 solis
3208 3589 3361 3641 ortu.

493 3686 688 3750 Quem
721 3682 865 3738 Olim
908 3683 1125 3737 Vatum
1152 3681 1406 3754 Ρΐωεοίθι
2084 3690 2263 3746 Sono.
2308 3684 2527 3748 Venite,
2547 3680 2882 3739 exultemus
2906 3676 3175 3733 Domino.
3203 3675 3265 3734 V.
3288 3676 3666 3743 Preeoccupe-

417 3772 775 3829 Cecinerunt
804 3769 1074 3839 oracula,
2013 3795 2027 3834 ι

2013 3793 2149 3835 mus
2180 3775 2393 3832 faciem
2428 3773 2556 3843 ejus
2583 3772 2662 3827 P.
2699 3773 2760 3824 1n
2800 3766 3072 3824 Domino.

416 3867 592 3921 ΝυΠο
617 3860 814 3917 Veniet
843 3859 905 3915 in
934 3859 1141 3930 gloria.
2088 3867 2260 3923 Dicat
2287 3862 2622 3931 Presbyter.
2654 3857 2939 3914 Dominus
2964 3855 3037 3911 sit
3058 3867 3295 3926 semper
3330 3850 3664 3907 vobiscum.

418 3955 638 4008 Nostra
668 3954 733 4005 ut
762 3952 925 4004 curet
944 3947 1214 4012 vulnera,
2015 3970 2028 4017 ι

2015 3970 2077 4018 Βι.
2109 3958 2175 4011 Et
2206 3969 2343 4009 cum
2377 3951 2587 4023 spiritu
2610 3950 2731 4003 tuo.
2764 3948 2874 4016 fol.
2912 3951 2955 4001 l.

494 4043 786 4096 metemur
828 4052 991 4092 nunc
1034 4036 1093 4091 in
1124 4034 1375 4091 Domino
2086 4042 2447 4111 Antiphona.
2467 4038 2666 4093 Veniet
2684 4035 2970 4091 Dominus
2989 4048 3129 4088 cum
3147 4030 3393 4087 senibus
3416 4027 3490 4084 de
3510 4026 3670 4098 prin-

416 4129 614 4188 SimUl
640 4129 701 4183 in
720 4126 822 4182 DBi
868 4126 1029 4181 FiliO-
2016 4131 2247 4204 cipibus
2272 4125 2477 4199 populi
2508 4125 2598 4180 sui
2621 4126 2689 4178 P.
2714 4122 2800 4177 Ad
2822 4120 3143 4176 salvandos
3167 4116 3445 4190 populos.
3468 4114 3671 4204 innu-

411 4219 614 4276 Parali
634 4233 772 4272 eum
786 4215 1088 4285 suseipel‘e
2015 4201 2133 4275 dite
2164 4219 2313 4285 haec,
2336 4229 2546 4270 omnes
2567 4216 2769 4282 gentes
2803 4227 2813 4264 :
2841 4210 3085 4266 auribus
3110 4205 3410 4280 percipite,
3450 4201 3670 4274 quiha-

413 4308 723 4365 Adventus
750 4305 843 4361 sui
890 4302 1102 4374 gloria.
2014 4305 2212 4362 bitatis
2245 4303 2472 4359 orbem.
2516 4300 2582 4354 P.
2616 4297 2704 4353 Ad
2734 4295 3074 4353 salvandos.
3116 4295 3177 4355 ἲν.
3212 4292 3424 4355 Gloria,
3467 4291 3524 4346 et
3550 4287 3670 4361 ;ho-

493 4409 559 4459 ἢ.
592 4400 807 4451 Amen-
2018 4410 2132 4451 nor
2152 4392 2301 4449 Patri
2323 4391 2393 4446 P.
2434 4389 2520 4444 Ad
2545 4385 2888 4443 salvandos.

294 4462 714 4559 Supplicatio,
749 4484 1002 4539 Oremus
1032 4480 1535 4578 Redemptorem:
1548 4479 1661 4549 fol.
1685 4482 1718 4532 2
1777 4567 1787 4576 .

2084 4483 2259 4539 Dicat
2291 4479 2620 4548 Presbyter.
2657 4475 2941 4531 Dominus
2974 4472 3049 4529 sit
3078 4485 3314 4543 semper
3332 4467 3667 4524 vobiscum.

300 4577 617 4649 Capitula.
650 4577 857 4629 Preces
874 4575 1112 4627 nostras
1136 4584 1211 4625 ne
1225 4567 1590 4640 despexeris,
1620 4567 1902 4623 Domine:
1937 4567 1980 4580 "
2016 4583 2082 4642 ιν.
2106 4574 2174 4627 Et
2201 4586 2338 4626 cum
2372 4567 2580 4641 spiritu
2613 4570 2743 4622 tuo.
3379 4645 3399 4652 Δ
3580 4640 3593 4652 _
3624 4640 3635 4652 .

215 4640 481 4724 intende
498 4665 653 4735 jam,
686 4666 743 4717 et
771 4658 993 4716 exaudi
1023 4658 1373 4715 clementer:
1396 4660 1478 4723 ut,
1512 4656 1613 4727 qui
1630 4655 1904 4711 voceini-
2041 4640 2044 4642 ’
2088 4660 2315 4717 Lauda,
2351 4640 2660 4713 Dexteram
2692 4657 2879 4716 tuam,
2924 4653 3094 4720 Deus,
3127 4652 3332 4704 notam
3372 4640 3677 4735 men-oms;

218 4758 377 4814 mici
406 4730 643 4812 turbati
669 4749 1004 4821 dejicimur,
1020 4744 1315 4816 Unigeniti
1330 4744 1412 4800 tui
1426 4743 1700 4799 Adventu
1713 4758 1828 4799 8&0]

2061 4748 2286 4814 .lleluia,
2310 4749 2369 4801 P.
2390 4749 2457 4801 Et
2483 4743 2743 4799 eruditos
2773 4740 2952 4797 corde
2978 4740 3035 4795 in
3057 4736 3363 4809 sapientia.
3396 4730 3671 4788 Alleluia.

222 4846 469 4903 tissimo
499 4838 919 4897 consolemur:
955 4840 1011 4891 et
1032 4834 1170 4891 Fide
1201 4833 1593 4906 pennigerati,
1634 4832 1832 4888 velutc

2059 4837 2276 4893 lleluia.
2301 4835 2364 4895 ἢν.
2386 4836 2538 4889 Deus
2562 4830 2867 4886 manifeste
2883 4829 3079 4884 veniet
3113 4844 3125 4882 :
3157 4828 3307 4882 Deus
3330 4824 3669 4906 nosternon

222 4937 471 4999 lumba,
500 4930 581 4989 ad
602 4944 868 5003 superna
887 4905 1473 4993 tendamulelonga
1492 4923 1906 4991 nos,Domine,
2019 4926 2223 4982 silebit.
2276 4930 2340 4979 P.
2373 4924 2437 4977 Et
2478 4919 2759 4983 eruditos,
2788 4917 2849 4977 ἲν.
2910 4916 3123 4979 Gloria,
3177 4918 3232 4970 et
3261 4914 3452 4968 honor
3493 4905 3670 4965 Patri.

225 5043 265 5085 θ,
302 5023 535 5081 saeculo
557 5019 849 5088 maligno,
878 5020 935 5071 et
961 5030 999 5071 a
1025 5014 1245 5087 laqueo
1266 5010 1490 5068 inimici
1512 5012 1771 5067 custodi.
1802 5014 1909 5067 Per
2017 5016 2081 5068 P.
2115 5015 2179 5068 Et
2208 5010 2492 5068 eruditos.

229 5114 559 5169 Christum.
717 5085 736 5088 ⁷
1114 5085 1126 5087 ἡ
2089 5104 2384 5171 Hymnus.
2433 5094 2643 5154 Christi
2673 5100 2907 5151 caterva
2961 5092 3243 5149 clamitet.
3271 5085 3667 5159 Supplicatio.

302 5205 474 5259 Pater
500 5201 735 5256 nostero
772 5196 838 5249 Et
875 5208 951 5248 ne
979 5207 1113 5246 1103-
2022 5194 2268 5250 Oremus
2300 5188 2753 5259 Redemptorem
2787 5182 2995 5239 mundi
3024 5181 3340 5237 Dominum
3373 5179 3669 5233 nostrum.

302 5293 479 5349 Dicat
498 5290 848 5357 Presbyter.
878 5280 1122 5337 Liberati
1144 5296 1180 5337 a
1202 5277 1733 5348 malo,conﬁrmati
1754 5294 1908 5334 sem-
2021 5281 2277 5353 Require
2306 5280 2419 5349 fol.
2458 5281 2514 5333 2.

230 5397 339 5454 per
365 5382 426 5437 in
454 5380 617 5438 bono
645 5356 752 5433 tibi
775 5371 1002 5428 servire
1031 5383 1373 5425 mereamur
1399 5371 1537 5436 Deo,
1563 5384 1631 5423 ac
1655 5367 1904 5423 Domino
2096 5370 2379 5441 Capitula.
2414 5370 2587 5431 Deus,
2614 5365 2784 5434 cujus
2806 5361 3101 5419 aeternitas
3123 5364 3395 5454 tempora
3417 5356 3672 5454 praescit,

230 5443 453 5529 nostro.
485 5472 651 5528 Pone
688 5461 969 5527 Domine,
1001 5459 1188 5515 finem
1234 5455 1492 5531 peccatis
1528 5456 1744 5513 nostris
1778 5473 1791 5511 :
1832 5456 1911 5511 da
2023 5462 2081 5515 et
2107 5454 2569 5528 ordinat;quiin
2593 5451 2960 5526 plenitudine
2984 5454 3324 5521 temporum
3350 5443 3670 5502 Dominum

235 5560 518 5631 gaudium
540 5551 858 5616 tribulatis
878 5547 1111 5622 :praabe
1124 5545 1595 5617 redemptionem
1618 5544 1867 5618 captivis
1893 5561 1904 5599 :
2022 5550 2293 5603 nostrum
2306 5546 2334 5600 J
2340 5560 2512 5601 esum
2527 5541 2815 5600 Christum
2830 5538 3037 5596 Filium
3049 5542 3209 5595 tuum
3223 5537 3579 5631 nasciturum
3598 5542 3671 5631 eis

237 5624 551 5709 sanitatem
571 5642 873 5711 inﬁrmis,
898 5635 1294 5711 requiemque
1315 5633 1910 5705 defunctis;Concede
2020 5634 2255 5705 Virgine
2298 5632 2597 5695 destinas;
2651 5633 2718 5686 ut
2747 5629 3025 5686 aaternius
3054 5642 3121 5684 ex
3150 5629 3206 5681 te
3236 5624 3361 5678 sine
3400 5624 3669 5685 tempore
