4076 6416
468 317 541 381 59
1728 308 2184 397 BREVIABIUM
2221 310 2616 397 GQTHICUM.
3811 308 3886 370 60

466 440 770 516 prodiens,
800 453 909 516 pro
939 437 1116 518 nobis
1144 437 1431 518 Conditor
1445 441 1790 510 nasceretur
1807 438 1870 504 in
1890 441 2116 510 tempo-
2143 435 2194 520 A
2223 436 2438 509 phetaa,
2463 437 2525 518 in
2551 432 3053 516 peregrinationis
3073 431 3403 504 recessibus
3432 431 3885 504 constituto,fu-

467 515 563 600 re;
593 533 659 587 ut
683 533 741 586 et
768 515 973 602 nostra
990 515 1209 586 Scilicet
1229 515 1500 601 tempora
1518 525 1731 593 visitet,
1748 531 1803 585 et
1817 532 2115 600 tempora-

466 619 552 676 les
577 634 700 684 suas
731 615 1192 674 immortalitatis
1237 617 1555 690 participes
1603 615 1852 683 reddat;
1881 612 2118 672 assistat

468 707 577 765 tibi
600 722 711 780 pro
757 704 972 761 nobis:
1006 708 1088 771 ut,
1122 721 1274 778 quos
1312 705 1582 764 Adventu
1618 721 1726 762 suo
1771 704 2116 761 mirabiliter

468 794 742 864 redemit,
776 809 1022 852 munere
1054 809 1161 850 suo
1193 793 1707 852 abundantissime
1737 794 1900 851 ditet.

546 886 714 940 Pater
741 887 961 948 noster,
996 881 1247 938 Liberati
1291 898 1327 940 a
1357 881 1536 940 malo.
1569 883 1818 955 Bequire
1839 883 1954 953 fol.
1985 885 2042 938 2.

547 972 910 1030 Benedictio.
946 970 1206 1027 Christus
1235 971 1540 1039 Dominus,
1568 971 1668 1044 qui
1701 987 1807 1044 per
1831 974 2117 1044 susceptas

474 1059 824 1133 mysterium
854 1059 1049 1116 carnis
1073 1061 1280 1118 notam
1294 1059 1429 1117 fecit
1453 1059 1682 1120 mundo
1708 1060 1960 1131 gloriam
1993 1075 2118 1116 suae

473 1147 816 1214 divinitatis,
848 1148 1111 1205 adventu
1150 1163 1263 1204 suo
1291 1163 1403 1204 nos
1430 1147 1685 1206 viviﬁcet
1708 1165 1746 1205 a
1765 1147 2009 1204 delictis.
2050 1159 2115 1217 Bt.

472 1238 916 1310 Amen.Quique
942 1237 1002 1293 in
1033 1253 1095 1293 se
1125 1239 1387 1310 suscepit
1405 1238 1802 1294 inﬁrmitatem
1820 1242 2112 1308 nostram,

471 1328 601 1400 ipse
635 1327 698 1382 in
721 1326 896 1382 nobis
931 1326 1195 1382 conferat
1226 1326 1690 1394 misericordiam
1715 1342 1908 1382 suam.
1953 1337 2017 1398 Bg.
2049 1325 2121 1380 A-

471 1430 632 1489 men.
663 1417 727 1469 Et
753 1414 855 1485 qui
885 1412 1399 1485 primumveniens
1413 1412 1657 1470 humilis
1681 1413 1933 1470 redemit
1949 1429 2122 1469 mun-

473 1504 619 1560 dum
650 1518 686 1560 a
713 1501 956 1558 crimine
977 1520 995 1574 ;
1019 1501 1284 1558 secundo
1314 1501 1660 1568 adveniens,
1685 1503 1761 1560 ab
1791 1504 1954 1560 omni
1985 1519 2123 1560 nos-

470 1591 704 1659 trolnos
727 1593 897 1646 reatu
918 1589 1220 1662 justiﬁcet.
1269 1602 1333 1662 B1.
1387 1594 1602 1648 Amen.
1650 1593 1755 1646 Per
1783 1591 2123 1648 misericor-

471 1678 637 1735 diam
660 1677 869 1750 ipsius.

2222 528 2368 582 turae
2398 515 2634 598 pietatis
2680 527 3121 584 sacramentum
3156 522 3405 588 revelas,
3451 525 3509 580 et
3538 537 3884 579 sermonem

2223 614 2497 672 claudere
2528 613 2826 689 principis,
2882 616 2938 670 et
2966 611 3265 683 signatum
3305 610 3527 668 librum
3575 626 3776 686 usque
3808 605 3887 667 ad

2226 699 2517 761 Christum
2548 703 2765 761 ducem
2795 717 3036 758 manere
3073 699 3371 776 instituis;
3405 700 3572 772 aperi
3599 698 3782 756 nobis
3824 697 3884 755 in

2224 793 2388 848 terris
2428 793 2660 865 pietatis
2689 797 2803 850 tum
2847 789 3112 849 viscera:
3155 793 3238 854 ut,
3268 789 3567 862 quidquid
3597 791 3660 844 in
3700 788 3883 845 nobis

2224 880 2867 938 obclusumohservavit
2879 877 3488 952 iniquitas,verborum
3506 884 3736 935 tuorum
3753 892 3887 950 ape-

2223 971 2336 1030 riat
2360 973 2580 1029 veritas
2597 987 2611 1024 :
2657 969 2908 1046 qualiter
2923 961 3003 1026 ad
3019 967 3186 1025 ducis
3203 968 3390 1025 nostri
3403 970 3541 1024 Jesu
3558 967 3782 1026 Christi
3802 967 3883 1024 Fi-

2223 1059 2286 1116 lii
2326 1060 2409 1117 tui
2437 1061 2499 1116 in
2527 1057 2870 1134 proximum
2899 1057 3248 1115 accedentes
3278 1073 3571 1132 praecepe,
3599 1056 3680 1113 ab
3713 1055 3888 1114 omni

2225 1165 2566 1205 mereamur
2593 1147 2819 1221 expiari
2849 1143 3172 1204 criminum
3200 1145 3357 1203 labe.
3392 1157 3459 1222 ἢ.
3486 1150 3704 1204 Amen.

2299 1239 2406 1294 Per
2441 1236 2934 1294 misericordiam.

2297 1325 2650 1396 Antiphona
2671 1329 2722 1382 3.
2753 1325 2870 1382 Erit
2899 1339 3052 1396 opus
3092 1321 3332 1394 iustitiae
3358 1338 3492 1396 pax,
3543 1325 3601 1382 et
3627 1322 3894 1380 Charitas

2227 1414 2288 1470 in
2319 1413 2771 1486 sempiternum.
2813 1423 2880 1482 Βε.
2906 1413 2971 1468 Et
3001 1410 3227 1468 sedebit
3245 1411 3500 1484 populus
3533 1412 3594 1468 in
3624 1410 3895 1485 pulchri-

2230 1503 2433 1559 tudine
2462 1501 2650 1576 pacis.
2684 1501 2797 1574 lpsi
2834 1499 3119 1572 videbunt
3150 1499 3408 1570 gloriam
3440 1499 3770 1572 Domini,et
3796 1500 3898 1558 de-

2231 1606 2431 1647 corem
2463 1589 2566 1646 Dei
2594 1589 2800 1646 nostri.
2827 1589 2887 1651 v.
2919 1592 2983 1646 Et
3013 1588 3121 1658 erit
3143 1588 3591 1664 ﬁrmamentum
3612 1589 3675 1645 in
3699 1594 3896 1658 terra;

2230 1680 2294 1735 in
2323 1679 2573 1752 summis
2599 1677 2894 1734 montium
2941 1676 3434 1750 superextolletur
3482 1693 3668 1750 super
3725 1679 3900 1740 Liba-

543 1765 770 1828 Lauda.
806 1767 958 1820 Deus
978 1765 1292 1822 manifeste
1319 1764 1538 1836 veniet,
1571 1769 1628 1825 et
1662 1782 1786 1824 non
1815 1767 2121 1830 silebit.A1-
2149 1782 2195 1846 Β
2230 1784 2378 1824 num
2408 1767 2633 1824 fructus
2660 1767 2788 1836 ejus
2813 1782 2826 1831 ;
2849 1771 2905 1821 et
2924 1765 3223 1822 ﬂorebunt
3238 1765 3311 1822 de
3328 1765 3581 1832 civitate,
3609 1766 3771 1826 sicut
3795 1767 3898 1823 fce-

472 1852 666 1910 leluia.
690 1855 733 1912 P
746 1896 759 1910 .
780 1852 1108 1912 Advocavit
1121 1851 1304 1910 ccelos
1320 1860 1644 1922 sursum,et
1660 1859 1881 1912 terram
1901 1855 2119 1913 discer-

470 1956 612 1998 nere
632 1941 925 2014 populum
943 1958 1140 1998 suum.
1162 1941 1430 2016 Alleluia,
1455 1942 1707 2000 alleluia.
1736 1944 1800 2008 ἡ.
1823 1944 2124 2000 Deusdeo-

473 2045 611 2086 rum
641 2029 930 2085 Dominus
972 2030 1207 2086 locutus
1241 2034 1330 2086 est
1367 2047 1379 2085 :
1427 2036 1483 2092 et
1511 2031 1742 2088 vocavit
1780 2037 2025 2090 terram.
2055 2031 2120 2088 P.

475 2119 822 2175 Advocavit.
849 2119 911 2179 Ψ.
945 2119 1158 2190 Gloria,
1185 2123 1242 2175 et
1263 2119 1458 2176 honor
1483 2120 1655 2178 Patri.
1681 2121 1748 2177 P.
1779 2120 2122 2177 Advocavit.

549 2207 776 2263 Oratio.
820 2209 974 2262 Deus
1005 2207 1105 2264 Dei
1136 2207 1332 2274 Filius,
1359 2208 1464 2280 qui
1494 2209 1765 2264 auditum
1795 2208 2019 2284 faciens
2049 2209 2126 2266 ab

475 2295 753 2352 extremis
779 2297 967 2360 terrae,
995 2296 1222 2356 mundo
1253 2295 1585 2370 apparuisti
1620 2297 1680 2368 in
1711 2311 1887 2352 carne
1912 2314 1925 2362 ;
1967 2296 2131 2353 resti-

2170 1851 2186 1868 ’⁷
2231 1872 2377 1912 num
2407 1861 2596 1914 terrae.
2625 1867 2687 1925 ἣν.
2721 1859 2786 1910 Et
2813 1854 3058 1912 sedebit.
3088 1866 3150 1926 ἢν.
3190 1853 3384 1914 Gloria
3411 1859 3469 1911 et
3483 1855 3681 1912 honor
3715 1853 3899 1914 Patri.

2231 1952 2339 2003 etc.
2373 1958 2436 2017 Br.
2471 1949 2536 2002 Et
2567 1944 2792 2001 sedebit
2818 1943 3099 2018 populus.

2305 2035 2531 2090 Oratio.
2565 2034 2912 2092 Nunciatam
2926 2049 3061 2088 ecce
3077 2048 3284 2089 vocem
3300 2032 3693 2107 jocunditatis
3725 2038 3788 2108 et
3805 2034 3904 2092 lm-

2233 2123 2584 2195 titiee,quam
2614 2123 2688 2178 de
2703 2121 3070 2187 tua,Christe,
3091 2121 3499 2180 incarnatione
3519 2123 3899 2190 audivimus,

2235 2212 2369 2268 utin
2395 2210 2567 2266 nobis
2580 2209 3168 2284 dulcioriefﬁciamur
3183 2210 3469 2267 charitate
3505 2210 3901 2280 fruentiores,

2236 2298 2630 2370 imploramus
2663 2302 2778 2354 tum
2803 2298 3232 2367 magnitudinis
3253 2304 3672 2371 exspectantes
3700 2306 3909 2373 poten-

473 2387 572 2440 tue
602 2389 658 2441 te
685 2385 888 2456 ipsum
918 2385 1256 2458 mercedem
1281 2385 1422 2442 ﬁdei
1451 2389 1666 2456 nostras
1688 2405 1701 2442 :
1727 2390 1792 2442 ut
1837 2387 1941 2464 qui
1979 2402 2130 2460 opus
2238 2388 2382 2444 tiam
2409 2404 2422 2452 ;
2454 2386 2609 2442 utita
2637 2386 2885 2442 innobis
2903 2387 3258 2457 vocishujus
3275 2387 3520 2454 effectus
3544 2404 3907 2463 usquequa-

477 2477 649 2530 tuum
677 2472 949 2529 mirabile
987 2473 1405 2545 praedicamus,
1430 2475 1703 2530 mercede
1727 2473 1846 2538 illa.
1876 2492 2012 2548 quas
2040 2491 2132 2531 co-

477 2576 608 2617 ram
647 2565 702 2618 te
727 2566 830 2634 est,
859 2576 1014 2636 opus
1043 2561 1382 2633 opulentius
1407 2578 1812 2620 muneremur.
1836 2575 1900 2634 13;.
1923 2567 2133 2620 Amen.

549 2652 655 2704 Per
679 2648 1150 2706 misericordiam
1173 2653 1359 2717 tuam,
1394 2650 1549 2722 Deus
1581 2655 1804 2718 noster,
1846 2656 1954 2707 etc.

547 2739 610 2796 ln
634 2737 878 2794 nomine
905 2738 1137 2794 Domini
1157 2721 1346 2795 nostri
1359 2740 1496 2795 Jesu
1522 2739 1729 2797 Christi
1749 2741 2131 2812 perﬁciamus

474 2843 612 2884 cum
637 2841 805 2899 pace.
839 2837 902 2897 ἢ.
931 2829 1050 2896 Deo
1089 2826 1332 2897 gratias.

541 2917 683 2978 Fiat
715 2916 1191 2972 commemoratio
1230 2916 1386 2971 sicut
1414 2915 1477 2970 in
1510 2915 1719 2984 primis
1759 2916 2025 2985 Vesperis
2054 2918 2127 2976 de

478 3006 745 3064 Adventu
770 3005 1029 3068 Domini,
1058 3004 1172 3072 fol.
1207 3005 1257 3060 1.

613 3093 821 3148 FERIA
861 3094 906 3147 ll
945 3092 1123 3150 POST
1162 3094 1427 3150 PRIMUM
1464 3092 1854 3151 DOMINICUM
1893 3096 1982 3152 DE

997 3179 1323 3235 ADVENTU
1364 3177 1627 3236 DOMINI.

933 3268 1033 3324 Ad
1050 3267 1442 3324 Matutinum.

543 3356 914 3427 Antiphona.
943 3355 1213 3422 Domine,
1241 3354 1387 3428 quid
1417 3355 1788 3442 multiplicati
1829 3362 1987 3427 sunt,
2016 3361 2119 3434 qui

473 3446 759 3502 tribulant
777 3459 873 3500 me
887 3445 916 3499 ?
935 3443 1105 3499 multi
1121 3443 1436 3515 insurgunt
1457 3444 1775 3524 adversum
1796 3464 1914 3532 me,
1949 3449 2122 3524 Ρεαζ-

473 3550 604 3591 mus
624 3549 704 3592 ῐῐῐ.

547 3621 773 3678 Oratio.
806 3618 1187 3692 Multiplicato
1217 3623 1371 3694 sunt,
1401 3620 1669 3696 Domine,
1711 3624 1815 3698 qui
1836 3624 2125 3697 tribulant

471 3725 584 3767 nos
609 3729 622 3777 ;
645 3708 751 3764 sed
772 3713 838 3764 tu
851 3706 1073 3763 multus
1087 3723 1148 3780 es
1164 3708 1224 3764 in
1242 3708 1775 3786 misericordia,qui
1795 3729 1970 3788 eruas
1989 3731 2118 3784 nos.

471 3803 538 3856 ln
549 3799 714 3856 nullo
735 3797 894 3872 enim
911 3795 1303 3870 formidamur
1315 3798 1392 3874 ab
1409 3799 1740 3868 imminenti
1755 3819 2058 3890 pressura,
2076 3799 2123 3860 Si

471 3892 706 3944 tantum
725 3890 829 3942 tua
845 3885 1834 3962 muniamur,0mnipotens,gratia.
1857 3903 1918 3964 ιγ.
1937 3885 2123 3958 Amen

541 3975 824 4046 Dominus
858 3974 934 4031 sit
964 3989 1199 4048 semper
1225 3974 1554 4033 vobiscum.
1589 3989 1655 4049 Br.
1690 3981 1756 4038 Et
1785 3996 1946 4036 cum.

536 4065 884 4141 Antiphonti
913 4067 960 4120 l.
992 4063 1272 4120 Auditum
1299 4064 1491 4132 facite,
1529 4067 1810 4140 populus,
1847 4069 1906 4125 in
1939 4075 2124 4128 extre-

461 4153 578 4211 mis
607 4157 774 4210 terra:
800 4167 1022 4208 nomen
1066 4168 1290 4222 meum,
1309 4153 1450 4210 dicit
1467 4157 1752 4212 Dominus
1781 4159 1956 4230 ;quia
1987 4143 2121 4217 ecce

463 4257 571 4312 ego
600 4241 794 4306 venio,
829 4245 885 4297 et
914 4240 1102 4312 gloria
1120 4257 1258 4300 mea
1283 4243 1643 4307 illuminabit
1663 4261 1873 4302 omnes
1905 4249 2121 4306 seden-

460 4333 548 4386 tes
600 4329 967 4393 intenebris,
1010 4333 1073 4386 ut
1108 4331 1298 4388 sciant
1342 4333 1632 4404 universae
1690 4339 1914 4414 gentes,
1955 4337 2121 4408 quod

2241 2491 2356 2548 que
2372 2473 2802 2547 praepolleat,ut
2816 2489 2940 2530 non
2966 2473 3411 2530 confundamur
3430 2475 3489 2530 in
3507 2491 3756 2538 ea,cum
3778 2494 3912 2535 ma-

2241 2562 2513 2618 nifestata
2536 2561 2713 2617 nobis
2743 2561 2933 2617 fuerat
2961 2561 3148 2633 gloria
3174 2567 3303 2617 tua.
3343 2573 3408 2632 Βι.
3442 2567 3656 2620 Amen.

2312 2653 2417 2706 Per
2445 2650 2912 2705 misericordiam
2950 2654 3133 2715 tuam,
3169 2652 3323 2706 Deus
3355 2655 3574 2716 noster,
3605 2656 3724 2710 etc.

2313 2739 2598 2794 Dominus
2632 2738 2710 2794 sit
2762 2753 2998 2811 semper
3032 2738 3364 2812 vobiscum.
3395 2750 3463 2808 Ba.
3495 2742 3563 2797 Et
3603 2756 3753 2798 cum
3795 2742 3917 2815 spis

2237 2827 2285 2883 ri
2294 2830 2352 2883 tu
2385 2831 2509 2883 tuo.

2309 2927 2376 2985 Βι.
2412 2915 2572 2982 Veni,
2607 2915 2875 2985 Domine,
2907 2914 2985 2971 ad
3011 2914 3391 2984 liberandum
3436 2915 3682 2990 plebem
3709 2923 3908 2988 tuam,

2233 3004 2378 3076 quia
2416 3003 2598 3060 relicti
2627 3020 2835 3059 sumus
2862 3003 3039 3075 pauci
3068 3003 3142 3060 de
3172 3004 3398 3075 multis,
3431 3005 3587 3064 sicut
3611 3008 3782 3064 oculi
3823 3010 3911 3066 tui

2153 3120 2194 3177 Ο
2233 3091 2454 3148 vident.
2477 3093 2547 3146 P.
2573 3095 2637 3148 Et
2655 3092 2902 3148 ostende
2916 3091 3090 3148 nobis
3110 3092 3291 3158 viam,
3320 3108 3425 3165 per
3444 3110 3632 3165 quam
3654 3095 3911 3154 inceda-

2233 3196 2389 3245 mus,
2423 3185 2480 3236 et
2505 3180 2778 3246 verbum,
2804 3181 3483 3252 quodfaciamusj'ﬂui
3504 3184 3665 3254 regis
3691 3186 3902 3253 Israel,

2231 3269 2508 3338 intende;
2550 3270 2654 3341 qui
2681 3269 2942 3341 deducis,
2972 3269 3133 3327 velut
3158 3287 3354 3339 ovem,
3380 3273 3644 3345 Joseph;
3679 3277 3794 3347 qui
3813 3292 3909 3333 se-

2232 3357 2337 3413 des
2370 3373 2549 3430 super
2577 3357 2906 3423 cherubim,
2940 3375 3184 3432 appare.
3215 3361 3277 3416 P.
3302 3363 3368 3416 Et
3396 3360 3649 3418 ostende
3689 3364 3904 3422 nobis.

2233 3459 2299 3514 Bg.
2323 3445 2535 3516 Gloria,
2569 3451 2625 3503 et
2657 3447 2850 3504 honor
2869 3447 3022 3506 Patri
3047 3452 3102 3516 et
3131 3447 3294 3518 Filio,
3323 3452 3432 3526 etc.
3466 3451 3803 3521 Beiteretur
3836 3465 3903 3525 BI.

2231 3534 2393 3601 Veni,
2427 3534 2698 3591 Domine.

2834 3652 2906 3709 In
2947 3652 3276 3710 Laudibus.

2302 3764 2402 3820 Ad
2441 3765 2743 3822 Canticum
2781 3767 3153 3836 Antiphona.
3212 3770 3358 3823 Ecce
3410 3769 3567 3824 Deus
3626 3785 3907 3841 magnus

2231 3852 2477 3908 vincens
2503 3854 2812 3911 scientiam
2860 3861 3164 3923 nostram;
3248 3872 3542 3914 numerus
3584 3873 3906 3919 annorum

2235 3943 2284 4013 ej
2295 3959 2362 3998 us
2383 3944 2836 4002 inaestimabilis.

2679 4052 2992 4109 Canticum
3027 4053 3173 4124 (Job.
3205 4056 3427 4120 xxxw).

2305 4157 2468 4220 Ecce,
2489 4159 2642 4212 Deus
2672 4173 2929 4227 magnus
2956 4159 3208 4215 vincens
3235 4160 3550 4244 scientiam
3571 4165 3861 4230 uestram
3885 4184 3900 4236 ;

2228 4257 2517 4300 numerus
2555 4260 2852 4301 annorum
2883 4247 3013 4318 ejus
3041 4247 3496 4320 inaestimabilis.

2311 4337 2420 4405 Qui
2458 4334 2649 4392 aufert
2673 4333 2857 4390 stillas
2884 4335 3126 4406 pluviae,
3152 4342 3209 4393 et
3245 4335 3767 4410 eﬂ'unditimbres,
3789 4342 3907 4399 ad-

465 4431 743 4519 egousum
770 4419 1075 4518 Dominus.
1098 4419 1173 4519 vi
1192 4420 1590 4519 Auditenhaec,
1629 4437 1840 4519 omnes
1870 4428 2073 4519 gentes
2102 4443 2116 4480 :
2152 4463 2197 4519 Β
2228 4426 2413 4482 instar
2440 4423 2760 4519 gurgitum,
2781 4423 2885 4496 qui
2906 4423 2979 4479 de
2999 4423 3268 4482 nubibus
3294 4424 3522 4500 ﬂuunt;
3546 4429 3565 4448 ’
3597 4427 3706 4502 qui
3732 4444 3908 4508 prae-

467 4505 716 4563 auribus
743 4507 1040 4578 percipite,
1073 4508 1176 4579 qui
1201 4508 1480 4564 habitatis
1505 4509 1803 4566 orbem.P.
1836 4513 1905 4568 Ut
1931 4511 2120 4572 sciant
2152 4505 2194 4519 ν
2228 4516 2433 4571 texunt
2462 4515 2676 4588 cuncta
2709 4511 2988 4584 desuper.

467 4595 779 4651 universes.
800 4595 861 4656 Ψ.
894 4595 1106 4663 Gloria,
1124 4600 1181 4654 et
1198 4597 1393 4654 honor
1411 4599 1584 4654 Patri.
1606 4597 1674 4653 P.
1700 4601 1768 4664 Ut
1785 4599 1972 4657 sciant
1993 4601 2118 4658 uni-

466 4696 674 4739 νθτεω.

541 4771 765 4829 Oratio.
799 4771 975 4838 Deus,
1014 4773 1117 4829 Dei
1149 4773 1343 4830 Filius.
1377 4775 1630 4852 Require
1655 4777 1760 4847 fol.
1803 4780 1860 4833 3.

535 4861 880 4930 Antiphona
899 4865 953 4916 2.
974 4861 1146 4930 Audi,
1180 4861 1404 4928 Daniel,
1423 4863 1625 4926 verba,
1647 4879 1781 4936 qua:
1799 4863 2010 4936 loquor
2037 4864 2118 4922 ad

466 4950 521 5004 te
553 4965 566 5002 :
603 4948 813 5005 claude
843 4964 1202 5018 sermonem,
1244 4954 1300 5005 et
1335 4950 1504 5020 signa
1539 4950 1760 5028 librum
1797 4969 1990 5026 usque
2038 4955 2116 5018 ad

463 5035 760 5104 Christum
788 5036 1026 5100 ducem,
1073 5037 1138 5092 P.
1182 5039 1249 5092 Ut
1298 5037 1606 5096 adiﬁcetur
1634 5040 2017 5110 Hierusalem,
2062 5048 2119 5100 et

461 5129 721 5195 ungatur
743 5126 993 5182 Sanctus
1023 5130 1363 5181 sanctorum
1387 5125 1447 5182 in
1471 5126 1601 5183 loco
1627 5129 2116 5190 sanctiﬁcationis

460 5225 604 5265 suae.
627 5210 688 5269 V.
716 5211 972 5266 Audiam
1002 5211 1147 5281 quid
1169 5211 1448 5282 loquatur
1481 5213 1765 5270 Dominus
1796 5233 1808 5270 :
1837 5217 2115 5287 quoniam

459 5297 737 5367 loquetur
762 5312 973 5368 pacem
999 5297 1058 5352 in
1089 5298 1326 5370 plebem
1357 5316 1550 5356 suam.
1582 5305 1651 5358 P.
1693 5305 1760 5358 Ut
1794 5304 2116 5362 aediﬁcetur

459 5383 846 5441 Hierusalem.
887 5396 950 5454 Βε.
985 5385 1194 5450 Gloria,
1243 5392 1297 5444 et
1335 5388 1544 5446 honor.
1577 5391 1646 5448 P.
1691 5393 1759 5448 Ut
1793 5392 2117 5450 aediﬁcetur

468 5471 856 5549 Hierusalem.

537 5561 595 5638 9
631 5559 851 5620 Oratio.
885 5561 1054 5644 Deus,
1078 5561 1182 5646 qui
1201 5563 1421 5640 Danieli
1440 5565 1521 5654 illi
1551 5572 1756 5630 sancto
1785 5572 1964 5644 atque
1983 5572 2116 5628 Pro-

2302 4602 2359 4658 Si
2411 4600 2662 4657 voluerit
2711 4600 3027 4656 extendere
3077 4599 3269 4657 nubes
3326 4601 3504 4674 quasi
3554 4605 3909 4674 tentorium

2227 4706 2441 4760 suum;
2483 4693 2540 4745 et
2567 4688 2867 4760 fulgurare
2895 4689 3121 4746 lumine
3147 4705 3280 4755 suo,
3309 4691 3324 4709 '
3351 4691 3610 4776 desuper
3635 4709 3907 4770 quoque

2225 4780 2499 4837 cardines
2530 4779 2712 4835 maris
2742 4780 2988 4852 operiet.

2294 4873 2400 4926 Per
2439 4869 2554 4926 hoc
2593 4869 2752 4924 enim
2772 4868 3002 4939 judicat
3047 4868 3367 4942 populos,‘
3421 4873 3478 4927 et
3523 4869 3630 4938 dat
3677 4889 3906 4935 escam

2223 4957 2426 5014 multis
2455 4956 2821 5013 mortalibus.
3817 4961 3821 4964 '

2298 5050 2358 5101 In
2382 5045 2660 5101 manibus
2700 5044 3022 5101 abscondit
3050 5045 3268 5110 lucem,
3298 5045 3320 5069 ⁶
3347 5051 3404 5104 et
3426 5049 3703 5123 praecipit
3723 5053 3808 5124 ei,
3835 5061 3908 5115 ut

2222 5150 2430 5190 rursus
2463 5132 2760 5188 adveniat.

2299 5221 2508 5288 Subter
2529 5235 2740 5276 omnes
2779 5218 2959 5274 caelos
2988 5220 3115 5290 ipse
3138 5222 3496 5296 considerat,
3530 5224 3551 5245 '
3573 5227 3630 5282 et
3677 5225 3905 5294 lumen

2225 5308 2383 5366 illius
2409 5323 2590 5380 super
2617 5307 2896 5363 terminos
2927 5311 3112 5364 terrae.
3143 5310 3162 5330 "
3193 5313 3329 5368 Post
3361 5326 3500 5366 eum
3538 5313 3741 5384 rugiet
3795 5337 3906 5378 so-

2223 5396 2402 5452 nitus.

2295 5487 2362 5542 Et
2389 5483 2618 5542 tonabit
2646 5488 2854 5540 vocem
2875 5486 3304 5556 magnitudinis
3327 5505 3454 5554 suae
3483 5491 3532 5556 ;"
3565 5495 3624 5549 et
3644 5508 3779 5554 non
3802 5498 3904 5556 in-

2223 5571 2627 5650 vestigabitur,
2651 5587 2789 5629 cum
2828 5573 3034 5640 audita
3058 5573 3232 5658 fuerit
3261 5591 3380 5634 vox
3412 5577 3567 5664 ejus.
