4076 6450
450 350 515 407 63
1693 340 2151 402 BREVIARIUM
2190 343 2588 407 GOTHICUM.
3782 348 3856 403 64

446 473 725 543 dignatus
737 486 801 527 es
812 484 1289 544 opere,quosque
1299 471 1569 529 facinora
1581 476 1911 542 aggravant
1925 468 2090 524 vitio-
2120 468 2167 523 A
2198 485 2388 539 meus,
2411 472 2552 530 dicit
2582 473 2885 545 Dominus,
2905 471 3058 529 Deus
3070 473 3263 529 vester
3280 487 3297 527 :
3314 471 3635 544 loquimini
3652 472 3731 528 ad
3747 487 3860 529 cor

445 576 617 626 rum;
650 563 888 617 tuarum
910 558 1619 617 sublevamiserationum
1654 576 1667 613 :
1700 563 1765 615 ut
1799 557 2091 630 justitiam
2198 556 2547 629 Jerusalem,
2576 562 2719 635 quia
2742 560 3085 633 suscepitde
3099 575 3285 616 manu
3299 563 3381 616 Do
3394 561 3535 616 mini
3559 560 3854 634 duplicia.

446 646 1837 719 tuam,quamcaeliannunciant,agnoscamus,et
1850 645 2093 716 gloriam
2199 650 2267 705 P.
2298 650 2475 705 Dicite
2505 649 2837 706 civitatibus
2865 651 2894 703 Ι
2903 649 3038 706 uda.
3073 650 3151 706 P.
3203 651 3345 704 Ecce
3388 652 3541 704 Deus
3568 654 3762 705 vester
3794 650 3861 705 in

444 740 614 793 tuam
642 751 781 791 cum
809 735 1090 791 omnibus
1102 736 1342 809 populis
1354 736 1675 792 videamus
1698 733 2095 791 :utinhabitet

450 824 639 894 gloria
667 824 728 879 in
759 827 911 879 terra
931 828 1154 891 nostra,
1187 828 1242 881 et
1272 825 1320 880 si
1341 825 1671 897 redemptio
1694 822 1889 888 nobis,
1909 836 2095 894 quam

448 912 675 969 alacres
700 912 819 967 ﬁde
844 912 1142 969 credimus
1171 929 1300 969 esse
1325 918 1674 970 venturam.

520 1003 687 1056 Pater
712 1003 931 1057 noster.
965 1004 1031 1058 Et
1057 1017 1133 1058 ne
1161 1017 1293 1059 nos.
1346 1002 1459 1060 Sed
1487 1002 1679 1058 libera
1706 1015 1816 1057 nos
1854 1015 1891 1056 a
1911 998 2094 1056 malo.

452 1091 659 1144 Amen.

523 1180 569 1231 A
594 1177 754 1234 malo
774 1193 885 1235 nos
906 1178 1113 1245 libera,
1136 1182 1193 1235 et
1228 1179 1290 1235 in
1331 1183 1434 1236 tuo
1454 1180 1686 1236 timore.
1726 1184 1788 1233 ut
1816 1191 2023 1246 supra.

529 1268 876 1328 Benedictio.
910 1267 1169 1325 Christus
1195 1268 1502 1331 Dominus,
1535 1267 1638 1337 qui
1671 1266 1747 1321 ad
1774 1266 1888 1321 hoc
1914 1262 2092 1327 venit,

452 1363 517 1417 ut
545 1357 876 1429 impietates
897 1370 932 1410 a
961 1353 1143 1409 domo
1173 1355 1358 1410 Jacob
1389 1358 1673 1411 averteret
1700 1370 1712 1419 ;
1748 1352 1825 1408 ad
1853 1353 1967 1408 hoc
1992 1350 2097 1406 ite-

452 1463 587 1505 rum
616 1443 827 1507 veniet,
843 1445 908 1497 ut
931 1442 1242 1497 redeuntes
1261 1442 1388 1499 ada
1405 1458 1467 1497 se
1496 1441 1705 1498 mortis
1733 1442 2023 1513 potestate
2036 1437 2098 1493 li-

452 1536 635 1592 beret.
670 1543 734 1599 BI.
761 1534 976 1586 Amen.
1016 1532 1103 1593 Et,
1136 1531 1243 1602 qui
1272 1530 1505 1586 dudum
1557 1530 1822 1595 veniens,
1844 1526 2100 1583 reconci-

450 1624 594 1681 liare
632 1621 913 1690 dignatus
943 1622 1031 1674 est
1052 1618 1351 1673 mundum
1384 1618 1488 1685 ;ad
1514 1616 1809 1688 judicium
1830 1614 2097 1678 veniens,

454 1711 532 1767 ab
571 1708 737 1766 omni
773 1722 885 1762 nos
906 1721 1223 1777 poenarum
1261 1705 1787 1762 liberetcruciatu.
1811 1710 2101 1774 mAmen.

2202 736 2542 793 fortitudine
2578 738 2783 793 veniet.
2808 737 2874 797 ἲν.
2914 736 3237 792 Advocavit
3265 737 3447 792 caelos
3481 753 3752 803 sursum,
3801 742 3865 792 et

2202 829 2411 882 terram
2450 826 2719 882 discerne
2745 825 3035 897 populum
3076 841 3275 883 suum.
3296 826 3363 880 P.
3394 826 3571 882 Dicite
3604 825 3861 881 civitati-

2202 913 2336 969 bus.
2366 914 2428 973 ἵ.
2454 914 2665 980 Gloria,
2691 919 2747 970 et
2770 914 2962 969 honor
3000 913 3169 970 Patri.
3193 913 3265 972 P.
3307 916 3447 969 Ecce
3483 917 3655 969 Deus.

2278 1002 2502 1058 Oratio.
2532 1002 2770 1067 Christe,
2797 1002 2897 1056 Dei
2928 1001 3124 1066 Filius,
3156 1002 3260 1074 qui
3285 1002 3492 1058 etolim
3511 1001 3725 1057 venisti
3748 1016 3861 1057 na-

2205 1090 2457 1146 sciturus
2487 1090 2546 1146 in
2561 1105 2760 1161 carne,
2792 1094 2848 1145 et
2876 1090 3089 1145 iterum
3118 1090 3321 1145 venies
3347 1107 3486 1147 cum
3516 1090 3780 1146 ducibus
3804 1094 3866 1145 et

2204 1178 2575 1251 principibus
2588 1177 2793 1250 populi
2806 1178 2886 1234 tui
2905 1178 2981 1233 ad
2996 1177 3332 1234 faciendum
3345 1179 3714 1249 judiciumin
3734 1177 3866 1250 glo-

2204 1268 2292 1324 ria
2312 1268 2637 1338 majestatis
2654 1286 2666 1335 ;
2684 1272 2883 1339 presta
2895 1268 3073 1324 nobis
3092 1272 3303 1324 utcum
3319 1268 3713 1331 veneris,non
3725 1282 3871 1339 pec-

2207 1357 2354 1412 catis
2372 1356 2643 1412 restituas
2656 1356 2874 1414 vicem;
2904 1356 3009 1411 sed
3037 1371 3146 1428 pro
3166 1355 3433 1428 ﬁde,qua
3464 1361 3519 1412 te
3533 1355 3865 1425 credimus,

2209 1450 2491 1501 mternam
2512 1458 2621 1502 nos
2660 1444 2959 1516 provehas
2981 1444 3059 1499 ad
3089 1444 3448 1502 mercedem.
3483 1456 3549 1515 Ri.
3573 1448 3789 1500 Amen.

2281 1536 2386 1588 Per
2412 1533 2885 1589 misericordiam
2918 1536 3105 1602 tuam,
3139 1536 3293 1588 Deus
3324 1538 3548 1603 noster,
3572 1536 3685 1589 etc.

2283 1632 2345 1687 Ri.
2382 1621 2578 1675 Veniet
2609 1619 3871 1693 Dominus,etapparebitinmedioﬁliorum

2213 1708 2415 1781 populi
2444 1709 2652 1764 suizde
2683 1709 3203 1781 manuimpiorum
3233 1709 3510 1767 liberabit
3552 1724 3684 1764 eos.
3715 1710 3781 1762 P.
3806 1710 3876 1763 Et

454 1801 525 1855 Ut
553 1812 690 1853 cum
719 1795 819 1851 illo
863 1793 1235 1864 gaudeamus
1264 1794 1327 1849 in
1376 1793 1584 1863 gloria,
1607 1807 1790 1865 quem
1822 1792 1919 1847 hic
1953 1804 2102 1861 pura

2249 1813 2285 1852 .e
2308 1801 2495 1853 morte
2520 1798 2932 1853 redimetillos.
2963 1798 3023 1857 ἲν.
3058 1799 3344 1854 Dominus
3363 1798 3748 1871 omnipotens
3767 1813 3874 1851 su-

452 1885 594 1941 ﬁdei
620 1882 936 1939 incolimus
982 1882 1359 1938 conscientia.
1380 1892 1443 1950 Βι.
1468 1884 1674 1936 Amen.

527 1976 632 2029 Per
654 1970 1124 2027 misericordiam
1152 1970 1347 2042 ipsius
1367 1969 1469 2025 Dei
1507 1968 1716 2034 nostri,
1749 1967 1857 2039 qui
1888 1970 1980 2023 est
2002 1965 2102 2021 be-

456 2061 751 2129 nedictus,
781 2061 839 2115 et
864 2057 1023 2123 vivit,
1052 2062 1108 2115 et
1136 2059 1341 2115 omnia
1360 2057 1510 2129 regit
1532 2057 1595 2114 in
1614 2055 1836 2112 saecula
1861 2052 2104 2111 saeculo-

458 2166 592 2208 rum
615 2162 678 2219 Βι.
712 2155 913 2206 Amen.

525 2238 757 2295 Lauda.
792 2237 946 2293 Deus
978 2239 1289 2296 manifeste
1338 2239 1558 2295 veniet.
1604 2236 1843 2307 require
1888 2235 1999 2305 fol.
2047 2236 2101 2290 8.

532 2327 752 2383 Oratio.
784 2328 908 2385 Fac
937 2342 1066 2399 nos,
1092 2328 1364 2396 Domine,
1378 2328 1557 2398 juste.
1596 2325 1834 2396 require
1858 2324 1971 2393 fol.
2003 2326 2094 2378 11.

1067 2418 1172 2486 ιι
1220 2418 1422 2471 FERIA
1455 2417 1547 2470 1v.

1040 2505 1139 2559 Ad
1168 2506 1532 2560 Matutinum.

530 2594 897 2664 Antiphona.
930 2595 1084 2650 Lava
1107 2609 1221 2659 me,
1250 2593 1514 2659 Domine,
1547 2591 1625 2648 ab
1641 2590 1929 2662 injustitia
1946 2603 2101 2644 mea.

458 2683 535 2740 P.
576 2685 643 2738 Et
670 2682 976 2752 apeccatis
997 2682 1143 2737 meis
1176 2682 1403 2738 munda
1442 2696 1546 2736 cor
1577 2695 1800 2736 meum.
1831 2678 2105 2734 Psalmus

458 2788 510 2841 L,
539 2778 592 2828 et
619 2787 751 2827 cum
781 2772 894 2826 ista
915 2773 1207 2834 oratione,
1232 2786 1361 2841 quae
1389 2771 1679 2841 sequitur.

529 2860 747 2915 Oratio.
783 2862 957 2928 Deus,
992 2860 1091 2914 Dei
1142 2859 1339 2925 Filius,
1382 2860 1553 2929 cujus
1576 2858 1638 2913 in
1668 2862 1959 2912 aeternum
2002 2868 2108 2926 per

455 2952 656 3003 manet
671 2963 913 3003 nomen.
952 2948 1203 3018 Require
1226 2948 1339 3017 fol.
1372 2950 1430 3003 3.

522 3034 872 3104 Antiphona
896 3040 942 3090 ί.
976 3035 1153 3091 Inilla
1183 3035 1277 3090 die
1295 3034 1523 3106 repleta
1546 3033 1655 3089 erit
1680 3037 1835 3088 terra
1866 3031 2110 3087 scientia

452 3123 1077 3194 Domini,quasi,aqum
1094 3124 1273 3178 maris
1285 3122 1604 3193 operientis
1630 3119 1899 3175 :etradix
1920 3121 1948 3172 J
1957 3134 2105 3182 esse,
2147 3158 2187 3213 C

451 3228 586 3284 quae
622 3215 733 3267 stat
757 3212 817 3266 in
836 3211 1075 3281 signum
1106 3211 1769 3283 populorum.P.lpsum
1790 3213 1992 3277 gentes
2010 3208 2106 3266 de.

451 3299 875 3372 precabuntur.
907 3300 973 3358 ἲν.
1014 3303 1077 3355 In
1109 3315 1221 3355 sua
1243 3299 1471 3370 justitia
1494 3298 1787 3369 judicabit
1812 3312 2106 3369 pauperes

456 3387 683 3459 populi,
706 3386 1320 3443 etsalvosfacietﬁlios
1341 3384 2109 3458 pauperumethumiliabit

458 3474 972 3532 calumniatorem.
1002 3476 1067 3530 P.
1086 3479 1287 3547 Ipsum
1302 3482 1507 3543 gentes
1519 3474 2019 3546 deprecabuntur.
2040 3473 2100 3532 ἲν.

460 3563 674 3629 Gloria,
707 3567 763 3618 et
799 3562 994 3619 honor
1023 3564 1197 3631 Patri,
1236 3568 1291 3618 et
1315 3563 1472 3628 Filio,
1502 3566 1558 3618 et
1592 3562 1834 3634 Spiritui
1861 3563 2100 3627 Sancto,

464 3657 572 3707 etc.
601 3652 665 3707 P.
693 3653 896 3724 Ipsum
945 3657 1173 3722 gentes.

462 3812 472 3822 .
531 3740 752 3795 Oratio.
776 3743 951 3797 Juxta.
975 3744 1084 3808 est,
1104 3740 1370 3807 Domine,
1403 3740 1529 3795 dies
1550 3740 1874 3804 Adventus,
1900 3745 1955 3794 et
1974 3739 2105 3809 jam

458 3828 519 3883 ιη
544 3829 749 3899 januis
783 3834 870 3885 est
895 3828 1168 3884 terribilis
1193 3830 1341 3885 hora
1365 3829 1468 3885 illa
1496 3828 1725 3899 judicii.
1758 3828 1934 3885 Sileat
1963 3844 2104 3897 ergo

456 3917 654 3973 omnis
682 3932 823 3973 caro
852 3933 889 3973 a
920 3916 1065 3973 facie
1092 3925 1211 3982 tua,
1234 3917 1703 3989 etprolapsionis
1720 3932 1843 3971 suae
1863 3916 2104 3987 culpam

455 4003 693 4061 ﬂetibus
719 4004 908 4061 diluat
933 4025 944 4063 :
977 4010 1050 4072 et,
1079 4006 1221 4078 quia
1240 4021 1347 4061 nos
1374 4006 1485 4061 ista
1511 4020 1618 4078 per
1633 4020 1745 4060 nos
1764 4004 1960 4060 facere
1982 4018 2105 4059 non

452 4093 722 4150 valemus
754 4111 767 4151 :
798 4110 906 4167 per
936 4099 990 4151 te
1016 4094 1078 4150 id
1118 4110 1293 4166 agere
1326 4094 1715 4152 conﬁdimus.
1756 4093 2106 4166 ldeoposci-

455 4197 609 4247 mus,
637 4187 721 4249 ut,
750 4184 853 4255 qui
878 4183 1095 4240 electos
1111 4184 1189 4240 ad
1209 4188 1263 4239 te
1295 4183 1572 4239 vocando
1600 4181 2108 4254 sanctiﬁcas,pec-

457 4278 683 4326 catores
698 4272 1077 4329 coronandos
1102 4272 1465 4328 beatitudine
1486 4275 1707 4327 aeterna
1724 4269 2020 4325 sustollas.
2038 4280 2102 4333 Βι.

460 4362 648 4415 Amen

534 4448 643 4504 Per
665 4449 1131 4507 misericordiam
1170 4454 1356 4514 tuam,
1391 4452 1501 4503 etc.

2214 1886 2447 1941 scitabit
2473 1885 2648 1941 nobis
2668 1887 2978 1957 justum.et
2991 1886 3117 1958 ipse
3132 1887 3367 1941 salvum
3382 1886 3557 1941 faciet
3568 1883 3877 1958 populum

2212 1990 2389 2030 suum
2420 1990 2456 2030 a
2481 1974 2740 2047 peccatis
2769 1989 2995 2030 eorum.
3028 1976 3090 2028 P.
3125 1977 3188 2029 Et
3218 1974 3292 2029 de
3319 1979 3533 2030 morte.
3560 1973 3620 2033 ἲν-
3646 1972 3877 2040 Gloria,

2211 2064 2267 2118 et
2294 2062 2487 2119 honor
2514 2062 2687 2128 Patri,
2722 2069 2835 2118 etc.
2876 2062 3208 2118 Réiteretur
3227 2073 3291 2131 Ii.
3316 2061 3517 2119 Veniet
3546 2060 3877 2118 Dominus.

2774 2168 2846 2223 In
2868 2168 3187 2223 Laudibus.

2279 2274 2650 2343 Antiphona.
2678 2271 2887 2329 Fidelis
2908 2274 3013 2329 erit
3030 2274 3248 2330 domus
3271 2277 3392 2330 tua.
3427 2274 3501 2331 P.
3525 2276 3875 2345 Etregnum

2211 2365 2379 2419 tuum
2408 2377 2601 2435 usque
2634 2362 2693 2417 in
2720 2366 3020 2432 aeternum,
3052 2362 3191 2418 dicit
3232 2362 3539 2418 Dominus.

2686 2467 3003 2524 Canticum
3023 2468 3107 2539 (11
3135 2469 3401 2538 Reg.vn).

2285 2577 2405 2643 Ego
2431 2573 2535 2629 tuli
2547 2577 2602 2630 te
2622 2573 2695 2629 de
2712 2574 2953 2645 pascuis
2968 2579 3313 2646 sequentem
3330 2587 3560 2644 greges,
3584 2574 3600 2590 '
3620 2575 3682 2628 ut
3700 2588 3883 2629 esses

2214 2661 2338 2718 dux
2373 2677 2551 2735 super
2574 2662 2868 2735 populum
2914 2678 3117 2718 meum
3143 2662 3355 2718 Israel:

2286 2755 2352 2809 Et
2388 2752 2469 2807 fui
2513 2757 2706 2808 tecum
2725 2752 2787 2807 in
2815 2751 3097 2807 omnibus
3127 2751 3469 2824 ubicunque
3512 2749 3878 2816 ambulasti,

2217 2842 2308 2896 'et
2330 2840 2590 2896 interfeci
2614 2855 2826 2897 omnes
2857 2840 3275 2895 inimicostuos
3307 2854 3343 2895 a
3368 2839 3517 2894 facie
3539 2843 3680 2894 tua:

2287 2928 2534 3001 Fecique
2554 2929 2657 2984 tibi
2688 2943 2910 2985 nomen
2941 2927 3164 2998 grande
3186 2928 3595 2998 juxtanomen
3614 2941 3881 2997 magno-

2216 3033 2350 3075 rum
2397 3020 2411 3034 '
2441 3017 2545 3089 qui
2574 3020 2712 3073 sunt
2740 3018 2800 3072 in
2834 3022 3013 3072 terra.

2289 3109 2353 3161 Et
2380 3121 2606 3177 ponam
2630 3104 2829 3159 locum
2856 3104 3080 3175 populo
3099 3119 3232 3160 meo
3262 3104 3461 3169 Israel,
3487 3107 3544 3159 et
3570 3103 3883 3175 plantabo

2218 3209 2375 3260 eum,
2399 3202 2453 3249 et
2476 3191 2769 3249 habitabit
2798 3191 2911 3247 sub
2948 3208 3040 3261 eo,
3063 3193 3083 3214 "
3105 3196 3161 3248 et
3180 3207 3302 3248 non
3324 3191 3683 3257 turbabitur,
3740 3208 3883 3249 am-

2216 3282 2370 3354 plius
2394 3299 2407 3337 :

2286 3374 2399 3426 Nec
2425 3370 2649 3425 addent
2675 3368 2779 3424 filii
2803 3369 3147 3440 iniquitatis,
3178 3372 3243 3425 ut
3270 3367 3695 3438 aﬂliganteum
3720 3370 3887 3427 sicut

2215 3459 2399 3531 prius,
2429 3458 2451 3478 '
2480 3471 2551 3511 ex
2580 3456 2673 3511 die
2698 3471 2822 3527 qua
2837 3456 3112 3512 constitui
3126 3456 3549 3528 judicessuper
3565 3456 3881 3529 populum

2214 3563 2419 3604 meum
2456 3544 2632 3601 Israel
2657 3563 2669 3601 :

2286 3638 2350 3690 Et
2378 3633 2644 3705 requiem
2670 3632 2829 3688 dabo
2859 3632 2969 3689 tibi
2999 3633 3077 3689 ab
3107 3632 3389 3689 omnibus
3414 3632 3672 3687 inimicis
3708 3636 3874 3690 tuis:

2284 3726 2303 3744 '
2318 3721 2701 3794 Prtedicitque
2713 3721 2818 3777 tibi
2834 3721 3138 3784 Dominus,
3153 3721 3317 3793 quod
3329 3721 3584 3776 domum
3607 3720 3799 3779 faciat
3812 3724 3884 3780 ti-

2214 3812 2276 3868 bi
2308 3812 2613 3867 Dominus.

2287 3899 2551 3971 Cumque
2577 3897 2854 3969 completi
2876 3897 3091 3953 fuerint
3144 3897 3270 3953 dies
3290 3896 3393 3963 tui,
3427 3898 3447 3919 "
3476 3896 3883 3957 etdormieris

2216 4004 2353 4045 cum
2382 3987 2656 4059 patribus
2686 3987 2819 4050 tuis,

2289 4075 2593 4133 Suscitabo
2606 4089 2809 4131 semen
2824 4076 2993 4131 tuum
3010 4078 3143 4148 post
3155 4074 3399 4146 te,quod
3416 4074 3760 4146 egredietur
3804 4094 3887 4135 ex

2216 4168 2384 4221 utero
2413 4167 2537 4231 tuo,
2569 4167 2589 4186 '
2618 4167 2675 4218 et
2692 4163 2949 4218 ﬁrmabo
2973 4177 3227 4232 regnum
3247 4164 3377 4233 ejus
3418 4182 3431 4218 :

2287 4257 2415 4325 Ipse
2441 4250 2757 4307 aediﬁcavit
2775 4251 3026 4307 domum
3040 4252 3267 4307 nomini
3280 4266 3438 4319 meo,
3457 4252 3473 4269 '
3486 4251 3887 4322 etfstabiliam

2214 4342 2498 4398 thronum
2534 4339 2701 4408 regni
2724 4340 2852 4410 ejus
2888 4339 2948 4394 in
2982 4339 3430 4411 sempiternum.

2285 4433 2406 4499 Ego
2437 4443 2536 4484 ero
2563 4428 2694 4484 eiin
2732 4434 2984 4500 patrem,
3009 4432 3028 4451 ‘
3064 4435 3119 4483 et
3169 4427 3302 4500 ipse
3353 4428 3463 4485 erit
3486 4428 3634 4485 mihi
3684 4430 3751 4486 in
3814 4434 3888 4488 ﬁ-

535 4500 1803 4607 :A'ritipiiorzaéﬁonfortaminiin'Domino,et
1824 4534 1883 4589 in
1897 4538 2105 4605 poten-
2136 4500 2181 4554 Ι)
2216 4519 2393 4574 lium!

465 4626 547 4682 tia
572 4626 800 4683 virtutis
835 4628 965 4698 ejus
990 4642 1097 4699 per
1122 4639 1365 4682 omnem
1397 4622 2102 4689 orationem,etobsecra-

466 4716 687 4771 tionem
716 4715 777 4771 in
792 4715 1127 4771 Adventum
1153 4711 1516 4770 JesuChristi
1547 4710 1781 4767 Domini
1809 4712 2014 4768 nostri.
2033 4712 2096 4769 i7.

466 4803 696 4860 Orietur
706 4803 769 4858 in
781 4803 988 4859 diebus
1000 4804 1128 4872 ejus
1133 4801 1361 4872 justitia
1372 4799 1805 4856 etabundantia
1815 4799 2101 4873 pacis,do-

462 4906 571 4947 nec
598 4890 1088 4947 extollaturluna.
1117 4891 1201 4947 P.
1237 4892 1342 4944 Per
1386 4904 1620 4944 omnem
1664 4889 2015 4945 orationem.
2038 4888 2103 4948 Ἐν.

462 4978 679 5047 Gloria,
712 4983 768 5033 et
783 4978 975 5033 bonor
988 4976 1162 5041 Patri,
1176 4982 1285 5033 etc.
1299 4978 1475 5032 P.Per
1495 4992 1736 5033 omnem
1752 4978 2099 5035 orationem.

536 5067 755 5121 Oratio.
785 5069 894 5122 Fac
912 5082 1039 5131 nos,
1064 5066 1329 5133 Domine,
1341 5066 1514 5136 juste,
1549 5070 1605 5121 et
1636 5067 1850 5133 sobrie,
1871 5066 2104 5139 etpiein

461 5157 576 5211 hoc
588 5154 805 5209 saeculo
817 5154 1035 5222 vivere,
1046 5158 1492 5224 utexpectantes
1504 5154 1745 5211 beatam
1758 5156 1919 5211 illam
1938 5171 2107 5226 spem

462 5250 517 5299 et
546 5242 873 5298 adventum
896 5242 1175 5299 claritatis
1204 5242 1663 5311 magniﬁcentiae
1694 5248 1832 5311 ture,
1881 5244 1965 5299 sic
2002 5258 2109 5315 per

466 5330 711 5387 semitas
723 5346 1032 5386 curramus
1044 5332 1064 5402 j
1076 5332 1383 5403 ustitite,§ut
1400 5332 1609 5389 merito
1622 5332 1901 5388 accedere
1918 5331 2107 5403 possi-

468 5434 603 5476 mus
628 5417 707 5475 ad
726 5422 1009 5475 aeternam
1034 5419 1435 5476 hereditatem.
1481 5432 1544 5480 ἢν.
1579 5424 1788 5476 Amen.

538 5513 642 5566 Per
678 5508 1151 5566 misericordiam
1192 5515 1378 5577 tuam,
1418 5512 1571 5565 Deus
1600 5514 1818 5573 noster,
1854 5512 1965 5565 etc.

539 5598 873 5669 Antiphona
902 5603 958 5656 3.
986 5598 1403 5665 Consolamini,
1422 5597 1837 5667 consolamini,
1852 5596 2111 5667 Populus

2288 4610 2354 4662 Et
2380 4605 2566 4662 ﬁdelis
2592 4605 2700 4661 erit
2714 4605 2932 4661 domus
2951 4609 3073 4672 tua,
3099 4608 3117 4627 θ
3135 4608 3639 4676 etregnumtuum
3665 4621 3886 4683 usque

2216 4697 2278 4752 in
2302 4701 2588 4751 internum
2617 4697 2755 4750 ante
2784 4694 2997 4750 faciem
3021 4697 3215 4750 tuam.

2288 4787 2354 4839 Et
2390 4783 2637 4839 thronus
2662 4786 2797 4839 tuus
2822 4782 2929 4839 erit
2960 4781 3340 4838 ﬁrmissimus
3365 4782 3603 4853 jugiter.

2287 4872 2357 4926 P.
2390 4870 2594 4927 Fidelis
2617 4870 2743 4926 erit.

2286 4960 2499 5027 Gloria,
2532 4964 2587 5016 et
2607 4960 2801 5016 honor
2839 4961 3010 5025 Patri,
3039 4966 3147 5015 etc.

2287 5052 2350 5105 Ρ.
2384 5052 2450 5105 Et
2474 5064 2727 5120 regnum
2754 5050 2909 5120 ejus.

2286 5156 2753 5211 Matutinarium.
2779 5156 3140 5224 Antiphona.
3170 5155 3379 5212 Emitte
3422 5156 3621 5212 lucem
3670 5158 3890 5231 tuam,

2218 5244 2486 5309 Domine,
2524 5244 3083 5299 etveritatemtuam.
3115 5244 3177 5304 ἲν.
3204 5248 3445 5316 Ipsame
3466 5245 3888 5317 deduxerunt,

2217 5336 2275 5389 et
2298 5332 2672 5389 adduxerunt
2695 5332 2757 5387 in
2777 5335 3045 5388 montem
3062 5336 3325 5389 sanctum
3358 5339 3554 5404 tuum,
3587 5340 3644 5389 et
3666 5335 3731 5391 in
3780 5342 3884 5395 ta-

2216 5421 2545 5477 bernacula
2570 5424 2696 5478 tua.
2725 5423 2788 5476 P.
2821 5421 3029 5478 Emitte
3068 5422 3285 5478 lucem.
3309 5423 3371 5482 ἢν.
3410 5423 3629 5493 Gloria,
3665 5426 3781 5495 12
3827 5435 3893 5485 et

2217 5510 2411 5567 honor
2439 5508 2612 5574 Patri,
2639 5512 2750 5567 etc.
2773 5508 2838 5565 P.
2872 5510 3080 5567 Emitte
3109 5510 3325 5566 lucem.

2288 5597 2521 5655 Lauda.
2554 5596 2813 5655 Laudato
2832 5598 3155 5656 Dominum
3183 5598 3245 5655 in
3262 5599 3482 5656 sanctis
3524 5600 3690 5671 ejus:
3721 5603 3897 5662 Alle«
