4076 6450
475 321 544 388 67
1721 311 2177 376 BREVIARIUM
2217 313 2616 373 GOTHICUM.
3829 312 3908 368 68

543 451 892 522 Antiphone
911 441 1862 512 2.Confortamini,pusillanimes:
1889 441 2119 499 confor-
2149 438 2198 494 A
2228 446 2294 498 ut
2324 455 2567 512 gregem
2591 441 2798 515 populi
2829 440 2938 497 sui.
2971 441 3045 496 P.
3078 433 3342 495 Salvabit
3364 449 3475 490 nos
3502 435 3824 492 Dominus.

474 540 705 611 tamini,
735 542 793 595 et
815 533 997 594 nolite
1017 532 1252 590 timere:
1275 545 1412 588 ecce
1433 532 1588 587 Deus
1602 534 1796 588 vester
1833 530 2121 587 ultionem

472 627 718 688 adducit
745 620 1170 682 retributionis.
1195 621 1278 677 P.
1310 620 1463 676 Deus
1474 619 1601 690 ipse
1631 619 1909 691 veniet,et
1924 617 2120 675 salvos

472 733 585 774 nos
602 715 794 773 faciet.
824 712 887 772 77.
923 712 1140 768 Omnes
1161 711 1365 777 gentes
1393 707 1658 778 plaudite
1686 705 1962 763 manibus
1993 722 2007 760 :
2024 705 2120 776 ju-

473 803 656 862 bilate
687 805 807 860 Deo
832 800 894 857 in
912 813 1056 856 voce
1084 795 1556 856 exultationis.P.
1575 798 1720 852 Ecce
1737 798 1894 851 Deus
1908 797 2116 857 vester,

475 890 778 966 l‘v’._Gloria,
810 891 868 946 et
902 887 1096 944 honor
1115 882 1293 953 Patri,
1366 886 1424 940 et
1466 883 1625 954 Filio,
1671 887 1785 940 etc.
1844 883 1922 938 P.
1969 884 2122 938 Deus

477 996 626 1040 ιοεθ.

498 996 976 1136 psgratioSuper
992 1065 1262 1119 montem
1278 1059 1583 1118 Adventus
1599 1060 1682 1116 tui
1706 1058 1929 1129 gaudia
1947 1071 2122 1113 evan-

481 1157 799 1228 gelizantes
823 1149 1380 1215 ascendimus,dum
1399 1149 1461 1206 in
1477 1148 1786 1205 altitudine
1806 1151 1929 1212 tua,
1964 1144 2123 1201 Chri-

482 1251 590 1311 ste,
623 1243 726 1299 Dei
757 1240 954 1305 Filius,
984 1237 1216 1294 fundati
1245 1254 1258 1304 ;
1283 1253 1373 1303 ea,
1403 1253 1539 1308 quae
1569 1237 1643 1291 de
1683 1240 1737 1292 te
1765 1249 1908 1291 vera
1962 1236 2119 1297 sunt,

480 1332 782 1389 credimus
806 1332 862 1384 et
887 1328 1161 1384 fatemur.
1187 1326 1437 1382 Oremus
1462 1338 1623 1393 ergo,
1652 1327 1734 1388 ut,
1767 1322 1872 1394 qui
1899 1320 1980 1378 ad
2041 1320 2120 1376 fa-

477 1414 1068 1487 ciendumjudicium
1089 1428 1151 1467 es
1206 1417 1520 1480 venturus,
1547 1426 1661 1468 nos
1706 1411 1909 1482 expies
1959 1413 1996 1466 ὰ
2020 1407 2127 1465 cri-

473 1506 739 1564 minibus
764 1502 1010 1562 nostris.
1041 1505 1252 1557 Amen.

542 1598 648 1652 Per
688 1589 1183 1654 misericordiam,
1225 1592 1336 1646 etc.

540 1681 895 1750 Antiphona
920 1681 976 1736 3.
1003 1679 1153 1732 Ecce
1180 1691 1292 1746 ego
1309 1674 1549 1734 mittam
1567 1673 1740 1732 vobis
1763 1673 1950 1731 Ellam
1992 1675 2127 1731 Pro-

2299 529 2576 596 Gloria,et
2603 530 2797 587 honor
2811 528 2984 595 Patri,
3021 530 3077 585 et
3101 525 3327 590 Filio,et
3374 523 3610 594 Spiritui
3643 524 3903 604 Sancto.

2298 619 2457 674 Sicut
2475 623 2618 686 erat,
2656 624 2765 676 etc.

2297 707 2362 761 P.
2396 706 2664 763 Salvabit
2686 722 2826 764 nos.

2295 795 2768 852 Matutinarium.
2799 792 3153 864 Antiphona.
3189 789 3494 846 illuminas
3512 793 3575 845 tu
3587 790 3902 852 mirabilis

2226 898 2263 940 a
2288 883 2590 939 montibus
2611 875 2844 940 aeternis
2868 898 2882 939 :
2908 880 3128 938 turbati
3147 891 3356 935 sumus
3372 893 3585 934 omnes
3599 877 3901 952 insipien-

2225 974 2314 1027 tes
2331 971 2610 1031 cordeJl’.
2638 974 2821 1028 Notus
2867 970 2929 1026 in
2977 968 3186 1024 Iudaea
3230 967 3490 1024 Deuszin
3544 967 3727 1026 Israel
3756 985 3898 1026 ma-

2227 1074 2416 1129 gnum
2442 1073 2664 1115 nomen
2690 1060 2838 1129 ejus.
2871 1060 2933 1114 P.
2967 1056 3277 1112 llluminas
3295 1059 3358 1111 tu
3419 1054 3531 1126 14
3574 1053 3897 1114 mirabilis-

2225 1146 2293 1208 )7.
2334 1147 2549 1213 Gloria,
2581 1152 2638 1203 et
2660 1148 2852 1203 honor
2877 1146 3050 1202 Patri.
3080 1146 3146 1200 P.
3174 1143 3483 1200 Illuminas
3525 1148 3611 1200 tu.

2300 1237 2528 1294 Lauda.
2539 1236 2797 1292 Laudate
2813 1235 3129 1292 Dominum
3152 1233 3215 1288 in
3233 1233 3454 1288 sanctis
3467 1233 3517 1302 ej
3527 1233 3899 1300 uszall'eluia,

2231 1322 2485 1382 alleluia.
2522 1324 2785 1381 Laudate
2807 1339 2946 1380 eum
2983 1323 3046 1379 in
3069 1322 3450 1378 ﬁrmamento
3477 1321 3713 1377 virtutis
3731 1322 3896 1392 ejus,

2233 1411 2486 1469 alleluia.
2507 1414 2773 1470 Psalmus
2797 1428 2885 1469 CL.

2303 1501 2646 1570 Prophetia.
2679 1501 2801 1570 Fili,
2831 1499 2936 1572 qui
2963 1499 3129 1555 audit
3153 1513 3268 1567 me,
3301 1512 3426 1553 non
3463 1496 3894 1562 confundetur,

2233 1588 2491 1659 Require
2520 1595 2679 1646 retro
2703 1590 2813 1658 fol.
2841 1594 2894 1644 7.
2921 1588 3338 1659 Hymnus.Vox
3367 1585 3528 1642 clara
3553 1601 3692 1642 ecce
3741 1586 3904 1642 into-

2233 1679 2616 1747 natﬂequire
2640 1678 2704 1732 in
2743 1679 3008 1746 Vesperis
3036 1679 3070 1730 4
3085 1675 3245 1744 feria
3263 1675 3468 1743 fol.12.
3495 1671 3900 1744 Supplicatio.

470 1770 808 1843 phetam.P.
839 1769 1178 1836 Antequam
1205 1763 1409 1820 veniat
1430 1762 1558 1820 dies
1587 1761 1823 1819 Domini
1843 1776 2123 1830 magnus,
2158 1778 2202 1834 Β
2235 1765 2483 1822 Oremus
2508 1765 2964 1837 Redemptorem
3009 1762 3220 1820 mundi
3254 1762 3576 1818 Dominum
3615 1768 3903 1822 nostrum

472 1860 534 1922 γ.
576 1856 787 1918 Audite
807 1855 958 1922 haec,
989 1868 1200 1910 omnes
1240 1856 1485 1922 gentes:
1527 1851 1776 1910 auribus
1819 1850 2123 1922 percipite,

471 1945 572 2018 qui
589 1942 870 2002 habitatis
893 1941 1214 2004 orbem.P.
1239 1943 1572 2011 Antequam
1610 1937 1827 1996 veniat.
1872 1938 1934 1999 ἲν.
2002 1937 2129 1995 Glo-

475 2034 651 2102 ria,et
670 2033 864 2088 honor
896 2029 1076 2088 Patri.
1104 2028 1170 2086 P.
1199 2031 1559 2099 Antequam.

551 2121 774 2178 Oratio.
807 2121 962 2176 Deus
994 2118 1164 2174 Pater
1199 2113 1863 2187 omnipotenleequz‘re
1879 2118 2034 2172 retro
2063 2116 2128 2170 in

479 2209 731 2279 vesperis
757 2205 1220 2277 prwcedentibus
1248 2204 1321 2260 de
1356 2206 1390 2258 4
1417 2204 1598 2273 feria,
1623 2203 1743 2272 fol.
1811 2207 1896 2259 l2.
1969 2273 1972 2276 ἢ

547 2309 613 2366 ἢ.
647 2293 1182 2352 Consolabiturnos
1196 2291 1483 2352 Dominus
1512 2294 1667 2348 Deus
1705 2294 1927 2348 noster.
1958 2290 2024 2346 P.
2066 2292 2132 2346 Et

476 2383 748 2445 ostendet
767 2379 1237 2438 misericordiam
1261 2394 1442 2450 super
1462 2393 1604 2438 nos:
1634 2393 1759 2438 non
1773 2377 1935 2435 enim
1956 2377 2130 2435 dere-

473 2472 704 2544 linquet
731 2485 844 2525 nos
885 2468 947 2523 in
965 2467 1172 2523 ﬁnem.
1198 2465 1260 2528 i7.
1302 2467 1451 2522 Ecce
1484 2465 1768 2524 Dominus
1816 2465 1880 2522 in
1929 2464 2131 2526 medio

473 2558 660 2620 nostri
678 2557 888 2623 veniet,
921 2555 1096 2629 quasi
1117 2571 1231 2619 ros,
1299 2558 1353 2610 et
1373 2553 1528 2610 sicut
1573 2553 1741 2610 stillas
1789 2569 1970 2625 super
2002 2553 2133 2610 her-

471 2649 637 2718 bam,
670 2651 872 2701 etnon
916 2644 1194 2701 immittet
1257 2643 1412 2698 ultra
1458 2642 1721 2700 furorem
1775 2657 1990 2708 suum;
2025 2641 2132 2698 sed

470 2736 815 2800 revertetur,
849 2736 907 2790 et
935 2730 1313 2790 miserebitur
1363 2730 1564 2790 nobis.
1611 2733 1676 2790 P.
1724 2733 1791 2786 Et
1838 2729 2128 2788 ostendet.

471 2823 532 2885 il.
565 2821 777 2886 Gloria,
832 2825 889 2878 et
951 2820 1166 2878 honor.
1223 2817 1561 2877 [tolleretur
1611 2831 1674 2889 11.
1717 2817 2130 2877 Consolabitur

469 2928 607 2972 nos.

1079 2997 1152 3056 In
1182 2997 1521 3060 Laudibus.

2233 1854 2438 1910 Jesum
2470 1853 2783 1910 Christum.
2805 1853 3057 1924 Require
3073 1852 3188 1920 fol.
3231 1854 3282 1905 2.

2308 1942 2606 2011 Capitula.
2627 1941 2876 1997 Domine
2905 1939 3210 2009 virtutum,
3250 1939 3552 1996 orationes
3578 1955 3904 1997 servorum

2235 2033 2474 2085 tuorum
2509 2029 2778 2101 placatus
2802 2028 3024 2100 accipe,
3058 2027 3272 2099 etquid
3289 2042 3400 2082 nos
3430 2042 3602 2084 orare
3633 2034 3899 2100 oportet,

2235 2118 2483 2188 dignare
2495 2123 3076 2189 monstrarezeosque
3093 2115 3432 2172 aeternitatis
3445 2115 3581 2172 cibo
3595 2118 3899 2190 contorta,

2236 2221 2390 2279 quos
2405 2207 2581 2279 panis
2602 2206 3050 2278 lachrymarum
3071 2204 3409 2261 conturbat:
3430 2205 3488 2260 et
3502 2210 3628 2262 tam
3647 2206 3906 2264 misera-

2236 2294 2342 2352 bili
2380 2295 2521 2351 tletu
2537 2295 2778 2352 ﬂumina
2794 2295 3241 2366 lachrymarum
3260 2293 3415 2349 oculi
3428 2293 3907 2362 ﬂuant,utmise-

2236 2382 2537 2439 rationum
2557 2385 2795 2439 tuarum
2807 2381 3044 2453 copiam
3059 2379 3405 2437 criminibus
3417 2380 3488 2436 eli
3495 2381 3573 2436 sis
3584 2381 3668 2436 im
3674 2381 3906 2453 plecta-

2237 2486 2403 2527 mur:
2437 2471 2658 2542 quique
2674 2469 3085 2541 Redemptoris
3108 2469 3296 2526 nostri
3337 2468 3681 2526 Adventum
3712 2485 3905 2542 pave-

2237 2574 2397 2626 mus,
2437 2560 2567 2630 ejus
2594 2558 2920 2631 gloriosum
2945 2561 3332 2630 conspectum
3357 2559 3490 2630 ipso
3529 2559 3905 2620 adveniente

2238 2647 2692 2720 pacatissimum
2721 2647 3216 2719 contemplemur.

2306 2738 2474 2792 Pater
2492 2740 2715 2793 noster.

2306 2830 2353 2881 A
2379 2825 2541 2882 malo
2570 2839 2681 2881 nos
2708 2820 2923 2882 libera.
2951 2824 3206 2894 Requt're
3229 2825 3346 2893 fol.
3379 2829 3460 2880 l0.

2306 2914 2531 2970 Lauda.
2555 2915 2709 2969 Deus
2745 2911 3059 2969 manifeste
3079 2912 3288 2968 veniet.
3309 2914 3424 2982 fol.
3452 2914 3898 2974 8.Benedict£o.

2233 3002 2592 3075 Redemptor
2618 3005 2820 3058 noster
2834 3005 2893 3058 et
2913 3001 3220 3058 Dominus.
3241 3001 3345 3072 fol.
3377 3006 3460 3060 l2.

544 3092 637 3149 Ad
667 3085 1657 3182 Canticum.natm/zonaSalvabit
1683 3068 2125 3182 nos-Dominus
2157 3122 2199 3182 α
2302 3092 2367 3149 1n
2393 3068 2639 3150 nomine
2668 3089 2926 3182 Domini.
2959 3101 3027 3182 Βς.
3052 3092 3190 3182 Deo
3217 3068 3454 3161 gratias.

476 3180 633 3236 Deus
648 3183 848 3236 noster
872 3177 935 3233 in
960 3175 1056 3231 die
1084 3175 1221 3240 illa;
1255 3181 1317 3234 ut
1345 3189 1588 3246 gregem
1627 3175 1839 3246 populi
1871 3176 1980 3234 sui.

853 3325 855 3328 ,
901 3263 1205 3322 Canticum
1243 3263 1529 3335 (Zachar.
1583 3263 1686 3333 ut).

547 3355 756 3412 Exulta
777 3353 919 3410 satis
931 3351 1056 3408 ﬁlia
1077 3351 1235 3417 Sion,
1260 3352 1283 3374 "
1308 3350 1504 3421 jubila
1533 3351 1925 3420 Hierusalem;

545 3447 693 3501 Ecce
715 3446 837 3515 Rex
865 3446 1002 3500 tuus
1027 3439 1227 3498 veniet
1256 3439 1402 3498 tibi’
1421 3439 1640 3510 justus,
1671 3445 1728 3498 et
1754 3441 2049 3500 salvator:

544 3536 675 3604 Ipse
696 3546 950 3604 pauper,
972 3528 1308 3585 ascendens
1337 3543 1518 3601 super
1538 3528 1789 3598 asinam,
1815 3531 1838 3553 *
1861 3534 1918 3588 et
1951 3545 2125 3602 super

472 3620 708 3693 pullum
737 3619 929 3674 ﬁlium
960 3617 1166 3698 asina,
1400 3672 1420 3676 .,
1486 3670 1492 3678 .

544 3710 610 3764 Et
638 3707 990 3779 disperdam
1010 3703 1372 3779 quadrigam
1395 3705 1725 3778 Ephraim,‘
1735 3710 1791 3764 et
1808 3722 2031 3779 equum
2047 3705 2122 3764 de

473 3794 859 3853 Hierusalem.

543 3895 611 3952 Et
637 3890 1030 3965 dissipabitur
1058 3905 1233 3950 arcus
1285 3889 1450 3948 belli:
1475 3893 1496 3920 α
1521 3895 1580 3950 et
1605 3891 1884 3963 loquetur
1906 3905 2121 3965 pacem

474 3980 776 4050 gentibus.

541 4071 609 4125 Et
635 4071 901 4141 potestas
926 4067 1055 4138 ejus
1086 4083 1123 4124 a
1178 4067 1332 4124 mari
1362 4083 1556 4140 usque
1585 4068 1666 4125 ad
1713 4082 1916 4138 mare;
1946 4069 1965 4090 ‘
1999 4071 2054 4126 et
2083 4082 2121 4125 a

466 4156 822 4238 ﬂuminibus
842 4171 1033 4230 usque
1051 4156 1129 4216 ad
1156 4155 1306 4213 ﬁnes
1338 4161 1524 4215 terra.

537 4248 622 4301 Tu
659 4260 900 4317 quoque
944 4243 1006 4300 in
1043 4245 1332 4315 sanguine
1383 4244 1719 4304 testamenti
1753 4245 1837 4303 tui
1865 4244 2120 4303 emisisti

471 4333 698 4391 vinctos
725 4336 859 4390 tuos
884 4332 958 4390 de
977 4331 1133 4404 lacu,
1164 4333 1182 4351 ’
1199 4332 1263 4391 in
1300 4347 1423 4405 quo
1451 4349 1578 4392 non
1607 4336 1696 4390 est
1755 4349 1939 4405 aqua.

2299 3182 2438 3240 Fiat
2469 3180 2940 3238 commemoratio
2971 3180 3082 3248 fol.
3119 3181 3168 3234 1.

2232 3273 2300 3327 ΙΝ
2329 3271 2647 3328 SECUNDO
2695 3268 3036 3326 DOMINICO
3092 3270 3184 3324 DE
3226 3269 3559 3325 AVENTUA
3609 3271 3892 3330 DOMlNl.

2831 3357 2928 3412 Ad
2965 3357 3262 3426 Vesperas.

2300 3447 2529 3505 Lauda.
2557 3447 2606 3501 A
2629 3445 2771 3502 solis
2799 3449 2934 3502 ortu
2953 3460 3166 3518 usque.
3215 3445 3443 3504 Oratio.
3479 3448 3658 3517 Deus,
3722 3451 3906 3522 cujus

2228 3549 2474 3593 nomen.
2503 3535 2761 3606 Require
2784 3534 2897 3604 fol.
2927 3536 2988 3591 1.

2299 3622 2747 3681 Sono.Alleluia.
2780 3621 3138 3678 Gaudebunt
3161 3623 3381 3694 campi,
3413 3627 3469 3680 et
3491 3624 3721 3692 omnia,
3755 3642 3904 3699 quae

2227 3714 2292 3770 in
2315 3713 2404 3770 eis
2431 3716 2590 3770 sunt.
2623 3713 2783 3768 Tunc
2806 3710 3176 3768 exulbabunt
3204 3711 3584 3782 omnialigna
3604 3713 3909 3773 silvarum

2229 3807 2365 3861 ante
2387 3801 2601 3858 faciem
2620 3799 2877 3858 Domini.
2925 3800 2992 3855 P.
3053 3800 3350 3864 Quoniam
3383 3801 3544 3858 venit
3577 3802 3896 3862 :alleluia.

2226 3890 2287 3952 tr.
2331 3891 2570 3947 Cantate
2593 3888 2848 3946 Domino
2881 3888 3182 3944 centiam
3209 3903 3438 3946 novum
3466 3896 3744 3949 :cantate
3778 3895 3904 3952 Do-

2227 3978 2394 4036 mino
2411 3977 2611 4036 omnis
2633 3981 2815 4034 terra.
2857 3975 3090 4033 Psallite
3109 3979 3250 4045 Deo,
3289 3982 3348 4035 et
3397 3979 3734 4038 benedicite
3793 3998 3907 4040 no-

2225 4083 2367 4124 men
2397 4067 2562 4138 ejus:
2584 4066 2948 4123 annunciate
2981 4064 3135 4122 inter
3163 4069 3368 4136 gentes
3419 4067 3680 4140 gloriam
3737 4071 3903 4143 ejus.

2226 4157 2293 4214 P.
2326 4156 2621 4223 Quoniam
2644 4154 2841 4211 venit:
2865 4153 3128 4211 alleluia.

2295 4244 2474 4299 Dicat
2505 4243 3151 4313 Presbyterﬂominus
3166 4243 3240 4300 sit
3256 4259 3515 4318 semper.
3539 4257 3603 4318 1t.
3635 4249 3706 4304 Et
3729 4263 3905 4308 eum.

2296 4331 2820 4402 AntiphonaEcce
2851 4332 3218 4390 revelabitur
3245 4333 3440 4405 gloria
3483 4336 3729 4394 Domini
3750 4341 3909 4397 Gen-

538 4421 959 4483 Convertimini
986 4422 1067 4482 ad
1085 4421 1482 4481 munitionem
1511 4421 1694 4480 vincti
1713 4423 1844 4493 spei
1863 4422 1910 4489 ;'
1937 4421 2121 4481 hodie
2152 4473 2197 4495 ᾗ
2226 4418 2561 4478 tibus.P.Et
2587 4420 2810 4477 videbit
2833 4421 3034 4478 omnis
3052 4422 3386 4495 caro,quod
3398 4438 3468 4481 os
3481 4424 3909 4486 Dominilocu~

467 4526 707 4583 quoque
735 4510 1115 4571 adnuncians
1137 4510 1404 4584 duplicia
1429 4509 1685 4568 reddam
1742 4508 1870 4566 tibi.

540 4599 837 4666 Quoniam
865 4599 1132 4659 extendit
1157 4598 1307 4656 mihi
1329 4601 1357 4654 J
1363 4597 1548 4655 udam
1577 4597 1748 4669 quasi
1775 4598 2118 4666 arcum,im-

463 4687 618 4762 plevi
639 4688 956 4761 Ephraim:
978 4690 996 4708 '
1024 4692 1082 4746 et
1110 4684 1417 4744 suscitabo
1440 4685 1598 4743 ﬁlios
1618 4689 1754 4744 tuos
1777 4685 1918 4744 Sion
1939 4702 2119 4760 super

462 4775 618 4834 ﬁlios
643 4781 777 4834 tuos
804 4775 1028 4836 Graecia
1058 4800 1073 4834 :

533 4869 602 4924 Et
621 4881 849 4939 ponam
877 4870 934 4925 te
953 4866 1137 4938 quasi
1162 4861 1434 4936 gladium
1460 4861 1723 4921 fortium.
1754 4863 1774 4886 '
1794 4867 1863 4923 Et
1916 4865 2113 4924 Domi-

460 4964 578 5012 nus
606 4958 762 5014 Deus
791 4971 971 5028 super
1009 4971 1114 5013 eos
1135 4951 1434 5010 videbitur
1474 4969 1489 5022 ;

530 5046 600 5104 Et
630 5044 814 5104 exibit
842 5049 909 5102 ut
929 5043 1150 5115 fulgur,
1189 5041 1466 5113 jaculum
1491 5041 1688 5112 ejus:"
1711 5046 1768 5100 et
1825 5043 2112 5101 Dominus

459 5135 618 5192 Deus
639 5135 702 5192 in
729 5133 878 5191 tuba
903 5136 1092 5197 canet,
1122 5134 1179 5188 et
1215 5130 1466 5188 vadetin
1497 5130 1731 5189 turbine
1751 5132 1971 5190 Austri.

530 5222 821 5280 Dominus
841 5220 1205 5280 exercituum
1230 5223 1501 5291 proteget
1521 5234 1652 5277 eos:
1676 5225 1732 5277 et
1742 5221 2115 5280 devorabunt

460 5313 601 5376 te,et
621 5309 755 5379 subj
764 5310 940 5367 icient
960 5308 1265 5382 lapidibus
1288 5308 1491 5366 funda:
1519 5327 1539 5377 ;
1568 5310 1584 5328 '
1613 5313 1671 5366 et
1695 5309 1970 5367 bibentes
1983 5310 2110 5368 ine-

455 5395 837 5466 briabuntur,
879 5397 1049 5469 quasi
1072 5414 1111 5456 a
1134 5397 1275 5455 vino
1303 5401 1361 5455 et
1378 5397 1768 5471 replebuntur
1779 5402 1846 5457 ut
1868 5398 2107 5472 phialae,

459 5491 518 5548 et
541 5485 720 5560 quasi
737 5502 929 5544 cornu
952 5487 1179 5546 altaris.

531 5579 601 5634 Et
621 5574 882 5636 salvabit
900 5591 1004 5639 eos
1033 5576 1323 5638 Dominus
1355 5580 1512 5638 Deus
1533 5587 1744 5641 eorum
1766 5577 1831 5639 in
1869 5578 1966 5640 die
1984 5579 2106 5652 illa,

2149 4473 2198 4530 D

2226 4512 2356 4566 tum
2381 4513 2492 4567 est.
2512 4509 2574 4572 κν.
2606 4512 2762 4566 Deus
2799 4510 3113 4568 manifeste
3137 4513 3352 4578 veniet,
3380 4517 3436 4570 et
3456 4515 3616 4571 Deus
3661 4524 3899 4591 noster,

2226 4602 2283 4656 et
2308 4613 2433 4655 non
2454 4598 2667 4655 silebit.
2699 4599 2764 4656 P.
2805 4603 2871 4657 Et
2901 4599 3145 4658 videbit.
3174 4601 3246 4661 P.
3261 4601 3459 4661 Gloria
3482 4607 3538 4661 et
3566 4602 3769 4664 honor
3784 4609 3903 4669 Pa-

2225 4687 2318 4744 tri.
2341 4687 2404 4748 Y.
2446 4690 2513 4744 Et
2531 4686 2775 4744 videbit.

2294 4775 2820 4833 Lauda.Dominus
2854 4776 3015 4833 enim
3044 4777 3217 4836 dabit
3234 4777 3902 4845 benedictionem:alle«

2221 4863 2362 4922 luia.
2392 4867 2456 4920 P.
2500 4867 2565 4921 Et
2588 4868 2745 4922 terra
2759 4870 2965 4922 nostra
2982 4865 3152 4924 dabit
3202 4866 3464 4925 fructum
3503 4878 3723 4929 suum:
3750 4875 3902 4934 alle.

2219 4953 2363 5024 luia,
2395 4954 2656 5011 alleluia.
2677 4953 2740 5018 ἵ.
2773 4957 3193 5013 Verumtamen
3225 4972 3408 5032 prope
3429 4959 3711 5019 timentes
3746 4980 3898 5023 eum

2221 5044 2482 5101 salutare
2511 5044 2726 5116 ipsius,
2748 5048 2814 5101 ut
2840 5043 3129 5102 inhabitet
3145 5045 3210 5101 in
3239 5051 3394 5106 terra
3435 5054 3664 5108 nostra.
3721 5054 3794 5112 P.
3829 5059 3898 5113 Et

2220 5137 2398 5191 terra.
2425 5133 2487 5196 il.
2529 5133 2743 5200 Gloria,
2776 5138 2834 5190 et
2859 5133 3055 5191 honor
3086 5135 3270 5194 Patri.
3311 5138 3398 5194 P.
3437 5140 3508 5195 Et
3535 5143 3720 5200 terra.

2288 5223 2587 5293 Hymnus.
2603 5222 2812 5278 Christi
2833 5224 3760 5295 caterva.Suppl€catio.Oremus
3776 5236 3892 5294 Re-

2217 5311 2598 5384 demptorem
2624 5311 2854 5368 mundi.
2884 5312 3141 5383 Require
3158 5320 3318 5369 retro
3332 5315 3443 5384 fol.
3483 5317 3502 5372 Ι
3568 5323 3626 5374 et
3654 5324 3712 5378 2.
3777 5325 3889 5383 Ca-

2210 5397 2429 5470 pitula.
2453 5401 2629 5467 Deus,
2652 5398 2745 5455 cui
2777 5399 2976 5457 omnis
3013 5403 3190 5458 terra.
3227 5402 3564 5475 Quare/bl.
3591 5411 3680 5464 l2.
3710 5409 3888 5471 Pater

2214 5492 2442 5547 noster.
2474 5488 2728 5547 Liberati
2767 5505 2805 5548 a
2828 5489 3009 5548 malo.
3049 5487 3166 5559 fol.
3206 5495 3259 5547 2.

2301 5579 2949 5649 Benedictio.Deus,Dei
2970 5579 3178 5641 Patris.
3210 5579 3414 5654 Filius,
3456 5585 3731 5658 quiolim
3745 5595 3886 5655 Ρι-ο.
