4076 6440
156 333 217 392 69
1346 336 1701 395 DOMINICA
1740 330 1788 391 ΙΙ
1827 332 2196 393 ABVENTUS
2236 337 2513 396 DOMINI.
3555 338 3627 399 7O

159 457 439 531 phet’arum
478 458 842 516 vaticinia
875 458 943 514 in
964 472 1139 514 carne
1159 459 1480 532 praedictus
1509 477 1572 518 es
1602 460 1865 518 nascitu-
1898 459 1944 515 A
1976 456 2293 518 virtutum:
2324 467 2601 520 converte
2626 478 2756 531 nos,
2791 466 2846 521 et
2875 464 3120 521 ostende
3139 464 3351 522 faciem
3371 468 3630 532 tuam,et

164 558 252 611 rus,
270 548 621 604 nascentia
639 548 720 603 in
745 552 872 604 nos
887 545 1174 603 virtutum
1195 547 1566 605 corrobores.
1590 560 1653 621 It.
1682 554 1870 604 Amen
1978 547 2120 604 salvi
2140 550 2361 607 erimus
2394 570 2406 607 :
2432 568 2554 624 quo
2576 553 2895 625 praebente,
2922 554 3118 625 dignae
3140 555 3496 625 poenitentiae
3521 554 3631 611 do-

167 634 402 706 Quosque
423 634 788 707 mysterio
822 635 1257 691 incarnationis
1278 650 1402 691 suae
1425 635 1733 708 adoptavit
1754 634 1870 692 sibi
1977 650 2058 693 no
2074 638 2391 710 purificati,
2422 640 2483 697 in
2540 646 2642 699 tuo
2670 658 3010 702 mercamur
3034 643 3242 701 adesse
3282 642 3524 714 judicio.
3560 653 3627 715 13!.

168 724 211 777 in
232 722 388 791 ﬁlios,
415 738 571 779 non
596 723 909 799 patiatur
930 739 1272 796 quosquam
1297 740 1333 780 a
1353 741 1414 780 se
1441 724 1594 781 effici
1617 724 1865 781 alienos.
1980 727 2187 782 Amen.

170 823 218 882 1t.
242 815 430 867 Amen.
473 813 561 868 Ut
590 812 953 883 gaudium,
978 811 1140 882 quod
1155 811 1481 884 aliquando
1507 813 1583 869 de
1600 814 1730 884 ejus
1752 811 1872 868 ﬁde
2052 816 2159 870 Per
2187 815 2664 878 misericordiam
2694 806 2876 889 tuam,
2917 825 3025 879 etc.

174 901 459 965 sumimus,
482 916 616 974 per
636 900 1101 957 exhibitionem
1127 916 1380 972 operum
1395 902 1697 958 bonorum
1722 900 1873 957 mul-
2052 903 2387 973 Antiphonti
2404 912 2453 963 3.
2491 910 2651 977 Veni,
2686 909 2959 979 Domine,
2995 908 3052 968 et
3078 908 3202 967 noli
3228 908 3466 967 tardare
3499 926 3513 962 :
3545 923 3636 965 re-

177 990 393 1062 tiplicius
422 990 897 1045 cumulemus.
940 1001 1006 1057 It».
1039 998 1242 1044 Amen.
1268 993 1372 1045 Per
1396 989 1872 1045 misericordiam
1981 989 2119 1047 laxa
2146 992 2411 1051 facinora
2430 995 2589 1067 plebi
2633 1002 2766 1057 tuae.
2798 1001 2857 1055 P.
2887 1003 2953 1055 Et
2988 1014 3206 1056 revoca
3232 998 3534 1070 dispersos
3573 996 3636 1052 in

235 1080 460 1135 Lauda.
502 1082 694 1134 Deus
728 1092 1039 1147 summus,
1092 1076 1365 1133 terribilis
1399 1093 1580 1149 super
1627 1094 1871 1134 omnem
1982 1076 2200 1136 terram
2266 1097 2460 1142 suam.
2490 1086 2553 1146 γει.
2622 1089 2775 1143 Deus
2823 1089 3108 1144 virtutum
3171 1091 3447 1144 converte
3498 1100 3629 1153 nos,

185 1172 366 1224 terram
394 1185 408 1222 :
434 1166 743 1223 alleluia.
775 1166 853 1221 P.
889 1162 1429 1238 Subjecitpopulos
1446 1167 1639 1233 nobis,
1660 1170 1872 1236 etgen-
1982 1169 2229 1224 ostende
2246 1169 2461 1228 faciem
2482 1178 2742 1244 tuam,et
2771 1176 2923 1232 salvi
2947 1176 3270 1232 erimus.P.
3305 1176 3372 1231 Et
3394 1180 3632 1231 ret'oca.

189 1262 257 1314 tes
282 1258 388 1313 sub
421 1257 726 1330 pedibus
771 1255 1017 1311 nostris.
1050 1254 1137 1312 P.-
1164 1255 1473 1325 Elegitnos
1488 1255 1874 1312 hereditatem
1980 1254 2047 1316 ἲν.
2089 1255 2302 1321 Gloria,
2336 1256 2391 1314 et
2414 1261 2607 1317 honor
2662 1265 2835 1320 Patri.
2870 1266 2929 1322 P.
2958 1267 3023 1320 Et
3063 1278 3279 1321 revoca
3306 1252 3629 1335 dispersos.

191 1347 299 1418 sibi,
321 1362 519 1419 quam
546 1346 814 1402 dilexit:
839 1343 1097 1411 alleluia,
1121 1343 1382 1401 alleluia.
1413 1344 1475 1405 ἲν.
1496 1347 1715 1401 Omnes
1736 1359 1874 1414 gen-
2056 1344 2283 1402 Oratio.
2316 1348 2476 1415 Veni,
2512 1350 2761 1407 Domine
2789 1350 2912 1408 noli
2963 1353 3218 1422 tardare,
3276 1352 3484 1409 relaxa
3503 1351 3631 1421 jam

192 1441 278 1507 tes,
302 1436 589 1509 plaudite
607 1434 935 1491 manibus:
961 1433 1207 1504 jnbilate
1236 1436 1353 1490 Deo
1382 1433 1443 1489 in
1472 1449 1620 1490 voce
1647 1432 1873 1489 exulta-
1984 1432 2250 1491 facinora
2274 1436 2463 1507 plebis
2487 1442 2626 1509 tuae,
2645 1446 2707 1497 ut
2737 1441 3170 1513 dispersionem
3191 1446 3461 1497 nostram
3478 1441 3540 1495 in
3556 1455 3632 1494 ae-

192 1525 369 1581 tionis.
419 1526 489 1579 P.
531 1523 813 1595 Subjecit
850 1521 1130 1595 populos.
1188 1522 1255 1583 it.
1312 1520 1528 1589 Gloria,
1583 1525 1639 1585 et
1683 1522 1877 1578 honor
1982 1523 2161 1577 ternis
2179 1525 2413 1592 gaudiis
2440 1525 2588 1583 dum
2606 1528 3379 1601 expectaris,convertasad
3398 1532 3627 1591 votum,

196 1614 351 1671 Patri.
384 1614 454 1669 P.
493 1613 699 1684 Elegit
727 1629 844 1668 nos
1294 1692 1295 1697 η
1586 1688 1587 1691 η
1985 1625 2380 1685 occurrasque
2401 1615 2579 1671 nobis
2595 1618 2668 1672 ad
2679 1616 2970 1687 judicium
2987 1617 3065 1674 ad
3080 1616 3493 1675 subventionis
3507 1630 3632 1673 om-

255 1703 482 1759 Oratio.
526 1703 721 1767 Deus,
757 1699 866 1771 qui
905 1698 1218 1755 manifeste
1249 1699 1785 1766 venturus.Quaere
1812 1699 1876 1755 in
1987 1698 2246 1755 nimodae
2277 1702 2799 1774 complementum.
2834 1716 2900 1777 1v.
2930 1710 3130 1763 Amen.

191 1792 504 1849 Matutinis
555 1789 951 1861 sequentibus
1906 1804 1951 1862 Β
2058 1789 2165 1844 Per
2194 1789 2671 1849 misericordiam
2703 1798 2890 1861 tuam,
2917 1799 3027 1851 etc.

744 1879 830 1934 Ad
849 1878 1235 1933 Matutinum.
2058 1888 2125 1946 Iv.
2160 1880 2291 1935 Haec
2316 1878 2456 1937 dicit
2502 1882 2787 1939 Dominus
2821 1902 2833 1940 ε
2870 1884 3178 1941 Suscitabo
3217 1883 3394 1940 vobis
3435 1885 3637 1941 Pasto-

256 1970 562 2041 Hymnus.
604 1970 843 2024 Eterne
869 1982 1071 2023 rerum
1102 1966 1395 2022 conditor.
1418 1966 1532 2036 fol.
1571 1969 1611 2020 3
1985 1980 2114 2020 rem
2143 1966 2217 2021 de
2240 1968 2573 2025 civitatibus
2593 1974 2619 2026 J
2627 1971 2745 2028 uda
2770 1977 2827 2029 et
2845 1972 3124 2043 regnabit
3145 1972 3461 2029 vobiscum
3487 1972 3642 2027 sicut

260 2059 823 2116 0ratio./Eternum
840 2060 898 2111 te
916 2055 1585 2126 Dominum,rerumque
1602 2053 1876 2110 omnium
1986 2069 2124 2110 cum
2156 2057 2419 2127 patribus
2446 2060 2671 2116 vestris.
2704 2064 2761 2116 P.
2794 2064 2861 2117 Et
2884 2061 3261 2118 miserebitur
3289 2064 3460 2117 terrae
3489 2076 3633 2127 suae,

195 2147 597 2211 conditorem,
632 2149 995 2202 cunctorum
1032 2159 1146 2199 vox
1174 2144 1334 2200 canit
1360 2142 1649 2209 ﬁdelium,
1693 2144 1789 2214 qui
1822 2148 1877 2199 et
1984 2148 2038 2199 et
2050 2142 2177 2215 jam
2204 2161 2327 2202 non
2352 2146 2509 2203 eritis
2538 2148 2599 2204 in
2630 2149 2923 2207 tristitiam
2955 2149 3234 2224 amplius.
3268 2148 3332 2211 Υ.
3362 2152 3508 2206 Ecce
3534 2150 3637 2206 Do-

192 2242 383 2293 certos
410 2239 769 2307 temporum
790 2232 1011 2289 limites
1032 2232 1170 2302 ﬁgis
1198 2236 1255 2288 et
1283 2230 1724 2304 metas,quibus
1752 2246 1875 2288 nox
1983 2235 2183 2290 minus
2206 2224 2491 2293 ultionem
2529 2238 2787 2295 adducet
2842 2238 3244 2297 retributionis
3273 2258 3286 2309 ;
3315 2242 3467 2295 Deus
3505 2238 3636 2311 ipse

189 2330 572 2389 secernatur,
596 2329 655 2380 et
684 2323 836 2389 dies,
861 2326 1083 2378 aeterna
1106 2321 1235 2391 lege
1257 2321 1581 2377 constituis.
1604 2319 1872 2392 Abyssus
1983 2322 2193 2391 veniet,
2226 2330 2283 2380 et
2313 2325 2560 2382 salvabit
2580 2343 2710 2383 nos.
2737 2330 2795 2384 P.
2821 2331 2887 2384 Et
2917 2327 3315 2385 miserebitur.
3342 2327 3404 2389 ir.
3439 2326 3635 2384 Gloria

186 2416 415 2471 etenim
448 2413 770 2485 sapientiae
810 2416 946 2481 tuae,
990 2414 1055 2466 ut
1087 2409 1429 2466 mortalium
1463 2408 1686 2466 levaret
1715 2409 1872 2465 fastl-
1982 2416 2038 2468 et
2060 2412 2255 2469 honor
2284 2414 2454 2469 Patri.
2483 2415 2840 2474 Reiteretur.
2872 2428 2936 2487 ἢ.
2971 2420 3103 2473 Haec
3141 2414 3283 2473 dicit
3322 2415 3632 2471 Dominus.

183 2503 385 2570 dium,
418 2500 597 2559 aliud
630 2499 825 2557 labori
856 2499 1167 2569 concessit,
1188 2498 1352 2555 aliud
1381 2498 1564 2569 quieti
1592 2498 1870 2555 servavit.
2056 2502 2277 2558 Oratio.
2311 2504 2560 2560 Domine
2592 2506 2745 2561 Deus
2760 2507 3158 2577 omnipotens,
3179 2505 3410 2578 quipro
3425 2505 3636 2562 huma-

179 2592 421 2649 Prmsta
450 2606 621 2661 ergo,
652 2589 1038 2661 omnipotens
1063 2588 1236 2657 Deus,
1272 2591 1337 2643 ut
1365 2601 1538 2642 mens
1589 2602 1751 2657 aegra
1783 2602 1876 2643 so-
1984 2589 2046 2645 ni
2069 2591 2297 2660 generis
2322 2591 2731 2665 redemptione
2754 2599 3119 2651 coaeternum
3133 2592 3635 2665 tibicoaequalem-

176 2697 359 2754 pore,
385 2680 543 2736 dum
574 2678 735 2749 gallo
766 2681 1017 2734 canente
1044 2676 1425 2745 admonetur,
1453 2674 1729 2732 alacriter
1750 2692 1877 2732 cur—
1985 2694 2102 2751 que
2131 2680 2332 2735 Filium
2362 2681 2567 2752 Angeli
2594 2684 3015 2740 anunciatione
3035 2698 3143 2755 per
3163 2684 3355 2739 Mariae
3381 2682 3638 2754 Virginis

176 2786 333 2827 rens
360 2769 444 2827 ad
469 2784 644 2841 spem
666 2768 874 2825 redeat
894 2767 1061 2831 lucis,
1084 2771 1138 2822 et
1162 2764 1460 2839 primitias
1486 2756 1683 2821 diurui
1712 2765 1875 2823 labo-
1986 2773 2221 2824 uterum
2248 2785 2438 2840 usque
2463 2771 2541 2826 ad
2567 2786 2678 2826 nos
2704 2770 2937 2828 voluisti
2954 2772 3349 2828 transmittere
3377 2790 3394 2842 ;
3428 2771 3508 2827 da
3530 2788 3639 2827 no-

171 2869 264 2925 ris
296 2868 364 2923 in
392 2868 515 2923 tuis
542 2881 787 2939 semper
815 2862 1126 2937 impendat
1153 2859 1384 2920 ofﬁciis.
1416 2874 1479 2933 tv.
1510 2865 1726 2919 Amen.
1986 2855 2079 2913 bis
2104 2856 2218 2912 hoc
2248 2860 2513 2928 tempore
2540 2859 2839 2915 Adventus
2877 2860 2964 2915 tui
3014 2859 3306 2939 Unigeniti
3362 2854 3642 2915 eamdem

256 2961 379 3013 Per
420 2936 915 3012 misericordiam
1988 2947 2157 3018 pacis
2180 2946 2452 3015 gratiam,
2493 2963 2679 3019 quam
2710 2947 2772 3003 in
2798 2948 3087 3019 praeterita
3114 2936 3332 3018 largire
3357 2946 3642 3017 dignatus

256 3046 661 3115 Antiphona.
712 3043 873 3099 Multi
912 3041 1119 3097 dicunt
1151 3039 1367 3096 anima:
1407 3050 1557 3095 mea:
1591 3054 1603 3094 :
1648 3041 1775 3095 Non
1789 3042 1881 3095 est
1991 3050 2053 3089 es
2084 3031 2319 3091 saecula.
2349 3036 2415 3090 Et
2444 3033 2527 3090 illi
2577 3051 2688 3091 nos
2715 3036 2776 3092 in
2806 3051 3124 3092 occursum
3151 3036 3292 3091 tidei
3319 3036 3504 3091 secies
3532 3051 3644 3091 nu-

172 3136 368 3192 salus
400 3138 520 3207 ipsi
563 3134 625 3189 in
654 3136 775 3189 Deo
805 3132 956 3203 ejus.
990 3131 1269 3186 Psalmus
1299 3144 1382 3186 111.
1915 3161 1957 3217 ρ
1991 3121 2337 3192 merandos,
2368 3138 2520 3195 quos
2545 3123 2605 3179 in
2629 3123 2769 3179 ﬁdei
2800 3123 3132 3197 primordia
3154 3140 3190 3181 a
3214 3123 3485 3180 Johanne
3521 3140 3641 3195 pae-

257 3224 653 3293 Antz‘phona.
685 3218 945 3276 Lavabis
964 3234 1058 3275 me
1089 3216 1166 3275 ab
1182 3210 1800 3291 iniquitate.Psalmus
1828 3235 1879 3274 1..
1922 3210 1957 3217 ⁷
1989 3211 2250 3268 nitentiae
2281 3212 2457 3268 undis
2488 3228 2786 3285 aquarum
2819 3212 3053 3270 ablutos
3082 3229 3120 3269 a
3148 3216 3201 3269 te
3217 3217 3520 3285 postremo
3536 3225 3645 3284 per

258 3312 661 3383 Antiphona.
696 3309 970 3365 Exaltare
989 3322 1171 3381 super
1200 3304 1402 3373 caelos,
1434 3309 1607 3374 Deus,
1637 3309 1881 3378 etsuper
1992 3299 2198 3357 Filium
2224 3299 2286 3357 in
2310 3299 2529 3375 Spiritu
2550 3303 2766 3361 Sancto
2792 3306 2847 3359 te
2862 3301 2989 3373 igni
3006 3302 3425 3375 cognoscimus
3444 3300 3640 3373 bapti-

166 3418 459 3460 omnem
488 3405 738 3467 terram,
765 3394 1022 3469 gloriam
1050 3401 1239 3452 tuam.
1273 3394 1547 3451 Psalmus
1576 3408 1692 3451 LVI.
1989 3398 2170 3450 zatos.
2200 3401 2269 3465 tv.
2294 3397 2502 3449 Amen.

255 3482 1005 3550 0ratio.Clementissime
1023 3483 1293 3549 Domine,
1336 3476 1522 3565 quies
1536 3482 1879 3541 animarum
2618 3481 2687 3537 In
2723 3476 3043 3537 Laudibus.

160 3585 507 3655 perpetua
529 3576 782 3643 salus,et
797 3574 1000 3632 valida
1019 3572 1309 3630 debilium
1328 3570 1538 3640 virtus;
1558 3570 1744 3629 libera
1768 3587 1881 3659 nos
2059 3579 2146 3635 Ad
2161 3579 2501 3637 Canticum.
2514 3579 2871 3650 Antiphone.
2888 3564 3259 3652 Expectetur,
3274 3569 3426 3636 sicut
3440 3564 3639 3649 pluvia

159 3673 260 3728 de
286 3670 451 3727 viris
480 3667 940 3751 sanguinum,et
960 3680 997 3721 a
1024 3664 1153 3721 telis
1179 3662 1445 3751 hostium
1474 3660 1731 3751 defende
1763 3663 1882 3736 cly-
1990 3667 2297 3751 eloquium
2326 3684 2530 3725 meum
2565 3686 2577 3724 :
2611 3673 2668 3726 et
2691 3667 3077 3735 descendant,
3107 3668 3258 3725 sicut
3280 3683 3397 3737 ros,
3457 3662 3644 3725 verba

157 3776 313 3833 peo
347 3765 491 3816 tuo:
517 3754 689 3813 mitte
702 3740 883 3811 nobis
901 3753 975 3837 de
998 3750 1162 3810 caelis
1186 3746 1476 3807 invictum
1504 3742 1885 3824 auxilium,“
1991 3740 2148 3835 mea,
2175 3746 2318 3830 quia,
2344 3772 2565 3815 nomen
2591 3757 2827 3816 Domini
2846 3757 3117 3816 invocavi
3143 3773 3156 3813 ε
3190 3755 3328 3815 date
3348 3750 3646 3828 magnitu-

156 3848 637 3906 couculcantes
665 3859 781 3900 nos
796 3842 1002 3912 redige
1026 3841 1089 3898 in
1108 3839 1507 3914 dpprob'rium
1536 3853 1549 3893 :
1582 3838 1885 3910 quatenus
1993 3844 2197 3902 dinem
2224 3846 2343 3903 Deo
2374 3838 2589 3904 Vestro.

174 3932 321 4011 ιδ
355 3935 440 3993 ad
474 3924 747 3991 ofﬁcium
776 3932 1141 3989 matutinum
1167 3928 1337 3986 liberi
1366 3942 1808 4017 consurgamus
1830 3931 1887 4017 et
1998 4008 2003 4017 .
2069 3936 2416 4009 Canticum.
2469 3936 2736 4001 Attende,
2788 3924 3285 4011 coalum,loquar;
3337 3932 3394 3993 et
3440 3926 3645 3995 audiat

176 4033 351 4084 vota
373 4030 560 4082 notra
576 4030 679 4081 tuo
703 4027 915 4079 sancto
937 4020 1169 4078 nomini
1182 4017 1436 4075 fideliter
1456 4015 1885 4089 impendamus
1994 4015 2170 4080 terra.
2199 4024 2449 4094 Require
2462 4026 2578 4093 fol.
2605 4027 2639 4079 4

181 4125 261 4185 ἢ.
303 4119 534 4171 Amen.
2064 4113 2195 4193 .Adr
2236 4114 2610 4185 Benedictus,
2660 4112 3034 4191 Antiphona.
3084 4106 3417 4171 Benedicite
3443 4110 3645 4193 Domi-

268 4207 392 4261 Per
422 4198 932 4259 misericordiam.
1995 4188 2162 4271 num,
2185 4192 2407 4273 pusilli,
2431 4206 2487 4258 et
2511 4196 2717 4272 magni
2757 4188 2986 4271 Omnes,
3040 4202 3143 4277 qui
3168 4190 3489 4277 expectatis
3530 4192 3645 4258 Ad-

268 4292 637 4369 Ant‘iphona
674 4296 720 4346 t.
751 4284 905 4346 Deus
926 4287 1241 4345 manifeste
1267 4288 1480 4357 veniet,
1514 4280 1571 4349 et
1601 4294 1756 4350 Deus
1782 4280 1890 4353 ne.
1994 4284 2237 4373 ventum
2271 4288 2486 4377 ipsius.
2616 4378 2619 4379 ν
2734 4368 2737 4373 ἢ
2936 4370 2937 4373 η
3024 4368 3029 4375 ν
3514 4372 3515 4379 γ
3606 4366 3635 4373 η,

185 4386 349 4449 Ster,
383 4388 443 4439 et
463 4396 594 4438 non
624 4378 837 4436 silebit.
868 4378 937 4436 Ρ.
964 4380 1029 4434 Et
1050 4378 1113 4434 in
1139 4378 1387 4435 circuitu
1414 4380 1542 4451 ejus
1563 4386 1888 4456 tempestas
2069 4381 2400 4438 Canticum.
2430 4378 2782 4438 Benedictus
2813 4397 2895 4450 es,
2930 4381 3199 4453 Domine,
3228 4381 3383 4438 Deus
3402 4382 3645 4456 patrum

184 4473 439 4530 valida.
486 4472 550 4533 πῖ.
585 4468 914 4525 Advocavit
946 4467 1137 4564 caelos
1159 4478 1420 4539 sursum,
1452 4474 1509 4527 ‘et
1540 4472 1758 4529 terram
1797 4468 1886 4564 di-
1919 4508 1965 4564 Β
1996 4476 2360 4564 nostrorum,
2388 4473 2498 4542 fol.
2532 4475 2563 4526 6
2694 4530 2709 4564 ὲ
2753 4560 2768 4564 _
3114 4560 3122 4564 Α
3236 4550 3237 4553 η

186 4577 489 4618 scernere
517 4557 817 4633 populum
859 4572 1061 4613 suum.
1094 4555 1167 4613 P.
1206 4559 1272 4613 Et
1298 4558 1362 4641 in
1390 4558 1637 4617 circuitu
1667 4557 1884 4633 erSJil.
1920 4550 1962 4564 ’³
2067 4550 2519 4641 Sono.Alleiuia.
2544 4550 2906 4619 Gaudebunt
2925 4560 3147 4637 campi.
3162 4550 3543 4635 Requirefol.
3564 4562 3648 4617 14.

190 4651 429 4721 Gloria,
460 4653 520 4707 et
558 4649 757 4731 honor
786 4646 963 4713 Patri,
991 4651 1100 4723 etc.
1125 4645 1191 4702 P.
1220 4649 1285 4703 Et
1314 4634 1377 4702 in
1403 4647 1671 4705 circuitu.
2066 4650 2295 4707 Lauda.
2313 4636 2570 4729 Laudate
2585 4648 2992 4709 Dominumde
3010 4634 3169 4709 caelis
3194 4673 3208 4708 :
3230 4650 3652 4708 alleluia.Lau-

273 4738 515 4799 Oratio.
541 4739 699 4793 Deus
720 4736 825 4809 qui
851 4734 1169 4791 manifeste
1188 4740 1477 4792 venturus
1495 4736 1572 4794 ad
1591 4736 1888 4808 judicium
1997 4736 2134 4795 date
2158 4754 2298 4796 eum
2350 4739 2412 4795 in
2468 4737 2733 4805 excelsis,
2766 4739 2982 4798 allelua
3015 4758 3029 4797 :
3063 4740 3315 4799 alleluia.
3373 4738 3650 4797 Psalmus‘

196 4828 497 4899 crederis,
520 4824 912 4883 manifestam
941 4823 1275 4897 potentiam
1296 4827 1468 4881 tuam
1507 4823 1569 4880 in
1596 4826 1774 4882 nobis
1798 4830 1890 4883 os—
1997 4841 2233 4885 cnvm.

199 4920 385 4976 tende
420 4923 542 4975 tum
572 4914 930 4972 salvationis
959 4931 972 4970 :
1007 4918 1089 4978 ut,
1119 4913 1222 4986 qui
1250 4912 1521 4970 terribilis
1554 4916 1885 4979 sustineris,
2176 4916 2373 4974 Lectio
2402 4918 2546 4976 libri
2564 4914 2761 4979 Esaiae
2793 4922 3101 4993 Propheta
3127 4920 3292 4995 (Cap.
3320 4926 3485 4989 xxu.)

202 5010 591 5076 mitissimus,
626 5021 769 5062 cum
798 5002 1135 5073 adveneris,
1159 5003 1453 5061 sentiaris.
1484 5014 1547 5076 Iv.
1581 5006 1790 5062 Amen.
2067 5014 2130 5076 Βι.
2156 5006 2276 5063 Deo
2306 5008 2552 5078 gratias.
2602 5086 2603 5089 η
2792 5088 2793 5091 η

276 5103 387 5158 Per
415 5094 911 5156 misericordiam
932 5097 1120 5159 tuam,
1147 5096 1301 5149 Deus
1332 5098 1558 5159 noster,
1595 5098 1705 5151 etc.
2066 5095 2202 5152 Hinc
2250 5096 2397 5176 dicit
2446 5099 2735 5157 Dominus
2790 5117 2804 5159 :
2839 5102 3013 5168 Vade,
3044 5101 3356 5176 ingredere
3387 5105 3466 5164 ad
3511 5121 3652 5164 eum

278 5190 615 5261 Antiphone
643 5190 697 5244 2.
732 5181 878 5241 Veni
918 5180 997 5238 ad
1026 5179 1409 5238 liberandum
1442 5198 1553 5240 nos
1591 5198 1603 5239 :
1638 5184 1887 5243 Domine
1994 5184 2097 5257 qui
2119 5172 2351 5253 habitat
2377 5186 2438 5243 in
2462 5188 2962 5259 tabernaculo,ad
2978 5172 3653 5268 Sobnampraepositum

213 5274 365 5336 Deus
392 5280 689 5337 virtutum
716 5275 1005 5358 converte
1030 5280 1160 5327 nos.
1194 5270 1262 5327 P.
1304 5266 1371 5327 Et
1400 5272 1647 5329 ostende
1674 5272 1888 5330 faciem
1994 5273 2222 5346 templi;
2256 5280 2312 5332 et
2337 5275 2496 5334 dices
2528 5277 2607 5336 ad
2646 5296 2785 5337 eum
2840 5296 2853 5337 :
2889 5282 3039 5348 Quid
3072 5286 3136 5340 tu
3166 5266 3285 5352 hic,
3319 5266 3423 5342 aut
3478 5283 3653 5358 quasi

214 5370 394 5437 tuam,
414 5375 470 5428 et
495 5367 655 5427 salvi
682 5363 941 5422 erimus.
970 5356 1034 5420 ἰν.
1059 5360 1169 5426 Qui
1192 5358 1580 5449 regisglsrael,
1616 5360 1886 5421 intende:
1997 5362 2134 5443 quis
2155 5363 2249 5421 hic
2274 5362 2303 5420 ‘I
2329 5367 2471 5438 quia
2499 5367 2766 5426 excidisti
2794 5369 2901 5428 tibi
2929 5370 3025 5428 hic
3054 5371 3469 5449 sepulchrum,
3496 5356 3655 5430 exci-

210 5458 306 5530 qui
336 5458 605 5527 deducis,
640 5453 818 5512 velut
845 5462 1049 5535 ovem,
1074 5446 1315 5520 Ioseph.
1336 5447 1402 5503 P.
1436 5450 1503 5505 Et
1530 5451 1797 5507 ostende.
1824 5450 1889 5511 )7.
1998 5450 2135 5508 disti
2165 5454 2513 5513 memoriale
2532 5457 2595 5513 in
2625 5446 3267 5533 excelsadiligenter,in
3280 5466 3447 5535 petra
3463 5461 3652 5518 taber-

204 5547 410 5621 (Πανία,
440 5555 497 5609 et
522 5548 735 5607 honor
767 5535 961 5633 Patri.
989 5532 1053 5591 P.
1082 5536 1157 5633 iit
1186 5537 1671 5633 ostende_faciem
1701 5543 1890 5633 tuam.
1999 5541 2288 5623 naculum
2318 5543 2445 5601 tibi.
2478 5547 2624 5633 Ecce
2651 5545 2941 5629 Dominus
2963 5550 3258 5631 asportari
3281 5532 3338 5633 te
3358 5549 3549 5633 faciet,
3573 5544 3651 5633 si-

264 5640 491 5703 ονατεο,
526 5637 681 5701 γεω
717 5628 808 5695 ad
852 5620 1211 5686 librandum
1246 5634 1380 5697 nos,
1425 5620 1676 5687 Domine
1733 5620 1892 5686 Deus
2002 5634 2104 5687 cut
2122 5620 2465 5704 asportatur
2480 5620 2866 5707 gallinaceus,
2882 5624 2939 5696 et
2965 5620 3140 5711 quasi
3156 5620 3442 5697 amiCtum
3458 5630 3650 5692 suble-
