4076 6478
535 331 596 387 π
1803 301 2264 369 BREVIAHIUM
2303 308 2694 365 GOTHICUM.

3883 310 3961 364 72

532 451 1095 508 vahitte.Coronans
1113 440 1422 499 coronabit
1441 442 1495 496 te
1507 434 2080 508 tribulatione,quasi
2097 432 2186 506 pi-
2211 431 2258 486 A
2286 433 2415 505 jam
2435 433 2496 489 in
2531 434 2734 505 januis
2766 438 2854 491 est
2879 434 3151 492 terribilis
3200 433 3302 489 illa
3324 432 3475 489 hora
3499 432 3734 504 judicii,
3767 433 3964 491 Sileat

529 538 852 596 lammittet
869 541 923 592 te
947 534 1010 590 in
1028 537 1248 590 terram
1264 529 1454 585 latam
1471 533 1527 584 et
1542 527 1873 600 spatiosam
1889 521 2182 581 :ibimori—

2291 537 2430 592 ergo
2448 523 2646 579 omnis
2664 539 2803 580 caro
2821 540 2858 580 a
2875 522 3025 580 facie
3047 527 3170 586 tua,
3193 527 3249 579 et
3267 520 3666 594 prolapsionis
3684 538 3814 579 sua
3833 523 3964 579 cul-

530 628 666 694 eris,
691 630 748 683 et
766 624 852 681 ibi
872 623 978 680 erit
999 636 1207 678 currus
1233 617 1433 688 gloria
1451 621 1588 682 tua,
1608 613 1940 686 ignominia
1959 610 2181 668 domus
2289 627 2424 682 pam
2444 611 2685 669 ﬂetibus
2713 611 2915 668 diluat.
2949 615 3034 678 Et,
3063 611 3208 684 quia
3225 626 3335 668 nos
3357 611 3470 668 ista
3487 625 3594 683 per
3613 626 3727 667 nos
3747 611 3962 668 facere

530 715 766 772 Domini
782 711 1002 769 Deitui.
1028 713 1092 766 Et
1109 706 1403 780 expellam
1425 709 1478 762 te
1506 705 1581 761 de
1604 703 1855 760 statione
1874 707 1999 769 tua,
2021 703 2078 756 et
2105 699 2179 754 de

532 800 860 859 ministerio
878 804 978 856 tuo
1001 799 1304 870 deponam
1325 800 1401 851 te.
1437 797 1503 849 Et
1532 793 1639 849 erit
1672 791 1733 847 in
1768 791 1862 847 die
1883 789 2024 846 illa:
2067 790 2178 843 Vo-

532 889 685 946 cabo
716 903 955 945 servum
985 900 1191 941 meum
1219 881 1507 938 Eliachim
1528 879 1717 934 ﬁlium
1752 877 1982 943 Helcia,
2014 880 2070 930 et
2091 875 2179 928 in-

531 978 718 1034 duam
751 976 920 1032 illum
935 974 1193 1031 tunicam
1211 977 1395 1034 tuam,
1416 973 1470 1024 et
1487 967 1725 1037 cingulo
1749 971 1849 1022 tuo
1885 963 2174 1020 conforta-

528 1065 610 1123 bo
631 1081 791 1131 eum,
814 1065 1264 1135 etprotestatem
1294 1063 1460 1115 tuam
1481 1057 1635 1113 dabo
1651 1055 1713 1111 in
1733 1069 1918 1110 manu
1939 1053 1988 1122 ej
2000 1068 2088 1121 us,
2121 1053 2174 1106 et

529 1155 636 1212 erit
649 1153 819 1227 quasi
833 1157 997 1225 pater
1011 1148 1416 1207 habitantibus
1431 1146 1492 1202 in
1511 1143 1876 1202 Hierusalem
1892 1146 1949 1198 et
1967 1139 2174 1196 domui

525 1246 552 1299 ]
558 1244 704 1301 uda.
730 1246 794 1298 Et
813 1241 974 1298 dabo
991 1239 1220 1296 clavem
1241 1237 1458 1292 domus
1479 1234 1663 1292 David
1687 1248 1866 1304 super
1886 1232 2171 1286 humeros

525 1332 676 1402 ejus,
697 1334 754 1387 et
775 1329 1016 1401 aperiet,
1041 1331 1096 1382 et
1125 1328 1234 1396 ιθ
1257 1340 1377 1380 non
1407 1323 1513 1379 erit
1529 1322 1634 1394 qui
1656 1319 1917 1384 claudat,
1937 1323 1995 1374 et
2015 1316 2173 1373 clau-

524 1419 640 1490 det,
687 1422 742 1475 et
769 1433 890 1474 non
915 1416 1022 1472 erit
1049 1414 1154 1487 qui
1181 1413 1434 1485 aperiat.
1475 1414 1542 1467 Et
1570 1411 1757 1480 ﬁgam
1786 1407 2081 1481 paxillum
2111 1405 2172 1462 in

519 1507 652 1563 loco
702 1505 864 1561 ﬁdeli
916 1508 972 1560 et
1010 1503 1116 1559 erit
1156 1503 1218 1558 in
1245 1501 1465 1558 solium
1490 1499 1692 1570 gloria
1736 1497 1955 1554 domus
1988 1495 2172 1568 patris

519 1595 632 1651 sui.
655 1597 722 1651 Et
749 1591 1119 1664 suspendam
1145 1605 1326 1661 super
1348 1605 1488 1644 eum
1513 1602 1757 1645 omnem
1790 1585 2044 1656 gloriam
2070 1583 2174 1639 do-

517 1699 656 1739 mus
679 1681 864 1754 patris
890 1680 1038 1750 ejus.
1065 1684 1344 1748 mAmen.

2287 713 2410 755 non
2430 699 2715 766 valemus,
2745 715 2851 772 per
2873 704 2926 757 te
2963 700 3027 755 id
3055 715 3231 770 agere
3262 699 3648 756 conﬁdimus.
3674 699 3818 756 Ideo
3847 716 3962 772 po-

2287 787 2517 857 scimus,
2550 793 2629 853 ut,
2664 788 2767 861 qui
2813 788 3030 846 electos
3074 788 3151 844 ad
3182 791 3232 844 te
3258 787 3534 844 vocando
3561 788 3944 856 sanctiﬁcas,

2284 882 2626 946 peccatores
2652 877 3024 934 coronandos
3056 876 3422 934 beatitudine
3465 879 3688 934 aterna
3719 876 3952 934 sustol-

2281 963 2392 1020 las.
2424 977 2491 1034 Βί.
2521 966 2728 1021 Amen.

2354 1051 2465 1107 Per
2490 1052 2960 1110 misericordiam
2992 1058 3154 1110 tuam

2283 1143 2349 1196 IN
2393 1141 2714 1197 SECUNDA
2770 1142 2981 1198 FERIA
3030 1142 3378 1198 SECUNDE
3444 1141 3942 1199 HEBDOMADAS.

2848 1231 2946 1286 Ad
2991 1231 3363 1287 Matutinum

2349 1317 2719 1388 Antiphona.
2755 1319 3025 1385 Domine,
3053 1319 3193 1392 quid
3233 1317 3611 1392 multiplicati
3640 1324 3804 1385 sunt,
3839 1331 3955 1392 qui

2282 1405 2566 1464 tribulant
2589 1425 2684 1465 me
2721 1409 2749 1462 ?
2780 1413 2842 1465 tu
2871 1413 3091 1476 autem,
3123 1409 3390 1474 Domine,
3419 1414 3736 1482 susceptor
3765 1425 3954 1466 meus

2281 1510 2368 1550 es.
2405 1497 2673 1553 Psalmus
2721 1510 2808 1553 ul.
2861 1513 2994 1554 cum
3050 1513 3157 1554 sua
3212 1497 3514 1555 Oratione.
3575 1496 3956 1571 Multiplicati

2283 1588 2442 1649 sunt,
2471 1584 2739 1652 Domine,
2763 1587 2878 1656 fol.
2911 1589 2943 1640 8

2352 1675 2721 1745 Antiphonti.
2747 1681 2793 1730 t.
2813 1678 3035 1732 Montes
3070 1680 3127 1732 et
3152 1675 3329 1732 colles
3362 1677 3703 1732 cantabunt
3735 1692 3959 1734 coram

589 1769 1228 1842 Hymnus.Cunctorum
1240 1769 1360 1822 Rex
1371 1764 1776 1836 omnipotens.
1793 1761 2046 1833 Require
2056 1760 2168 1830 fol.
2206 1772 2251 1827 Β
2284 1763 2421 1824 Deo,
2446 1767 2503 1819 et
2524 1763 2730 1820 omnia
2745 1762 2947 1834 lingua
2964 1763 3247 1820 silvarum
3263 1763 3953 1836 plaudentmanibus.P.

519 1864 572 1914 7.
602 1856 1001 1928 Supplicatio.
1027 1857 1277 1911 Oremus
1319 1853 1773 1924 Redemptorem
1796 1849 2028 1906 mundi.
2060 1849 2170 1904 Re-

566 1947 700 2002 uire
722 1946 832 2002 fol.
860 1949 914 2000 2.

566 1947 700 2002 uire
753 1947 832 2001 ot.
860 1949 914 2000 2.

493 1963 560 2018 ’ᾳ
593 1947 895 2104 Cap-flata.
927 2029 1698 2103 Christus,qui,nasciturus
1721 2027 1783 2084 in
1804 2042 2170 2095 carne,com—

519 2123 886 2196 plemeutum
910 2121 1101 2177 factus
1139 2136 1201 2174 es
1225 2117 1373 2188 legis
1407 2134 1420 2184 ;
1456 2116 1877 2190 perfectionem
1902 2115 1964 2170 in
1993 2114 2167 2171 nobis

515 2211 705 2270 tribue
745 2210 1068 2268 sanctitatis
1101 2227 1115 2265 :
1152 2212 1225 2274 et,
1259 2208 1365 2279 qui
1412 2206 1555 2263 olim
1583 2205 1858 2262 Adventu
1888 2209 1989 2260 tuo
2019 2204 2168 2260 redi-

515 2316 679 2358 mere
706 2300 992 2370 dignatus
1027 2314 1090 2353 es
1137 2296 1454 2367 mundum,
1473 2295 1679 2366 judicii
1719 2294 1802 2350 tui
1833 2298 2099 2366 tempore
2132 2309 2168 2350 a

518 2388 824 2463 suppliciis
848 2404 1023 2444 serva
1053 2387 1288 2444 animas
1315 2385 1762 2456 redemptorum

589 2481 755 2534 Pater
776 2480 1001 2546 noster,
1023 2476 1128 2548 qui
1149 2490 1212 2530 es
1234 2474 1295 2530 in
1317 2474 1502 2529 caelis.

521 2566 770 2622 Liberati
789 2581 828 2622 a
849 2563 1028 2630 malo,
1058 2569 1165 2620 etc.
1199 2563 1448 2634 Requ-t're
1465 2562 1578 2631 fol.
1615 2565 1667 2616 2.

518 2656 749 2712 Lauda.
787 2657 936 2710 Deus
959 2669 1253 2718 summus,
1283 2649 1578 2707 terribilis.
1605 2649 1956 2706 Benedictio.
1993 2652 2164 2719 Deus,

521 2744 622 2800 Dei
643 2744 832 2799 Patris
863 2743 1061 2799 Filius.
1091 2742 1293 2808 Quaere
1310 2741 1422 2809 fol.
1463 2742 1527 2794 14-

583 2833 854 2888 Eweunte
887 2832 1161 2900 Vespera.
1196 2827 1425 2884 Lauda.
1457 2831 1504 2882 Α
1527 2826 1674 2882 solis
1701 2831 1834 2883 ortu
1865 2841 2059 2898 usque
2085 2824 2166 2882 ad

511 2936 816 2977 occasum.
857 2919 1102 2988 Require
1119 2917 1220 2986 fol.
1253 2921 1300 2971 1.

578 3010 759 3065 Sono.
795 3006 1063 3062 Alleluia.
1101 3004 1458 3062 Gaudebunt
1486 3003 1706 3075 campi.
1737 3003 1848 3072 fol.
1886 3003 1951 3057 14

2283 1851 2324 1916 Q
2336 1851 2576 1907 uoniam
2592 1853 2784 1908 veniet
2806 1852 3088 1908 Dominus
3101 1853 3436 1908 dominator
3451 1853 3509 1908 in
3525 1853 3767 1923 signum
3782 1859 3958 1911 ater-

2278 1954 2446 2007 num,
2501 1941 2666 2014 quod
2720 1957 3056 2013 numquam
3112 1940 3437 1998 auferatur.
3470 1941 3533 2002 7V.
3580 1941 3958 2000 Gaudebunt

2279 2029 2562 2100 campi,et
2575 2030 2780 2086 omnia
2793 2029 3002 2100 lingua
3017 2029 3176 2085 cedri
3200 2030 3430 2095 Libani,
3449 2047 3602 2103 quas
3620 2030 3949 2102 plantavit.

2279 2117 2397 2173 Illic
2425 2124 2704 2190 pas‘seres
2733 2118 3149 2176 nidiﬁcabunt.
3172 2119 3236 2174 P.
3264 2118 3556 2184 Quoniam
3602 2120 3809 2176 veniet
3832 2121 3953 2177 Do-

2277 2206 2495 2262 minus.
2529 2207 2594 2268 if.
2629 2207 2839 2278 Gloria,
2874 2212 2930 2264 et
2957 2207 3169 2264 honor.
3198 2207 3261 2262 P.
3285 2208 3578 2273 Quoniam
3605 2208 3830 2264 veniet.

2347 2296 2568 2352 Oratio-
2605 2296 2949 2353 Dominator
2974 2295 3243 2364 Domine,
3267 2295 3370 2369 qui
3395 2296 3456 2352 in
3487 2296 3731 2366 signum
3761 2303 3948 2354 ater-

2275 2399 2422 2440 num
2450 2383 2724 2441 liberator
2761 2385 2973 2441 mundi
3003 2384 3348 2451 adveniens,
3377 2390 3607 2440 montes
3657 2390 3716 2442 et
3756 2386 3950 2443 colles

2276 2488 2477 2529 coram
2510 2477 2562 2529 te
2590 2473 2829 2530 laudem
2862 2473 3052 2529 fecisti
3078 2473 3359 2543 clamare,
3387 2490 3524 2530 cum
3548 2477 3672 2530 tota
3687 2473 3751 2530 in
3781 2481 3840 2531 te
3862 2476 3951 2531 vi-

2275 2561 2472 2617 ventia
2491 2561 2841 2633 approbasti
2866 2579 2880 2628 ;
2911 2562 3169 2618 concede
3195 2562 3390 2630 nobis,
3424 2566 3488 2618 ut
3511 2561 3749 2629 laudes,
3780 2579 3949 2636 quas

2278 2648 2542 2718 glorioso
2562 2649 2794 2706 nomini
2823 2654 3029 2706 sancto
3053 2654 3151 2706 tuo
3169 2649 3500 2717 offerimus,
3524 2655 3812 2722 acceptas
3837 2651 3952 2709 tibi

2277 2753 2514 2809 semper
2544 2737 2746 2794 efﬁcas
2775 2755 2787 2793 :
2819 2742 2901 2804 ut,
2929 2739 3035 2810 qui
3063 2738 3362 2794 mundum
3393 2738 3848 2809 redempturus,
3882 2740 3948 2797 in

2277 2826 2484 2882 salutis
2501 2827 2962 2898 signopstensus
2978 2843 3039 2882 es
3065 2843 3078 2893 ;
3104 2827 3395 2884 mundum
3412 2827 3623 2884 iterum
3631 2828 3652 2899 j
3664 2828 3949 2885 udicatu-

2272 2931 2394 2983 rus,
2418 2931 2539 2971 non
2565 2915 2839 2986 ultorem,
2865 2914 2970 2971 sed
3001 2914 3379 2972 liberatorem
3407 2921 3460 2973 te
3489 2917 3715 2973 nostris
3741 2916 3944 2975 oculis

2272 3005 2637 3062 manifestes.
2668 3005 2731 3066 γ.
2764 3010 2978 3061 Amen.

577 3097 944 3168 Antiphonti.
1000 3093 1118 3149 Erit
1160 3092 1448 3148 Dominus
1478 3107 1702 3148 corona
1725 3091 1926 3160 gloria
1955 3090 2018 3145 in
2064 3090 2158 3146 die
2189 3119 2230 3176 ρ
2341 3095 2451 3149 Per
2487 3094 2966 3150 misericordiam
2996 3098 3180 3151 tuam.

503 3185 625 3242 illa.
649 3185 713 3240 P.
735 3187 800 3240 Et
815 3186 1236 3240 ornamentum
1265 3181 1480 3238 latitia
1513 3180 1819 3236 residuum
1847 3179 2049 3252 populi
2068 3180 2160 3235 sui

502 3273 700 3330 Israel.
753 3273 814 3334 ἡ.
862 3275 930 3328 Et
957 3269 1364 3327 dominabitur
1405 3287 1440 3327 a
1470 3269 1620 3326 mari
1645 3284 1836 3341 usque
1863 3268 1940 3324 ad
1971 3284 2155 3336 mare,

501 3367 558 3420 et
587 3377 784 3434 usque
816 3360 894 3418 ab
927 3359 1155 3415 ﬂumen
1193 3357 1555 3430 propagines
1583 3357 1730 3429 ejus.
1764 3358 1838 3415 P.
1886 3359 1952 3413 Et
1978 3372 2158 3413 orna-

499 3456 771 3509 mentum
795 3449 1031 3506 latitia.
1056 3448 1117 3508 v.
1148 3446 1362 3518 Gloria,
1388 3452 1444 3504 et
1465 3447 1659 3505 honor
1677 3447 1848 3504 Patri.
1877 3447 1954 3503 P.
1982 3449 2049 3503 Et
2069 3461 2160 3504 or.

500 3545 851 3599 namentum
879 3538 1113 3594 latitia.

572 3630 803 3688 Lauda.
837 3624 1128 3696 Exultent,
1175 3628 1231 3682 et
1275 3624 1551 3683 latentur
1588 3625 1648 3682 in
1698 3628 1754 3682 te
1776 3639 2011 3690 omnes,
2054 3622 2159 3696 qui

500 3721 779 3792 quarunt
805 3721 880 3783 te,
906 3716 1170 3781 Domine,
1201 3714 1453 3772 alleluia.
1486 3715 1557 3771 P.
1591 3714 1659 3770 Et
1696 3714 1899 3770 dicant
1931 3732 1944 3770 :
1999 3713 2159 3768 Sem-

501 3822 611 3880 per
642 3802 1074 3877 magniﬁcetur,
1122 3802 1375 3870 alleluia,
1427 3797 1662 3860 alleluia
1704 3800 1764 3862 ill.
1796 3799 2063 3866 Domino,
2095 3799 2157 3856 in

499 3896 727 3953 lumine
768 3893 967 3952 vultus
992 3893 1073 3951 tui
1105 3892 1523 3958 ambulabunt,
1551 3895 1609 3948 et
1655 3891 1717 3947 in
1768 3889 2012 3946 nomine
2053 3892 2155 3945 tuo

499 3983 938 4044 exaltabuntur.
983 3983 1053 4039 P.
1095 3984 1159 4039 Et
1201 3982 1421 4039 dicant.
1472 3981 1536 4042 v.
1585 3977 1800 4044 Gloria,
1858 3983 1915 4035 et
1960 3977 2155 4036 honor

496 4073 670 4143 Patri,
694 4077 751 4129 et
782 4071 944 4130 Filio.
964 4071 1033 4126 P.
1060 4073 1126 4127 Et
1155 4070 1358 4127 dicant
1389 4083 1640 4141 semper.

563 4163 858 4234 Hymnus.
915 4158 1127 4216 Christi
1157 4163 1392 4216 caterva
1439 4155 1718 4214 clamitet.
1751 4154 2148 4226 Supplicatio.

493 4252 741 4309 Oremus
757 4249 1211 4321 Redemptorem
1233 4245 1443 4303 mundi
1483 4244 1806 4302 Dominum
1846 4249 2143 4320 nostrum,

490 4346 557 4396 ut
580 4355 756 4411 supra
778 4339 841 4394 in
860 4339 1056 4408 primo
1076 4335 1388 4392 Domintco
1406 4334 1478 4391 de
1494 4333 1768 4390 Adventu
1781 4331 2022 4388 Domini
2027 4331 2139 4400 fol.

2338 3182 2681 3253 Antiphona
2696 3187 2747 3240 2.
2770 3183 2980 3238 Adhuc
3002 3182 3311 3239 modicum
3329 3188 3386 3239 et
3399 3185 3942 3244 consummabitur

2267 3271 2619 3341 indignatio.
2645 3272 2711 3327 P.
2744 3274 2812 3327 Et
2837 3271 2900 3327 in
2930 3271 3033 3328 illa
3061 3271 3155 3327 die
3187 3272 3487 3328 auferetur
3524 3288 3684 3329 onus
3717 3274 3797 3331 de
3823 3277 3939 3333 hu-

2267 3376 2434 3416 mero
2465 3364 2691 3427 nostro,
2720 3365 2775 3416 et
2796 3361 3012 3432 jugum
3042 3360 3115 3416 de
3146 3361 3297 3417 collo
3323 3366 3548 3418 nostro.
3583 3362 3648 3422 ἴ.
3673 3364 3940 3423 Videant

2266 3463 2579 3521 pauperes,
2613 3454 2670 3505 et
2697 3448 2967 3505 latentur
2998 3467 3011 3506 :
3042 3451 3285 3522 quarite
3317 3450 3660 3517 Dominum,
3687 3458 3746 3508 et
3772 3454 3945 3512 vivet

2268 3539 2472 3596 anima
2501 3543 2716 3594 vestra.
2746 3539 2826 3595 P.
2852 3540 2917 3596 Et
2940 3539 3002 3594 in
3027 3539 3127 3596 illa
3155 3538 3273 3597 die.
3299 3538 3358 3600 ιγ.
3394 3539 3608 3606 Gloria,
3633 3545 3692 3597 et
3711 3541 3941 3602 honor.

2269 3630 2350 3685 P.
2383 3631 2450 3685 Et
2473 3627 2534 3683 in
2566 3625 2669 3684 illa
2698 3627 2812 3684 die.

2340 3716 2561 3774 Oratio.
2590 3716 2730 3772 Jesu
2760 3714 3036 3774 Salvator
3063 3721 3263 3774 noster
3303 3722 3361 3775 et
3388 3718 3662 3784 Domine,
3706 3721 3822 3794 qui
3843 3724 3944 3796 ju-

2267 3821 2413 3878 gum
2436 3805 2582 3876 legis
2599 3822 2635 3862 a
2647 3804 2800 3862 collo
2815 3810 3018 3862 nostro
3031 3806 3496 3878 pradicamento
3508 3808 3722 3878 gratia
3739 3815 3945 3869 sustu-

2263 3894 2402 3959 listi,
2435 3899 2492 3952 et
2511 3910 2664 3951 onus
2695 3893 2882 3950 nostri
2908 3894 3144 3951 humeri
3160 3895 3222 3952 in
3257 3895 3372 3951 tuis
3398 3896 3668 3953 humeris
3694 3902 3945 3974 excepi-

2264 3983 2337 4041 sti
2362 4000 2374 4050 ;
2408 3985 2669 4040 concede
2693 3983 2974 4056 precibus
3007 3984 3278 4041 Ecclesia
3305 3989 3444 4056 tua,
3473 3990 3558 4053 ut,
3593 4003 3760 4060 qua,
3787 4005 3942 4047 con-

2262 4077 2564 4130 summata
2593 4072 3025 4144 indignatione,
3048 4072 3188 4129 ﬁdei
3214 4077 3326 4130 tua
3353 4081 3638 4147 precepto
3658 4077 3935 4145 refulsit;

2259 4161 2334 4216 de
2355 4167 2776 4218 consummata
2789 4161 3018 4233 justitia
3039 4177 3424 4218 mereamura
3439 4163 3602 4231 te,ad
3622 4164 3933 4236 judicium

2265 4249 2368 4318 17
2407 4247 2894 4314 veniente,attolli
2921 4265 2934 4304 :
2960 4253 3022 4305 ut
3047 4253 3104 4306 et
3122 4249 3217 4305 hic
3244 4249 3490 4306 feliciter
3508 4251 3696 4324 vivat,
3729 4259 3792 4310 et
3815 4271 3936 4328 pos

2254 4335 2499 4393 feliciori
2519 4340 2841 4410 prospectu
2861 4336 3078 4394 faciem
3093 4337 3413 4395 divinitatis
3437 4343 3550 4395 tua
3563 4339 3931 4402 latabunda

495 4433 549 4516 lA.
578 4433 632 4484 et
657 4433 707 4484 2.
737 4427 1044 4516 Capitula.
1072 4426 1300 4496 Exurge
1327 4425 1520 4516 Deus,
1539 4421 1640 4494 qui
1659 4420 1907 4516 judicas
1925 4425 2141 4476 terram
2173 4461 2218 4516 Β
2253 4423 2518 4496 aspiciat.
2553 4436 2623 4494 Βρ.
2660 4429 2867 4480 Amen.

491 4514 699 4582 Quaere
722 4517 833 4586 fol.
884 4517 949 4574 10
995 4515 1166 4570 Pater
1194 4516 1410 4568 noster.
1443 4507 1697 4566 Liberali
1725 4525 1762 4566 a
1789 4509 1970 4579 malo,
2027 4513 2136 4564 etc.

490 4601 699 4671 Quaere
711 4605 818 4674 fol.
842 4607 894 4658 2.
920 4600 1276 4658 Benedictio.
1298 4595 1562 4655 Christus
1587 4596 1894 4669 Dominus,
1929 4594 2035 4669 qui
2060 4597 2136 4652 ad

485 4691 600 4750 hoc
627 4693 804 4759 venit,
833 4694 940 4748 etc.
971 4691 1178 4758 Quaere
1200 4689 1313 4758 fol.
1353 4691 1436 4742 to.
1465 4697 1531 4757 Βι.
1562 4689 1770 4741 Amen.

556 4781 667 4837 Per
691 4778 1161 4837 misericordiam
1187 4776 1396 4848 ipsius,
1430 4779 1540 4831 etc.

556 4870 767 4926 Lauda
791 4871 978 4941 Super
1007 4865 1264 4923 salutare
1294 4869 1484 4929 tuum,
1510 4861 1771 4928 alleluia,
1800 4864 2132 4924 exultemus

481 4957 881 5024 vehementer,
910 4955 1096 5011 vitam
1125 4953 1406 5025 petimus,
1440 4949 1652 5029 tribue,
1690 4952 1955 5021 Domine,
1998 4956 2134 5013 alle-

478 5045 620 5113 luia,
645 5045 898 5102 alleluia.
929 5045 993 5099 P.
1030 5045 1092 5098 ln
1121 5039 1560 5111 longitudinem
1582 5038 1839 5107 dierum,
1872 5042 1934 5098 in
1965 5050 2131 5101 ater-

478 5150 648 5200 num,
705 5138 762 5190 et
797 5129 858 5188 in
903 5129 1192 5186 saculum
1238 5127 1462 5200 saculi,
1489 5128 1744 5194 alleluia,
1779 5130 2035 5191 alleluia.
2066 5132 2126 5194 ἲν.

477 5225 689 5291 Magna
704 5225 792 5277 est
812 5218 1001 5290 gloria
1019 5218 1147 5288 ejus
1163 5218 1223 5273 in
1242 5215 1483 5274 salutari
1505 5221 1625 5281 tuo,
1649 5218 1900 5288 gloriam
1934 5225 1991 5277 et
2007 5238 2131 5278 ma-

477 5326 665 5382 gnum
683 5309 960 5365 decorem
983 5309 1254 5378 impones
1278 5321 1453 5378 super
1472 5306 1710 5366 eum.P.
1736 5307 2130 5379 Inlongitudi—

476 5413 618 5454 nem
638 5397 894 5455 dierum.
921 5395 983 5457 il.
1014 5394 1223 5465 Gloria,
1251 5400 1309 5453 et
1331 5397 1525 5454 honor
1551 5396 1723 5456 Patri.
1741 5397 1807 5453 P.
1844 5401 1904 5453 ln
1936 5397 2128 5472 longi-

479 5485 753 5545 tudinem
779 5486 1037 5543 dierum.

551 5575 772 5636 Oratio.
809 5576 986 5634 Juxta
1014 5577 1119 5642 est,
1154 5574 1422 5641 Domine,
1455 5575 1583 5633 dies
1607 5573 1909 5634 Adventus
1938 5575 2041 5647 tui,
2073 5577 2128 5638 et

2325 4512 2433 4569 Per
2461 4512 2936 4570 misericordiam
2967 4518 3154 4584 tuam,
3188 4517 3362 4585 Deus,
3405 4520 3514 4572 etc.

2318 4601 2652 4673 Antiphona
2699 4605 2752 4658 3.
2793 4602 2916 4672 Ego
2947 4606 3083 4659 ante
3143 4607 3199 4659 te
3235 4603 3358 4670 ibo,
3416 4603 3560 4660 dicit
3624 4607 3929 4667 Dominus

2245 4691 2324 4747 P.
2354 4692 2421 4745 Et
2448 4690 2742 4762 gloriosos
2771 4695 2938 4748 terra
2961 4689 3320 4749 humiliabo.
3360 4691 3421 4754 ἲν.
3449 4693 3628 4766 Deus,
3658 4695 3928 4756 deorum

2246 4777 2554 4847 Dominus,
2581 4779 2814 4836 locutus
2840 4785 2946 4847 est,
2983 4785 3040 4837 et
3065 4781 3300 4838 vocavit
3326 4785 3566 4839 terram.
3600 4783 3668 4840 P.
3703 4788 3776 4842 Et
3801 4789 3928 4860 glo-

2241 4869 2452 4936 riosos,
2485 4867 2546 4928 il.
2582 4869 2777 4927 Gloria
2804 4875 2860 4926 et
2881 4870 3074 4928 honor
3103 4871 3281 4939 Patri,
3315 4875 3371 4928 et
3402 4870 3566 4941 Filio,
3597 4874 3670 4929 P.
3701 4878 3773 4934 Et
3796 4878 3925 4949 glo-

2241 4956 2435 5013 riosos
2454 4961 2622 5014 terra
2648 4957 3003 5015 humiliabo.

2313 5045 2540 5103 Oratio.
2573 5049 2708 5103 Esto
2725 5047 2923 5112 nobis,
2954 5047 3221 5120 Domine,
3236 5064 3460 5106 corona
3485 5049 3778 5120 gloriain
3802 5055 3921 5125 die,

2240 5149 2363 5205 qua
2389 5135 2623 5190 veneris
2658 5135 2879 5192 sacula
2898 5135 3170 5207 judicare
3190 5153 3297 5209 per
3325 5138 3528 5209 ignem
3564 5156 3577 5194 :
3604 5146 3672 5196 ut
3689 5141 3794 5199 hic
3809 5160 3922 5202 nos

2237 5221 2372 5295 pius
2403 5225 2622 5281 vestias
2666 5223 3019 5282 indumento
3044 5226 3308 5298 justitia,
3357 5232 3414 5284 et
3462 5234 3596 5300 post
3645 5233 3920 5303 perfecta

2239 5311 2445 5381 gloria
2476 5312 2771 5369 libertate.
2813 5325 2874 5384 Re.
2918 5318 3126 5370 Amen.

2307 5401 2416 5457 Per
2447 5401 2922 5460 misericordiam
2954 5408 3139 5470 tuam,
3164 5409 3273 5462 etc.

2310 5501 2373 5560 Bt.
2405 5491 2569 5558 Ecce,
2601 5491 2760 5562 Sion,
2789 5491 3130 5551 dominator
3171 5498 3307 5550 tuus
3349 5511 3491 5552 cum
3527 5496 3916 5567 jocunditate

2237 5580 2453 5638 veniet.
2478 5580 2547 5639 P.
2573 5583 2638 5637 Et
2657 5597 2868 5642 omnes
2883 5583 3072 5642 sancti
3096 5583 3448 5655 gaudebunt
3469 5602 3654 5659 super
3686 5594 3745 5649 te
3771 5608 3912 5650 cum
