4076 6420
191 316 249 369 73
1087 325 1299 384 FERIA
1340 329 1409 385 IV
1450 327 1632 384 POST
1670 328 1845 385 DOM.
1889 329 1936 385 II
1972 330 2346 398 ADVENTUS
2388 344 2663 406 DOMINI.
3506 365 3579 425 74

192 437 363 495 laetitia
385 443 439 496 et
462 442 692 510 gaudio
715 446 1094 519 sempiterno.
1121 450 1183 512 ἲν.
1207 452 1372 519 Veni,
1410 454 1680 525 Domine,
1700 453 1824 511 noli
1853 450 1899 505 A
1930 455 2031 513 tio.
2066 460 2179 517 Fac
2202 479 2337 534 nos,
2377 472 2563 543 Pater,
2593 474 2655 528 in
2685 445 2895 546 gratia,
2927 484 2993 534 ut
3017 478 3185 550 infra
3224 485 3418 544 eodem
3453 490 3571 559 fol.

192 527 397 559 los-Anna
415 544 428 559 ο
453 529 654 559 ..κιαι-η.
686 532 741 559 ε..
758 534 953 559 λεκιι..-
976 537 1129 559 _I-L:
1159 544 1211 559 ιη
1232 558 1259 559 η
1347 544 1385 559 n
1425 546 1482 559 «η.
1755 544 1799 559 .1.

190 527 428 584 tardare:
452 529 662 588 relaxa
685 532 959 593 facinora
976 537 1133 609 plebi
1158 544 1291 597 tuae.
1332 544 1405 599 P.
1425 546 1489 600 Et
1508 544 1818 605 omnele'.
2319 527 2332 534 ⁷

188 616 378 683 Gloria,
405 627 460 674 et
486 618 690 678 honor
719 624 881 680 Patri
918 626 1248 686 Reiteretur
1276 643 1339 701 Bt.
1373 634 1539 699 Ecce,
1575 633 1738 692 Sion.

809 714 881 769 1n
919 716 1243 774 Laudibus.

237 792 323 848 Ad
334 794 649 854 Canticum
660 840 671 852 .
681 799 1045 870 Antiphona.
1056 807 1196 862 Ecce
1209 807 1367 863 enim
1381 811 1534 865 Deus
1549 809 1817 869 Salvator

180 896 352 937 meus:
384 882 749 945 ﬁducialiter
786 904 964 961 agam
1004 891 1066 949 in
1096 910 1186 964 eo,
1220 903 1275 951 et
1302 913 1425 953 non
1448 898 1695 958 timebo.

564 975 889 1035 Canticum
921 982 1015 1048 (II
1049 983 1327 1042 Machab.
1368 989 1427 1049 ι).

234 1060 501 1117 Dominus
528 1063 690 1120 Deus
722 1068 999 1125 omnium
1044 1078 1293 1142 creator,
1328 1076 1343 1091 '
1422 1075 1699 1133 terribilis
1756 1080 1813 1134 et

172 1147 328 1217 fortis,
346 1150 562 1219 justus,
596 1156 658 1209 et
690 1155 1047 1215 misericors.

231 1235 384 1292 Solus
404 1253 508 1294 rex
536 1238 767 1310 bonus,
791 1244 897 1316 qui
926 1246 1092 1303 solus
1130 1253 1444 1321 praestans,
1494 1254 1509 1269 '
1537 1254 1699 1310 solus
1713 1254 1807 1325 ju-

172 1329 295 1392 stus,
322 1327 725 1400 omnipotens.

230 1413 326 1479 Qui
350 1414 537 1475 libera
558 1419 750 1476 lsraél
772 1421 847 1477 de
874 1424 1039 1480 omni
1068 1425 1251 1492 malo,
1279 1429 1296 1448 ‘
1334 1428 1441 1501 qui
1480 1429 1669 1489 fecisti
1699 1449 1804 1505 pa-

170 1506 266 1557 tres
283 1502 511 1575 electos,
530 1510 996 1568 etsanctiﬁcasti
1024 1529 1126 1570 eos
1163 1533 1176 1567 :

225 1590 420 1665 Accipe
461 1596 835 1657 sacrificium
875 1601 947 1655 ab
993 1602 1270 1662 universo
1321 1607 1541 1679 populo
1602 1610 1797 1679 Israel,

166 1682 243 1736 'et
260 1683 479 1738 custodi
514 1685 765 1756 plebem
800 1693 987 1755 tuam,
1023 1696 1080 1747 et
1099 1694 1430 1764 sanctifica,

223 1770 536 1842 Congrega,
564 1776 846 1843 Domine,
879 1778 1285 1851 dispersiones
1332 1788 1566 1842 nostras
1596 1788 1687 1844 ‘et
1735 1789 1802 1845 li-
1832 1798 1878 1853 B

163 1855 284 1913 hera
307 1874 399 1914 eos
426 1861 533 1933 qui
567 1864 846 1922 serviunt
887 1869 1171 1925 Gentibus
1198 1875 1718 1933 contemnentibus
1744 1882 1800 1935 et

162 1944 646 2023 abominantibus.

138 2016 477 2109 ‘/Respice:
508 2042 578 2098 Ut
613 2042 816 2099 sciant
841 2046 1203 2119 Gentesquia
1232 2053 1367 2106 tues
1395 2053 1546 2107 Deus
1562 2058 1795 2111 noster:

164 2126 336 2195 totque
359 2127 806 2201 opprimentes,
849 2137 904 2188 et
960 2136 1387 2194 contumeliam
1416 2139 1698 2199 facientes
1734 2144 1797 2199 in

164 2213 431 2284 superbia,
462 2218 484 2238 '
502 2221 564 2274 et
594 2220 897 2278 constitue
922 2224 1218 2295 populum
1244 2228 1487 2286 tuumin
1504 2229 1638 2289 loco
1661 2247 1797 2288 san-

162 2304 238 2356 cto
259 2306 374 2361 tuo.

218 2391 271 2447 P.
296 2394 435 2450 Ecce
470 2396 662 2455 enim.

220 2480 412 2550 Gloria,
435 2489 491 2541 et
512 2485 741 2559 honor]
763 2488 935 2544 Patri.

1996 654 2224 747 Lauda.
2247 664 2294 713 Α
2324 662 2466 720 solis
2489 671 2622 724 ortu
2642 684 2835 742 usque
2857 670 2936 727 ad
2951 687 3252 735 occasum.
3264 679 3400 747 iam
3416 722 3429 737 .
3451 682 3574 741 Λη-

1927 738 2195 808 tiphona.
2237 750 2437 807 Veniet
2494 738 2779 813 Dominus
2836 775 2973 816 cum
3013 738 3278 820 senibus:
3339 738 3567 829 Lauda.

1926 829 2229 891 Dexteram
2254 841 2439 912 tuam,
2475 845 2627 900 Deus
2686 848 2941 919 Require
2963 851 3079 919 fol.
3107 856 3158 908 8.

2580 936 2879 1005 Hymnus.

2167 1019 2214 1068 A
2234 1018 2422 1089 Patre,
2448 1021 2691 1093 Unigeni
2702 1027 2771 1092 te,

2097 1101 2185 1156 Ad
2216 1118 2325 1160 nos
2349 1110 2517 1176 venis
2542 1127 2649 1183 per
2672 1114 2991 1185 Virginem,

2094 1192 2378 1263 Baptismi
2406 1213 2539 1257 rore
2562 1217 2939 1277 consectans,

2092 1280 2345 1340 Cunctos
2364 1287 2483 1344 ﬁde
2525 1305 2907 1360 regenerans,

2160 1370 2241 1425 De
2270 1374 2417 1430 caelo
2455 1377 2651 1434 celsus
2682 1381 2965 1451 prodiens

2090 1457 2330 1531 Excepit
2353 1462 2610 1523 formam
2640 1467 2905 1525 hominis

2088 1545 2281 1605 Victor
2308 1566 2345 1606 a
2370 1559 2557 1609 morte
2582 1555 2835 1623 rediens,

2088 1632 2319 1694 Gaudia
2346 1640 2479 1696 vitae
2501 1641 2780 1712 largiens.

2160 1726 2278 1780 Hoc
2308 1730 2382 1794 te,
2417 1730 2792 1804 Redemptor,
2823 1735 3208 1809 'quaesumus,

2094 1810 2336 1870 Illabere
2374 1818 2667 1889 propitius
2688 1838 2702 1889 ;

2087 1898 2445 1975 Clarumque
2464 1908 2684 1963 nostris
2710 1910 2991 1968 cordibus

2087 1990 2309 2046 Lumen
2328 1994 2531 2063 praebe
2548 1994 2851 2055 deiﬁcum.

2155 2079 2273 2135 Deo
2300 2082 2455 2137 Patri
2480 2083 2552 2139 sit
2574 2083 2780 2153 gloria,
2823 2089 2933 2145 etc.

1976 2179 2341 2252 Supplicatio
2373 2187 2621 2245 Oremus
2647 2192 3110 2265 Redemptorem
3127 2196 3341 2254 mundi
3362 2200 3557 2257 Domi-

1905 2268 2054 2325 num
2078 2278 2354 2330 nostrum
2383 2276 2585 2333 Jesum
2625 2279 2941 2337 Christum.
2994 2283 3204 2350 Quaere
3224 2286 3332 2354 fol.
3356 2292 3407 2342 2.

1978 2358 2278 2428 Capitula.
2310 2365 2383 2419 Te
2414 2370 2792 2436 expectantes
2811 2385 3181 2441 quaesumus,
3242 2375 3486 2432 Domine
3535 2394 3551 2433 :

1907 2445 2075 2504 salva
2104 2464 2215 2505 nos
2238 2458 2546 2523 sperantes
2572 2455 2633 2511 in
2660 2459 2747 2512 te:
2780 2459 3005 2531 tuoque
3046 2475 3159 2517 nos
3196 2462 3545 2535 redemptos

350 2537 479 2619 ign;
475 2537 709 2619 £152;-
727 2537 740 2559 ι
764 2537 783 2542 -
807 2537 935 2544 “""
1905 2537 2214 2607 sanguine,
2258 2540 2409 2597 sicut
2435 2556 2498 2598 es
2516 2543 2829 2617 pollicitus,
2862 2547 3177 2605 consolare
3202 2566 3323 2619 ;ac,
3356 2567 3555 2609 remo-

350 2571 359 2581 .
488 2573 500 2583 ,
574 2575 585 2585 ,
1905 2568 2214 2607 sanguine,
2258 2568 2409 2597 sicut
2435 2568 2498 2598 es
2516 2568 2829 2617 puuwuus,
2862 2568 3177 2605 consorare
3202 2568 3323 2619 ;ac,
3356 2568 3555 2609 remo-

216 2568 278 2627 P’
307 2572 703 2633 Flduc‘ahter'
1902 2627 1962 2680 to
1988 2626 2232 2694 gemitu,
2260 2629 2629 2704 expulsoque
2658 2633 2883 2701 dolore,
2948 2636 3059 2707 18
3102 2640 3556 2711 sempiternum-

735 2700 1227 2760 Matutinarmm.
1902 2712 2190 2779 gaudium
2222 2700 2627 2791 aeternamque
2642 2700 2905 2780 laetitiam
2921 2700 3051 2781 nos
3062 2700 3551 2786 facitoobtinere.

218 2801 288 2858 Sit
322 2803 605 2875 splendor
642 2806 892 2863 Domini
954 2808 1056 2864 Dei
1088 2811 1269 2867 nostri
1319 2829 1496 2886 super
1534 2831 1686 2873 nos:
1738 2822 1795 2876 et
1972 2799 2143 2855 Pater
2171 2809 2395 2861 Ποδίθνο
2444 2808 2508 2863 Et
2549 2821 2645 2864 ne'
2674 2809 2809 2866 S°d°
2859 2814 2902 2866 Α
2960 2812 3124 2869 malo
3168 2829 3280 2872 nos
3338 2815 3547 2875 libem°

162 2901 313 2959 opera
338 2908 631 2951 manuum
657 2899 902 2952 tuarum
929 2896 1117 2968 dirige
1136 2916 1315 2973 super
1334 2917 1445 2959 nos
1459 2904 1520 2963 Ψ.
1551 2906 1791 2978 Respice
1903 2886 2242 3000 Qufrequ"
2261 2896 2354 2989 βο·
2381 2987 2393 3000 ι
2421 2996 2564 3000 __“_
2612 2985 2650 3000 ἢ
2669 2983 2708 3000 Α,
2848 2985 2859 2995 _
2931 2985 2966 3000 ν
3218 2988 3229 3000 ,

162 2975 405 3038 inservos
430 2988 587 3051 tuos,
617 2988 685 3041 et
712 2984 773 3040 in
800 3000 986 3056 opera
1026 2992 1147 3053 tua,
1172 2993 1229 3045 et
1276 2990 1463 3062 dirige
1493 2993 1646 3050 ﬁlios
1692 3011 1791 3052 eo-

163 3080 265 3090 _,_
318 3069 353 3090 η
786 3089 850 3090 η
1253 3078 1307 3090 η.
1388 3080 1397 3090 .
1535 3083 1614 3090 .-

1962 2976 2323 3034 Benedictio.
2365 2987 2567 3050 Agnus
2610 2983 2731 3053 Dei,
2758 2985 2863 3057 qui
2891 2985 3035 3043 olim
3094 2988 3259 3046 venit
3304 2996 3550 3063 peccata

1961 3062 2096 3090 ‘Innn
2121 3066 2327 3090 -..η-,ιε
2378 3068 2602 3090 ---ε-μ-ι
2636 3087 2658 3090 _
2693 3087 2723 3090 μ
2747 3072 2790 3090 ,1
2821 3073 2831 3084 σ
2903 3089 2908 3090 ,
3223 3077 3259 3090 ιε
3352 3080 3362 3090 .

163 3080 291 3125 mm.
309 3069 368 3124 Ρ⁸
416 3073 478 3127 Et
526 3088 723 3145 Opera
762 3089 1076 3130 manuum.
1132 3076 1193 3137 γ’
1248 3078 1461 3145 Gloria,
1494 3086 1550 3138 et
1601 3083 1791 3142 honor
1828 3141 1855 3145 ﬂ
1900 3062 2099 3120 tollere
2119 3066 2350 3134 mundi,
2375 3068 2604 3127 auferat
2631 3072 2867 3129 anobis
2888 3089 3129 3132 omnem
3148 3062 3547 3139 colluvionem

162 3153 303 3212 patri.
339 3159 399 3215 Ρ,
433 3141 717 3234 Ειορεη
741 3178 1055 3221 manuum.
1448 3141 1456 3145 ’
1736 3141 1743 3142 ί
1817 3141 1857 3197 C
1898 3150 2110 3209 delicti.
2168 3166 2230 3223 Β.
2262 3160 2470 3213 Amen.
2535 3159 2618 3231 Et,
2670 3162 2773 3233 qui
2820 3161 2984 3219 venit
3027 3164 3340 3237 redimere,
3382 3169 3547 3241 quod

216 3246 425 3305 Lauda.
452 3252 725 3307 Laudate
760 3253 1082 3310 Dominum
1106 3254 1165 3311 in
1193 3259 1411 3314 sanctis
1434 3259 1563 3331 ejus
1598 3278 1610 3316 :
1645 3260 1785 3318 alle-
1896 3242 2151 3353 Perif’rf‘t
2174 3260 2187 3305 ἓ
2213 3244 2289 3300 ad
2312 3244 2433 3353 P00
2470 3246 2685 3353 ίίθτξω
2726 3250 3035 3353 νθυίδῖνξξί
3064 3254 3394 3353 “gemma”
3422 3270 3547 3353 9°”

161 3330 275 3403 luia,
296 3337 546 3398 alleluia.
584 3342 856 3397 Laudate
884 3359 1022 3398 eum
1054 3344 1113 3399 in
1144 3346 1526 3406 ﬁrmamento
1554 3350 1786 3409 virtutis
1894 3330 2123 3403 Puniat'
2176 3344 2238 3401 ﬁ"
2296 3339 2504 3391 Amen'
2575 3338 2700 3402 Quo
2756 3353 2896 3395 cum
2946 3338 3063 3403 ino'
3116 3342 3178 3398 in
3204 3358 3328 3415 quo
3358 3345 3543 3402 ﬁdem

161 3423 299 3493 ejus.
329 3428 579 3489 aueluia_
608 3432 897 3489 Psalmus
923 3451 1154 3491 CXLVHL
1894 3425 2161 3477 nostram
2186 3423 2517 3495 dirigimus,
2534 3426 2831 3509 gaudium
2860 3436 3237 3504 perpetuum,
3273 3447 3412 3490 cum
3443 3450 3543 3493 ve-

215 3514 532 3588 Prophetia.
564 3520 871 3580 Hmcdicit
894 3523 1183 3580 Dominus
1210 3544 1222 3582 :
1248 3526 1781 3599 Vade,ingredere.
1893 3510 2066 3618 nexi}:
2569 3520 2777 3615 émfm'
2802 3607 2838 3618 ﬁ
2886 3606 2896 3616 ,
3047 3610 3056 3618 _
3099 3605 3110 3618 ,

155 3599 247 3667 fol.
274 3604 358 3665 15.
1962 3600 2068 3653 Per
2086 3599 2557 3657 misericordiam
2590 3604 2776 3675 ipsius
2802 3606 2901 3662 Dei
2926 3605 3134 3674 nostri,
3167 3612 3275 3666 etc.

804 3717 1107 3788 Hymnus.
1960 3686 2173 3788 fanda.
2208 3688 3062 3788 hianisfeste-venietlﬁeqaire
3080 3696 3194 3767 fol.
3221 3701 3279 3755 4,

1963 3774 2184 3833 Oratio.
2216 3779 2347 3849 Fac,
2372 3794 2503 3851 nos,
2533 3783 2719 3838 Pater.
2756 3782 2828 3838 Ut
2856 3784 3050 3854 infra.

632 3825 807 3879 vator
835 3839 1106 3882 omnium
1968 3822 2023 3832 ν·
2046 3822 2184 3833 ντ--ν-
2216 3822 2236 3833 -
2256 3822 2347 3849 κν»
2374 3822 2503 3851 μνη,
2533 3822 2555 3835 ι
2577 3822 2719 3838 ww
2756 3822 2826 3838 υν
2858 3822 2971 3854 ἰη’
2991 3822 3009 3843 ι

367 3822 682 3953 Effci-:33“:
708 3913 972 3953 nntimnc

408 3910 419 3921 .
818 3913 830 3926 .
2493 3907 2773 3953 uuaum
2804 3907 2821 3946 ι

300 3907 683 3970 Desideratus
708 3916 993 3984 optimus,
2494 3996 2506 4010 ,
2551 3997 2565 4010 ,
2611 3998 2661 4010 ,,
2715 4004 2725 4010 ,
2782 4000 2821 4010 ,,

300 3997 600 4059 Adventus
632 4002 808 4074 cujus
846 4003 1185 4075 praedictus,
2467 3996 2565 4053 Ad
2598 3998 2991 4062 Matutinum.

302 4087 587 4149 Venturus
611 4096 707 4148 est
728 4093 1105 4164 quantocius.
1958 4098 2321 4167 Antiphona.
2340 4103 2496 4159 Lava
2509 4120 2624 4168 me,
2654 4107 2922 4171 Domine,
2948 4107 3026 4164 ab
3054 4107 3342 4179 injustitia
3368 4124 3534 4170 mea:

366 4181 730 4238 Mundemus
752 4178 937 4235 corda
954 4196 990 4236 a
1018 4181 1298 4239 sordibus
1888 4190 1943 4244 et
1967 4203 2004 4243 a
2032 4188 2291 4259 peccatis
2315 4190 2464 4247 meis
2480 4192 2713 4248 munda
2731 4208 2835 4249 cor
2856 4210 3085 4251 meum.
3117 4196 3385 4255 Psalmus
3407 4214 3461 4255 L.

304 4262 575 4323 Parentes
609 4266 779 4323 viam
801 4269 1055 4327 Domino
1960 4275 2181 4332 Oratio.
2244 4277 2420 4342 Deus,
2454 4277 2555 4333 Dei
2607 4279 2800 4347 Filius,
2864 4282 3039 4354 cujus
3113 4283 3177 4341 in
3244 4291 3535 4344 aeternum

301 4352 644 4412 Clamemus
679 4356 879 4413 cordis
909 4373 1176 4430 organo:
1887 4369 2217 4435 permanet.
2249 4366 2501 4438 Require
2519 4368 2627 4437 fol.
2662 4373 2717 4427 3.

301 4442 447 4508 Veni,
484 4445 873 4517 Redempter,
902 4447 1070 4506 salva
1088 4465 1228 4507 nos.
1809 4494 1856 4549 Β
1956 4453 2317 4522 Antiphona.
2359 4455 2671 4549 Ambulate
2692 4473 2799 4530 per
2837 4464 3043 4531 portas
3079 4477 3266 4530 meas,
3291 4470 3348 4521 et
3370 4466 3534 4522 viam

364 4534 481 4590 Deo
508 4534 673 4591 Patri
696 4535 770 4591 sit
818 4536 1028 4606 gloria,
1809 4534 1855 4549 "
1885 4538 2058 4597 facite
2079 4541 2236 4614 plebi
2273 4559 2422 4600 mea;
2447 4561 2460 4600 :
2491 4545 2745 4618 lapides,
2799 4549 2905 4620 qui
2926 4556 3065 4605 sunt
3094 4549 3154 4605 in
3183 4553 3296 4619 via,
3349 4554 3538 4611 revol-

297 4620 555 4694 Ejusque
593 4622 702 4679 soli
728 4623 891 4691 Filio,
1886 4629 2024 4686 vite.
2056 4633 2136 4689 P.
2178 4634 2323 4688 Ecce
2357 4634 2646 4690 Dominus
2670 4637 3018 4695 venietcum
3052 4639 3263 4696 salute.
3287 4640 3535 4700 V.Exul-

298 4709 437 4767 Cum
460 4712 697 4786 Spiritu
725 4714 1013 4772 Paraclito
1888 4722 2004 4775 tate
2035 4721 2179 4791 justi
2206 4722 2267 4776 in
2294 4721 2576 4779 Domino:
2627 4730 2818 4780 rectos
2850 4726 3020 4783 decet
3045 4728 3426 4785 collaudatio.
3465 4732 3529 4786 P.

298 4799 359 4855 ln
386 4803 759 4876 sempiterna
787 4804 1022 4863 saecula.
1890 4809 2033 4863 Ecce
2066 4808 2350 4865 Dominus
2390 4810 2601 4867 veniet.
2633 4812 2696 4872 if.
2730 4812 2941 4880 Gloria,
2985 4820 3040 4871 et
3060 4816 3253 4872 honor
3273 4817 3445 4887 Patri,
3478 4821 3536 4875 et

366 4890 586 4948 Amen.
1890 4895 2050 4961 Filio,
2079 4901 2188 4951 etc.
2215 4897 2283 4951 P.
2324 4900 2469 4954 Ecce
2502 4901 2784 4956 Dominus
2815 4904 3008 4959 veniet
3035 4919 3173 4960 cum
3195 4904 3400 4962 salute.

211 4971 1328 5056 Supplicatio.0remus.Redemptorem
1356 4983 1781 5043 mundiDomi-
1962 4983 2179 5041 Oratio.
2204 4986 2341 5051 Fac,
2365 5001 2495 5058 nos,
2548 4990 2733 5052 Pater,
2792 4989 2854 5044 in
2898 4992 3089 5061 gratia
3115 4997 3171 5050 et
3236 4994 3535 5065 agnitione

156 5070 278 5117 num
302 5072 594 5125 nostrum.
621 5069 741 5137 fol.
770 5072 825 5125 2.
1889 5074 2030 5129 Jesu
2060 5073 2266 5130 Christi
2286 5074 2390 5130 ﬁlii
2412 5076 2516 5145 tui,
2569 5077 2803 5133 Domini
2844 5082 3049 5147 nostri,
3091 5081 3349 5140 dilatatis
3407 5099 3537 5141 sen-

216 5149 499 5221 Capitula.
530 5158 754 5212 Memor
780 5163 925 5224 esto,
963 5159 1230 5225 Domine,
1254 5159 1530 5216 Ecclesiae
1555 5164 1783 5227 tuas,ex
1893 5161 2057 5217 sibus
2079 5178 2378 5219 crescere:
2429 5168 2513 5235 ut,
2561 5170 2935 5238 expectantes
2998 5169 3337 5228 Adventum
3386 5174 3533 5244 ejus,

162 5234 397 5299 Gentium
418 5244 765 5301 diversitate
796 5246 1056 5303 collectae
1086 5265 1099 5303 :
1138 5249 1313 5320 eique
1356 5248 1782 5305 misericordia:
1892 5250 2293 5309 immaculatis
2326 5253 2678 5324 vestigiisad
2707 5256 2866 5311 diem
2882 5256 3092 5327 judicii
3107 5275 3533 5333 properemus:

162 5326 389 5387 veritatis
421 5340 541 5390 tuas
574 5335 891 5391 thesauros
922 5338 1121 5407 pande
1149 5355 1161 5391 :
1188 5344 1251 5394 ut
1277 5344 1332 5393 et
1354 5339 1588 5393 venisse
1609 5346 1659 5393 te
1676 5354 1785 5409 pro
1893 5354 2016 5409 quo
2046 5340 2174 5410 ejus
2202 5341 2396 5410 gratia
2423 5341 2522 5397 hic
2550 5343 2634 5399 sic
2674 5359 2808 5400 reos
2842 5326 3137 5414 absolvat,
3170 5354 3237 5405 ut
3260 5350 3323 5405 in
3340 5349 3539 5406 futuro

168 5425 261 5471 sua
278 5420 682 5497 redemptione
702 5423 974 5489 laetatur;
1001 5431 1057 5481 et
1086 5442 1196 5497 pro
1228 5441 1342 5483 sua
1363 5428 1788 5484 remuneratio-
1897 5428 2139 5501 culpam
2169 5430 2563 5488 intereuntem
2591 5448 2714 5489 non
2734 5435 2958 5505 puniat.
2987 5447 3049 5506 Βρ.
3081 5440 3295 5495 Amen.

166 5514 229 5559 ne
250 5515 553 5571 venturum
580 5514 645 5571 in
671 5513 1055 5571 exultationis
1074 5515 1266 5585 jubilo
1326 5515 1717 5588 praestoletur.
1968 5518 2314 5588 Antip/wna
2333 5523 2391 5575 2.
2420 5521 2572 5577 Mitte
2600 5522 2795 5589 nobis,
2843 5524 3113 5592 Domine,
3138 5527 3428 5584 auxilium
3463 5522 3541 5578 de

226 5595 377 5655 Pater
392 5609 610 5663 noster.
638 5608 688 5660 Α
717 5602 882 5660 malo
906 5619 1018 5660 nos
1043 5602 1250 5675 libera,
1283 5609 1395 5661 etc.
1423 5605 1536 5673 fol.
1573 5607 1654 5661 l0.
1901 5609 2127 5673 sancto,
2254 5609 2323 5665 Et
2344 5607 2435 5705 de_
2460 5610 2601 5705 Sion
2630 5614 2792 5705 tuere
2841 5627 2976 5669 nos.
3008 5613 3069 5672 ν.
3104 5614 3372 5705 Domine,
3428 5608 3541 5705 sal-

232 5684 600 5753 Lauda.Deus
611 5691 1610 5837 ωωίἰεῗὲδὲῧὶῗιλίεᾳαένεΐοιϐ.
1648 5692 1788 5752 Ora-
1903 5708 2012 5754 vos
2034 5708 2146 5753 nos
2169 5694 2264 5753 fac
2296 5711 2310 5761 ;
2342 5711 2379 5753 ο
2402 5697 2670 5766 Domine,
2694 5698 2847 5760 bene
2864 5714 3254 5839 prosperage:
3296 5692 3542 5755 benedi-

529 5783 779 5839 ΡΑτιιοι..
1106 5820 1121 5839 .

529 5783 779 5840 ΡΑτιιοι..
820 5778 1121 5839 LXXXVI.
