4076 6416
550 347 621 408 75
1827 333 2273 395 BREVIABIUM
2314 335 2706 396 GOTHICUM.
3905 333 3978 390 76

548 482 696 540 ctus,
737 473 841 546 qui
862 470 1103 528 venitin
1127 471 1370 526 nomine
1415 466 1671 522 Domini.
1703 468 1766 521 P.
1808 466 1872 520 Et
1928 462 2002 518 de
2051 462 2190 517 Sion
2223 461 2267 516 A
2301 459 2425 526 des,
2455 462 2472 478 '
2508 462 2620 533 ιθ
2645 465 2769 518 tota
2791 461 2887 518 die
2917 464 2973 518 et
3001 464 3122 518 tota
3153 461 3325 516 nocte
3349 457 3412 514 in
3431 459 3804 530 perpetuum
3845 473 3975 517 non

547 569 714 621 tuere
738 577 868 617 nos.
899 560 962 620 il.
996 557 1211 622 Gloria,
1241 561 1297 612 et
1325 556 1518 610 honor
1539 553 1715 609 Patri.
1747 555 1804 616 P,
1841 555 1905 607 Et.
1934 551 2007 605 de
2032 550 2192 606 Sion.
2304 548 2602 605 tacebunt.

624 649 853 706 Oratio.
893 650 980 702 Da
993 643 1466 711 nobis,Domine,
1499 641 1787 697 felicitatis
1802 638 2022 710 gaudia
2035 642 2198 692 eeter-
2377 635 2486 701 Qui
2509 637 2959 693 reminiscimini
2977 636 3317 704 Dominum,
3361 647 3436 690 ne
3462 635 3740 704 taceatis,
3774 637 3792 652 ‘
3819 637 3881 690 et
3901 650 3975 692 ne

553 753 669 801 me,
691 741 758 792 ut
781 736 842 790 in
867 738 920 790 te
947 748 1181 804 semper
1210 731 1472 800 gaudere
1487 731 1805 800 possimus,
1833 741 1908 781 ne
1924 726 2201 796 despera-
2307 724 2454 779 detis
2481 725 2995 798 silentium,donec
3027 725 3304 792 stabiliat,
3333 727 3390 779 et
3418 723 3610 779 donec
3631 727 3835 796 ponat
3848 723 3981 779 Ilie-

553 824 661 880 bili
685 822 910 878 tristitia
925 822 1254 876 obruamur
1286 837 1298 872 :
1330 822 1394 873 ut
1414 817 1472 871 in
1492 815 1654 872 nullo
1672 815 1744 870 de
1775 811 2200 885 temporalibus
2306 813 2569 867 rusalem
2589 811 2831 867 laudem
2862 813 2922 867 in
2954 819 3131 868 terra.

560 912 766 968 soliciti
800 911 987 965 simus
1017 929 1030 978 ;
1065 909 1246 979 et,qui
1281 914 1331 961 te
1351 923 1534 978 prope
1562 921 1686 959 esse
1712 905 1838 974 jam
1883 903 2199 966 credimus,
2383 903 2439 955 P.
2472 902 2754 955 Dominus
2788 903 2940 955 Deus
2987 900 3362 970 germinabit.
3414 900 3628 969 Gloria,
3664 904 3722 956 et
3776 900 3982 957 honor

561 1000 947 1056 mitissimum
971 1004 1042 1060 te,
1067 1014 1199 1051 cum
1236 996 1485 1058 veneris,
1513 996 1859 1048 sentiamus.
1887 1003 1945 1060 ηε.
1993 993 2201 1050 Amen,
2312 990 2482 1052 Patri,
2512 995 2618 1044 etc.
2655 991 2694 1043 P
2721 992 3001 1045 Dominus
3025 992 3177 1044 Deus
3209 989 3583 1058 germinabit.

633 1087 982 1154 Antiphone
1000 1084 1578 1150 3..\’osingredientes
1597 1081 1928 1134 vibidemus
1949 1080 2207 1133 Salvato-
2385 1078 2859 1131 Matutinm'ium.
2897 1079 3048 1131 Deus
3072 1079 3375 1132 Dominus.
3405 1077 3469 1131 P.
3492 1079 3553 1132 Et
3577 1076 3635 1132 ill
3649 1077 3979 1134 uxitnobis

564 1191 691 1231 rem
721 1189 1031 1242 magnum,
1060 1173 1468 1226 universarum
1499 1185 1695 1222 rerum
1741 1166 2057 1220 Dominum
2105 1179 2206 1216 no-
2315 1167 2375 1222 i'.
2418 1167 2756 1220 Constituite
2783 1167 2941 1220 diem
2968 1167 3298 1221 solemnem
3326 1166 3386 1220 in
3408 1165 3740 1220 condensis
3778 1181 3982 1240 usque

567 1268 773 1317 strum.
799 1261 864 1314 P.
897 1260 1232 1314 Adventum
1255 1273 1430 1311 suum
1446 1254 1886 1310 manifestatum
1922 1251 2208 1307 membris
2316 1253 2394 1308 ad
2423 1269 2608 1307 cornu
2635 1253 2850 1307 altaris.
2896 1254 2963 1306 P.
3024 1256 3086 1308 Et
3119 1253 3309 1308 illuxit
3329 1253 3520 1308 nobis.
3553 1253 3614 1314 ἵ.
3641 1252 3874 1321 Gloria,
3929 1260 3983 1311 et

567 1349 865 1404 humanis.
904 1347 961 1405 V.
1001 1350 1244 1414 Magnus
1276 1345 1558 1398 Dominus
1605 1341 1924 1396 laudabilis
1947 1340 2123 1395 nimis
2149 1339 2208 1392 in
2315 1341 2510 1396 honor
2527 1342 2694 1396 Patri.
2731 1341 2794 1394 P.
2835 1344 2897 1395 Et
2943 1341 3131 1396 illuxit
3155 1341 3350 1396 nobis.

566 1437 796 1491 civitate
815 1434 1210 1495 Dei,in'monte
1226 1437 1430 1486 sancto
1444 1431 1494 1499 ej
1507 1431 2002 1485 us.P.Adventum
2017 1443 2205 1482 suum.
2387 1429 2607 1482 Lauda.
2621 1428 2876 1483 Laudate
2909 1429 3389 1496 Dominum/“0L!
3407 1428 3825 1499 LProphetia.
3849 1432 3982 1487 Haec

564 1524 623 1584 ἰν.
659 1522 870 1588 Gloria,
901 1528 956 1576 et
992 1521 1183 1575 honor
1201 1519 1370 1574 Patri.
1415 1522 1477 1573 P.
1508 1519 1846 1573 Adventum
1872 1532 2072 1572 suum.
2317 1517 2457 1571 dicit
2485 1517 2770 1571 Dominus
2792 1535 2808 1570 τ.
2861 1517 3020 1571 Vade
3063 1516 3388 1586 ingredere.
3444 1518 3654 1584 Quaere
3722 1519 3854 1587 fol.
3898 1523 3982 1575 15.

635 1610 1114 1668 0ratio.Domine
1132 1612 1283 1663 Deus
1300 1611 1450 1662 Deus
1469 1606 1990 1676 retributionis,qui
2005 1606 2063 1659 in
2082 1620 2209 1658 car-
2318 1603 2609 1672 Hymnus.
2646 1606 2787 1658 Ecce
2820 1603 3086 1658 Salvator
3106 1604 3405 1667 omnium,
3431 1605 3538 1674 [οἱ.
3586 1606 3672 1658 17.

563 1714 638 1755 ne
668 1704 844 1754 natus
873 1696 1134 1759 humilis,
1160 1695 1236 1749 ad
1259 1695 1553 1763 judicium
1579 1700 1866 1748 venturus
1907 1691 2207 1757 terribilis;
2391 1692 2686 1760 Capitula.
2713 1691 3053 1746 Dominator
3101 1691 3510 1748 desiderabilis
3551 1694 3819 1750 Domine
3846 1695 3989 1751 Jesu

566 1786 731 1842 salva
742 1802 852 1840 nos
865 1782 1241 1839 credentesin
1257 1787 1309 1836 te
1327 1782 1700 1836 :utczecitatis
1718 1785 1939 1836 nostros
1955 1779 2209 1835 tenebras
2241 1795 2283 1848 Β
2321 1781 2742 1850 Christe,quasi
2773 1780 2926 1848 ignis
2953 1780 3220 1836 conﬂans
3236 1781 3314 1835 ab
3332 1780 3536 1836 scoriis
3551 1783 3995 1853 peccaminum

565 1890 603 1931 a
632 1879 685 1930 te
715 1873 1079 1940 illuminatee,
1115 1870 1354 1925 luminis
1389 1869 1470 1924 tui
1492 1870 1751 1925 claritate
1778 1869 2206 1940 praefulgeant;
2321 1883 2430 1924 nos
2450 1869 2720 1937 absterge
2746 1885 2760 1922 ε
2782 1884 2843 1922 es
2864 1869 3037 1939 quasi
3056 1885 3270 1924 aurum
3286 1885 3498 1941 purum
3537 1878 3998 1946 argentumque

565 1961 816 2032 qualiter
844 1960 1081 2016 auditus
1109 1958 1320 2013 mentis
1335 1963 1554 2012 nostrae
1570 1957 1644 2012 de
1657 1973 1910 2028 operum
1926 1956 2211 2027 dignitate
2321 1962 2660 2028 purgatum,
2687 1971 2796 2010 nos
2827 1956 3013 2021 eﬁice,
3047 1962 3267 2028 tuoque
3293 1957 3808 2028 inspiramine,ad
3833 1977 3999 2034 quoe-

566 2063 803 2119 semper
821 2047 927 2102 tibi
951 2046 1337 2116 complaceat.
1361 2056 1428 2114 ne.
1460 2046 1665 2099 Amen.
2320 2044 2576 2100 rendum
2603 2049 2656 2099 te
2681 2044 2917 2114 jugiter,
2957 2045 3140 2101 corda
3209 2052 3416 2102 nostra
3442 2048 3792 2104 succende:
3819 2057 3885 2106 ut
3924 2051 3997 2107 ad

636 2147 702 2206 Βι.
727 2139 854 2191 Non
897 2135 1194 2190 auferetur
1241 2137 1542 2202 sceptrum
1587 2132 1659 2186 de
1679 2134 1704 2186 J
1714 2132 1850 2195 uda,
1879 2147 1986 2186 nec
2000 2131 2121 2185 dux
2138 2129 2211 2184 de
2323 2137 2376 2188 te
2400 2133 2676 2188 ardenter
2703 2137 2906 2188 nostra
2933 2133 3231 2190 desideria
3260 2133 3822 2209 anhelent,tibique
3855 2155 3997 2197 con-

560 2223 889 2280 femoribus
911 2223 1057 2292 ejus,
1086 2219 1276 2276 donec
1337 2220 1551 2283 veniat,
1595 2219 1700 2290 qui
1737 2219 2058 2275 mittendus
2103 2223 2206 2273 est.
2315 2219 2489 2288 jungi
2514 2225 2632 2275 tota
2653 2220 2931 2275 aviditate
2959 2220 3258 2277 festinent.

561 2314 621 2368 P.
650 2315 716 2367 Et
751 2311 882 2382 ipse
902 2310 1008 2366 erit
1028 2308 1358 2381 expectatio
1397 2308 1692 2363 Gentium.
1738 2307 1799 2366 ἓν.
1847 2307 2206 2371 Bethlehem,
2391 2311 2558 2363 Pater
2599 2313 2820 2372 noster,
2853 2314 2963 2363 etc.

560 2399 768 2457 civitas
792 2399 890 2455 Dei
907 2398 1147 2465 summi,
1171 2413 1243 2453 ex
1267 2405 1323 2453 te
1349 2395 1583 2468 prodiet
1613 2395 1957 2452 dominator
2003 2395 2204 2452 Israel.
2389 2401 2434 2450 A
2460 2395 2620 2451 malo
2651 2412 2760 2451 nos
2791 2395 2995 2464 libera,
3029 2402 3083 2452 et
3110 2397 3172 2452 in
3201 2402 3302 2453 tuo
3333 2397 3543 2455 timore
3573 2415 3772 2473 opere
3830 2399 3992 2462 bono

561 2485 630 2544 F.
668 2489 735 2543 Et
761 2487 892 2559 ipse
940 2485 1066 2543 erit.
1128 2485 1190 2545 ἲν.
1240 2484 1453 2548 Gloria,
1537 2487 1592 2540 et
1632 2484 1823 2539 honor
1871 2483 2040 2548 Patri,
2097 2489 2202 2540 etc.
2316 2499 2427 2538 nos
2451 2485 2763 2547 conﬁrma,
2797 2484 3047 2540 Trinitas
3071 2487 3224 2541 Deus
3244 2492 3467 2553 noster,
3500 2489 3604 2561 qui
3633 2506 3702 2545 es
3730 2491 3991 2552 benedi-

557 2575 902 2633 Reiteretur.
932 2585 996 2645 13;.
1020 2577 1147 2630 Non
1167 2572 1466 2630 auferetur
1491 2576 1793 2643 sceptrum
1820 2571 1893 2628 de
1923 2572 1950 2624 J
1961 2571 2093 2626 uda.
2314 2575 2429 2638 tus,
2456 2576 2512 2628 et
2537 2573 2700 2636 vivis,
2734 2577 2790 2627 et
2819 2573 3023 2628 omnia
3051 2574 3205 2643 regis
3236 2575 3296 2629 in
3328 2576 3549 2634 saecula
3580 2581 3986 2642 saeculorum.

2385 2672 2452 2720 Ri.
2489 2665 2695 2715 Amen.

1181 2688 1253 2743 In
1289 2687 1600 2744 Laudibus.
2383 2687 2452 2758 ir-
2489 2687 2695 2758 niucu.
2725 2749 2735 2758 ο

2382 2749 2668 2804 Dominus
2692 2749 2764 2804 sit
2793 2765 3028 2820 semper
3062 2749 3395 2808 vobiscum.
3423 2763 3486 2823 13;.
3530 2756 3594 2810 Et
3620 2772 3806 2818 cum.

2377 2837 2607 2893 Lauda.
2644 2838 2796 2891 Deus
2837 2837 3149 2894 manifeste
3230 2839 3444 2899 veniet.
3469 2842 3580 2912 fol.
3614 2846 3672 2902 8.
3745 2851 3982 2908 Oratio.

2309 2925 2458 2979 Deus
2481 2925 2583 2996 qui
2616 2924 2843 2982 tubam.
2886 2925 3092 2991 Quare
3107 2927 3293 2995 infra.

626 2802 725 2858 Ad
754 2801 1466 2870 CanticumAmz'phona.
1486 2799 1775 2854 Dominus
1800 2802 1952 2854 Deus
1984 2799 2200 2868 germi-

549 2889 1348 2963 nabitjustitiam,etlaudem
1365 2904 1570 2944 coram
1582 2886 1862 2943 omnibus
1879 2886 2162 2944 Gentibus
2175 2929 2188 2942 .

1045 2995 1351 3051 Canticum
1379 2995 1602 3065 (Esaiae
1634 3003 1766 3061 LXI).

2501 2995 2518 2996 ﬁ
2923 3013 3020 3067 Ad
3071 3015 3366 3083 Vesperos.

619 3102 894 3158 Gaudens
919 3100 1270 3191 gaudeboin
1297 3099 1605 3164 Domino,‘
1636 3098 1926 3155 exultabit
1950 3099 2195 3171 spiritus
2225 3134 2264 3191 ε
2320 3189 2338 3191 A
2374 3099 2592 3191 Lauda:
2620 3104 2667 3155 Α
2698 3101 2835 3157 solis
2871 3107 3022 3157 ortu.
3053 3101 3633 3172 Antipho-na.Veniet
3651 3111 3981 3182 ,Dominus

545 3205 718 3245 meus
743 3189 806 3245 in
833 3191 952 3244 Deo
983 3188 1222 3244 salutari
1269 3203 1405 3243 meo
1433 3204 1446 3241 :
2237 3188 2254 3191 ’
2307 3189 2528 3245 Lauda.
2563 3189 2874 3245 Dexteram
2896 3197 3080 3256 tuam,
3093 3191 3203 3260 fol.
3240 3195 3293 3250 8.

617 3276 766 3342 Quia
792 3275 984 3332 induit
1000 3292 1093 3331 me
1113 3275 1464 3331 vestimento
1489 3273 1698 3330 salutis
1731 3290 1745 3328 :
1775 3274 2192 3334 etindumento
2975 3281 3271 3347 Hymnus.

535 3363 921 3437 jocunditatis
937 3361 1329 3418 circumdedit
1354 3377 1468 3427 me,
2548 3367 2711 3421 Mane
2739 3365 3076 3433 nobiscum,
3113 3368 3359 3424 Domine
3384 3389 3396 3430 :

615 3451 796 3518 Quasi
839 3466 1133 3522 sponsum
1181 3450 1528 3506 decoratum
1579 3465 1816 3520 corona,
1856 3453 1869 3466 '
1905 3453 1958 3508 et
2015 3453 2189 3525 quasi
2475 3455 2713 3510 Noctem
2735 3454 3056 3510 obscuram
3083 3470 3354 3514 remove:

543 3555 834 3612 sponsam
854 3543 1129 3594 ornatam
1155 3537 1480 3593 monilibus
1508 3538 1655 3595 suis.
2475 3542 2660 3598 Omne
2681 3542 2963 3599 delictum
2986 3542 3196 3600 ablue:

614 3627 774 3682 Sicut
791 3626 951 3693 enim
969 3629 1124 3682 terra
1143 3625 1364 3696 profert
1393 3641 1639 3694 germen
1679 3642 1877 3693 suum,
1910 3627 1925 3643 '
1953 3632 2009 3684 et
2031 3628 2186 3685 sicut
2472 3632 2572 3686 Pie
2602 3631 2899 3688 medelam
2930 3631 3144 3688 tribue.

538 3716 747 3772 hortus
767 3731 971 3771 semen
1002 3730 1179 3771 suum
1226 3715 1523 3784 germinat
1558 3733 1572 3781 ;
2541 3722 2728 3785 Quem
2745 3721 2874 3790 jam
2899 3721 3132 3775 venisse
3171 3720 3490 3788 credimus,

614 3803 707 3859 Sic
728 3804 1011 3859 Dominus
1041 3805 1193 3859 Deus
1240 3802 1596 3873 germinabit
1622 3803 1638 3821 '
1670 3804 1963 3873 justitiam
1992 3799 2185 3860 etlau-
2470 3808 2675 3863 Redire
2695 3808 2835 3863 item
2859 3809 3141 3864 novimus
3166 3827 3180 3877 ;

539 3891 677 3948 dem
715 3908 918 3948 coram
945 3892 1225 3948 omnibus
1259 3891 1564 3947 Gentibus.
2472 3898 2900 3969 Sceptrumque
2929 3903 3096 3953 tuum
3120 3898 3417 3970 inclytum

607 3983 848 4051 Propter
874 3981 1011 4037 Sion
1036 3996 1156 4036 non
1183 3979 1409 4045 tacebo,
1437 3982 1450 3997 '
1477 3983 1531 4035 et
1549 3982 1791 4050 propter
1817 3979 2181 4037 Hierusalem
2468 3988 2589 4041 Tuo
2628 3986 2880 4042 defende
2911 3986 3144 4058 clypeo.

533 4083 658 4124 non
682 4070 1005 4140 quiescam,
1623 4114 1632 4124 .
2538 4073 2681 4138 Vita,
2708 4074 2887 4140 salus,
2914 4081 2970 4130 et
2998 4076 3217 4132 veritas

603 4159 801 4214 Donec
826 4158 1163 4228 egrediatur
1194 4158 1342 4215 sicut
1391 4155 1678 4227 splendor
1722 4156 1920 4226 justus
1941 4159 2092 4226 ejus,
2125 4161 2182 4213 et
2467 4161 2706 4226 Christe,
2735 4166 3020 4231 rogantes
3055 4163 3283 4232 adjuva
3314 4181 3325 4218 :

531 4245 795 4302 salvator
823 4247 951 4315 ejus
981 4254 1044 4302 ut
1072 4245 1266 4303 facula
1296 4245 1678 4301 accendatur.
2466 4253 2764 4321 Hymnum
2802 4257 3080 4308 sonantes
3117 4252 3338 4322 jubilo,

598 4335 664 4388 Et
695 4333 980 4388 videbunt
1006 4337 1211 4388 Gentes
1237 4334 1460 4403 justum
1521 4338 1710 4400 tuum,
1742 4334 1755 4349 '
1777 4337 1833 4390 et
1860 4335 2057 4390 cuncti
2091 4349 2179 4389 re-
2463 4339 2661 4394 Zelum
2685 4340 3000 4395 vincamus
3021 4339 3345 4398 lubricum.

532 4435 637 4490 ges
655 4421 945 4491 inclytum
977 4426 1178 4476 tuum:
2207 4473 2251 4498 η
2533 4431 2650 4484 Deo
2675 4429 2825 4484 Patri
2850 4429 2928 4484 sit
2947 4430 3160 4498 gloria.

600 4510 666 4564 Et
690 4473 1003 4565 vocabitur
1024 4509 1132 4565 tibi
1177 4524 1398 4566 nomen
1427 4522 1672 4564 novum.
1703 4507 1897 4579 'quod
1939 4524 2008 4564 os
2064 4512 2172 4566 Do-
2205 4473 2251 4527 Β
2355 4473 3008 4586 Ξῖιρριίεαιὶοθιτθωιῖε
3029 4519 3487 4591 Redemptorem
3505 4526 3735 4584 mundi
3756 4532 3965 4590 Domi-

531 4597 678 4653 mini
699 4597 1051 4694 nominabit.
1131 4685 1145 4694 .
1225 4685 1235 4694 .
1322 4685 1330 4694 -
1656 4687 1691 4694 ﬁ
1809 4683 1818 4693 .
1873 4683 1883 4694 .
1929 4685 1944 4694 .
2008 4688 2017 4694 ⁸
2063 4686 2098 4694 Π
2277 4620 2425 4660 num
2445 4611 2718 4661 nostrum
2741 4609 2940 4662 Jesum
2971 4608 3285 4673 Christum,
3329 4625 3468 4666 cum
3497 4615 3671 4670 omni
3720 4623 3966 4694 suppli.

600 4689 663 4742 Et
690 4687 804 4742 eris
833 4702 1056 4743 corona
1091 4685 1299 4782 gloriae.
1317 4685 1380 4740 in
1401 4772 1412 4782 O
1431 4699 1617 4741 manu
1656 4683 1908 4748 Domini,
1929 4685 1944 4702 '
1967 4688 2022 4741 et
2043 4686 2164 4744 dia-
2277 4694 2506 4750 catione
2533 4710 2834 4764 rogemus,
2864 4701 2927 4751 ut
2955 4712 3066 4752 nos
3093 4697 3281 4766 gratia
3299 4699 3610 4757 Adventus
3665 4709 3768 4762 sui
3806 4683 3963 4782 pro-

525 4774 883 4846 demaregni
908 4775 970 4832 in
989 4789 1176 4832 manu
1205 4773 1302 4829 Dei
1333 4772 1436 4828 tui.
2275 4781 2452 4852 pitius
2469 4783 2794 4853 justiﬁcare
2823 4784 3119 4854 dignetur.
3144 4796 3210 4855 Β.
3239 4789 3457 4844 Praesta
3483 4796 3714 4850 aeterne
3746 4772 3964 4856 omni-

597 4867 724 4921 Non
752 4863 1060 4920 vocaberis
1085 4863 1240 4918 ultra
1272 4859 1550 4918 derelicta
1580 4878 1592 4916 :
1627 4866 1684 4917 et
1714 4866 1864 4918 terra
1911 4865 2012 4920 tua
2041 4878 2163 4921 non
2273 4870 2486 4937 potens
2513 4867 2686 4922 Deus.

525 4951 836 5008 vocabitur
859 4951 1118 5022 amplius
1151 4949 1420 5006 Desolata
1447 4965 1461 5003 :
2343 4958 2514 5014 Dicat
2542 4959 2871 5028 Presbyter.
2892 4959 3067 5030 Kyrie
3077 4958 3317 5018 eieison.
3341 4961 3646 5029 R.Chrlste
3666 4967 3952 5032 eleison.

598 5040 710 5096 Sed
731 5040 1042 5098 vocaberis
1070 5039 1348 5096 voluntas
1388 5054 1522 5096 mea
1543 5039 1604 5095 in
1627 5056 1719 5110 ea,
1750 5041 1769 5061 ⁶
1801 5046 1856 5096 et
1887 5044 2042 5098 terra
2061 5046 2163 5100 tua
2273 5047 2445 5117 Kyrie
2477 5047 2713 5102 eleison.

523 5127 978 5218 inhabitabitur.
1007 5216 1014 5218 _
1299 5217 1303 5218 ν
1654 5217 1657 5218 ν
1931 5217 1936 5218 γ
1991 5217 2001 5218 7
2074 5217 2081 5218 γ
2343 5136 2635 5203 Capitula.
2671 5135 2915 5191 Domine
2929 5139 3070 5192 Jesu
3091 5137 3444 5211 Christe,qui
3465 5152 3826 5218 assumpto
3847 5152 3960 5209 ho-

592 5217 892 5273 Habitabit
923 5216 1084 5272 enim
1103 5217 1341 5286 juvenis
1369 5233 1505 5272 cum
1519 5217 1762 5287 virgine,
1798 5221 1815 5237 '
1846 5221 1901 5273 et
1924 5217 2159 5275 inhabi-
2267 5223 2427 5278 mine
2441 5224 3614 5296 hominumsusceptoreffectusinlucem
3645 5216 3957 5298 Gentium

521 5305 733 5363 tabunt
759 5306 820 5362 in
847 5310 901 5362 te
931 5305 1036 5360 ﬁlii
1054 5305 1159 5360 tui.
2265 5311 2439 5366 datus
2469 5327 2531 5366 es
2555 5328 2567 5375 ;
2589 5312 2752 5383 aperi
2790 5312 2995 5368 oculos
3030 5315 3303 5371 cordium
3345 5315 3409 5371 in
3442 5322 3496 5373 te
3545 5321 3956 5386 credentium

590 5393 747 5450 Sicut
797 5395 958 5450 enim
1007 5393 1226 5463 gaudet
1276 5411 1537 5467 sponsus
1605 5409 1784 5465 super
1857 5408 2155 5462 sponsam
2264 5397 2647 5468 populorum,
2672 5403 2850 5470 atque
2879 5400 3158 5458 abstrahe
3182 5402 3526 5460 misericors
3571 5407 3651 5464 de
3690 5416 3959 5475 conclu-

515 5497 713 5577 suam,
753 5483 836 5539 sic
865 5482 1150 5577 gaudebit
1188 5485 1471 5577 Dominus
1500 5487 1653 5540 Deus
1691 5488 1827 5577 tuus
1865 5497 2040 5577 super
2079 5491 2149 5539 te.
2261 5485 2426 5577 sione
2451 5487 2728 5556 religatos
2757 5488 2954 5546 adhuc
2972 5490 3226 5547 vinculis
3253 5491 3744 5570 diﬂidentioamt,
3781 5521 3957 5577 quos

586 5575 776 5646 Super
811 5587 1017 5632 muros
1039 5575 1172 5632 tuos
1196 5572 1560 5632 Hierusalem
1619 5571 1895 5631 constitui
1953 5577 2150 5633 custo-
2257 5572 2319 5630 in
2343 5573 2522 5634 domo
2533 5577 2784 5635 carceris
2796 5578 3040 5636 detineri
3057 5580 3365 5652 conspicis
3385 5581 3451 5640 in
3477 5585 3748 5647 tenebris
3762 5571 3954 5666 igno-
