4076 6416
153 336 230 401 ΊἿ

1155 342 1365 399 FERIA
1406 341 1476 399 VI
1516 338 1699 399 POST
1738 342 1916 398 DOM.
1959 343 2006 398 ΙΙ
2050 345 2422 407 ADVENTUS
2466 353 2744 409 DOMINI.

3570 363 3640 422 '78

142 462 350 532 tantine,
385 469 558 535 tuae,
591 478 1020 539 quasumus,
1080 466 1335 523 scientiae
1393 468 1641 525 irradies
1669 467 1867 537 splen-
1900 468 1947 523 A
2052 470 2275 527 Oratio.
2312 475 2549 530 Venisse
2567 480 2620 531 te
2654 476 2974 532 Dominum
2997 477 3056 533 in
3091 479 3248 545 Sion,
3281 497 3419 538 cum
3458 484 3640 542 laude

201 565 297 606 ore.

201 565 297 606 ore.

142 559 199 616 ἃ
231 640 371 696 Pater
394 646 673 699 noster.
712 646 791 699 Et
826 658 911 700 ne
949 657 1077 699 nos.
1110 644 1157 698 A
1182 643 1342 700 malo
1374 658 1485 700 nos
1529 644 1738 701 libera.
1772 644 1870 713 fol.

185 729 243 783 l0.

237 818 550 875 Humiliate
586 835 727 876 vos
764 819 1198 877 benedictioni.
1228 820 1516 877 Dominus
1542 821 1617 877 sit
1640 835 1877 891 semper

191 906 495 963 vobiscum.
530 911 689 975 REt
739 925 915 964 cum.

254 997 620 1053 Benedictio.
649 997 915 1055 Gaudio
932 997 1242 1052 Adventus
1258 996 1353 1052 sui
1368 1012 1480 1053 nos
1499 996 1767 1052 Christus
1784 996 1880 1052 lae-

207 1084 361 1152 tiﬁcet,
384 1091 447 1142 et
461 1085 681 1142 corda
716 1090 941 1142 nostra
964 1086 1286 1141 divinitatis
1304 1101 1427 1141 suae
1449 1086 1638 1155 gratia
1656 1099 1882 1156 semper

210 1173 497 1230 illuminat.
530 1185 611 1241 ἷζε.
670 1175 903 1230 Amen.
958 1173 1253 1230 Desideria
1306 1179 1511 1230 nostra
1568 1174 1881 1245 presentius

216 1279 311 1319 suis
336 1262 689 1319 exibitione
726 1261 1047 1331 gratiﬁcet,
1077 1266 1135 1317 et
1176 1261 1557 1317 devotionem
1614 1266 1884 1317 nostram

216 1352 481 1424 propitius
513 1354 834 1423 acceptet.
866 1362 931 1418 Et.
958 1354 1166 1405 Amen.
1200 1353 1265 1405 Et
1314 1350 1666 1406 accensione
1694 1350 1785 1404 sui
1825 1363 1884 1402 a-

223 1441 373 1497 moris
386 1442 470 1496 ita
488 1456 601 1496 cor
612 1443 912 1495 nostrum
931 1453 1169 1509 semper
1194 1438 1497 1503 efferveat,
1520 1442 1584 1493 ut
1607 1438 1883 1494 veniente

224 1528 303 1584 illo
330 1528 403 1586 ad
416 1528 739 1599 judicium
760 1542 873 1598 pro
887 1526 1115 1582 meritis
1129 1542 1248 1582 non
1274 1526 1558 1583 tabescat.
1589 1538 1651 1597 Βε.
1674 1529 1882 1585 Amen.

282 1616 895 1673 Permisericordiam
927 1615 1119 1687 ipsius
1146 1615 1248 1670 Dei
1271 1615 1481 1679 nostri,
1513 1616 1636 1687 qui,
1666 1622 1776 1673 etc.

283 1707 505 1765 Lauda.
539 1709 704 1762 Deus
724 1704 1045 1761 manifeste
1063 1704 1273 1760 veniet.
1292 1704 1501 1770 Quaere
1518 1706 1633 1773 fol.
1661 1709 1711 1761 8.
1739 1707 1884 1762 Ora-

227 1801 313 1861 tio,
347 1795 663 1867 Deus,qui
697 1794 913 1849 tubam
936 1794 1001 1848 in
1032 1793 1191 1859 Sion,
1216 1798 1283 1849 ut
1312 1794 1494 1861 infra.

427 1886 658 1941 SEXTA
690 1884 901 1938 FERIA
934 1884 1000 1936 IN
1043 1883 1371 1936 ADVENTU
1406 1883 1668 1939 DOMINI.

799 1970 899 2025 Ad
927 1969 1308 2025 matutinum.

282 2060 666 2130 Antiphona.
688 2062 755 2113 In
771 2062 822 2113 te
840 2057 1087 2113 conﬁdit
1125 2057 1329 2113 anima
1340 2072 1498 2124 mea,
1522 2059 1651 2115 etin
1667 2058 1888 2116 umbra

211 2151 454 2207 alarum
482 2154 727 2205 tuarum
743 2146 1024 2219 sperabo,
1075 2145 1268 2201 donec
1294 2150 1555 2202 transeat
1580 2147 1883 2218 iniquitas.

203 2239 498 2295 Psalmus
523 2254 633 2292 va.
668 2236 945 2291 Miserere
978 2234 1117 2299 mei,
1177 2234 1332 2289 Deus
1367 2252 1380 2288 :
1430 2234 1713 2290 miserere
1744 2236 1883 2301 mei,

201 2328 519 2400 quoniam
537 2324 790 2382 conﬁdit
812 2324 873 2379 in
897 2328 971 2389 te,
997 2328 1104 2379 etc.
1131 2325 1355 2380 Oratio.
1380 2324 1555 2391 Deus,
1573 2325 1669 2379 Dei
1684 2324 1883 2389 Filius,

201 2417 307 2487 cnj
320 2432 394 2470 us
423 2416 489 2470 in
518 2418 814 2469 aeternum
840 2416 1156 2483 permanet
1184 2426 1428 2467 nomen.
1461 2412 1669 2477 Quaere
1690 2413 1803 2482 fol.
1835 2417 1884 2467 '3.

276 2504 629 2572 Antipyona
654 2502 706 2555 1.
739 2503 887 2556 Ecce
920 2499 1209 2555 Dominus
1253 2499 1401 2555 tuba
1429 2504 1602 2555 canet
1630 2500 1690 2555 in
1726 2501 1884 2557 Sion.

190 2595 262 2648 P.
299 2590 671 2648 EtVenietin
693 2588 933 2645 turbine
956 2588 1153 2643 Austri
1188 2604 1202 2642 :
1228 2587 1361 2658 ipse
1386 2588 1673 2643 Dominus
1700 2588 1889 2645 omni-

184 2686 433 2753 potens
466 2683 746 2751 proteget
796 2693 934 2735 nos.
954 2676 1017 2735 ἡ.
1050 2675 1267 2731 Fidelis
1298 2676 1589 2732 Dominus
1612 2677 1673 2732 in
1694 2676 1891 2735 verbis

187 2772 359 2833 suis,
392 2775 459 2826 et
487 2773 736 2825 sanctus
756 2768 817 2823 in
844 2766 1133 2823 omnibus
1155 2766 1438 2837 operibus
1455 2766 1597 2821 suis.
1620 2766 1685 2821 P.
1712 2770 1777 2823 Et
1795 2784 1892 2824 ve-

185 2861 333 2915 niet
354 2859 422 2914 in
446 2857 692 2913 turbine
723 2856 939 2911 Austri.
966 2855 1029 2915 Ῡ.
1054 2854 1266 2921 Gloria,
1309 2858 1367 2911 et
1393 2855 1589 2911 honor
1616 2856 1770 2911 Patri
1798 2872 1813 2911 :
1837 2860 1895 2914 et

188 2948 513 3009 Filio,etc.
541 2945 605 2999 P.
640 2945 773 3017 Ipse
795 2942 1107 2999 Dominus.

272 3035 526 3091 Oratio.
550 3035 725 3098 Deus,
757 3031 864 3103 qui
890 3031 1103 3087 tubam
1148 3030 1209 3086 in
1239 3030 1379 3086 Sion
1407 3032 1744 3096 continens,
1774 3032 1891 3089 sal-

180 3140 359 3181 vare
372 3122 599 3180 venisti
620 3123 683 3178 in
698 3120 897 3177 Austri
916 3121 1150 3177 turbine
1172 3125 1537 3191 peccatores,
1557 3121 1706 3177 dum
1743 3121 1893 3178 alios
1921 3154 1965 3210 ρ

181 3219 448 3270 terrore
464 3213 805 3275 sihnorum,
825 3209 974 3265 alios
988 3208 1430 3281 praadicationis
1462 3210 1651 3280 gratia
1669 3210 1892 3267 excitas

178 3308 279 3363 ad
315 3302 705 3361 credendum
735 3321 748 3369 ;
785 3306 1030 3373 protege
1050 3316 1164 3356 nos
1209 3300 1287 3356 ab
1314 3301 1481 3356 omni
1536 3302 1893 3360 adversitate

180 3393 631 3451 tentationum
664 3408 677 3445 :
702 3393 770 3445 ut
792 3390 940 3447 tuba
961 3389 1131 3445 verbi
1160 3388 1244 3444 tui
1276 3390 1352 3445 sit
1376 3405 1613 3462 semper
1640 3390 1892 3449 salvatio

181 3483 449 3539 animas
481 3480 602 3549 20
619 3482 677 3533 et
706 3477 974 3549 corporis
1019 3476 1227 3533 nostri.
1264 3488 1326 3547 It.
1359 3482 1568 3533 Amen.

274 3571 407 3625 Per
438 3564 923 3623 misericordiam
983 3568 1174 3635 tuam,
1208 3568 1361 3620 Deus
1390 3571 1611 3631 noster,
1639 3571 1730 3623 etc

276 3661 472 3716 Dicat
490 3656 835 3726 Presbyter.
872 3654 1164 3710 Dominus
1205 3654 1278 3711 sit
1306 3669 1536 3727 semper
1559 3655 1891 3713 vobiscum.

182 3759 269 3811 ﬁ.
314 3750 394 3802 Et
422 3761 570 3800 cum
593 3742 808 3815 spiritu
847 3746 969 3798 tuo.

276 3831 1132 3903 Antiphona2.Congregavit
1162 3831 1449 3887 Dominus
1460 3832 1895 3904 dispersionem

187 3924 447 3998 populi
471 3925 563 3978 sui
594 3922 657 3977 in
679 3920 1107 3977 misericordia.
1140 3920 1203 3974 P.
1249 3923 1315 3976 Et
1338 3921 1635 3978 videbitur
1662 3922 1897 3979 claritas

188 4015 361 4084 ejus
413 4012 482 4067 in
535 4009 721 4074 nube,
783 4010 937 4065 sicut
983 4008 1357 4081 temporibus
1412 4010 1615 4080 Moysi.
1686 4010 1748 4064 P.
1832 4014 1899 4067 Et

190 4098 724 4157 manifestabitur
736 4097 1259 4169 quemadmodum
1273 4096 1608 4153 Salomonis
1630 4098 1809 4168 regis.
1832 4098 1894 4157 ὴ.

191 4193 277 4246 Et
308 4187 746 4246 dominabitur
775 4186 977 4242 amari
1010 4201 1200 4258 usque
1213 4186 1291 4242 ad
1314 4201 1499 4252 mare,
1527 4191 1632 4242 eta
1652 4187 1898 4243 ﬂumine

194 4293 433 4351 usque
457 4276 540 4332 ad
570 4275 936 4347 propagines
963 4274 1111 4345 ejus.
1148 4277 1203 4328 P.
1239 4276 1305 4330 Et
1335 4274 1634 4330 videbitur
1662 4275 1899 4331 claritas

197 4369 382 4439 ejus.
418 4365 488 4426 ἲν.
515 4362 716 4421 Gloria
744 4366 802 4419 et
827 4362 1023 4418 honor
1069 4362 1244 4427 Patri,
1273 4366 1331 4419 et
1388 4362 1552 4429 Filio,
1600 4368 1708 4421 etc.
1741 4366 1803 4419 P.
1834 4366 1903 4419 Et

199 4452 729 4513 manifestabitur
769 4451 1292 4524 quemadmodum
1336 4451 1671 4510 Salomonis
1720 4452 1897 4523 regis.

294 4502 1671 4613 ἇᾶξέοῗοξιῖξςτὲξᾷΪῦξέιῖίὶιῖςῐίεῇἆέὖιῖἔῶ
1695 4502 1907 4615 ιᾶἇιῖιῖιὶ
1934 4502 1980 4556 D

210 4635 395 4693 tniin
411 4630 857 4697 misericordia,
880 4646 1065 4704 quem
1099 4630 1263 4701 olim,
1294 4631 1715 4704 redempturus
1734 4647 1909 4688 mun-

214 4724 485 4795 dum,in
509 4722 728 4779 virtute
745 4720 975 4778 brachii
1001 4720 1085 4776 tui
1113 4719 1382 4777 liberasti
1405 4736 1419 4787 ;
1445 4726 1502 4777 et
1529 4721 1666 4778 ideo
1685 4721 1763 4777 ab
1795 4721 1908 4789 his,

220 4830 397 4888 quos
415 4810 745 4877 redemisti,
768 4824 993 4879 magno
1010 4824 1189 4881 opere
1202 4810 1501 4867 invocaris
1532 4829 1544 4869 :
1575 4816 1657 4879 ut,
1702 4811 1803 4883 qui
1826 4810 1913 4865 in-

116 4904 121 4905 ⁷
228 4901 479 4959 ﬁrmari
497 4916 607 4971 pro
624 4898 805 4955 nobis
825 4898 1107 4968 dignatus
1123 4903 1289 4964 es,ut
1323 4898 1507 4955 homo
1528 4917 1545 4970 ;
1596 4898 1914 4955 divinitatis

231 4995 361 5050 ture
378 4989 663 5047 homines
675 4988 945 5061 digneris
958 4988 1320 5058 praemunire
1340 4988 1709 5059 praesidiun.
1728 4992 1916 5045 Amen

313 5085 427 5137 Per
456 5078 948 5137 misericordiam
974 5081 1163 5146 tuam,
1232 5080 1387 5133 Deus
1444 5082 1666 5148 noster,
1698 5083 1807 5135 etc.

312 5170 668 5240 Antiphona
698 5165 1091 5225 3.Laetabitur
1119 5166 1355 5223 deserta
1374 5171 1430 5223 et
1451 5168 1633 5239 invia,
1675 5172 1732 5224 et
1760 5167 1917 5236 exul-

240 5258 395 5316 tabit
426 5259 715 5317 solitudo.
748 5260 811 5312 P.
847 5258 915 5311 Et
942 5254 1171 5311 ﬂorebit
1227 5257 1377 5312 sicut
1421 5256 1631 5323 lilium,
1690 5257 1915 5312 Germi-

244 5363 400 5404 nans
429 5344 824 5421 germinabit.
850 5344 916 5405 7.
951 5343 1307 5401 Gaudebunt
1324 5346 1540 5417 campi,
1562 5350 1618 5402 et
1647 5344 1808 5417 ligna
1828 5362 1918 5403 ce-

244 5434 336 5492 dri
357 5438 557 5497 Libani
589 5438 736 5507 illic,
762 5448 932 5507 quas
953 5431 1247 5502 plantavit
1269 5432 1413 5488 :illic
1434 5449 1707 5506 passeres
1730 5434 1921 5490 nidiﬁ~

243 5540 311 5584 ca
336 5528 500 5587 bunt.
531 5533 594 5588 P.
629 5531 690 5586 et
711 5520 970 5583 ﬂorebit
992 5522 1145 5576 sicut
1172 5520 1379 5579 lilium.
1403 5522 1466 5584 γ.
1486 5523 1700 5593 Gloria,
1734 5529 1789 5581 et
1816 5524 1920 5583 ho.

232 5633 341 5684 nor
356 5623 540 5697 Patri,
562 5626 685 5683 etc.
722 5617 796 5675 P.
831 5614 911 5672 Ει
932 5608 1174 5669 ﬂorebit
1222 5609 1367 5669 sicut
1390 5611 1595 5670 lilium.

1918 1812 1963 1866 Β

1980 561 2036 612 et
2059 558 2259 617 laetitia
2274 563 2473 618 omnis
2506 564 2798 621 catholica
2845 570 3222 635 praeconatur
3252 570 3510 628 Ecclesia
3541 592 3553 631 :
3584 578 3642 631 et

1979 645 2115 703 ideo
2136 648 2414 719 petimus,
2452 659 2535 718 ut,
2579 653 2684 724 qui
2718 653 3056 709 Adventum
3096 659 3261 711 tuum
3312 658 3639 728 gloriosum

1982 736 2044 791 in
2073 737 2310 807 populis
2330 740 2711 807 nunciamus,
2736 756 2773 797 a
2802 742 3021 798 nostris
3042 740 3431 816 facinoribus,
3452 751 3514 817 te
3545 764 3641 805 ex-

1983 826 2201 898 piante,
2227 844 2571 898 purgamur.
2590 843 2653 901 BI.
2685 834 2893 887 Amen.

2058 914 2171 970 Per
2196 915 2666 975 misericordiam
2708 924 2892 985 tuam,
2938 922 3094 977 Deus
3116 925 3336 979 noster.

2059 1002 2236 1061 Dicat
2264 1006 2588 1077 Presbyter.
2620 1008 2904 1065 Dominus
2935 1009 3007 1066 sit
3038 1025 3277 1083 semper
3309 1011 3638 1072 vobiscum.

1990 1102 2056 1160 B1.
2089 1094 2154 1148 Et
2182 1108 2321 1148 cum
2350 1094 2552 1164 spiritu
2596 1100 2716 1152 tuo.

2062 1191 2127 1247 ﬂ.
2168 1183 2520 1252 Expectatur
2573 1184 2883 1250 Dominus,
2916 1190 2982 1241 ut
3035 1186 3388 1245 misereatur
3441 1190 3637 1250 nobis.

1992 1268 2053 1321 P.
2077 1267 2224 1332 Quia
2256 1270 2407 1325 Deus
2434 1271 2643 1341 judicii
2696 1274 2983 1328 Dominus
3034 1279 3121 1331 est
3152 1292 3163 1329 :
3189 1275 3347 1333 beati
3396 1284 3639 1346 omnes,

1993 1358 2097 1427 qui
2125 1362 2440 1428 expectant
2470 1375 2626 1416 sum.
2685 1360 2745 1420 ἲν.
2778 1364 2907 1417 Non
2948 1364 3283 1423 secundum
3344 1366 3641 1424 visionem

1994 1444 2304 1501 oculorum
2310 1446 2617 1516 judicabit,
2646 1463 2841 1519 neque
2861 1453 3195 1507 secundum
3225 1452 3500 1509 auditum
3537 1470 3640 1511 au-

1994 1533 2148 1587 rium
2170 1539 2379 1602 arguet
2404 1552 2417 1599 ;
2447 1537 2547 1590 sed
2570 1536 2862 1605 judicabit
2899 1538 2958 1592 in
2988 1537 3216 1609 justitia
3232 1554 3548 1613 pauperes.
3574 1545 3635 1598 P.

1995 1621 2145 1685 Quia
2177 1624 2327 1676 Deus
2350 1622 2561 1692 judicii
2590 1624 2877 1678 Dominus
2901 1630 3006 1680 est.
3042 1625 3107 1686 ἡ.
3136 1626 3333 1684 Gloria
3358 1633 3414 1685 et
3445 1629 3639 1687 honor

1996 1708 2504 1766 Patri.Rez'teretur
2530 1722 2595 1779 13;.
2666 1713 3019 1782 Expectatur
3047 1713 3355 1771 Dominus.

2561 1799 2632 1853 In
2687 1799 3013 1857 Laudibus.

2065 1886 2163 1942 Ad
2188 1886 2510 1943 Canticum.
2542 1888 2915 1958 Antiphona.
2968 1888 3200 1947 Directa
3226 1890 3383 1949 facta
3406 1896 3493 1951 est
3518 1894 3640 1951 via-

1995 1973 2251 2044 piorum,
2288 1980 2345 2031 et
2363 1980 2751 2047 preparatum
2779 1980 2867 2033 est
2895 1976 3003 2033 iter
3022 1985 3388 2036 sanctorum.

2474 2066 3006 2137 Canticum(Esaiae
3034 2069 3213 2139 xxvx).

2066 2155 2212 2208 Ecce
2231 2153 2438 2210 civitas
2458 2154 2666 2220 virtus,
2694 2158 2753 2211 et
2782 2154 3037 2211 salvatio
3068 2160 3316 2225 nostra,‘
3336 2172 3493 2229 pone
3505 2174 3640 2215 mu-

1994 2255 2152 2305 rum,
2174 2245 2231 2297 et
2249 2241 2409 2297 circa
2438 2258 2681 2298 murum
2723 2244 3117 2300 munitionem
3149 2246 3320 2302 muri.

2066 2332 2204 2384 Post
2224 2334 2525 2400 sceptrum
2548 2330 2656 2386 viri
2692 2331 2914 2403 aperite
2964 2338 3190 2404 portas,
3221 2333 3236 2347 '
3257 2333 3435 2390 intret
3467 2334 3639 2407 plebs

1997 2417 2339 2473 custodiens
2354 2417 2649 2488 justitiam
2674 2436 2686 2475 :
2713 2419 3037 2491 participes
3065 2420 3172 2493 qui
3201 2426 3339 2479 sunt
3357 2422 3641 2492 veritatis,

1998 2504 2397 2562 custodientes
2436 2521 2649 2578 pacem
2672 2524 2685 2561 :

2070 2594 2114 2657 Q
2124 2593 2358 2649 uoniam
2368 2593 2430 2650 in
2442 2597 2496 2650 te
2509 2599 2916 2665 speraverunt,
2933 2596 3387 2670 Domine,usque
3405 2597 3466 2654 in
3480 2602 3645 2655 aeter-

1999 2695 2166 2736 num.
2190 2682 2208 2701 '
2235 2683 2389 2737 Deus
2414 2697 2674 2751 magnus
2704 2686 2760 2738 et
2784 2686 3063 2750 aeternus,

2073 2770 2748 2837 Quomodohumiliasti,
2770 2771 3140 2827 etdeduxisti
3162 2786 3287 2837 eos,
3318 2773 3333 2789 '
3359 2773 3465 2845 qui
3477 2789 3642 2831 com-

2000 2856 2394 2913 morabantur
2420 2858 2483 2913 in
2527 2856 2829 2914 altissimis
2853 2876 2869 2925 ς

2073 2944 2347 3001 Civitates
2375 2944 2751 3001 ﬁrmissimas
2763 2945 3027 3016 dejicies,
3054 2950 3111 3002 et
3123 2945 3383 3003 deduces
3405 2962 3509 3005 eas
3540 2963 3642 3004 uso

2000 3048 2118 3104 que
2139 3033 2219 3088 ad
2246 3033 2520 3089 humum.
2553 3034 2570 3051 '
2588 3032 3103 3090 Etconculcabunt
3132 3050 3238 3091 eas
3268 3035 3452 3107 pedes
3476 3051 3645 3094 man-

2002 3126 2330 3188 suetorum,
2368 3126 2425 3178 et
2451 3121 2793 3177 humilium.

2073 3209 2302 3267 Directa
2316 3209 2473 3267 facta
2496 3215 2589 3266 est
2614 3210 2713 3267 via
2739 3210 2997 3283 piorum,
3022 3212 3038 3229 '
3058 3214 3117 3268 et
3144 3214 3530 3283 preparatum
3560 3216 3647 3269 est

2001 3298 2109 3353 iter
2145 3302 2509 3356 sanctorum.

2073 3387 2175 3442 Die
2197 3386 2359 3443 enim
2389 3386 2622 3443 Domini
2646 3386 2940 3457 judicium
2972 3404 2985 3441 :
3015 3388 3430 3459 *speravimus
3460 3386 3523 3443 in
3542 3402 3648 3445 no-

2003 3474 2166 3531 mine
2185 3476 2334 3545 ejus,
2355 3475 2491 3532 etin
2514 3475 2827 3543 memoria,
2850 3490 3038 3547 quam
3063 3476 3405 3548 concupivit
3445 3476 3651 3534 anima

2003 3577 2162 3618 mea.

2075 3654 2133 3706 P.
2166 3650 2395 3709 Directa
2417 3652 2576 3709 facta
2612 3656 2702 3709 est
2729 3652 2829 3710 via
2852 3652 3112 3724 piorum.

2078 3739 2294 3809 Gloria,
2325 3744 2381 3795 et
2407 3740 2601 3796 honor
2652 3740 2826 3807 Patri,
2853 3745 2909 3797 et
2944 3741 3105 3805 Filio,
3150 3745 3258 3797 etc.

2077 3832 2138 3886 P.
2167 3832 2231 3886 Et
2258 3834 2643 3901 preparatum
2675 3834 2767 3887 est
2794 3831 2904 3887 iter
2930 3835 3297 3887 sanctorum.

2076 3918 2559 3976 Matutinarz'um.
2605 3918 2901 3987 lllumina,
2936 3920 3203 3988 Domine,
3233 3918 3463 3975 vultum
3485 3921 3656 3975 tuum

2007 4021 2186 4078 super
2212 4022 2342 4064 nos.
2381 4011 2526 4064 P.Et
2553 4008 2831 4064 miserere
2885 4008 3077 4064 nobis.
3128 4008 3189 4066 ἰν.
3224 4009 3293 4063 Ut
3335 4022 3660 4077 cognosca-

2008 4110 2144 4151 mus
2164 4096 2225 4150 in
2256 4099 2412 4152 terra
2440 4096 2501 4151 in
2557 4096 2842 4152 omnibus
2879 4095 3162 4152 Gentibus
3194 4095 3451 4151 salutare
3485 4099 3659 4151 tuum

2008 4187 2066 4240 P.
2101 4183 2392 4251 lllumina,
2419 4184 2684 4240 Domine.
2708 4182 2770 4243 77.
2795 4184 3012 4249 Gloria,
3062 4187 3119 4238 et
3135 4182 3330 4238 honor
3349 4182 3528 4251 Patri,
3545 4186 3657 4239 etc.

2010 4273 2071 4329 P.
2103 4273 2167 4328 Et
2192 4272 2469 4328 miserere
2516 4271 2713 4328 nobis.

2082 4361 2589 4418 Lauda.Laudate
2602 4360 2927 4417 Dominum
2939 4358 3013 4416 de
3044 4358 3230 4415 ccelis.
3255 4360 3445 4428 Quare
3472 4359 3585 4430 fol.
3605 4358 3663 4417 6.

2012 4453 2279 4508 Psatmus
2305 4451 2903 4522 cxsvm.Prophetz'a.
2947 4452 3081 4506 Haec
3120 4449 3263 4506 dicit
3320 4450 3611 4506 Dominus
3644 4465 3658 4505 :

2017 4540 2217 4608 Valde,
2244 4540 2574 4612 ingredere.
2594 4541 2703 4611 fol.
2729 4544 2812 4595 15.
2833 4540 3133 4608 Hymnus.
3160 4540 3325 4596 Mane
3336 4538 3661 4596 nobiscum

2018 4630 2286 4686 Domine.
2326 4630 2529 4696 Quare
2578 4632 2684 4699 fol.
2722 4630 2786 4685 19

2091 4719 2481 4788 Supplicatto.
2498 4721 2745 4775 Oremus
2772 4715 3456 4789 Redemptoremmundi
3470 4715 3666 4773 Domi-

2020 4824 2171 4865 num
2199 4814 2495 4863 nostrum.
2535 4810 2741 4876 Quare
2764 4808 2866 4879 fol.
2902 4812 2953 4861 2.

2093 4897 2403 4966 Capitula.
2420 4900 2595 4959 Deus,
2616 4898 2719 4968 qui
2730 4896 3041 4954 manifeste
3063 4894 3140 4952 ad
3143 4895 3163 4965 j
3178 4892 3445 4951 udicium
3462 4897 3667 4950 ventu-

2023 5002 2125 5043 rus
2155 5002 2282 5042 esse
2300 4986 2577 5051 crederis,
2612 4986 2993 5043 manifestam
3032 4984 3356 5057 potentiam
3386 4983 3449 5039 in
3492 4984 3669 5041 nobis

2024 5076 2275 5135 ostende
2296 5079 2411 5131 tua;
2429 5076 2772 5133 salvationis
2795 5092 2808 5131 :
2828 5080 2911 5141 ut,
2932 5074 3030 5145 qui
3050 5072 3328 5131 terribilis
3341 5072 3669 5145 sustineris,

2025 5167 2399 5229 mitissimus,
2426 5181 2566 5222 cum
2616 5165 2867 5233 veneris,
2912 5163 3210 5221 sentiaris.

2098 5259 2266 5312 Pater
2295 5259 2514 5325 noster,
2542 5255 2718 5328 quies
2757 5254 2820 5310 in
2849 5253 3034 5311 caelis.
3060 5257 3109 5310 A
3131 5251 3294 5311 malo
3317 5266 3429 5310 nos
3462 5248 3669 5318 libera,

2027 5346 2158 5402 etin
2185 5349 2286 5401 tuo
2312 5344 2544 5401 timore.
2581 5344 2782 5411 Quam
2802 5344 2915 5413 fol.
2965 5342 3035 5398 10

2100 5434 2413 5490 Humiliate
2468 5449 2577 5489 vos
2610 5430 3035 5490 benedictioni.

2098 5524 2273 5579 Dicat
2302 5523 2634 5592 Presbyter.
2664 5525 2951 5581 Dominus
2990 5521 3063 5579 sit
3083 5532 3318 5590 semper
3340 5514 3671 5575 vobiscum.

2030 5623 2076 5683 ne
2090 5613 2154 5669 Et
2166 5626 2320 5668 .cum
2335 5612 2544 5681 spiritu
2597 5614 2719 5670 tuo.
