4076 6452
617 363 687 423 ⁸19

1860 351 2316 415 BREVIARIUM
2357 351 2753 409 GOTHICUM.
3931 359 3990 411 80

683 490 912 547 Lauda.
965 489 1120 544 Deus
1145 484 1457 544 manifeste
1503 484 1699 540 veniet
1729 502 1742 540 :
1779 485 1933 540 Deus
1967 482 2190 547 noster,
2211 481 2268 534 et
2295 479 2344 533 A
2447 476 2667 534 Oratio.
2691 477 2831 534 Post
2850 477 3139 547 gallorum
3154 491 3445 534 canorum
3457 481 3776 533 concentus
3796 480 3993 536 noctis-

612 594 736 636 non
753 578 962 633 silebit.
985 583 1262 646 utsupra.
1291 575 1802 644 0ratio.Deus,qui
1820 572 2022 628 tubam
2037 569 2097 624 in
2121 567 2262 624 Sion
2372 580 2488 637 que
2509 564 2765 636 quietem
2790 567 3119 628 exclusam,
3152 565 3270 631 tibi,
3316 564 3579 630 Domine,
3633 570 3868 623 matura
3888 583 3994 625 nox

615 666 951 734 continens,
981 664 1214 720 salvare
1232 662 1468 719 venisti.
1500 661 1756 733 Require
1777 661 1890 730 fol.
1925 663 2008 715 l9.

613 753 687 806 IN
706 753 955 810 TERTIO
984 750 1317 809 DOMINICO
1367 750 1460 804 DE
1488 748 1809 805 ADVENTU
1849 746 2114 804 DOMINI.

1221 839 1320 895 Ad
1346 838 1642 907 Vesperos.

680 928 906 987 Lauda.
920 931 967 984 A
981 927 1124 985 solis
1134 930 1268 984 ortu
1280 942 1464 998 usque
1475 925 1546 982 ad
1563 940 1865 982 occasum.
1881 938 2011 980 eum
2029 923 2080 990 2
2095 922 2256 990 lsua

612 1016 914 1074 Oratione.
941 1017 1116 1087 Deus,
1129 1014 1302 1086 cujus
1317 1029 1536 1070 nomen
1556 1018 1643 1069 est
1661 1011 2056 1074 benedictum,
2078 1008 2220 1076 fol.l
2239 1049 2252 1064 .

677 1105 853 1162 Sono.
885 1103 1171 1162 Alleluia:
1201 1105 1314 1169 Qui
1353 1100 1806 1158 reminiscimini
1831 1097 2250 1164 Dominum,ne

605 1193 867 1259 taceatis,
905 1195 964 1248 et
1005 1206 1079 1248 ne
1116 1190 1268 1247 detis
1299 1189 1618 1256 silentium,
1655 1188 1847 1244 donec
1886 1183 2159 1249 stabiliat,
2193 1187 2250 1237 et

605 1285 787 1351 ponat
814 1278 1196 1335 Hierusalem.
1227 1280 1287 1333 P.
1318 1276 1580 1333 Laudem
1609 1276 1670 1331 in
1697 1280 1870 1332 terra.
1910 1273 1952 1332 γ
1976 1270 2118 1326 Allel
2150 1271 2241 1324 :ia.

671 1366 828 1424 Sicut
838 1370 1014 1434 terra,
1037 1382 1174 1438 quae
1193 1363 1468 1438 producit
1485 1362 1661 1420 ﬂores
1691 1377 1852 1427 suos,
1870 1363 1927 1416 et
1940 1358 2244 1416 sicuthor-

600 1460 692 1512 tus
722 1469 928 1511 semen
967 1469 1143 1509 suum
1168 1453 1461 1522 germinat
1490 1467 1503 1516 ;
1532 1451 1612 1507 ita
1627 1450 1915 1506 Dominus
1945 1446 2243 1518 germina-

593 1541 680 1601 bit
701 1542 1012 1614 justitiam.
1040 1544 1100 1596 P.
1148 1539 1436 1597 Laudem.

665 1629 952 1687 Dominus
985 1629 1060 1686 sit
1087 1643 1324 1700 semper
1349 1625 1676 1683 vobiscum.
1710 1636 1757 1696 11
1781 1627 1849 1681 Et
1871 1638 2010 1680 cum
2035 1622 2244 1694 spiritu

592 1725 716 1777 tuo.

2369 653 2815 723 parturitdiem,
2835 660 2891 710 et
2916 653 3054 725 galli
3080 653 3577 725 concrepantibus
3610 653 3846 722 alis,ore
3867 672 3993 728 prato

2368 742 2540 798 conio
2569 743 2929 800 matutinum
2955 742 3559 814 jubilanthymnum:
3595 741 3718 810 tibi,
3741 744 3989 810 Domine,

2365 843 2508 886 aves
2523 829 2874 888 ccelilaudes
2885 831 3150 888 emittunt
3176 849 3188 886 :
3216 834 3316 888 tuo
3333 831 3509 901 jussu
3534 830 3818 888 discussis
3853 837 3992 890 tene-

2362 917 2485 975 bris
2505 920 2594 976 sol
2625 919 2823 976 radios
2840 919 3277 976 infertmundo.
3317 922 3440 976 Tua
3459 923 3598 975 sunt
3615 919 3729 976 ista
3755 921 3988 978 miracu-

2360 1005 2436 1076 la,
2473 1008 2857 1078 Omnipotens
2878 1007 3083 1063 Pater:
3119 1022 3230 1063 nos
3248 1007 3666 1064 tantummodo
3703 1012 3841 1066 vota
3870 1025 3987 1082 por-

2361 1098 2582 1165 tamus,
2609 1096 2920 1152 oﬂ'erentes
2944 1099 3155 1152 sancto
3184 1095 3415 1152 nomini
3436 1099 3538 1152 tuo
3558 1095 3690 1154 haec
3719 1097 3984 1155 sacriﬁcia

2360 1183 2654 1240 matutina
2682 1225 2695 1248 ,
2721 1183 3104 1255 utapeccatis
3125 1183 3434 1256 praeteritis
3459 1183 3739 1254 absoluti,
3756 1185 3830 1242 de
3856 1201 3983 1259 prat-

2355 1270 2505 1326 senti
2535 1270 2910 1327 tribulatione
2951 1286 3290 1329 mereamur
3327 1271 3580 1329 absolvi.
3605 1285 3669 1343 ἢ.
3688 1277 3887 1331 Amen.

2423 1359 3010 1416 Permisericordiam
3031 1365 3219 1433 tuam,
3249 1363 3404 1418 Deus
3430 1365 3655 1428 noster,
3681 1363 3785 1436 qui
3804 1379 3866 1420 es
3901 1362 3978 1420 be-

2351 1447 2640 1514 nedictus,
2671 1455 2727 1503 et
2777 1449 2944 1520 vivis,
3004 1455 3118 1506 etc.

2422 1537 2595 1592 Dicat
2629 1535 2962 1607 Presbyter.
2992 1538 3277 1594 Dominus
3303 1539 3378 1594 sit
3398 1553 3639 1612 semper
3673 1539 3974 1597 vobiscum.

2351 1634 2417 1692 Br.
2450 1625 2516 1680 Et
2541 1639 2678 1680 cum
2710 1625 2918 1697 spiritu
2965 1629 3086 1683 tuo.

2419 1712 2766 1782 Antiphona
2792 1714 3093 1771 l.Domini
3106 1719 3194 1771 est
3223 1714 3411 1784 salus,
3441 1718 3499 1772 et
3517 1731 3697 1787 super
3723 1716 3975 1790 populum

664 1807 1026 1876 Antiphona.
1044 1806 1231 1878 Super
1242 1807 1512 1861 montem
1527 1803 1828 1859 excelsum
1840 1799 2118 1863 ascende,
2135 1799 2242 1872 qui
2269 1803 2316 1862 Β
2350 1802 2518 1856 tuum
2538 1800 2879 1858 benedictio
2905 1806 3025 1859 tua.
3060 1803 3336 1860 Psalmus
3354 1818 3434 1860 ru.

591 1893 964 1966 evangelizas
977 1893 1117 1950 Sion
1139 1909 1151 1949 :
1173 1893 1271 1949 Dic
1291 1891 1627 1949 civitatibus
1639 1892 1666 1945 J
1675 1889 1813 1945 uda.
1841 1887 1904 1942 P.
1921 1892 2063 1945 Ecce
2084 1888 2239 1944 Deus

589 1988 791 2041 noster
825 1983 888 2040 in
917 1981 1260 2040 fortitudine
1294 1981 1467 2037 venit.
1499 1979 1564 2039 ἵ.
1592 1979 1747 2034 Deus
1773 1977 2026 2034 deorum
2042 1977 2237 2033 Domi-

589 2089 703 2129 nus
725 2072 960 2130 locutus
981 2075 1086 2139 est,
1105 2074 1162 2127 et
1182 2070 1419 2126 vocavit
1440 2073 1679 2126 terram.
1697 2069 1756 2123 P.
1780 2069 1926 2122 Ecce
1942 2067 2098 2121 Deus
2131 2081 2236 2120 no-

588 2165 722 2216 ster.
753 2159 813 2220 ἰν.
840 2159 1057 2226 Gloria,
1098 2166 1153 2214 et
1183 2159 1380 2215 honor
1408 2157 1578 2223 Patri,
1612 2160 1724 2214 etc.
1776 2158 1836 2210 P.
1896 2157 2040 2210 Ecce
2079 2155 2233 2209 Deus

584 2253 788 2305 noster
816 2248 882 2303 in
915 2247 1256 2304 fortitudine
1303 2244 1485 2302 venit.

655 2337 950 2394 Dominus
975 2338 1049 2391 sit
1075 2349 1312 2406 semper
1330 2332 1666 2390 vobiscum.
1690 2343 1756 2402 ﬁ.
1782 2334 2032 2394 Etcum,

654 2421 1111 2482 Lauda.Salvos
1127 2437 1238 2478 nos
1257 2421 1437 2478 faciat
1458 2422 1702 2477 dextera
1723 2423 1829 2476 tua
1861 2417 2147 2475 :alleluia.
2165 2418 2226 2475 P.

580 2514 648 2568 Et
674 2512 891 2570 exaudi
919 2526 1052 2580 nos,
1081 2509 1331 2566 Domine
1350 2511 1506 2564 Deus
1526 2511 1748 2564 noster.
1777 2505 2048 2575 Alleluia,
2090 2505 2228 2563 alle-

575 2598 717 2656 luia.
740 2599 800 2658 ἲν.
830 2601 900 2654 Et
917 2596 1308 2655 conﬁteamur
1329 2596 1562 2652 nomini
1586 2600 1710 2660 tuo,
1742 2598 1800 2650 et
1823 2594 2146 2665 gloriemur
2164 2593 2227 2649 in

573 2687 758 2744 laude
790 2694 909 2742 tua.
939 2690 996 2741 P.
1032 2690 1093 2741 Et
1117 2685 1333 2740 exaudi
1373 2699 1502 2740 nos.
1551 2683 1610 2743 ἲν.
1670 2683 1884 2748 Gloria,
1935 2685 1993 2738 et
2031 2682 2226 2738 honor

573 2775 757 2830 Patri.
786 2774 850 2829 P.
887 2777 954 2829 Et
983 2772 1201 2829 exaudi
1221 2788 1352 2834 nos,
1386 2771 1653 2827 Domine.

637 2863 931 2932 Hymnus,
964 2860 1173 2917 Christi
1224 2864 1462 2915 caterva
1491 2858 1768 2914 clamitet.
1839 2857 2218 2928 Supplicatio.

567 2950 814 3005 Oremus
832 2949 1289 3020 Redemptorem
1308 2947 1522 3004 mundi
1574 2945 1895 3002 Dominum
1922 2949 2217 3002 nostrum.

567 3036 827 3106 Require
857 3035 965 3105 fol.
1025 3039 1079 3090 2.

637 3123 941 3194 Capitula.
961 3124 1150 3209 Super
1171 3125 1438 3178 montem
1467 3119 1771 3209 excelsum
1801 3120 2105 3209 Adventus
2134 3119 2217 3209 tui
2249 3147 2299 3209 ο

561 3211 783 3283 gaudia
797 3208 1271 3279 evangelizantes
1285 3208 1688 3265 ascendimus:
1709 3207 1856 3263 dum
1871 3207 1929 3263 in
1954 3207 2208 3264 altitudi-

559 3314 635 3354 ne
657 3305 760 3354 tua
783 3298 1008 3354 Christe
1020 3298 1120 3353 Dei
1137 3296 1316 3352 Filius
1342 3296 1600 3352 fundasti
1626 3313 1640 3360 ;
1668 3310 2053 3367 ea,quaavera
2079 3303 2216 3354 sunt

553 3387 628 3443 de
659 3390 732 3452 te,
756 3386 1080 3450 credimus,
1107 3389 1165 3441 et
1195 3386 1454 3441 fatemur
1483 3401 1497 3438 :
1546 3399 1888 3456 quaesumus
1931 3399 2093 3455 ergo,
2123 3391 2206 3451 ut,

552 3474 657 3545 qui
680 3473 758 3529 ad
787 3471 1444 3542 faciendumjudicium
1469 3471 1817 3543 expectaris,
1845 3475 1980 3528 ante
1993 3472 2208 3543 judici-

556 3576 662 3616 um
683 3575 795 3616 nos
824 3559 1027 3630 expies
1046 3574 1086 3616 a
1101 3557 1454 3615 criminibus
1488 3558 1730 3615 nostris.

625 3650 794 3704 Pater
821 3651 1052 3705 noster.
1085 3646 1337 3704 Liberati
1368 3663 1406 3704 a
1433 3647 1614 3712 malo,
1670 3647 2026 3716 conﬁrmati,
2091 3652 2199 3704 etc.

544 3735 658 3804 fol.
693 3738 748 3790 2.

619 3823 971 3881 Benedictio.
1003 3822 1291 3879 Dominus
1305 3824 1474 3879 Jesus
1495 3823 1772 3890 Christus,
1805 3823 1908 3895 qui
1930 3823 2202 3880 Adventu

549 3927 660 3968 suo
690 3911 1010 3968 subvenire
1031 3911 1310 3982 dignatus
1327 3916 1413 3966 est
1428 3911 1680 3976 mundo,
1707 3913 1943 3968 animas
1965 3917 2199 3970 nostras

545 4014 912 4072 corporaque
932 3999 1206 4070 puriﬁcet
1231 4014 1267 4054 a
1297 3998 1526 4055 delicto.
1555 4011 1618 4069 ἢ.
1651 4000 1862 4054 Amen.
1892 4000 1997 4055 Det
2022 4000 2197 4056 nobis

546 4087 693 4157 legis
723 4102 846 4142 sum
887 4089 1190 4158 praecepta
1223 4085 1433 4142 virtute
1481 4087 1725 4157 spiritus
1756 4087 2096 4158 attendere;
2130 4093 2197 4145 ut

544 4176 858 4248 possimus
899 4174 1236 4230 Adventum
1278 4174 1408 4244 ejus
1452 4175 1789 4230 amabiliter
1825 4176 2188 4246 praestolare.

544 4275 608 4331 ﬁ.
633 4265 843 4319 Amen.
875 4262 1090 4334 Sicque
1114 4262 1192 4318 ab
1231 4263 1396 4318 omni
1415 4269 1584 4320 reatu
1608 4263 1907 4319 immunes
1953 4264 2186 4334 efficiat,

510 4354 609 4407 'ut
633 4350 937 4406 Adventus
985 4350 1114 4420 ejus
1144 4365 1266 4406 non
1303 4351 1713 4424 reprobandos
1742 4350 2033 4422 expellat;
2083 4351 2187 4408 sed

542 4437 885 4510 redemptos
913 4443 1090 4510 atque
1119 4439 1545 4509 gloriﬁcandos
1575 4443 1870 4496 assumat.
1893 4450 1957 4508 Βε.
1975 4444 2183 4496 Amen.

613 4527 720 4582 Per
741 4525 1230 4593 misericordiam,
1249 4529 1359 4590 etc,

610 4613 840 4671 Lauda.
883 4613 1241 4670 Laetabimur
1261 4614 1324 4670 in
1345 4614 1588 4670 salutari
1611 4617 1712 4670 tuo
1745 4612 2184 4680 ;alleluia.Etin

538 4701 1018 4759 nomineDomini
1029 4702 1131 4758 Dei
1143 4703 1330 4758 nostri
1341 4701 1863 4772 magniﬁcabimur
1888 4718 1901 4756 :
1925 4700 2181 4760 alleluia.

559 4789 674 4861 Ipsi
745 4789 993 4860 obligati
1027 4795 1184 4857 sunt,
1239 4794 1298 4845 et
1365 4789 1725 4846 ceciderunt.
1784 4791 1840 4844 P.
1870 4792 1986 4846 Nos
2039 4807 2180 4848 vero

535 4878 968 4934 resurreximus
995 4884 1054 4936 et
1073 4877 1250 4936 erecti
1281 4893 1512 4934 sumus.
1539 4875 1805 4942 Alleluia,
1828 4877 2081 4937 alleluia.
2115 4880 2176 4940 ν.

537 4964 783 5037 Impleat
799 4966 1094 5024 Dominus
1124 4979 1338 5022 omnes
1381 4965 1694 5037 petitiones
1737 4970 1990 5022 nostras.
2016 4969 2178 5024 Nunc

533 5054 807 5124 cognovi,
832 5053 1128 5128 quoniam
1149 5052 1383 5108 salvum
1398 5051 1572 5108 faciet
1589 5052 1876 5108 Dominus
1887 5054 2176 5114 Christum

532 5157 728 5198 suum.
746 5146 803 5198 Ρ.
824 5145 941 5200 Nos
957 5156 1095 5198 vero
1106 5139 1556 5197 resurreximus.
1571 5139 1633 5198 ἵ.
1658 5138 1870 5208 Gloria,
1891 5145 1948 5198 et
1959 5143 2176 5201 honor-

530 5228 701 5296 Patri,
731 5235 845 5286 etc.
864 5230 924 5286 P.
955 5228 1225 5295 Alleluia,
1260 5225 1519 5284 alleluia.

2417 1887 2768 1958 Antiphone
2793 1894 2844 1944 2.
2897 1891 3126 1948 Incerta
3153 1895 3212 1948 et
3261 1891 3498 1949 occulta
3521 1892 3824 1966 sapientia:
3876 1896 3970 1950 tute

2343 1975 2738 2033 manifestasti
2779 1978 2948 2036 mihi.
2995 1981 3278 2036 Psalmus
3298 1996 3350 2036 L.

2413 2064 2458 2118 Α
2469 2064 2762 2131 ntiphona
2783 2069 2905 2121 3.ln
2928 2067 3147 2123 umbra
3162 2067 3396 2124 alarum
3411 2071 3658 2126 tuarum
3669 2083 3966 2142 speramus,

2341 2157 2515 2218 Deus,
2543 2153 2690 2208 dum
2722 2155 2967 2210 transiet
2992 2155 3706 2227 iniquitas.Psalmuva1.

2414 2240 2638 2296 Oratio.
2672 2245 2972 2298 Eternum
3024 2247 3080 2299 te
3143 2251 3456 2302 auctorum
3487 2251 3545 2302 et
3607 2247 3960 2306 conditorem,

2341 2328 2545 2394 Quaere
2565 2330 2678 2398 fol.
2713 2334 2764 2384 3.

2407 2417 2776 2484 Antiphona.
2805 2421 2950 2474 Ecce
2982 2421 3451 2478 nomenDomini
3479 2423 3648 2479 venit
3672 2423 3957 2493 delongin—

2335 2518 2476 2574 quo,
2498 2509 2554 2560 et
2580 2504 2784 2574 lingua
2809 2507 2958 2577 ejus,
2990 2509 3169 2580 quasi
3193 2510 3349 2579 ignis
3371 2510 3612 2567 ardens.
3635 2513 3694 2566 P.
3719 2515 3784 2568 Et
3811 2510 3955 2584 spiri-

2336 2595 2445 2659 tus,
2485 2592 2634 2648 sicut
2655 2596 2882 2649 torrens
2936 2594 3261 2653 inundans.
3312 2597 3373 2656 il.
3426 2597 3754 2657 Advocavit
3800 2598 3954 2655 caelos

2337 2693 2596 2744 sursum,
2629 2685 2687 2736 et
2717 2684 2934 2738 terram
2966 2683 3301 2740 discernere
3331 2686 3631 2757 populum
3699 2686 3950 2744 suum.P.

2332 2769 2400 2820 Et
2429 2766 2674 2838 spiritus
2704 2769 2926 2839 ejuth'.
2957 2771 3167 2837 Gloria,
3198 2776 3256 2829 et
3273 2772 3468 2830 honor
3517 2775 3691 2840 Patri,
3723 2780 3778 2834 et
3816 2775 3948 2832 Filio.

2331 2859 2439 2910 etc.
2465 2856 2520 2910 P.
2548 2859 2613 2912 Et
2667 2857 2908 2929 spiritus
2960 2860 3108 2929 ejus.

2402 2943 2626 3000 Oratio.
2655 2945 2894 3001 Venisse
2919 2961 3142 3002 nomen
3170 2951 3334 3004 tuum
3366 2949 3441 3005 de
3469 2949 3795 3024 longinquo
3830 2963 3946 3006 con-

2329 3029 2466 3085 ditae
2496 3047 2532 3087 a
2558 3035 2612 3087 te
2641 3037 2926 3089 creaturae
2967 3039 3082 3090 tuae
3110 3035 3387 3093 laetantur
3418 3055 3432 3092 :
3467 3043 3525 3094 et
3561 3039 3697 3096 ideo
3725 3039 3815 3094 {ac
3838 3052 3944 3098 nos,

2330 3122 2410 3180 ut,
2433 3119 2538 3190 qui
2563 3120 2898 3176 Adventum
2925 3122 3354 3180 incarnationis
3381 3129 3497 3182 tum
3524 3127 3902 3200 suscepimus,
3918 3139 3945 3178 a

2326 3207 2512 3278 spinis
2528 3213 2912 3280 peccatorum
2929 3210 3186 3269 ardentis
3197 3212 3418 3284 linguis
3430 3219 3550 3272 tuae
3567 3215 3769 3288 spiritu
3779 3213 3944 3286 expie-

2324 3309 2478 3350 mur.
2507 3306 2569 3362 ἢ.
2630 3299 2837 3353 Amen.

2390 3385 2761 3454 Antiphona.
2790 3389 2866 3443 De
2885 3388 3025 3446 Sion
3048 3390 3200 3446 exiet
3225 3391 3338 3457 lex,
3372 3395 3430 3448 et
3447 3392 3702 3450 verbum
3741 3387 3940 3450 Domini

2321 3471 2395 3528 de
2415 3471 2802 3529 Hierusalem.
2823 3476 2878 3529 P.
2907 3478 2931 3531 J
2942 3477 3205 3534 udicabit
3225 3482 3460 3545 Gentes,
3488 3485 3548 3537 et
3563 3487 3770 3553 arguet
3786 3494 3938 3553 popu-

2314 3558 2405 3615 los
2433 3561 2654 3616 multos
2681 3565 2949 3633 usquein
2977 3567 3456 3627 novissimumJi’.
3489 3570 3768 3628 Excelsus
3789 3579 3937 3638 super

2314 3663 2515 3704 omnes
2533 3651 2763 3717 Gentes,
2783 3651 3090 3724 Dominus,
3117 3661 3174 3710 et
3191 3670 3372 3727 super
3392 3657 3579 3714 caelos
3603 3659 3790 3729 gloria
3805 3657 3930 3728 ejus.

2312 3735 2370 3789 P.
2392 3737 2688 3794 iudicabit
2716 3741 2944 3796 Gentes.
2981 3741 3038 3801 li.
3073 3742 3287 3808 Gloria,
3315 3749 3370 3801 et
3398 3745 3598 3804 honor
3646 3747 3816 3816 Patri,
3843 3746 3928 3800 etc.

2311 3822 2369 3877 P.
2397 3826 2423 3879 J
2433 3824 2717 3883 udicabit.

2382 3913 2494 3982 22
2513 3914 2734 3971 Oratio.
2759 3915 2984 3974 Lextua
3034 3919 3479 3986 verbum,Deus
3512 3924 3701 3993 Pater,
3727 3923 3798 3980 de
3815 3921 3927 3978 Sion

2307 4001 2615 4072 egrediens
2640 4018 2762 4060 non
2788 4005 3046 4075 judicet;
3086 4007 3191 4064 sed
3219 4015 3497 4080 protegat
3521 4013 3776 4086 populos
3804 4007 3923 4066 sibi-

2303 4094 2417 4146 met
2437 4091 2786 4148 confitentes
2815 4109 2827 4147 :
2853 4108 2963 4150 nec
2974 4102 3188 4166 arguat
3208 4098 3282 4152 de
3310 4107 3582 4171 peccato,
3610 4100 3924 4175 quosincar-

2302 4177 2562 4234 nationis
2588 4195 2710 4234 suae
2732 4182 2892 4237 venit
2917 4182 3174 4240 liberare
3224 4188 3560 4257 mysterium
3596 4207 3608 4246 :
3658 4194 3736 4256 ut,
3763 4186 3855 4261 qui
3875 4186 3923 4238 in

2301 4264 2499 4320 electis
2512 4269 2851 4336 agnoscitur
2864 4269 3181 4340 gloriosus,
3198 4275 3258 4328 in
3271 4278 3696 4347 peccatoribus
3709 4277 3923 4336 clemens

2301 4367 2538 4424 semper
2560 4355 2897 4414 inveniatur
2929 4363 2986 4415 et
3009 4359 3166 4431 pius.
3189 4373 3254 4431 ιγ.
3276 4365 3491 4421 Amen.

2365 4442 2736 4512 Antiphona.
2765 4447 3016 4511 Quaerite
3040 4449 3385 4523 Dominum,
3415 4469 3632 4512 omnes
3665 4449 3920 4514 mansueti

2296 4531 2463 4585 terra;
2498 4549 2511 4586 :
2544 4533 2790 4604 quaerite
2811 4535 3061 4604 justum,
3116 4540 3361 4610 quaerite
3416 4549 3824 4608 mansuetum;
3876 4543 3918 4592 et

2290 4615 2598 4676 invenietis
2628 4634 2786 4676 eum.
2821 4622 2884 4682 li’.
2904 4624 3150 4688 Quaerite
3178 4627 3527 4698 Dominum,
3559 4636 3619 4689 et
3659 4630 3916 4688 conforta-

2290 4703 2437 4761 mini
2473 4708 3121 4782 :queeritefaciemejus
3145 4730 3406 4787 semper.
3433 4719 3496 4774 P.
3531 4721 3780 4786 Quaerite
3806 4718 3909 4788 jus-

2288 4795 2434 4848 tum.
2454 4793 2514 4853 tr.
2548 4795 2762 4863 Gloria,
2791 4801 2849 4855 et
2876 4799 3070 4858 honor
3095 4802 3272 4873 Patri,
3293 4811 3351 4862 et
3390 4806 3553 4865 Filio.
3590 4810 3648 4863 P.
3683 4811 3748 4865 Et
3780 4807 3909 4863 inve-

2286 4879 2458 4938 nietis
2489 4897 2652 4940 eum.

2358 4970 2582 5031 Oratio.
2602 4975 2968 5046 lnquirentes
2982 4983 3035 5034 te
3066 4981 3333 5048 Domine,
3379 4985 3604 5042 exaudi
3625 4981 3901 5058 propitius,

2285 5059 2342 5112 et
2368 5058 2447 5114 ab
2469 5059 2922 5120 incurvantibus
2942 5069 3231 5136 angustiis
3259 5070 3514 5128 defende
3531 5077 3825 5145 precatus;
3853 5069 3903 5120 ut

2270 5145 2544 5230 peciesiee
2561 5153 2678 5206 tuae
2693 5155 2746 5208 te
2770 5169 2873 5223 per
2889 5169 3090 5211 omnes
3107 5160 3318 5215 Gentes
3336 5161 3755 5230 magniﬁcent:
3776 5152 3902 5216 exal-

2279 5236 2402 5290 tent
2458 5252 2664 5293 nomen
2719 5244 2891 5296 tuum
2933 5243 3168 5302 unitatis
3215 5246 3503 5306 vinculo:
3547 5249 3776 5306 discant
3808 5245 3898 5301 ate

599 5316 1353 5410 Oratio.‘Nenisse-non1_en
1382 5319 1553 5371 tuum
1581 5313 1657 5372 de
1678 5314 2030 5391 longinquo.
2055 5322 2170 5380 Re-
2277 5334 2540 5394 quoque,
2563 5325 3062 5399 utilluminentur,
3083 5338 3139 5388 et
3165 5335 3478 5393 attendant
3508 5335 3896 5410 ;etprtecepto-

525 5404 697 5476 quire
747 5404 926 5472 infra
955 5402 1020 5458 in
1048 5400 1389 5458 Matutinis.

1064 5489 1165 5546 Ad
1172 5487 1566 5549 Matutinum.

591 5579 883 5650 Hymnus.
904 5578 1137 5636 Eterne
1159 5591 1362 5638 rerum
1397 5578 1692 5652 conditor,
1742 5581 1950 5650 Quaere
1967 5585 2078 5655 fol.
2107 5589 2161 5644 3.

2275 5426 2412 5468 rum
2445 5415 2681 5467 tuorum
2708 5415 3021 5475 tenacitate
3053 5421 3220 5476 vultu
3274 5423 3655 5482 conscientiae
3676 5422 3894 5482 nullate-

2274 5514 2390 5556 nus
2440 5499 2811 5559 erubescant.
2843 5517 2909 5574 Ην.
2940 5511 3139 5565 Amen.

2343 5596 2410 5661 lll-
2434 5588 2753 5654 δυεοίιεώίι
2779 5593 3065 5661 Dominus
3111 5611 3318 5670 regem
3346 5615 3418 5662 ex
3465 5603 3653 5669 Israel
3677 5593 3891 5666 fortissi-
