4076 6456
187 304 234 363 85
1140 321 1353 379 FERIA
1392 322 1465 378 v1
1506 321 1690 383 POBT
1726 320 1908 387 ΗΘΜ.
1952 323 2025 387 III
2064 327 2445 392 ADVENTUS
2487 335 2764 394 DOMINI.
3586 333 3664 391 86

197 443 465 501 minante
495 441 775 509 faciem
809 447 1079 514 Domini,
1109 449 1402 520 quoniam
1433 449 1648 511 veniet.
1681 449 1745 511 il.
1780 450 1900 505 Lae-
1932 450 1979 507 A
2016 450 2247 512 alarum
2277 461 2515 517 tuarum
2546 460 2825 532 sperabo,
2850 460 3042 517 donec
3065 461 3331 519 transeat
3348 457 3654 530 iniquitas.

202 535 354 590 tentur
377 532 562 601 coeli,
614 539 686 593 et
719 536 967 595 exultet
991 540 1179 597 terra:
1213 542 1666 597 commoveatur
1712 553 1900 602 mare,

207 626 248 679 et
269 620 593 693 plenitudo
629 624 692 697 ej
706 640 790 681 us
818 644 832 693 ;
859 624 1028 685 orbis
1051 630 1365 695 terrarum,
1400 632 1457 683 et
1486 625 1764 693 universi,
1796 626 1902 697 qui

208 710 458 771 habitant
506 712 579 769 in
619 728 733 769 eo.
779 716 843 769 P.
882 716 1044 771 Tunc
1072 714 1443 775 exultabant.
1490 716 1553 777 it.
1587 714 1800 779 Gloria,
1842 722 1899 773 et

207 802 380 861 honor
403 802 601 859 Patri.
636 806 705 859 P.
732 806 927 861 Tunc.

264 892 498 949 Oratio.
536 891 840 953 Gaudent
863 892 1062 963 campi
1104 892 1306 965 utique
1350 892 1652 949 Adventus
1701 892 1781 947 tui
1806 892 1897 962 jo-

200 980 499 1037 cunditate
528 980 780 1052 perfusi
811 996 824 1036 :
855 984 915 1036 et
934 980 1071 1037 ideo
1096 986 1557 1049 qumsumus,ut,
1577 980 1681 1053 qui
1700 982 1895 1036 insen-

196 1069 390 1125 sibilia
424 1068 761 1125 Adventus
791 1069 874 1125 tui
908 1069 1131 1138 gaudia
1159 1070 1220 1125 in
1246 1074 1300 1125 te
1330 1069 1591 1125 viventia
1617 1084 1892 1140 compro-

189 1158 344 1223 bas;
379 1157 724 1213 sensibiles
750 1158 939 1217 nosin
974 1157 1246 1219 Adventu
1273 1158 1357 1215 tui
1378 1157 1583 1229 judicii
1604 1172 1893 1215 coronan-

184 1246 306 1305 dos
329 1245 615 1303 attollas.
659 1257 727 1315 ﬁ.
760 1250 976 1303 Amen.

260 1339 376 1392 Per
409 1334 917 1393 misericordiam
944 1339 1133 1399 tuam,
1168 1337 1340 1400 Deus,
1374 1340 1591 1400 noster,
1621 1338 1728 1389 etc.

254 1424 651 1494 Antiphona
677 1428 733 1479 2.
766 1423 1016 1492 Adjiciet
1044 1424 1333 1481 Dominus
1360 1439 1609 1480 manum
1624 1438 1794 1478 suam
1814 1422 1893 1478 ad

175 1512 669 1585 possidendum
700 1510 1015 1573 residuum
1047 1511 1253 1582 populi
1273 1513 1384 1580 sui,
1414 1516 1471 1566 et
1497 1509 1779 1566 venietab
1805 1510 1891 1565 in-

173 1602 352 1658 sulis
384 1602 613 1659 maris.
648 1603 710 1657 P.
754 1602 821 1655 Et
869 1600 1261 1671 congregabit
1304 1599 1560 1671 populos
1601 1599 1887 1670 profugos

162 1690 398 1754 israél,
446 1694 509 1745 et
540 1689 859 1759 dispersos
888 1688 1044 1743 Juda
1075 1687 1327 1755 colliget.
1366 1699 1428 1755 R'.
1464 1688 1528 1741 Et
1558 1686 1663 1742 erit
1690 1686 1890 1742 ﬁrma-

2011 541 2275 602 Psalmus
2301 564 2412 604 LVI.

2081 632 2299 691 Oratio.
2330 638 2485 693 Deus
2523 637 2621 693 Dei
2649 636 2848 692 Filius.
2884 637 3089 703 Quaere
3105 636 3217 705 fol.
3247 639 3277 691 3

2084 723 2437 792 Antiphonti
2454 727 2473 779 1
2489 728 2654 781 .Ecce
2671 742 2782 793 ego
2804 725 3035 780 mittam
3060 724 3139 779 ad
3166 726 3372 792 gentes
3396 727 3451 778 et
3468 723 3547 779 ad
3561 723 3651 779 in-

2006 813 2184 883 sulas,
2219 814 2359 868 dicit
2390 814 2693 883 Dominus,
2714 814 2887 881 longe
2914 813 2992 868 ad
3018 828 3139 877 eos,
3168 811 3271 883 qui
3304 826 3423 866 non
3454 810 3655 866 audie-

2003 907 2139 958 runt
2169 902 2242 957 de
2274 919 2394 960 me.
2424 906 2487 959 P.
2521 906 2585 959 Et
2613 900 3168 971 videbuntgloriam
3194 916 3419 957 meam.
3448 899 3509 959 V.
3541 902 3654 955 Au-

2002 990 2119 1046 dite
2144 991 2294 1052 haac,
2322 1007 2531 1047 omnes
2564 996 2766 1061 gentes
2794 1008 2807 1044 :
2834 990 3075 1046 auribus
3103 989 3404 1061 percipite,
3427 987 3531 1059 qui
3550 986 3655 1042 ha-

2000 1079 2203 1135 bitatis
2232 1080 2459 1136 orbem.
2497 1084 2558 1135 P.
2590 1084 2653 1137 Et
2686 1079 2988 1136 videbunt.
3020 1079 3080 1139 ἣν.
3120 1077 3327 1141 Gloria,
3362 1080 3417 1133 et
3459 1076 3653 1133 honor

2001 1169 2171 1223 Patri.
2202 1171 2260 1223 P.
2304 1172 2370 1224 Et
2408 1168 2697 1224 videbunt
2730 1168 2982 1237 gloriam
3011 1182 3235 1223 meam.

2075 1257 2305 1312 Oratio.
2348 1259 2539 1321 Quam
2562 1256 2741 1327 pulcri
2767 1260 2922 1321 sunt,
2945 1256 3397 1325 Domine,super
3417 1255 3650 1311 montes

1999 1346 2182 1416 pedes
2199 1346 2727 1414 evangelizantium
2756 1361 2968 1416 pacem
2998 1362 3010 1398 :
3040 1348 3257 1415 prtesta
3284 1358 3425 1413 ergo
3450 1342 3647 1410 nobis,

2001 1438 2063 1490 ut
2084 1449 2185 1504 per
2214 1439 2266 1489 te
2297 1434 2687 1504 praedicantes
2721 1432 3079 1497 salutem,in
3111 1439 3162 1487 te
3178 1431 3516 1487 habeamus
3538 1429 3648 1485 sal-

1996 1522 2300 1575 vationem
2322 1540 2337 1591 ;
2364 1537 2485 1592 quo
2506 1522 2803 1575 Adventus
2828 1520 2910 1575 tui
2933 1519 3324 1590 praedicantes
3361 1517 3641 1585 insignia,

1998 1610 2292 1665 donorum
2320 1616 2579 1675 tuorum,
2621 1610 2679 1663 in
2707 1626 2815 1664 nos
2841 1606 3135 1664 redundet
3160 1607 3349 1677 gratia
3378 1605 3642 1677 copiosa.

1997 1709 2057 1757 R'.
2091 1702 2297 1752 Amen.

158 1784 482 1837 mentum
516 1778 584 1833 in
603 1781 761 1833 terra
792 1793 805 1831 :
840 1775 901 1835 in
923 1776 1175 1831 summis
1203 1776 1499 1831 montium
1528 1773 1887 1845 superextol-
1918 1788 1960 1845 Β
2068 1788 2175 1841 per
2200 1785 2674 1841 misericordiam
2701 1786 2880 1851 tuam,
2916 1784 3070 1838 Deus
3093 1786 3311 1839 noster.

150 1868 349 1923 letur
381 1882 577 1937 super
610 1864 909 1920 Libanum
940 1864 1169 1919 fructus
1197 1864 1326 1934 ejus
1359 1880 1371 1919 :
1403 1866 1458 1919 et
1482 1862 1779 1919 ﬂorebunt
1811 1862 1885 1919 de

152 1957 467 2021 civitate,
499 1956 658 2009 sicut
686 1953 919 2019 {mnum
946 1956 1133 2009 terrae.
1178 1955 1235 2006 P.
1270 1955 1335 2011 Et
1365 1950 1755 2021 congregabit
1783 1966 1885 2022 po-

148 2045 393 2117 pulos,
433 2056 501 2111 ἢ.
537 2042 764 2107 Gloria,
797 2046 854 2098 et
880 2042 1095 2098 honor.
1127 2042 1188 2096 P.
1224 2044 1289 2097 Et
1313 2040 1716 2111 congregabit.

244 2134 507 2189 Oratio.
554 2131 764 2201 Adjice
811 2146 1063 2187 manum
1097 2134 1282 2194 tuam,
1326 2129 1594 2197 Domine,
1642 2132 1699 2184 et
1746 2144 1881 2199 pos-

152 2222 319 2279 side
350 2220 685 2281 residuum
724 2219 937 2291 populi
964 2218 1074 2286 tui;
1128 2224 1193 2275 ut
1222 2218 1634 2274 incarnatione
1669 2221 1766 2273 tua
1794 2216 1880 2272 in-

155 2310 467 2369 credulis
486 2312 841 2381 patescente
862 2306 1332 2371 nihilresiduum
1345 2305 1611 2377 sit,quod
1624 2321 1879 2361 vacuum

156 2406 519 2457 remaneat
555 2414 593 2455 a
623 2396 902 2455 mercede
932 2413 945 2451 :
972 2411 1117 2468 quo,
1152 2395 1299 2451 dum
1348 2396 1407 2452 in
1447 2394 1601 2451 filios
1629 2393 1881 2450 infideli-

159 2490 330 2544 tatis
358 2485 808 2545 incarnationis
840 2489 957 2539 tua;
1003 2484 1356 2556 mysterium
1408 2483 1779 2549 manifestas,
1820 2482 1880 2539 in

166 2576 494 2633 cordibus
516 2574 790 2630 fidelium
824 2574 940 2645 25
968 2572 1247 2629 desiderii
1275 2572 1361 2629 tui
1382 2576 1518 2631 vota
1543 2571 1761 2643 placita
1780 2570 1883 2627 tibi

168 2681 436 2737 semper
467 2662 725 2725 efficias.
752 2674 821 2731 at.
859 2666 1067 2719 Amen.

256 2756 383 2810 Per
415 2750 909 2808 misericordiam
954 2756 1139 2817 tuam,
1167 2753 1319 2806 Deus
1350 2752 1573 2816 noster,
1606 2752 1714 2805 etc.

255 2840 640 2910 Antaphona
672 2843 724 2895 3.
756 2839 826 2896 In
858 2837 959 2893 illa
994 2838 1090 2893 die
1134 2839 1209 2893 de
1241 2836 1498 2893 tenebris
1527 2840 1583 2891 et
1629 2836 1882 2907 caligine

176 2930 355 2987 oculi
389 2942 702 2983 caecorum
724 2924 1020 2981 videbunt
1052 2943 1065 2981 :
1097 2926 1323 2981 addent
1348 2926 1520 2981 mites
1544 2924 1605 2979 in
1629 2923 1881 2979 Domino

175 3017 495 3073 laetitiam.
543 3018 606 3069 P.
635 3016 701 3068 Et
738 3013 998 3081 humiles
1030 3029 1323 3086 pauperes
1356 3013 1417 3069 in
1459 3016 1666 3073 sancto
1701 3011 1883 3075 Israel

2066 1876 2419 1941 Antiphonti
2449 1878 2501 1927 2.
2538 1876 2680 1927 Ecce
2708 1875 2859 1927 Deus
2895 1871 3166 1927 excelsus
3198 1871 3259 1925 in
3307 1868 3645 1926 fortitudine

1995 1978 2107 2019 sua
2135 1963 2346 2027 veniet,
2377 1961 2577 2016 nullus
2607 1962 2660 2017 ei
2702 1959 2925 2017 similis.
2958 1961 3014 2013 Ρ.
3057 1959 3200 2023 Quis
3246 1958 3459 2029 poterit
3486 1972 3645 2012 scru-

1993 2051 2100 2106 tari
2126 2051 2253 2105 vias
2276 2051 2403 2119 ejus
2425 2052 2451 2104 ‘2
2478 2050 2699 2103 Cuncta
2712 2048 3099 2103 considerans
3126 2061 3349 2102 nomen
3390 2046 3519 2115 ejus
3553 2061 3647 2100 su-

1990 2154 2098 2210 pra
2127 2138 2415 2195 terminos
2449 2145 2633 2193 terrte.
2666 2138 2725 2197 ιὶί.
2757 2136 2866 2201 Qui
2892 2136 3062 2205 ponis
3083 2134 3306 2190 nubem
3326 2148 3647 2195 ascensum

1990 2227 2157 2283 tuum
2195 2248 2206 2281 :
2239 2226 2343 2297 qui
2388 2225 2664 2283 ambulas
2696 2240 2874 2296 super
2918 2238 3151 2295 pennas
3203 2226 3539 2279 ventorum.
3587 2222 3643 2275 P.

1991 2316 2131 2381 Quis
2163 2316 2375 2386 poterit
2399 2314 2426 2370 ?
2454 2315 2514 2375 V.
2538 2314 2747 2378 Gloria,
2780 2317 2837 2379 et
2865 2312 3060 2369 honor
3089 2310 3265 2380 Patri,
3288 2318 3396 2367 etc.
3420 2312 3481 2375 P.
3508 2309 3648 2376 Quis

1991 2404 2243 2477 poterit?

2065 2494 2287 2547 Oratio.
2313 2491 2457 2557 Quis
2482 2490 2714 2561 poterit,
2736 2493 2889 2547 Deus
2910 2488 3015 2544 Dei
3042 2487 3239 2557 Filius,
3262 2485 3647 2544 scrutarivias

1990 2586 2126 2635 tuas
2140 2580 2166 2633 ‘3
2186 2580 2281 2634 Vel
2295 2580 2517 2651 quibus
2532 2579 2788 2634 aditibus
2802 2577 3140 2634 nasciturus
3152 2576 3227 2632 ad
3239 2575 3539 2645 Virginem
3554 2590 3651 2631 ve-

1992 2669 2148 2724 neris
2170 2668 2197 2724 ?
2226 2668 2324 2723 Vel
2341 2668 2561 2740 quibus
2577 2667 2799 2725 semitis
2827 2666 2905 2723 ad
2930 2679 3192 2737 superna
3212 2679 3519 2733 regressus
3534 2679 3596 2719 es
3620 2663 3649 2717 ?

1994 2759 2061 2812 Et
2092 2756 2247 2822 ideo,
2282 2760 2425 2827 quia
2470 2764 2529 2810 tu
2560 2755 2723 2809 solus
2757 2757 2972 2809 cuncta
3018 2752 3407 2808 considerans
3438 2769 3521 2819 es,
3553 2768 3649 2807 cu-

1989 2846 2087 2914 jus
2119 2859 2341 2898 nomen
2373 2858 2557 2913 supra
2580 2847 2745 2901 terrae
2769 2840 3052 2897 terminos
3073 2844 3414 2910 permanet;
3447 2839 3527 2895 da
3544 2855 3652 2894 no-

1992 2932 2105 2994 bis,
2142 2930 2244 2985 illa
2278 2930 2351 2984 de
2394 2934 2445 2984 te
2473 2944 2711 2999 semper
2751 2927 3136 2983 considerare
3183 2929 3239 2981 et
3266 2925 3483 2987 dicere,
3513 2940 3650 2997 quin

1994 3019 2183 3091 culpae
2215 3022 2455 3073 careant
2477 3016 2603 3084 lege
2646 3033 2659 3069 :
2686 3023 2766 3081 ut,
2798 3014 2902 3086 qui
2924 3012 3193 3069 excelsus
3221 3013 3283 3068 in
3308 3012 3650 3069 fortitudine

176 3105 588 3162 exultabant.
622 3100 689 3163 IV.
733 3104 800 3159 Et
827 3101 1203 3158 benedicitur
1230 3102 1293 3157 in
1328 3117 1399 3157 eo
1430 3116 1641 3157 omnes
1690 3100 1880 3155 tribus
1919 3126 1959 3181 ρ
1992 3108 2239 3162 veniens
2267 3104 2516 3160 humilia
2544 3102 2813 3174 respicis,
2838 3101 3053 3171 dignos
3088 3099 3273 3156 facias
3302 3114 3413 3157 nos
3438 3115 3650 3156 mune-

183 3200 414 3251 terraa:
467 3204 686 3247 omnes
728 3194 937 3260 gentes
982 3190 1237 3251 servient
1289 3190 1364 3249 ei.
1424 3188 1489 3246 P.
1518 3191 1582 3247 Et
1610 3188 1877 3249 humilis.

182 3284 250 3342 i’.
300 3282 527 3353 Gloria,
560 3285 617 3337 et
653 3278 848 3343 honor
893 3280 1065 3353 Patri,
1099 3282 1210 3345 etc.
1250 3281 1307 3335 Ρ.
1351 3281 1417 3335 Et
1444 3277 1700 3337 humiles
1730 3292 1879 3351 pau-

187 3384 401 3441 peres.

269 3456 511 3511 Oratio.
545 3455 853 3524 Unigenite
887 3453 985 3508 Dei
1016 3451 1211 3514 Filius,
1263 3450 1364 3522 qui
1397 3450 1469 3504 de
1519 3448 1778 3519 tenebris
1826 3452 1883 3517 et

190 3545 462 3616 caligine
489 3543 701 3601 oculos
718 3557 1018 3601 caecorum
1046 3540 1247 3596 videre
1271 3538 1627 3606 fecisti,cum
1652 3537 1881 3599 mundo

187 3650 302 3707 per
330 3637 639 3706 susceptas
669 3630 1099 3689 incarnationis
1112 3628 1463 3701 mysterium
1484 3626 1748 3691 claruisti
1770 3626 1884 3681 :di-

194 3739 385 3792 gnare
415 3719 950 3793 gratiadivinitatis
972 3724 1084 3775 tuae
1115 3718 1430 3775 inlustrare
1449 3717 1879 3787 arcanapecto-

198 3811 276 3869 ris
306 3810 507 3868 nostri
545 3828 557 3866 :
590 3816 672 3877 ut,
701 3809 805 3884 qui
838 3807 1145 3865 Adventus
1174 3805 1257 3860 tui
1286 3804 1476 3873 gratia
1498 3804 1876 3871 anhelamus,

198 3900 533 3969 divinitatis
563 3904 677 3957 tua:
710 3913 958 3955 munere
991 3894 1393 3950 consolemur.
1428 3904 1489 3961 Ir.
1524 3894 1731 3947 Amen.

264 3993 373 4047 Per
408 3987 889 4053 misericordiam
924 3990 1106 4051 tuam,
1144 3986 1296 4038 Deus
1327 3986 1550 4043 noster,
1584 3983 1692 4034 etc.

268 4093 329 4141 It.
400 4078 746 4143 Bethlebem
806 4092 930 4133 non
981 4091 1043 4133 es
1100 4071 1352 4129 minima
1394 4070 1453 4127 in
1507 4067 1878 4141 principibus

202 4169 356 4225 Juda
392 4186 405 4223 :
438 4185 511 4224 ex
550 4173 602 4223 te
628 4168 1003 4239 prodietrex.
1026 4162 1088 4217 P.
1120 4162 1302 4231 Cujus
1323 4173 1576 4228 regnum
1599 4172 1722 4212 non
1748 4171 1873 4217 cor-

198 4262 541 4332 rumpetur.
578 4256 645 4321 i’.
686 4258 752 4323 Et
784 4260 866 4319 tu,
896 4251 1242 4308 Bethlebem
1271 4248 1552 4320 Ephrata,
1580 4244 1875 4318 numquid

205 4348 458 4418 parvula
490 4362 554 4401 es
576 4346 638 4400 in
665 4343 930 4407 millibus
947 4340 1143 4409 Juda?
1175 4341 1253 4393 Ex
1283 4342 1335 4393 te
1357 4335 1518 4403 enim
1546 4334 1879 4403 egredietur

201 4452 316 4493 rex.
347 4442 416 4499 P.
468 4434 655 4509 Cujus
684 4447 969 4503 regnum.
1008 4429 1068 4489 ἲν.
1105 4427 1317 4490 Gloria,
1371 4430 1426 4523 et
1458 4425 1665 4522 Ohonor
1703 4422 1874 4480 Patri.
1910 4471 1955 4525 D

200 4532 559 4587 Reiteretur.
597 4534 665 4592 ἢ.
710 4519 1048 4577 Bethlebem
1076 4532 1198 4573 non
1231 4531 1293 4570 es
1327 4513 1576 4570 minima
1614 4512 1699 4567 in.

268 4620 339 4675 In
355 4612 674 4675 Laudibus
698 4610 1067 4679 Antiphonti,
1088 4605 1417 4671 Canticum,
1437 4608 1489 4657 et
1507 4600 1709 4657 omnia
1726 4599 1874 4655 alia,

206 4726 331 4781 qua:
352 4707 721 4776 sequuntur,
758 4699 1049 4753 dicantur
1074 4709 1257 4764 usque
1282 4694 1341 4747 in
1362 4693 1539 4760 ﬁnem
1562 4690 1867 4755 Matutini,

204 4777 262 4855 at
289 4799 351 4852 in
374 4796 437 4853 in
454 4791 627 4863 feria
649 4792 682 4845 4
697 4788 915 4858 primae
937 4782 1337 4851 Hebdomades
1353 4780 1466 4850 [οι.
1503 4784 1516 4833 1
1538 4783 1582 4841 t.
1606 4777 1871 4849 Excepta

202 4884 547 4959 Prophetia.
593 4881 731 4947 Haec
762 4875 903 4930 dicit
942 4873 1231 4929 Dominus
1269 4888 1280 4925 :
1330 4866 1578 4924 salvabo
1626 4879 1869 4939 gregem

202 4992 426 5039 meum.
472 4972 689 5040 Quare
711 4966 821 5038 fol.
853 4967 939 5019 23.

263 5065 358 5121 Ad
396 5064 685 5130 Vesperos
716 5052 919 5111 omnia
946 5052 1248 5115 dicantur,
1284 5052 1348 5101 ut
1396 5047 1461 5106 in
1500 5042 1766 5114 Vesperz's
1798 5042 1871 5098 de

202 5163 400 5226 quarta
410 5154 579 5227 feria
590 5145 816 5220 prima?
840 5138 1221 5196 hebdomadae
1237 5137 1309 5193 de
1331 5135 1590 5190 Adventu
1608 5131 1863 5193 Domini.

204 5244 440 5317 Requz’re
458 5242 576 5313 fol.
620 5240 706 5291 12.
847 5307 858 5316 υ

801 5346 1010 5400 FERIA
1050 5344 1283 5397 SEXTA.

774 5460 877 5516 Ad
910 5459 1297 5513 Matutmum.

184 5606 536 5687 Antiphona
553 5644 567 5657 .
612 5598 688 5659 In
718 5593 780 5663 te
798 5581 1058 5651 confidit
1083 5580 1288 5657 anima
1306 5593 1462 5655 mea,
1490 5579 1547 5643 et
1570 5577 1631 5634 in
1653 5573 1869 5633 umbra

1990 3196 2150 3256 nibus
2187 3194 2320 3252 tuis.
2362 3206 2425 3264 11'.
2454 3197 2662 3248 Amen.

2064 3284 2171 3339 Per
2200 3280 2677 3339 misericordiam
2700 3283 2887 3344 tuam,
2916 3281 3070 3334 Deus
3092 3279 3310 3343 noster,
3338 3276 3445 3349 qui
3469 3291 3530 3332 es
3550 3276 3651 3333 be-

1992 3373 2285 3437 nedictus,
2320 3378 2374 3426 et
2404 3370 2575 3439 vivis,
2609 3374 2665 3424 et
2702 3367 2910 3431 omnia
2938 3366 3096 3437 regis
3125 3366 3185 3422 in
3212 3364 3433 3427 saecula
3463 3380 3651 3427 saecu-

1993 3461 2210 3516 lorum.
2241 3465 2455 3517 Amen.

2018 3616 2021 3621 Q
2062 3549 2403 3616 Antiphona
2438 3550 2488 3602 3.
2541 3547 2661 3617 Ego
2700 3546 2869 3599 Jesus
2897 3542 3066 3599 mitto
3106 3541 3393 3610 Angelum
3442 3556 3647 3605 meum

1994 3637 2310 3693 testiﬁcare
2330 3634 2699 3691 hominibus.
2731 3634 2787 3687 P.
2814 3635 2959 3689 Ecce
2984 3631 3159 3688 venio
3190 3631 3326 3697 cito,
3347 3634 3649 3689 etmerces

1992 3742 2128 3783 mea
2156 3741 2395 3785 mecum
2448 3725 2560 3790 est,
2608 3737 2750 3778 sane
2793 3720 3106 3791 longuores
3154 3719 3363 3794 populi
3412 3718 3547 3775 mei.
3581 3719 3644 3777 ὢν.

1990 3814 2140 3875 Audi
2176 3812 2437 3885 populus
2464 3825 2634 3865 meus
2661 3827 2674 3875 ;
2706 3813 2759 3865 et
2789 3808 3005 3880 loquar
3038 3807 3251 3867 Israel:
3288 3806 3646 3863 testificabor

1991 3900 2115 3968 tibi,
2153 3900 2350 3969 Israel,
2394 3898 2443 3954 si
2488 3914 2583 3955 me
2616 3898 2891 3965 audieris.
2922 3896 2984 3951 P.
3021 3899 3163 3959 Ecce
3195 3896 3367 3961 venio
3398 3894 3533 3953 cito.
3565 3895 3634 3967 if,

1991 3990 2205 4057 Gloria,
2234 3990 2503 4045 ethonor
2533 3985 2708 4056 Patri;
2741 3990 2798 4043 et
2836 3984 2979 4051 tilio,
3027 3988 3137 4055 etc.
3188 3985 3251 4038 P.
3291 3986 3438 4058 Ecce
3466 3982 3647 4059 venio

1988 4077 2122 4135 cito.

2064 4162 2449 4221 Oratz'o.Deus
2463 4160 2864 4231 omnipotens,
2880 4139 3290 4235 quiAngelum
3315 4137 3639 4236 tuumante

1987 4254 2323 4308 Adventum
2347 4249 2756 4321 Redemptoris
2790 4247 3023 4314 misisti,
3048 4247 3153 4319 qui
3175 4246 3508 4301 testiﬁcaret
3533 4246 3637 4302 ho—

1987 4340 2249 4397 minibus
2279 4344 2335 4395 et
2364 4339 2522 4393 viam
2554 4338 2758 4393 salutis
2786 4341 2841 4391 et
2864 4335 3296 4408 plenitudinem
3326 4334 3631 4400 sanitatis;

1987 4430 2065 4493 da
2086 4429 2323 4491 familiae
2355 4434 2490 4495 tute,
2526 4431 2590 4482 ut
2619 4425 3069 4493 adnuntiatione
3120 4424 3421 4491 Adventus
3460 4425 3545 4485 tui
3571 4424 3634 4479 in

1988 4518 2209 4574 caelesti
2241 4517 2465 4587 gaudio
2494 4516 2826 4573 hilarescat.
2861 4517 2946 4580 Et,
2988 4513 3133 4586 quia
3162 4528 3389 4569 merces
3416 4517 3520 4577 tua
3550 4516 3634 4569 te-

1985 4623 2123 4662 cum
2150 4606 2228 4661 ad
2248 4604 2542 4675 judicium
2573 4604 2784 4671 veniet,
2812 4603 3000 4675 pietas
3040 4606 3141 4657 tua
3179 4603 3469 4665 consueta
3490 4604 3632 4661 tunc

1980 4695 2156 4749 nobis
2188 4697 2459 4753 occurrat
2483 4692 2542 4747 in
2572 4706 2836 4757 munere,
2869 4706 3003 4763 quae
3042 4693 3314 4747 nostrum
3345 4687 3516 4746 solita
3545 4692 3633 4745 est

1980 4797 2215 4854 semper
2244 4795 2545 4839 removere
2570 4779 2939 4850 languorem.
2982 4790 3044 4845 Βί.
3076 4782 3283 4832 Amen.

2050 4874 2154 4925 Per
2171 4869 2637 4925 misericordiam
2662 4873 2847 4933 tuam,
2878 4868 3029 4922 Deus
3058 4869 3277 4931 noster,
3304 4867 3413 4933 etc,

2049 4970 2114 5027 BZ.
2149 4961 2391 5021 Paratus
2431 4961 2576 5017 esto,
2624 4955 2820 5022 Israel,
2849 4955 2910 5009 in
2959 4953 3229 5008 Adventu
3264 4950 3496 5023 Domini
3526 4951 3627 5023 Dei

1976 5047 2082 5115 tui,
2123 5045 2263 5118 quia
2294 5060 2428 5101 ecce
2461 5045 2588 5115 ipse
2630 5043 2898 5099 formans
2926 5046 3181 5109 montes.
3208 5040 3257 5095 P.
3308 5042 3374 5097 Et
3416 5056 3626 5109 creans

1979 5132 2687 5207 spiritus,etannuncians
2702 5132 2757 5186 in
2774 5130 3109 5186 hominibus
3123 5128 3411 5191 Christum
3433 5144 3622 5193 suum.

1975 5224 2042 5284 ii.
2079 5226 2222 5278 Ecce
2270 5222 2554 5278 Dominus
2606 5224 2758 5275 Deus
2800 5224 2997 5275 vester
3041 5218 3358 5289 prudentia
3395 5232 3505 5273 sua
3534 5232 3624 5273 ex-

1976 5312 2161 5368 tendit
2187 5310 2389 5379 coelos,
2426 5314 2483 5366 et
2507 5310 2564 5364 in
2600 5308 2889 5381 sapientia
2912 5322 3019 5362 sua
3049 5309 3348 5378 praeparat
3377 5304 3620 5371 orbem;

1977 5400 2103 5471 ipse
2135 5405 2223 5455 est
2263 5399 2421 5455 enim
2454 5401 2604 5453 Deus
2633 5398 2899 5453 formans
2932 5402 3173 5451 terram.
3220 5394 3278 5447 P.
3321 5396 3385 5449 Et
3413 5406 3623 5462 creatis

1979 5488 2247 5561 spiritus.
2288 5488 2348 5547 ir.
2382 5487 2597 5555 Gloria,
2638 5491 2694 5551 et
2740 5486 2933 5555 honor
2957 5483 3135 5547 Patri.
3192 5482 3524 5551 Baiteretur
3551 5489 3613 5548 βε.

1976 5579 2221 5633 Paratus
2240 5579 2384 5641 esto,
2420 5574 2617 5641 Israel.
