4076 6430
437 305 509 362 87
1689 291 2141 353 BREVIARIUM
2181 293 2572 353 GOTHICUM.
3796 291 3878 346 88

513 425 719 484 Omnia
733 424 860 482 alia
873 423 1157 482 dicantur
1169 436 1349 494 usque
1361 422 1428 478 in
1437 423 1614 492 ﬁnem
1623 419 2006 487 Matutini,ut
2025 420 2088 475 in
2116 419 2161 474 A
2263 420 2854 480 Benedictio.Unicus
2876 419 3054 478 Filius
3079 417 3202 490 Dei,
3220 417 3323 491 qui
3337 417 3575 489 genitus
3592 415 3670 473 de
3684 419 3878 472 utero

441 523 608 575 sexta
618 516 783 586 feria
799 514 1014 584 primae
1035 511 1545 582 Hebdomadasfol.
1576 515 1661 568 13.
1683 511 1798 583 26
1813 511 2087 580 Excepta

441 603 792 674 Prophetia.
826 601 962 656 Haec
991 600 1134 656 dicit
1160 599 1449 656 Dominus
1481 617 1495 654 :
1527 598 1804 656 Salvabo.
1848 599 1961 667 fol.
1995 602 2084 655 23.

517 693 745 748 Oratio.
768 693 922 745 Deus
943 690 1132 754 Pater,
1149 688 1273 760 qui,
1290 687 1484 743 ﬁlium
1504 691 1675 744 tuum
1701 688 1995 742 missurus
2011 685 2089 742 ad

447 794 654 849 terras,
684 779 911 848 legatos
941 783 1094 847 tuos,
1110 793 1290 833 voces
1310 777 1513 849 utique
1535 775 2090 849 praedicantium,ad

449 874 655 942 gentes
679 867 975 934 destinati,
1007 866 1097 922 vel
1126 866 1204 922 ad
1221 865 1465 937 insulas,
1498 866 1605 938 qui
1621 865 2092 922 incarnationem

450 960 581 1030 ejus
612 956 1025 1029 praedicantes,
1048 955 1223 1024 longe
1256 954 1335 1010 ad
1354 969 1476 1022 eos,
1503 954 1743 1026 quinon
1757 954 2089 1016 audierunt,

449 1045 616 1102 verbi
627 1045 712 1101 tui
724 1043 907 1100 ﬁdem
931 1043 1317 1115 praedicando
1329 1043 1724 1115 porrigerent;
1744 1043 1824 1098 da
1837 1042 2096 1109 nobis,et

452 1140 510 1192 te
539 1133 848 1190 audientes
877 1147 915 1188 a
937 1131 1094 1188 vitiis
1123 1131 1490 1203 resipiscere,
1512 1134 1570 1187 et
1589 1131 1895 1187 credentes
1926 1133 1981 1186 te
2002 1146 2096 1186 su-

455 1237 702 1296 pernam
732 1222 1055 1294 promereri
1078 1220 1463 1277 hereditatem
1492 1239 1504 1276 ε
1525 1223 1590 1276 ut
1610 1219 1906 1275 Christum
1927 1222 2097 1274 tuum

456 1310 834 1367 sermonibus
861 1309 1287 1380 praedicantes;
1319 1307 1599 1380 operibus
1627 1321 1751 1361 non
1771 1306 2101 1362 efﬁciamur

455 1403 591 1455 ante
618 1402 730 1453 ture
760 1397 959 1465 glorias
989 1397 1360 1465 majestatem
1377 1394 1778 1451 damnabiles.
1803 1406 1866 1465 ﬁ.
1890 1395 2100 1450 Amen.

525 1490 631 1542 Per
655 1483 1122 1539 misericordiam
1158 1488 1347 1549 tuam,
1381 1486 1535 1539 Deus
1565 1488 1784 1548 noster,
1814 1487 1924 1538 etc.

486 1604 489 1606 -
524 1574 699 1629 Dicat
722 1572 1054 1641 Presbyter.
1091 1572 1375 1627 Dominus
1401 1573 1476 1627 sit
1503 1586 1742 1642 semper
1770 1570 2103 1626 vobiscum.

454 1673 520 1733 Ir.
549 1663 614 1717 Et
642 1675 782 1716 cum
821 1659 1036 1731 spiritu
1059 1662 1182 1716 tuo.

2197 510 2396 576 Patris,
2425 511 2721 568 incarnari
2744 509 2908 566 venit
2936 523 3008 565 ex
3037 513 3204 564 utero
3233 506 3507 577 Virginis,
3539 505 3705 563 eluat
3746 518 3880 561 nos

2197 599 2274 657 ab
2295 600 2850 673 omnicorruptione
2865 599 3146 655 humanae
3167 596 3545 653 conditionis.
3562 607 3626 665 ne.
3644 596 3877 650 Amen.

2197 692 2385 760 Atque
2403 688 2582 752 idem,
2603 689 2708 760 qui
2723 685 3343 759 incomprehensibilis
3369 685 3532 740 venit
3550 683 3624 740 ad
3651 683 3885 740 verita-

2200 781 2318 832 tem
2347 776 2597 832 humani
2625 775 2905 848 corporis,
2941 774 3103 831 tollat
3131 790 3167 830 a
3195 774 3370 829 nobis
3409 772 3885 828 immunditiam

2199 865 2482 921 humanae
2509 864 2928 937 corruptionis.
2968 875 3032 934 ﬁ.
3063 867 3273 919 Amen.
3297 865 3382 930 Et,
3417 861 3522 934 qui
3549 861 3675 917 vita
3700 859 3888 916 venit

2203 957 2457 1009 mortem
2469 953 2746 1026 perferre,
2770 953 2991 1008 tribuat
3012 950 3187 1007 nobis
3207 950 3355 1006 nihil
3373 950 3447 1006 de
3473 949 3686 1007 mortis
3701 948 3888 1005 dam-

2201 1041 2444 1098 natione
2473 1041 2712 1097 sentire.
2747 1051 2811 1110 Βι.
2837 1043 3026 1096 Amen
3039 1080 3052 1094 .

2278 1129 2389 1185 Per
2418 1128 2886 1184 misericordiam
2918 1126 3132 1199 ipsius,
3163 1129 3274 1183 etc.

2279 1218 2509 1274 Lauda.
2545 1215 2908 1272 Dominusin
2934 1215 3184 1271 circuitu
3210 1213 3419 1286 populi
3443 1213 3532 1270 sui
3564 1216 3654 1270 est
3684 1232 3698 1273 :
3739 1213 3896 1271 alle-

2209 1305 2351 1362 luia.
2393 1306 2458 1362 P.
2487 1305 2569 1360 Ex
2589 1306 2703 1361 hoc
2722 1321 2904 1375 nunc,
2937 1310 2993 1360 et
3023 1319 3215 1376 usque
3233 1303 3293 1358 in
3319 1307 3610 1359 aeternum
3634 1319 3765 1375 pax
3787 1320 3896 1360 su-

2212 1409 2317 1466 per
2343 1394 2540 1450 Israel.
2572 1393 2840 1455 Alleluia,
2870 1393 3128 1449 alleluia.
3161 1393 3224 1452 )7.
3247 1391 3620 1460 Benedictus,
3645 1392 3758 1464 qui
3791 1408 3902 1448 ve-

2213 1483 2298 1539 nit
2333 1483 2394 1538 in
2424 1482 2666 1538 nomine
2699 1481 2973 1537 :Domini
3013 1483 3188 1549 Deus,
3243 1481 3555 1545 Dominus,
3603 1485 3663 1536 et
3689 1469 3906 1537 illunit

2212 1571 2410 1627 nobis.
2434 1571 2492 1626 P.
2527 1573 2610 1626 Ex
2637 1570 2751 1626 hoc
2774 1585 2962 1626 nunc.
3011 1569 3074 1629 ir.
3105 1569 3323 1635 Gloria,
3373 1573 3430 1626 et
3459 1568 3657 1626 honor
3699 1569 3766 1624 P.
3806 1572 3906 1627 Ex

2213 1658 2328 1714 hoc
2359 1673 2544 1714 nunc.

526 1751 589 1803 In
620 1746 864 1804 nomine
885 1746 1120 1802 Domini
1137 1746 1324 1802 nostri
1342 1746 1705 1803 JesuChristi
1724 1745 2106 1819 perﬁciamus
2140 1770 2182 1824 Β
2287 1746 2494 1802 Oratio
2520 1746 2761 1802 dicitur.
2809 1745 3114 1814 Unigenite
3158 1743 3335 1801 Filius
3393 1744 3498 1801 Dei
3518 1745 3732 1802 Patris.
3779 1747 3908 1803 Re-

456 1853 591 1894 cum
619 1851 786 1907 pace.
827 1845 891 1906 1y.
923 1835 1043 1891 Deo
1068 1835 1306 1904 gratias.

491 1927 562 1980 IN
602 1923 884 1989 QUARTO
925 1921 1263 1979 DOMINICO
1309 1923 1398 1977 DE
1435 1923 1764 1980 ADVENTU
1801 1923 2065 1981 DOMINI.

1058 2011 1136 2066 Ad
1171 2013 1470 2081 Vesperos.

461 2099 690 2155 Lauda.
725 2103 769 2154 A
799 2098 943 2154 solis
971 2103 1105 2154 ortu
1152 2115 1346 2172 usque
1384 2099 1462 2155 ad
1514 2115 1816 2156 occasum.
1872 2100 2102 2157 Oratio.

460 2191 636 2254 Deus,
663 2189 836 2259 cujus
863 2203 1086 2245 nomen
1111 2193 1199 2245 est
1225 2189 1626 2245 benedictum.
1652 2189 1905 2261 Require
1921 2191 2027 2261 fol.
2054 2195 2104 2248 t.

530 2277 700 2334 Sono.
741 2278 896 2332 Deus
925 2277 1173 2334 deorum
1204 2277 1494 2334 Dominus
1519 2278 1752 2335 locutus
1777 2284 1897 2335 est:
1933 2293 2109 2335 voca-

459 2366 543 2423 vit
571 2370 789 2423 terram
819 2381 892 2421 ex
923 2365 1086 2422 Sion.
1125 2367 1184 2420 P.
1219 2366 1447 2439 species
1492 2367 1725 2423 decoris
1756 2368 1922 2438 ejus:
1972 2367 2106 2424 alle-

459 2455 601 2520 luia,
618 2453 681 2514 7.
711 2455 868 2510 Deus
898 2453 1209 2511 manifeste
1228 2455 1448 2525 veniet,
1469 2456 1622 2511 Deus
1647 2460 1846 2512 noster
1871 2473 1883 2511 :
1913 2459 1968 2512 et
1987 2471 2108 2513 non

464 2542 674 2599 silebit.
697 2543 757 2596 P.
787 2543 1025 2614 Species
1065 2542 1324 2600 decoris.

533 2631 906 2701 Antiphona.
937 2629 1186 2690 Alleluia
1217 2649 1228 2687 :
1263 2634 1622 2691 annunciate
1650 2635 1836 2690 Deum
1882 2633 1944 2690 in
1984 2634 2112 2690 uni-

461 2735 638 2777 versa
660 2724 835 2777 terra.
863 2721 922 2776 P.
972 2721 1217 2786 Exultat,
1263 2726 1320 2777 et
1363 2721 1566 2778 laudet
1605 2723 1893 2780 habitatio
1949 2724 2108 2780 Sion.

461 2810 523 2866 P.
549 2810 696 2874 Quia
723 2809 785 2864 in
815 2809 1016 2865 medio
1045 2811 1174 2880 ejus
1203 2812 1394 2867 veniet
1420 2813 1669 2868 Sanctus
1695 2812 1897 2868 Israel.
1937 2814 1994 2867 P.
2046 2817 2113 2869 Et

464 2897 700 2954 exultet.
729 2896 944 2962 Gloria,
977 2901 1031 2953 et
1061 2898 1256 2954 honor
1300 2899 1472 2955 Patri.
1508 2900 1567 2954 P.
1601 2902 1750 2966 Quia
1787 2901 1849 2956 in
1887 2903 2109 2958 medio.

529 2986 760 3042 Lauda.
791 2989 1238 3056 Cognoscamus
1269 2987 1329 3042 in
1357 2993 1512 3044 terra
1559 2989 1722 3045 viam
1762 2994 1951 3056 tuam,
2003 2992 2111 3046 Do-

464 3073 625 3165 mine
657 3088 672 3165 ς
695 3071 966 3165 alleluia;
987 3075 1049 3127 ln
1062 3072 1347 3165 omnibus
1359 3074 1635 3165 gentibus
1648 3076 1906 3165 salutare
1921 3081 2087 3132 tuum
2098 3119 2110 3131 .
2153 3110 2191 3165 α

464 3157 736 3225 Alleluia,
764 3158 1022 3216 alleluia.
1054 3159 1118 3218 ἡ.
1143 3161 1298 3216 Deus
1322 3161 1678 3218 misereatur
1703 3164 1912 3235 nostri,
1941 3168 1997 3222 et
2019 3165 2120 3222 be-

469 3248 709 3305 nedicat
720 3247 890 3304 nobis
913 3265 927 3303 :
955 3247 1248 3304 illuminat
1266 3249 1497 3305 vultum
1518 3267 1694 3307 suum
1717 3268 2038 3324 supernos,
2061 3260 2117 3313 et

464 3336 816 3393 misereatur
842 3336 1032 3392 nobis.
1063 3336 1122 3391 P.
1151 3339 1216 3392 In
1236 3338 1522 3394 omnibus
1549 3341 1847 3410 gentibus.
1881 3343 1948 3402 ἲν.
1980 3343 2117 3402 Glo-

463 3425 554 3482 ria
576 3431 633 3480 et
657 3425 851 3480 honor
871 3424 1041 3480 Patri.
1069 3424 1133 3480 P.
1164 3427 1229 3480 In
1264 3425 1546 3482 omnibus
1572 3429 1869 3498 gentibus.

537 3513 834 3583 Hymnus.
866 3511 1081 3570 Christi
1118 3516 1358 3571 caterva
1385 3514 1668 3575 clamitet.
1707 3519 2107 3590 Supplicatio.

468 3602 719 3660 Oremus
747 3600 1205 3672 Redemptorem
1231 3602 1462 3658 mundi.
1494 3605 1748 3677 Require
1782 3608 1891 3677 fol.
1924 3613 1976 3663 2.

540 3689 736 3761 Kyrie,
765 3688 988 3746 eleison
1020 3707 1034 3747 :
1068 3690 1308 3762 Christe,
1343 3691 1565 3749 eleison
1593 3711 1606 3751 :
1640 3695 1836 3767 Kyrie,
1869 3697 2112 3756 eleison.

544 3777 852 3847 Capitula.
870 3777 1159 3849 lllumina,
1188 3779 1456 3849 Domine,
1480 3780 1711 3838 vultum
1737 3787 1906 3840 tuum
1933 3801 2117 3858 super

469 3870 669 3936 nos,et
685 3866 1163 3924 benedictionem
1175 3871 1342 3924 tuam
1358 3869 1614 3926 ubertim
1628 3873 1845 3929 nostris
1866 3874 2114 3930 infunde

469 3953 809 4028 pectoribus
837 3972 852 4010 :
883 3971 1005 4028 quo
1042 3956 1224 4013 corda
1246 3960 1451 4014 nostra
1479 3959 1629 4015 lucis
1676 3964 1793 4016 tute
1822 3961 2115 4019 hilaritate

470 4043 716 4116 perfusa
726 4048 890 4101 tuam
903 4044 965 4100 in
984 4045 1151 4101 terris
1175 4045 1851 4118 valeantrecognoscere
1871 4051 2117 4123 viam,et

471 4131 755 4189 omnibus
793 4132 1077 4204 singulari
1120 4133 1396 4204 gentibus
1433 4134 1573 4192 ﬁdei
1616 4152 1800 4194 sacrae
1845 4138 2115 4197 laetentur

470 4220 703 4281 notitia.

542 4312 712 4366 Pater
737 4312 958 4366 noster.
989 4313 1073 4367 Et.

2213 1836 2386 1907 quire
2424 1836 2489 1889 in
2520 1835 2840 1891 Matutinis
2861 1833 3256 1906 sequentibus.

2804 1923 2896 1978 Ad
2931 1923 3283 1979 Matutinos.

2286 2013 2581 2082 Hymnus.
2615 2015 2845 2066 Eterne
2875 2027 3074 2067 rerum
3094 2010 3393 2068 Conditor.
3418 2011 3671 2081 Require
3696 2011 3893 2080 fol.3-

2286 2100 2507 2156 Oratio.
2524 2100 2772 2155 Domine
2786 2101 2936 2154 Deus
2951 2103 3116 2155 Pater
3129 2099 3529 2169 omnipotens,
3553 2098 3900 2172 inspirator

2213 2203 2480 2261 precum,
2529 2191 2702 2259 teque
2757 2187 3162 2242 invocantium
3202 2186 3376 2242 velox
3428 2187 3708 2260 auditor;
3743 2190 3899 2245 voci

2216 2279 2452 2342 nostrae,
2481 2291 2744 2345 oramus,
2772 2276 3100 2331 clementiae
3133 2280 3247 2332 tuas
3273 2293 3479 2332 aurem
3527 2292 3800 2349 appone,
3837 2283 3903 2335 et

2215 2370 2559 2422 nostrorum
2572 2364 2813 2420 vincula
2827 2364 3246 2436 peccaminum
3261 2365 3479 2436 potenti
3492 2366 3899 2423 miseratione

2217 2454 2474 2510 dissolve
2503 2470 2516 2508 :
2552 2454 2634 2508 Ac
2656 2453 2804 2507 sicut
2831 2467 2941 2507 nos
2967 2451 3258 2521 gallorum
3282 2454 3606 2511 canoribus
3643 2455 3722 2510 ad
3755 2472 3900 2512 ma-

2218 2543 2388 2600 tutini
2411 2543 2662 2612 gratiam
2687 2557 2982 2613 provocas
3028 2557 3409 2614 consurgere,
3445 2548 3503 2600 et
3536 2543 3901 2616 prophetali

2216 2629 2496 2687 vaticinia
2514 2629 2573 2685 in
2594 2631 2784 2685 lucem
2799 2631 3064 2700 gentium
3083 2632 3273 2686 unicae
3293 2632 3721 2704 redemptionis
3737 2649 3900 2706 prae-

2220 2719 2470 2775 nuncias
2487 2735 2500 2784 ;
2519 2719 2772 2774 itanunc
2792 2718 3217 2788 navigantibus
3234 2718 3406 2775 nobis
3424 2720 3639 2776 intuitu
3670 2737 3902 2794 super-

2219 2822 2300 2864 no
2331 2807 2572 2862 adsiste.
2605 2806 2717 2873 Sic,
2749 2822 3119 2879 quaesumus,
3155 2807 3478 2864 famulatus
3504 2810 3693 2865 nostri
3742 2816 3902 2869 vota

2221 2896 2529 2968 suscipias,
2563 2899 2623 2951 ut
2651 2895 2729 2951 ad
2750 2895 2943 2950 lucem
2967 2895 3297 2953 abundanti
3324 2913 3436 2954 nos
3459 2898 3901 2959 misericordia

2221 2984 2594 3042 sublevando
2621 2984 2935 3056 perducas.
2966 2995 3028 3053 Βι.
3057 2988 3267 3042 Amen.

2291 3077 2397 3130 Per
2421 3072 2900 3130 misericordiam
2930 3076 3096 3128 tuam
3138 3077 3292 3129 Deus
3323 3079 3550 3144 noster,
3581 3080 3695 3134 etc.

2297 3163 2404 3233 27
2441 3163 2793 3232 Antiphona
2820 3176 3000 3230 super
3019 3163 3304 3231 psalmos.
3333 3163 3530 3220 Gloria
3553 3181 3690 3223 mea
3728 3169 3900 3224 Deus

2222 3266 2412 3316 meus,
2445 3254 2500 3306 et
2539 3248 2805 3306 exaltans
2835 3253 3025 3322 caput
3047 3265 3253 3306 meum
3277 3252 3551 3309 Psalmus
3577 3268 3663 3311 in.

2293 3337 2666 3409 Antiphona.
2694 3338 2818 3394 Tibi
2831 3337 2940 3394 soli
2955 3339 3199 3410 peccavi
3214 3360 3225 3398 :
3244 3340 3522 3398 miserere
3537 3342 3680 3409 mei,
3705 3345 3901 3402 Deus.

2222 3430 2497 3485 Psalmus
2527 3446 2576 3482 ι.

2293 3516 2664 3587 Antiphone.
2715 3515 2978 3573 Miserere
3011 3517 3146 3581 mei,
3182 3519 3356 3588 Deus,
3393 3519 3681 3578 miserere
3711 3525 3847 3582 mei
3885 3544 3901 3582 :

2224 3605 2515 3680 quoniam
2545 3606 2607 3660 in
2638 3609 2690 3661 te
2737 3605 2986 3662 conﬁdit
3015 3606 3218 3664 anima
3261 3623 3419 3666 mea.
3457 3609 3743 3668 Psalmus
3777 3632 3898 3673 Lvi.

2297 3695 2520 3750 Oratio.
2553 3693 2802 3751 Domine
2829 3695 3005 3760 Deus,
3034 3696 3197 3767 apud
3226 3712 3407 3770 quem
3438 3702 3530 3754 est
3557 3698 3696 3756 fons
3721 3703 3899 3778 vitae,

2223 3787 2282 3840 et
2300 3782 2359 3838 in
2386 3783 2556 3853 cujus
2580 3781 2804 3838 lumine
2820 3782 3184 3853 adspicimus
3207 3784 3444 3856 lumen;
3471 3789 3666 3843 enutri
3683 3789 3748 3845 in
3772 3806 3899 3848 nos

2223 3875 2340 3928 tuae
2367 3871 2622 3926 scientiae
2641 3870 3019 3944 splendorem
3052 3889 3064 3926 :
3089 3877 3152 3928 ut
3174 3872 3510 3930 sitientibus
3531 3876 3711 3933 nobis
3733 3880 3902 3938 vita-

2222 3961 2336 4018 lem
2367 3960 2672 4034 impartias
2691 3965 2993 4033 potum,et
3009 3961 3394 4034 caligantium
3413 3965 3767 4026 animarum
3798 3988 3898 4029 su-

2223 4065 2411 4123 perno
2434 4049 2658 4105 lumine
2683 4049 2954 4105 restituas
2979 4049 3359 4109 intellectum.
3389 4065 3452 4124 Ir.
3483 4060 3702 4114 Amen.

2294 4142 2402 4195 Per
2431 4137 2898 4193 misericordiam
2941 4144 3128 4205 tuam,
3162 4144 3274 4198 etc.

2294 4225 2637 4296 Antiphona
2656 4230 2701 4280 1.
2722 4228 2806 4281 Me
2826 4225 3034 4282 insulae
3047 4232 3382 4301 expectant,
3406 4229 3548 4288 dicit
3566 4233 3898 4309 Dominus,

2224 4318 2281 4372 et
2308 4315 2620 4370 brachium
2644 4330 2845 4370 meum
2863 4316 3262 4374 sustinebunt.
3292 4321 3362 4374 P.
3393 4321 3542 4386 Quia
3575 4321 3901 4392 judicium

544 4395 791 4454 Liberati
819 4413 856 4453 a
881 4397 1062 4468 malo,
1093 4399 1429 4456 conﬁrmati
1456 4416 1693 4473 semper
1719 4402 1781 4456 in
1809 4401 1986 4470 bono,
2011 4404 2115 4461 tibi
2145 4456 2189 4478 η
2223 4418 2426 4458 meum
2447 4403 2506 4457 in
2527 4402 2719 4458 lucem
2741 4405 3105 4475 populorum
3128 4407 3460 4478 apparebit.
3481 4409 3544 4469 ἲν.
3563 4409 3723 4466 Deus
3746 4414 3903 4473 deo-

472 4485 687 4543 servire
711 4501 1049 4544 mereamur
1061 4489 1181 4544 Deo
1205 4503 1276 4544 ac
1299 4489 1552 4545 Domino
1563 4493 1784 4546 nostro.
1810 4491 1990 4557 Pone,
2004 4493 2114 4550 Do-

470 4574 653 4641 mine,
676 4574 860 4631 ﬁnem
898 4575 1159 4647 peccatis
1185 4577 1404 4632 nostris
1427 4594 1440 4632 :
1460 4576 1542 4633 da
1567 4577 1859 4646 gaudium
1875 4580 2115 4639 tribula-

471 4663 546 4720 tis
581 4681 593 4720 :
625 4664 826 4736 praebe
852 4665 1326 4737 redemptionem
1357 4665 1604 4737 captivis
1636 4667 1984 4725 :sanitatem
2024 4672 2113 4727 in-

469 4751 658 4808 ﬁrmis
685 4753 1109 4825 :requiemque
1129 4753 1426 4810 defunctis
1461 4770 1474 4808 :
1508 4755 1767 4812 concede
1793 4773 2026 4829 pacem,
2057 4764 2115 4816 et

473 4841 848 4899 securitatem
871 4842 933 4898 in
953 4841 1234 4898 omnibus
1253 4841 1467 4897 diebus
1497 4845 1712 4900 nostris
1745 4863 1758 4901 :
1782 4847 1988 4919 frange
2005 4865 2112 4906 au-

469 4929 710 4985 daciam
738 4928 1119 4986 inimicorum
1142 4933 1488 4986 nostrorum
1521 4933 2112 5008 :exaudi,Deus,ora-

470 5017 694 5075 tionem
706 5031 1016 5074 servorum
1028 5020 1266 5074 tuorum
1285 5019 1545 5076 omnium
1564 5021 1824 5079 ﬁdelium
1839 5026 2112 5084 Christia-

467 5119 688 5161 norum
717 5102 780 5158 in
817 5105 931 5160 hoc
955 5104 1050 5160 die
1081 5109 1134 5161 et
1158 5105 1220 5160 in
1250 5110 1412 5162 omni
1445 5112 1708 5180 tempore
1739 5129 1752 5167 :
1785 5127 1891 5182 per
1919 5114 2112 5170 Domi-

468 5205 618 5248 num
639 5194 910 5248 nostrum
925 5193 956 5245 J
963 5207 1131 5248 esum
1147 5193 1440 5250 Christum
1458 5197 1668 5254 Filium
1689 5203 1878 5266 tuum,
1905 5201 2009 5273 qui
2030 5206 2112 5257 te-

469 5293 611 5334 cum
638 5279 800 5345 vivit,
836 5282 893 5335 et
917 5284 1126 5350 regnat
1149 5281 1210 5337 in
1234 5282 1456 5341 unitate
1482 5287 1727 5358 Spiritus
1743 5289 1938 5344 Sancti
1958 5290 2112 5346 Deus

467 5379 577 5437 per
599 5367 803 5425 omnia
828 5383 1062 5440 semper
1091 5370 1306 5428 saecula
1331 5374 1707 5432 saeculorum.
1741 5387 1805 5446 13-.
1834 5379 2041 5434 Amen.

540 5454 719 5511 Dicat
733 5455 1392 5528 Presbyter.Humiliate
1401 5479 1510 5520 vos
1523 5463 1601 5520 ad
1612 5463 2112 5524 benedictionem.

539 5541 826 5602 Dominus
853 5543 926 5604 sit
953 5561 1186 5622 semper
1200 5549 1530 5610 vobiscum.
1561 5562 1627 5622 Βι.
1659 5554 1910 5612 Etcum.

2222 4507 2357 4548 rum
2381 4491 2669 4547 Dominus
2693 4490 2928 4548 locutus
2955 4498 3062 4563 est,
3106 4499 3161 4549 et
3189 4497 3423 4552 vocavit
3447 4501 3692 4555 terram.
3727 4501 3802 4561 P.
3829 4507 3903 4562 Et

2220 4580 2553 4637 brachium.
2588 4580 2649 4641 ἲν.
2679 4580 2893 4647 Gloria,
2936 4586 2990 4639 et
3024 4582 3218 4640 honor
3255 4585 3429 4653 Patri,
3474 4591 3587 4643 etc.
3622 4589 3699 4648 P.
3735 4592 3902 4658 Quia

2217 4669 2509 4742 judicium
2544 4685 2768 4725 meum.

2294 4759 2522 4816 Oratio.
2556 4759 2861 4829 Unigenite
2883 4759 3060 4816 Filius
3081 4761 3179 4817 Dei
3205 4762 3414 4830 Patris,
3445 4779 3631 4838 quem
3660 4766 3899 4830 insulae

2222 4852 2550 4920 expectant,
2581 4853 2637 4904 et
2669 4848 2980 4905 brachium
3007 4849 3367 4908 fortitudinis
3402 4857 3519 4910 tuae
3551 4855 3732 4928 plebs
3783 4861 3899 4918 ad-

2221 4936 2439 5011 quisita
2474 4937 2760 5003 sustinet;
2789 4942 2842 4993 te
2869 4955 3220 5010 quaesumus
3251 4946 3304 4996 et
3327 4958 3640 5012 rogamus,
3677 4953 3748 5004 ut
3774 4965 3898 5008 nos

2220 5034 2564 5099 peccatores
2597 5027 2780 5083 facias
2802 5045 3039 5100 semper
3060 5047 3186 5085 esse
3208 5030 3416 5088 beatos
3446 5050 3460 5088 :
3492 5041 3573 5101 ut,
3599 5052 3747 5094 cum
3771 5041 3899 5098 Ad-

2219 5121 2431 5171 ventus
2463 5116 2544 5171 tui
2571 5118 2906 5188 apparuerit
2936 5119 3144 5187 gloria,
3178 5136 3298 5175 non
3329 5122 3794 5184 confundamur
3812 5132 3898 5187 vi-

2218 5203 2424 5260 dentes
2463 5203 2678 5261 faciem
2713 5210 2896 5260 tuam.
2943 5216 3011 5275 ἢ.
3059 5212 3266 5266 Amen.

2290 5295 2395 5348 Per
2423 5292 2897 5349 misericordiam
2929 5299 3109 5359 tuam.
3140 5302 3248 5352 etc.

2292 5380 2640 5449 Antiphona
2656 5384 2710 5438 2.
2729 5380 3064 5452 Timebunt,
3078 5384 3182 5456 qui
3199 5385 3277 5441 ab
3290 5388 3597 5447 occidente
3611 5398 3761 5452 sunt
3779 5411 3896 5456 no-

2221 5483 2362 5525 men
2381 5469 2617 5526 Domini
2642 5487 2655 5538 ;
2677 5474 2751 5535 et,
2784 5471 2887 5543 qui
2907 5471 2984 5530 ab
3001 5477 3134 5529 ortu
3159 5473 3320 5541 solis,
3343 5475 3601 5545 gloriam
3622 5482 3784 5553 ejus.
3813 5487 3893 5545 P.

2223 5557 2368 5613 Cum
2385 5557 2630 5625 venerit,
2652 5559 2825 5632 quasi
2846 5557 3064 5617 ﬂuvius
3084 5561 3399 5635 violentus,
3423 5580 3608 5638 quem
3633 5571 3891 5645 spiritus
