4076 6464
493 316 564 372 95
1759 317 2212 375 BREVIARIUM
2251 320 2644 384 GOTHICUM.
3815 325 3881 380 96

494 438 1260 512 praamiumzut,quisanctm
1279 441 1474 498 factus
1496 458 1558 498 es
1574 442 1919 500 salvationis
1938 447 2135 498 osten-
2164 441 2211 497 A
2244 443 2618 508 hebdomadas
2640 453 2708 510 de
2730 453 3003 510 Adventu
3037 447 3678 519 Domini.Requirefot.t
3692 449 3744 502 6.

494 528 1020 602 sio,peccatoribus
1040 529 1333 596 efﬁciaris,
1353 535 1408 588 et
1437 532 1534 588 hic
1559 535 1615 588 et
1635 533 1695 588 in
1721 537 2009 589 aeternum
2030 548 2136 605 op-

495 616 688 672 tabilis
710 616 1003 673 liheratio.
1033 618 1394 688 Respondeat
1423 620 1666 678 Chorus.
1711 624 1920 676 Amen.

563 705 674 760 Per
695 704 1166 762 misericordiam
1201 712 1363 764 tuam
1391 710 1544 764 Deus
1571 713 1787 765 noster.

568 793 783 849 Omnia
811 793 931 849 alia
951 793 1226 850 dicantur
1253 796 1320 853 de
1339 805 1557 868 quarta
1580 799 1738 867 feria
1761 799 1969 868 primae
1980 797 2135 855 Heb-

493 880 758 938 domadav
785 897 970 953 usque
995 883 1055 939 in
1082 885 1253 954 ﬁnem
1304 886 1612 943 Matutim‘.
1676 887 1776 944 Ad
1836 889 2130 958 Vesperos.

493 969 744 1040 Require
759 971 873 1040 fol.
907 975 997 1028 l7.

1060 1097 1318 1162 QUINTA
1344 1099 1564 1154 FERIA.

1057 1220 1150 1275 Ad
1184 1222 1567 1278 Matutinum.

563 1341 927 1410 Antiphona.
952 1342 1196 1398 Domine
1212 1343 1355 1415 quid
1371 1343 2135 1416 multiplicati.Oratio.Mul-

491 1427 732 1498 tiplicati
755 1433 891 1483 sunt
914 1429 1177 1493 Domine,
1227 1429 1330 1501 qui
1360 1430 1642 1488 tribulant
1682 1447 1816 1488 nos.
1874 1433 2135 1505 Require

484 1516 600 1584 [οι.
625 1517 674 1569 8.
701 1516 978 1571 Psalmus
998 1531 1077 1572 Ill.
1109 1519 1332 1575 Oratio.
1386 1521 1539 1574 Deus
1571 1519 1673 1576 Dei
1707 1519 1901 1587 Filius,
1961 1522 2134 1592 cujus

488 1603 548 1656 in
569 1607 857 1658 aeternum
884 1609 1216 1674 permanet.
1238 1606 1492 1676 Require
1511 1607 1620 1674 fol.
1651 1608 1704 1662 3.

556 1707 910 1777 Antiphona
956 1712 1003 1763 l.
1039 1709 1440 1778 Cognoscetur
1465 1711 1752 1768 Dominus
1768 1712 2130 1786 abEgypto,
2162 1733 2208 1790 Β

489 1794 634 1851 dum
657 1795 1046 1852 advenerit.P.
1070 1800 1133 1854 Et
1147 1805 1512 1868 cognoscent
1527 1801 1790 1874 Egyptii
1808 1802 2133 1860 Dominum

489 1883 552 1938 in
577 1883 679 1939 illa
703 1882 894 1953 die,et
919 1884 1111 1942 colent
1154 1902 1291 1943 eum
1322 1888 1382 1944 in
1407 1888 1617 1946 hostiis
1665 1889 2124 1947 etmuneribus.

487 1970 549 2030 ἲν.
587 1973 737 2026 Deus
777 1973 1089 2030 manifeste
1137 1977 1371 2033 venient
1425 1981 1578 2034 Deus
1622 1984 1844 2049 noster,
1903 1984 1959 2037 et
2013 1995 2135 2036 non

491 2057 697 2114 silebit.
720 2059 780 2113 P.
810 2062 875 2116 Et
895 2067 1524 2138 cognoscent/Egyptii
1544 2067 1881 2124 Dominum.
1910 2067 1971 2130 tr.
2007 2067 2136 2124 Glo-

485 2146 593 2216 ria,
628 2152 681 2202 et
709 2147 902 2204 honor
923 2149 1101 2216 Patri,
1125 2156 1180 2208 et
1203 2152 1362 2218 Filio,
1395 2159 1452 2210 et
1477 2155 1714 2226 Spiritui
1735 2157 1949 2213 Sancto
1973 2157 2036 2212 P.
2067 2159 2134 2214 Et

487 2241 852 2305 cognoscent
873 2241 1127 2311 Egyptii
1161 2245 1479 2300 Dominum
1511 2245 1571 2301 in
1601 2243 1702 2301 illa
1730 2245 1844 2302 die.

559 2341 778 2400 Oratio.
811 2345 1240 2416 Cognoscimus
1262 2355 1334 2416 te,
1361 2352 1632 2420 Domine,
1655 2357 1974 2408 venturum
2005 2365 2134 2408 esse

486 2429 566 2486 ad
589 2429 933 2491 faciendum
958 2435 1333 2506 judiciumzet
1350 2441 1484 2498 ideo
1501 2445 1961 2515 quassumus,ut,
1985 2441 2133 2497 dum

487 2521 740 2588 veneris,
795 2524 1028 2595 aperias
1057 2542 1124 2582 os
1168 2533 1457 2599 nostrum,
1489 2535 1547 2588 et
1570 2547 1672 2588 cor
1726 2535 2018 2595 nostrum,
2071 2515 2138 2585 ut

483 2605 802 2667 laudemus
830 2627 1052 2670 nomen
1074 2622 1348 2674 sanctum
1376 2624 1543 2676 tuum
1555 2621 1816 2676 colentes
1835 2619 1896 2675 in
1924 2617 2132 2676 hostiis

483 2698 969 2768 acceptabilibus,
1003 2702 1066 2759 in
1089 2721 1210 2777 quo
1235 2707 1663 2765 incarnationis
1687 2715 1804 2766 tum
1841 2707 2132 2781 mysteria

481 2785 842 2842 manifestes.
869 2791 1234 2860 Respondeat
1266 2795 1513 2854 Chorus.
1535 2797 1745 2852 Amen.

546 2888 650 2946 Per
679 2893 1151 2955 misericordiam
1174 2905 1360 2970 tuam,
1388 2905 1543 2959 Deus
1583 2906 1807 2960 noster.

543 2997 890 3068 Antiphona
921 3004 973 3058 2.
1005 3005 1116 3070 Qui
1134 3007 1294 3078 regis
1316 3009 1512 3074 Israel,
1554 3009 1812 3065 intende.
1845 3010 1906 3066 P.
1930 3007 2130 3064 Excita

474 3063 801 3160 potentiam
831 3063 1096 3159 tuam,et
1116 3063 1245 3150 veni
1271 3063 1348 3152 ad
1377 3063 2129 3163 liberandiim'nos—.W.Qui
2166 3082 2204 3137 Ο
2239 3063 2297 3125 ’θ’

477 3176 724 3233 deducis
753 3179 915 3236 velut
940 3197 1116 3238 ovem
1140 3184 1386 3255 Ioseph,
1405 3185 2043 3257 Ephraim,Benjamin,
2071 3190 2128 3242 et

478 3269 762 3324 Manasse.
794 3269 852 3325 P.
882 3269 1082 3326 Excita
1127 3275 1455 3344 potentiam
1507 3279 1691 3331 tuam.
1716 3275 1776 3335 ἰν.
1824 3275 2036 3340 Gloria,
2072 3280 2128 3332 et

476 3355 670 3412 honor
711 3357 884 3423 Patri,
945 3363 1003 3415 et
1054 3360 1214 3417 Filio.
1246 3363 1312 3417 H.
1345 3364 1543 3419 Excita
1573 3364 1904 3436 potentiam
1933 3369 2120 3434 tuam,

479 3449 536 3500 et
562 3447 717 3502 veni.

551 3535 884 3602 0ratio.Qui
903 3537 1060 3606 regis
1084 3538 1261 3594 Israel
1283 3539 1554 3597 intende:
1580 3543 1684 3615 qui
1703 3541 1950 3598 deducis
1964 3540 2126 3597 velut

477 3637 652 3677 ovem
674 3625 1112 3695 Joseph,excita
1132 3629 1455 3698 potentiam
1473 3633 1658 3695 tuam,
1702 3636 1757 3686 et
1775 3629 1968 3686 salvos
1988 3628 2124 3685 faci-

481 3715 559 3775 to,
592 3725 700 3782 pro
723 3711 938 3782 quibus
974 3714 1316 3771 nasciturus
1334 3718 1544 3774 venisti
1570 3719 1854 3775 interram
1883 3738 1894 3777 :
1927 3723 1982 3774 et
2018 3707 2125 3788 qui

476 3803 746 3870 porrecto
766 3800 903 3857 ﬁdei
927 3803 1088 3858 cultu
1131 3805 1564 3863 multitudinem
1603 3809 1870 3878 gentium
1913 3805 2123 3862 lucrati

475 3887 758 3957 dignatus
788 3905 850 3945 es
883 3894 1276 3965 ;compendio
1293 3896 2122 3966 pietatisinﬁdeliumanimas

473 3976 740 4048 perﬁdiae
758 3977 1041 4038 barathro
1081 3988 1296 4050 erutas,
1346 3984 1448 4041 tibi
1507 3985 1831 4060 aliquando
1875 3984 2124 4057 placitas

474 4065 918 4139 crediturasque
943 4071 1240 4128 restituas.
1265 4073 1627 4143 Respondeat
1655 4075 2119 4131 Chorus.Amen.

542 4155 648 4211 Per
677 4158 1154 4216 misericordiam
1190 4168 1375 4229 tuam,
1407 4165 1561 4220 Deus
1600 4170 1819 4220 noster.

544 4274 606 4332 ἢ.
637 4264 782 4320 Cum
803 4267 1026 4322 venerit
1054 4268 1339 4324 Dominus
1378 4270 1743 4327 exercituum
1803 4270 1865 4325 in
1921 4272 2122 4325 monte

2256 536 2546 608 Vesperos,
2579 547 2840 611 utsupra
2865 542 2972 610 [οι.
3012 543 3095 595 10.

2833 662 3038 719 FERIA
3065 661 3305 718 SEXTA.

2805 802 2904 857 Ad
2929 802 3316 858 Matutinum.

2311 945 2680 1016 Antiphona.
2703 949 2862 1003 Lava
2887 961 3002 1013 me,
3033 944 3300 1012 Domine,
3327 942 3406 999 ab
3427 941 3713 1013 injustitia
3751 957 3877 999 mea

2242 1037 2299 1090 et
2327 1049 2364 1089 a
2388 1034 2640 1106 peccatis
2664 1035 2814 1091 meis
2839 1034 3068 1091 munda
3086 1049 3188 1090 cor
3217 1047 3442 1089 meum.
3471 1030 3736 1087 Psatmus
3763 1048 3808 1084 ι..

2315 1140 2540 1196 Oratio.
2579 1143 2725 1197 Deus
2747 1141 2848 1197 Dei
2877 1140 3078 1205 Filius,
3109 1140 3280 1210 cujus
3325 1139 3440 1210 32
3490 1137 3553 1192 in
3598 1140 3877 1193 mternum

2242 1234 2566 1300 permanet.
2593 1231 2846 1300 Require
2876 1230 2940 1286 in
2964 1229 3138 1299 feriis
3165 1230 3378 1298 primae
3408 1225 3783 1284 hebdomadas
3811 1225 3876 1281 de

2243 1317 2512 1373 Adventu
2541 1318 2801 1375 Domini.
2827 1320 2942 1388 fol.
2966 1322 3024 1374 3.

2313 1423 2662 1492 Antiphona
2692 1428 2738 1478 1.
2799 1424 3137 1480 Clamemus
3166 1423 3246 1478 ad
3314 1421 3637 1478 Dominum
3683 1435 3720 1476 a
3747 1418 3881 1475 facie

2243 1509 2603 1566 tribulantis.
2627 1511 2689 1564 P.
2724 1515 2790 1567 Et
2815 1513 3003 1568 mittet
3027 1511 3202 1568 nobis
3213 1509 3580 1565 Salvatorem
3608 1512 3881 1579 etpropu-

2244 1603 2572 1668 gnatorem,
2597 1599 2701 1671 qui
2723 1599 2929 1656 liberet
2953 1598 3171 1659 nostr.
3215 1597 3415 1653 Venite
3460 1595 3801 1664 adoremus,
3831 1602 3880 1650 et

2243 1685 2622 1758 procidamus
2649 1691 2786 1743 ante
2815 1689 3001 1743 Deum
3027 1687 3364 1758 :ploremus
3392 1699 3598 1741 coram
3622 1683 3879 1747 Domino,

2243 1773 2348 1845 qui
2368 1773 2502 1829 fecit
2520 1788 2650 1840 nos,
2682 1773 2827 1846 quia
2856 1774 2982 1847 ipse
3010 1778 3098 1830 est
3127 1774 3418 1830 Dominus
3455 1773 3614 1828 Deus
3655 1775 3877 1827 noster:

2243 1875 2355 1916 nos
2387 1868 2588 1917 autem
2613 1861 2874 1934 populus
2901 1862 3047 1933 ejus,
3079 1866 3133 1917 et
3154 1876 3299 1918 oves
3321 1875 3566 1933 pascuae
3587 1859 3735 1930 ejus.
3751 1861 3804 1914 P.
3827 1860 3883 1913 Et

2243 1949 2431 2004 mittet
2459 1949 2634 2005 nobis
2669 1951 3053 2006 Salvatorem.
3081 1949 3148 2009 γ.
3189 1948 3403 2014 Gloria,
3422 1947 3695 2003 ethonor
3720 1946 3877 2007 Patri.

2244 2041 2298 2092 et
2325 2036 2483 2092 Filio.
2518 2037 2573 2090 P.
2607 2037 2674 2093 Et
2701 2037 2888 2094 mittet
2908 2036 3084 2093 nobis
3114 2037 3497 2093 Salvatorem.

2229 2181 2232 2184 η
2313 2144 2538 2202 Oratio.
2577 2143 2913 2199 Clamemus
2945 2143 3022 2198 ad
3042 2139 3588 2212 te,Domine,afacie
3612 2139 3880 2198 tribulan-

2243 2231 2339 2296 tis,
2366 2236 2428 2286 ut
2454 2231 2652 2287 mittas
2667 2231 2842 2287 nobis
2867 2231 3253 2295 Salvatorem,
3282 2229 3385 2302 qui
3431 2228 3645 2284 liberet
3686 2243 3791 2283 nos
3813 2227 3878 2282 de

2244 2334 2431 2375 manu
2455 2319 2832 2375 inimicorum
2856 2324 3234 2376 nostrorum:
3260 2323 3342 2385 ul,
3369 2317 3475 2390 qui
3503 2315 3876 2390 praesentiam

2244 2406 2415 2465 faciei
2437 2411 2552 2463 tute
2573 2407 3009 2480 praestolamur,
3041 2411 3381 2463 nostrorum
3400 2406 3752 2463 meritorum
3771 2407 3878 2461 tor-

2243 2501 2445 2553 menta
2460 2497 2814 2553 evadamus.
2854 2495 3223 2567 Respondeat
3256 2495 3509 2551 Chorus.
3573 2498 3778 2550 Amen.

2313 2603 2416 2658 Per
2437 2601 2905 2659 misericordiam
2936 2607 3122 2666 tuam,
3151 2603 3305 2656 Deus
3328 2604 3546 2672 noster,
3572 2605 3690 2658 etc.

2311 2710 2658 2782 Antiphona
2669 2754 2682 2768 .
2695 2711 2881 2782 Prope
2898 2713 2986 2766 est
3000 2709 3126 2765 dies
3136 2707 3582 2764 Dominiznolite
3604 2704 3870 2763 tribulari.

2242 2799 2298 2854 P.
2333 2799 2627 2856 Gaudium
2651 2799 2812 2855 enim
2838 2798 2992 2854 illius
3022 2797 3302 2853 fortitudo
3323 2801 3531 2852 nostra
3553 2792 3874 2855 est.i’.Audi

2240 2887 2500 2960 populus
2532 2902 2734 2943 meus:
2768 2892 2824 2942 et
2850 2886 3058 2958 loquar
3075 2885 3214 2942 tibi:
3244 2888 3300 2940 et
3347 2884 3710 2941 testiﬁcabor
3759 2881 3867 2946 tibi,

2242 2975 2436 3043 Israel,
2479 2977 2527 3031 si
2566 2991 2662 3031 me
2694 2975 2970 3032 audieris.
3033 2975 3090 3028 P.
3165 2973 3463 3029 Gaudium
3517 2973 3681 3029 enim
3705 2971 3865 3028 illius.

2331 3064 2542 3135 Gloria,
2601 3069 2658 3120 et
2709 3065 2903 3121 honor
2956 3062 3126 3134 Patri,
3167 3066 3226 3118 et
3275 3060 3414 3118 Filio
3462 3062 3526 3118 Ρ.
3588 3061 3870 3118 Gaudium

2236 3155 2394 3211 enim
2424 3153 2580 3210 illius
2609 3153 2917 3209 fortitudo.

2307 3261 2665 3318 Oratio.Dies
2687 3264 2842 3325 tuus,
2863 3257 3130 3330 Domine,
3153 3273 3290 3314 ecce
3313 3271 3496 3330 prope
3543 3261 3650 3322 est,
3703 3260 3866 3328 atque

2232 3365 2476 3407 necesse
2508 3354 2599 3405 est
2616 3363 2728 3404 nos
2753 3349 3022 3419 purgatis
3050 3347 3425 3403 conscientiis
3445 3359 3787 3419 properare.
3810 3346 3868 3398 Et

2232 3439 2387 3505 ideo,
2419 3439 2562 3510 quia
2586 3437 2658 3493 de
2677 3436 2851 3493 nobis
2871 3436 2982 3492 ista
3006 3435 3226 3492 habere
3255 3451 3376 3491 non
3399 3439 3866 3507 possumus,ate,

2234 3529 2332 3600 qui
2357 3533 2566 3599 potens
2596 3542 2683 3594 es,
2714 3526 2842 3581 haec
2864 3525 3194 3598 ipsa,nobis
3220 3523 3432 3589 tribue,
3456 3523 3864 3596 postulamus:

2232 3624 2563 3689 poscentes,
2597 3615 2763 3670 utita
2797 3615 3082 3686 gaudium
3115 3618 3282 3668 tuum
3314 3613 3388 3669 sit
3415 3612 3703 3669 fortitudo
3739 3627 3868 3666 nos-

2233 3709 2342 3770 tra,
2391 3702 2646 3775 qualiter
2694 3701 2994 3758 tribulatio
3047 3716 3170 3758 non
3223 3701 3440 3758 obruat
3494 3701 3866 3774 sempiterna.

2233 3792 2604 3861 Respondeat
2637 3791 2887 3846 Chorus.
2915 3791 3124 3845 Amen.

2303 3898 2408 3954 Per
2428 3896 2894 3954 misericordiam
2925 3899 3111 3962 tuam,
3134 3894 3289 3951 Deus
3339 3898 3566 3952 noster.

2304 4017 2365 4075 Βξ.
2401 4002 2787 4072 Hierusalem,
2835 4001 3033 4074 aspice
3065 4001 3142 4058 ad
3199 4001 3507 4058 orientem.
3566 4003 3628 4057 P.
3665 4003 3728 4056 Et
3755 3999 3871 4054 vide

2230 4093 2562 4155 lastitiam,a
2579 4093 2700 4147 Deo
2725 4107 2859 4163 quas
2882 4089 2986 4146 tibi
3013 4093 3440 4162 superventura
3457 4090 3639 4150 estJY.
3669 4086 3870 4147 Lauda,

2233 4181 2622 4246 Hierusalem,
2651 4180 2970 4234 Dominum
3005 4194 3018 4243 ;
3044 4177 3227 4234 lauda
3254 4179 3438 4232 Deum
3488 4183 3684 4245 tuum,
3713 4177 3865 4232 Sion.

2232 4271 2292 4328 P.
2325 4273 2388 4325 Et
2408 4267 2838 4323 videltetitiam.
2865 4266 2925 4326 if.
2969 4265 3184 4333 Gloria,
3233 4271 3290 4322 et
3335 4267 3534 4322 honor
3581 4267 3750 4332 Patri,
3815 4267 3863 4317 et

475 4350 722 4424 Sion,fet
743 4352 1127 4411 Hierusalem.
1171 4357 1230 4410 P.
1281 4360 1344 4414 Et
1369 4358 1429 4414 in
1462 4362 1789 4432 conspectu
1810 4359 2121 4414 seniorum
2154 4429 2186 4432 _
2235 4357 2395 4414 Filio.
2429 4358 2490 4411 P.
2520 4358 2585 4412 Et
2622 4354 2756 4410 vide
2786 4355 3075 4412 laetitiam.

473 4455 720 4533 βυονιιω
744 4441 1192 4533 Αειονίθοθιῦίίυνσ
1224 4446 1289 4507 Vo
1321 4448 1530 4504 Αυάίίθ
1569 4429 1696 4503 δέθο
1721 4463 1934 4503 omnes
1981 4461 2123 4516 gen-
2154 4429 2199 4483 θ
2306 4460 3539 4533 Ooratio.Aspicimus,Domine,etpurgato
3558 4460 3697 4516 fidei
3715 4455 3873 4516 oculo

473 4531 561 4584 tes
587 4546 599 4584 :
628 4531 872 4586 auribus
897 4534 1301 4608 percipitefqui
1323 4537 1604 4592 habitatis
1629 4535 1859 4592 orbem.
1896 4536 2023 4591 P.Et
2057 4536 2119 4590 in

472 4623 818 4716 conspectu.
848 4621 1135 4694 ianloria
1158 4628 1212 4680 et
1239 4623 1435 4680 honor
1462 4626 1634 4690 Patri,
1666 4629 1722 4680 et
1755 4623 1914 4680 Filio.
1944 4624 2003 4680 P.
2057 4617 2123 4678 Et

474 4711 535 4762 in
561 4713 883 4780 conspectu
915 4711 1245 4770 seniorum.

545 4813 763 4870 Oratio.
806 4816 959 4872 Deus
988 4818 1088 4873 Dei
1125 4818 1320 4890 Filius,
1351 4819 1454 4892 qui
1496 4820 1556 4875 in
1605 4822 1808 4874 monte
1867 4818 2005 4875 Sion
2063 4821 2120 4874 et

472 4902 533 4958 in
565 4903 926 4960 Hierusalem
951 4906 1012 4962 in
1067 4913 1390 4979 conspectu
1431 4908 1734 4964 seniorum
1791 4910 1842 4962 te
1897 4907 2120 4978 glorifi-

473 4993 591 5048 cari
618 4996 1297 5065 pronuncias;concede
1335 4996 1527 5066 nobis,
1576 4996 1656 5051 ita
1684 4995 1745 5050 in
1793 5010 1979 5065 regno
2013 5001 2116 5051 tuo

471 5081 647 5152 plena
676 5082 814 5140 fidei
843 5084 1182 5154 cognitione
1215 5087 1495 5155 gaudere,
1533 5088 1595 5140 ut
1614 5084 1708 5140 hic
1742 5099 1864 5139 non
1907 5084 2118 5139 ﬂorere

468 5170 651 5227 facias
682 5171 818 5242 ﬁde,
851 5176 908 5228 et
934 5173 995 5227 in
1018 5171 1290 5228 Adventu
1327 5178 1430 5228 tuo
1467 5177 1701 5228 aeternas
1743 5172 2120 5228 coronandos

470 5265 694 5318 statuas
718 5261 938 5331 gloriae.
972 5261 1339 5329 Respondeat
1371 5262 1588 5318 Choru.
1624 5265 1833 5318 Amen.

541 5370 646 5424 Per
665 5366 1138 5423 misericordiam
1159 5372 1332 5433 tuam,
1366 5369 1520 5424 Deus
1551 5373 1772 5426 noster.

541 5473 864 5538 Canticum,
894 5478 949 5527 et
987 5473 1185 5530 omnia
1207 5475 1357 5543 alia,
1374 5489 1504 5546 quae
1523 5482 1848 5548 sequuntur
1861 5491 2041 5548 usque
2054 5476 2118 5532 in

468 5566 647 5636 ﬁnem
658 5561 965 5631 Matutini,
987 5561 1266 5620 dicantur
1277 5569 1341 5622 at
1354 5563 1410 5620 in
1417 5563 1576 5634 feria
1584 5565 1838 5623 secunda
1849 5565 2122 5624 secunda

2227 4554 2355 4624 jam
2387 4551 2870 4622 videmus,quam
2889 4548 3304 4606 inenarrabilis
3326 4548 3870 4620 sitlmtitiailla,quaa

2232 4639 2592 4697 Hierusalem
2619 4638 2836 4695 civitati
2854 4643 2968 4694 tuae
2991 4637 3069 4694 ad
3090 4637 3382 4694 orientem
3403 4635 3788 4711 prospicienti
3807 4633 3869 4688 de

2228 4731 2481 4788 Domino
2500 4731 2559 4785 in
2589 4729 2852 4784 muneris
2872 4727 3205 4785 collationis
3229 4727 3474 4784 refulsit.
3495 4731 3564 4785 Et
3580 4727 3714 4784 ideo
3727 4739 3870 4800 quaa-

2228 4836 2459 4885 sumus,
2479 4818 2667 4891 ut,qui
2696 4833 2830 4874 eam
2855 4817 3281 4874 incarnationis
3302 4821 3418 4872 tuas
3435 4816 3676 4888 gaudiis
3694 4816 3873 4887 pertu-

2225 4908 2480 4974 listi,nos
2510 4909 2570 4963 in
2600 4907 2732 4964 sinu
2745 4908 2871 4979 ejus
2890 4906 3108 4962 illaesos
3131 4921 3447 4963 conserves
3477 4905 3868 4976 acontagione

2226 4998 2404 5054 totius
2431 4996 2926 5069 piaculi:quoin
2985 4994 3086 5051 illa
3136 5010 3389 5068 operum
3445 5010 3562 5052 nos
3629 4993 3870 5064 dignitas

2227 5086 2430 5152 salvet,
2462 5090 2528 5140 ut
2553 5084 2916 5157 praestolatio
2940 5083 3237 5140 Adventus
3258 5084 3340 5140 tui
3363 5083 3488 5140 sine
3521 5083 3644 5140 fine
3675 5078 3872 5155 justifi-

2226 5180 2335 5232 cet.
2365 5174 2734 5244 Respondeat
2757 5173 3003 5229 Chorus.
3038 5173 3252 5230 Amen.

2295 5283 2400 5337 Per
2428 5279 2899 5336 misericordiam
2932 5284 3116 5349 tuam,
3157 5281 3312 5334 Deus
3352 5282 3579 5336 noster.

2301 5387 2640 5451 Canticum,
2665 5390 2719 5441 et
2733 5385 2935 5442 omnia
2955 5385 3076 5442 alia
3091 5384 3273 5458 usqite
3293 5385 3358 5441 in
3377 5386 3560 5454 ﬁnem
3575 5381 3873 5444 Matutini,

2229 5477 2373 5532 utin
2397 5481 2618 5546 quarta
2641 5475 2802 5544 feria
2831 5475 3098 5532 secundae
3130 5473 3746 5544 hebdomadaoaa're
3769 5469 3869 5542 Γοι-

2231 5564 2324 5622 18.
2363 5564 2460 5621 Ad
2499 5564 2886 5634 Vesperosmt
2913 5578 3114 5637 supra,
3150 5563 3271 5634 fol.
3313 5564 3394 5620 17.
