4076 6414
193 300 246 353 97
1377 298 1727 361 DOMINICA
1763 303 1808 360 V
1847 304 2219 368 ADVENTUS
2261 311 2538 370 DOMINI.
3588 328 3661 383 98

222 424 274 477 IN
330 423 635 489 QUINTO
685 426 1192 499 DOMINICOIDE
1234 429 1556 485 ADVENTU
1597 430 1863 487 DOMlNl.
1933 430 1982 481 A
2020 435 2397 492 vocationem
2428 440 2699 493 nostram
2721 435 2795 493 de
2812 438 3013 493 monte
3043 442 3245 496 sancto
3264 457 3375 499 suo
3392 444 3663 515 placatus

853 517 960 573 Ad
1011 518 1298 588 Vesperos.
2019 522 2920 597 exaudiat,ejusquebenedictio
2934 530 3167 596 pectora
3189 532 3553 591 credentium
3580 554 3667 594 re-

257 604 494 659 Lauda.
536 609 587 660 Α
626 606 790 662 solis
826 612 994 663 ortu.
1025 606 1249 664 Oratio.
1279 610 1454 671 Deus,
1486 607 1658 679 cujus
1684 623 1906 665 nomen
2018 608 2197 680 pleat.
2232 612 2321 677 At,
2357 613 2743 670 sicutincerto
2767 618 3125 669 secretorum
3145 618 3450 688 sapientiae
3477 627 3669 683 mani—

206 699 280 748 est
307 691 759 749 benedictum.
802 694 1021 761 Quaere
1043 698 1102 751 in
1122 696 1234 765 fol.
1274 700 1321 750 l.
2018 695 2264 766 testans,
2300 700 2375 755 ad
2409 717 2469 757 se
2496 702 2947 772 agnoscendum
2974 702 3157 758 corda
3186 710 3401 764 excitat
3429 718 3629 771 nostra
3653 734 3666 785 ;

270 781 449 837 Sono.
510 783 880 854 Apparebit
923 783 1100 839 nobis
1147 784 1434 847 Salvator,
1487 785 1660 855 quasi
1716 785 1907 841 nubes
2019 784 2099 840 ita
2130 787 2482 844 catholicam
2505 791 2739 862 plebem
2772 791 3003 847 alarum
3033 807 3277 847 suarum
3308 781 3671 867 proiectione

213 870 384 927 clara.
421 871 485 923 P.
514 870 729 927 Media
756 871 862 927 die
890 888 903 937 ;
939 871 1193 929 alleluia.
1227 872 1268 931 ἲν
1301 875 1365 928 Et
1400 873 1552 928 sicut
1580 877 1758 944 guttae
1788 873 1908 929 dis-
2020 872 2331 944 defendat;
2367 878 2749 951 eisque,cum
2767 879 2956 935 Judex
2979 880 3223 949 venerit,
3243 882 3457 943 existat
3477 888 3671 959 placa-

214 959 465 1014 tillantes
514 960 585 1014 in
621 960 860 1017 faciem
908 965 1079 1017 terra:
1125 960 1389 1017 sitientis.
1429 963 1487 1016 P.
1535 962 1722 1019 Media
1766 963 1857 1019 die
1891 982 1902 1021 :
2019 961 2175 1033 bilis,
2206 982 2309 1036 pro
2334 966 2556 1039 quibus
2590 969 2954 1025 redimendis
2980 969 3038 1024 in
3062 985 3238 1026 carne
3263 978 3540 1046 apparuit
3565 980 3671 1038 hu-

217 1047 476 1103 alleluia.
2018 1051 2197 1107 milis.
2230 1055 2600 1124 Respondeat
2643 1058 2885 1119 Chorus.
2918 1071 3125 1125 Amen.

286 1136 667 1209 Antiphona.
703 1136 916 1193 Silebit
942 1137 1141 1193 omnis
1180 1154 1320 1194 caro
1351 1155 1387 1194 a
1415 1138 1561 1194 facie
1615 1139 1733 1209 Dei,
1766 1140 1908 1211 quia
2093 1142 2202 1197 Per
2231 1143 2717 1204 misericordiam.

215 1226 386 1295 juxta
415 1232 508 1281 est
539 1243 554 1280 :
607 1226 749 1281 dies
774 1226 1011 1282 Domini
1042 1225 1403 1298 praeparabit
1426 1228 1601 1283 nobis
1625 1227 1903 1285 hostiam.
2087 1230 2420 1301 Antiphona
2457 1239 2503 1289 1.
2539 1235 2852 1306 Dominus,
2886 1241 3036 1300 sicut
3058 1244 3247 1313 fortis,
3285 1248 3618 1319 egredietur
3647 1265 3664 1304 :

220 1315 277 1369 P.
310 1317 374 1369 Et
404 1313 829 1371 sanctiﬁcabit
856 1330 1067 1370 omnes
1088 1315 1303 1371 electos
1330 1332 1491 1371 suos.
1510 1314 1572 1375 Ψ.
1602 1319 1755 1372 Deus
1781 1333 1908 1373 ma-
2017 1316 2165 1373 sicut
2186 1319 2274 1373 vir
2294 1321 2606 1390 praeliator,
2627 1313 3456 1400 suscitabitzelum,uteducat
3477 1353 3665 1394 caecos

219 1402 432 1459 nifeste
466 1404 702 1469 veniet,
766 1406 925 1458 Deus
964 1410 1185 1469 noster,
1248 1410 1303 1460 et
1332 1420 1454 1461 non
1494 1404 1706 1460 silebit.
1752 1406 1809 1461 P.
1844 1408 1904 1460 Ε.
2015 1404 2076 1460 in
2106 1405 2219 1475 via,
2252 1424 2434 1480 quam
2464 1411 2753 1469 nesciunt.
2776 1415 2831 1469 P.
2856 1419 2919 1473 Et
2950 1428 3132 1490 ponet
3163 1424 3436 1483 tenebras
3456 1442 3665 1483 eorum

219 1492 664 1549 sanctiticabit.
694 1491 757 1552 Si.
793 1492 1012 1559 Gloria,
1051 1498 1108 1548 et
1134 1493 1331 1549 honor
1357 1494 1526 1549 Patri.
1564 1494 1622 1548 Ρ.
1656 1498 1710 1549 et
1738 1510 1905 1550 sanc«-
2014 1493 2075 1586 in
2106 1493 2253 1550 luce.
2282 1494 2341 1555 ιεγ.
2369 1497 2584 1554 Omnes
2612 1507 2833 1570 gentes,
2869 1505 3130 1577 plaudite
3160 1512 3441 1569 manibus
3470 1533 3482 1569 :
3506 1514 3667 1586 jubi-

219 1580 498 1638 tiiicabit.
1121 1668 1134 1671 _
1231 1668 1241 1671 _
1491 1669 1526 1671 μ
2014 1581 2129 1671 late
2157 1587 2275 1640 Deo
2303 1584 2359 1640 in
2390 1603 2534 1643 voce
2564 1590 2959 1649 exultationis.
2981 1597 3040 1653 P.
3072 1600 3134 1654 Et
3154 1610 3333 1671 ponet
3372 1580 3667 1660 tenebras.

299 1670 543 1726 Lauda.
582 1667 882 1725 Dominus
912 1669 1064 1725 sicut
1111 1668 1296 1733 fortis,
1332 1669 1682 1739 egredietur,
1738 1677 1813 1737 et,
1846 1674 1909 1727 ut
2016 1669 2078 1731 it.
2114 1672 2330 1743 Gloria,
2359 1679 2415 1731 et
2443 1675 2636 1733 honor
2664 1679 2818 1735 Patri
2850 1682 2907 1735 Ρ.
2940 1686 3003 1739 Et
3033 1667 3213 1757 ponet
3256 1690 3531 1747 tenebras
3578 1707 3674 1749 eo-

219 1760 314 1814 vir
343 1758 632 1828 bellator,
693 1757 1007 1814 suscitabit
1064 1758 1253 1814 zelum
1288 1776 1300 1812 :
1361 1758 1799 1826 vociferabitur,
1853 1763 1910 1816 et
1939 1771 1983 1827 Β
2019 1775 2175 1818 rum.

219 1847 530 1905 clamabit
564 1865 577 1902 :
609 1846 873 1903 alleluia.
906 1848 965 1901 P.
996 1849 1062 1903 Et
1092 1863 1273 1920 super
1298 1847 1575 1903 inimicos
1605 1863 1744 1936 suos
1772 1863 1910 1904 con-
2094 1847 2318 1906 Oratio.
2354 1851 2599 1908 Domine
2622 1853 2775 1910 Deus
2797 1856 2982 1929 tortis,
3007 1860 3113 1933 qui
3134 1862 3207 1919 de
3229 1867 3419 1936 patrio
3444 1872 3668 1925 secreto

217 1936 579 2002 fortubitur,
605 1944 663 1992 et
690 1936 938 1992 laudem
967 1934 1096 2007 ejus
1125 1935 1187 1992 in
1227 1935 1438 1992 insulis
1469 1935 1853 1992 muntiabunt
1893 1954 1906 1992 :
2020 1936 2351 2025 egrediens,
2385 1945 2461 2009 et,
2488 1942 2658 1997 utvir
2678 1944 2990 2015 praeliator,
3018 1934 3313 2009 suscitans
3336 1961 3540 2025 gentes
3561 1956 3670 2012 tibi

222 2027 503 2093 alleluia,
534 2026 798 2083 alleluia.
831 2025 895 2086 tr.
923 2026 1187 2083 Laudate
1214 2041 1441 2083 nomen
1476 2026 1713 2083 Domini
1740 2042 1753 2082 :
1784 2027 1910 2084 lau-
2021 2024 2346 2081 credituras
2378 2030 2668 2100 acquiris;
2701 2035 2919 2091 suscita
2942 2036 3000 2092 in
3024 2054 3134 2094 nos
3166 2024 3361 2097 zelum
3389 2042 3670 2117 benepla-

219 2117 397 2187 date,
431 2116 597 2171 servi
630 2114 889 2171 Domini.
942 2116 999 2169 P.
1037 2118 1103 2171 Et
1132 2130 1330 2188 super.
1369 2114 1430 2176 ἵ.
1460 2115 1674 2180 Gloria,
1716 2120 1773 2174 et
1798 2114 1908 2173 ho-
2021 2112 2203 2169 citum
2233 2114 2338 2170 tibi
2377 2133 2390 2171 :
2426 2121 2507 2184 ut,
2547 2119 2649 2191 qui
2683 2126 2738 2177 te
2769 2123 2995 2181 venisse
3038 2126 3165 2197 jam
3210 2112 3669 2199 credimus,au-

217 2221 344 2262 ηοιι
382 2206 445 2260 Ρ,
482 2207 555 2259 Et
586 2219 772 2275 super
800 2202 1098 2261 inimicos,
2020 2202 2256 2258 dentius
2285 2209 2336 2259 te
2359 2204 2573 2263 iterum
2602 2215 2919 2268 venturum
2956 2213 3198 2273 innocui
3224 2221 3656 2291 prmstolemur.

311 2294 624 2364 Hymnus.
659 2291 873 2348 Christi
925 2296 1166 2349 caterva
1214 2290 1495 2363 clamitet,
1526 2292 1906 2364 Supplicatio.
2093 2294 2461 2361 Respondeat
2492 2297 2749 2356 Chorus.
2783 2303 2990 2360 Amen.

223 2386 495 2441 Oremus
515 2381 983 2453 Redemptorem
1011 2382 1244 2452 mundi,
1266 2381 1587 2440 Dominum
1616 2385 1906 2441 nostrum.
2093 2384 2197 2438 Per
2224 2383 2695 2444 misericordiam
2719 2395 2904 2463 tuam,
2939 2396 3091 2450 Deus
3130 2401 3353 2455 noster.

228 2473 506 2545 Require
535 2472 645 2543 fol.
680 2475 733 2526 2.
2091 2472 2445 2542 Antiphona
2466 2479 2517 2530 2.
2540 2476 2718 2534 Juxta
2747 2484 2833 2535 est
2838 2480 3063 2552 justitia
3080 2501 3217 2542 mea
3240 2502 3391 2544 :non
3412 2489 3671 2546 morabi-

313 2562 629 2633 C'apitula.
680 2560 906 2617 Christe
954 2561 1057 2617 Dei
1116 2561 1312 2626 Filius,
1364 2560 1469 2633 qui
1520 2577 1557 2618 a
1585 2563 1752 2617 Patre
1783 2559 1911 2617 sine
2025 2564 2118 2615 tur
2137 2559 2282 2618 dicit
2306 2564 2617 2622 Dominus.
2652 2568 2708 2623 P.
2739 2569 2905 2627 Dabo
2922 2586 3057 2629 eam
3081 2574 3335 2632 salutem
3350 2576 3411 2633 in
3431 2578 3589 2646 Sion,
3616 2582 3672 2635 et

227 2658 516 2722 tempore
529 2653 735 2719 natus,
753 2649 1250 2721 perVirginemin
1269 2654 1533 2721 tempore
1551 2649 1907 2715 nasciturus,
2022 2663 2246 2720 ponam
2278 2653 2563 2721 gaudium
2590 2656 2874 2714 omnibus
2914 2659 3254 2731 lugentibus
3284 2666 3344 2720 in
3373 2667 3572 2722 Israel.
3606 2666 3668 2727 ἲν.

228 2757 271 2796 a
303 2740 502 2797 Patris
521 2739 681 2805 sinu,
708 2739 860 2795 sicut
884 2738 1075 2805 fortis,
1104 2738 1439 2809 egrederis;
1465 2738 1631 2795 efﬁce
1656 2753 1767 2795 nos
1798 2737 1907 2827 fors
2018 2739 2235 2827 Audite
2258 2739 2405 2808 haec,
2432 2757 2642 2799 omnes
2673 2750 2877 2813 gentes
2911 2765 2924 2803 :
2956 2750 3205 2807 auribus
3232 2754 3536 2826 percipite,
3570 2756 3673 2827 qui

227 2832 418 2886 tiores
450 2828 911 2899 semperessein
934 2827 1213 2900 operibus
1229 2828 1473 2895 tuiszut,
1496 2826 1908 2899 quisuscitasti
2016 2825 2299 2884 habitatis
2329 2829 2559 2886 orbem.
2578 2831 2637 2890 ἲν.
2666 2833 2829 2889 Dabo
2860 2851 3016 2893 eum.
3042 2838 3104 2897 ἲν.
3137 2840 3350 2905 Gloria,
3393 2825 3447 2898 et
3478 2825 3672 2901 hon—or

221 2919 434 2974 zelum
452 2917 686 2973 virtutis
711 2925 826 2972 tute
846 2916 909 2971 in
926 2916 1168 2988 populis
1190 2916 1420 2974 tibimet
1442 2916 1909 2980 credituris,sus-
2017 2916 2191 2972 Patri.
2222 2915 2284 2976 ἡ.
2318 2917 2383 2973 Et
2408 2933 2631 2989 ponam
2664 2922 2972 2990 gaudium.

223 3008 377 3064 cites
406 3007 470 3062 in
504 3004 686 3061 nobis
736 3020 1056 3078 nunquam
1102 3005 1440 3062 ﬁniendum
1480 3022 1749 3062 amorem
1792 3010 1907 3061 tuae
2090 3005 2315 3062 Oratio.
2346 3006 2571 3063 Christe
2594 3008 2766 3075 Deus,
2788 3012 3669 3085 sapientiasummiPatris,Ver-

225 3094 607 3166 dilectionis,
641 3110 766 3167 quo
795 3094 1206 3167 perducamur
1234 3095 1313 3153 ad
1338 3094 1636 3168 promissa
1664 3100 1780 3151 tuae
1806 3094 1905 3152 hes
1940 3113 1981 3171 ο
2013 3092 2181 3162 bum,
2210 3095 2313 3166 qui
2334 3094 2596 3153 aediﬁcas
2612 3096 3189 3160 tibimundissimam
3207 3105 3457 3164 domum
3472 3110 3665 3166 Mariae

218 3186 527 3243 redimus,
2015 3180 2267 3253 Virginis
2299 3188 2555 3254 uterum,
2581 3184 2639 3241 in
2668 3188 2935 3261 quaipse
2963 3190 3214 3248 caelestis
3234 3195 3470 3266 justitia
3490 3213 3664 3269 pros-

298 3276 483 3332 Pater
506 3280 730 3330 noster.
766 3272 1025 3330 Liberati
1054 3290 1092 3330 a
1118 3272 1303 3330 malo.
1336 3275 1601 3347 Require
1632 3276 1746 3345 fol.
1779 3278 1835 3330 2.
2015 3270 2184 3344 picis,
2206 3277 2262 3328 et
2291 3272 2366 3327 de
2386 3289 2510 3345 qua
2539 3274 2794 3333 fructum
2815 3276 3199 3349 benignitatis
3222 3286 3337 3339 tuae
3358 3286 3658 3357 producis,

298 3364 768 3421 Benedictio.Ex
784 3362 927 3419 Sion
941 3362 1230 3419 Dominus
1242 3363 1489 3419 veniens
1503 3379 1612 3419 nos
1626 3364 1703 3421 ab
1715 3363 1907 3420 omni-
2016 3360 2162 3416 dum
2197 3361 2257 3417 in
2287 3377 2359 3417 ea
2388 3360 2618 3433 absque
2649 3369 2807 3419 veste
2835 3381 3121 3439 corporea
3144 3372 3294 3427 Deus
3320 3372 3658 3445 ingrederis,

224 3453 349 3509 bus
378 3450 797 3524 impietatibus
807 3451 1029 3507 nostris
1044 3450 1271 3523 eripiat.
1287 3452 1673 3523 Respondeat.
1693 3453 1904 3508 Amen.
2015 3454 2072 3505 et
2090 3449 2164 3505 de
2179 3466 2304 3521 qua
2323 3450 2568 3507 vestitus
2594 3468 2770 3509 carne
2792 3456 3059 3526 procedis
3080 3465 3324 3531 ;prassta
3336 3462 3508 3517 nobis
3524 3479 3662 3535 sup-

224 3546 480 3599 Avertat
506 3557 547 3596 a
567 3536 749 3595 nobis
766 3538 1111 3611 iniquitates
1135 3544 1398 3606 nostras,
1444 3541 1550 3613 qui
1575 3542 1738 3598 venit
1765 3557 1908 3614 pro-
2014 3537 2272 3609 plicibus
2303 3537 2440 3604 tuis,
2464 3543 2530 3594 ut
2553 3541 2953 3600 sanctiﬁcatos
2974 3561 3087 3601 nos
3109 3547 3222 3603 sibi
3250 3548 3310 3604 in
3335 3548 3517 3607 domo
3535 3551 3661 3607 eili-

230 3646 459 3702 rogare
491 3627 939 3684 misericordias
964 3644 1125 3684 suas.
1159 3629 1540 3699 Respondeat.
1576 3638 1782 3687 Amen.
1805 3633 1908 3687 Ta-
2018 3627 2161 3696 cias,
2183 3628 2256 3683 de
2281 3642 2425 3699 qua,
2448 3632 2513 3684 ut
2536 3645 2791 3700 sponsus
2813 3634 3425 3709 procedens,operum
3436 3644 3663 3698 nostro-

229 3720 323 3775 les
356 3718 549 3775 etiam
573 3732 686 3773 nos
715 3715 1102 3773 redimendos
1128 3721 1371 3783 statuat,
1402 3718 1611 3791 quales
1635 3718 1908 3790 judican—
2015 3732 2149 3772 rum
2182 3714 2470 3785 dignitate
2504 3717 2913 3777 circumfultus
2959 3728 3662 3800 appareas.Respondeat

224 3807 313 3864 do
346 3822 475 3863 uon
505 3804 742 3879 puniat.
776 3804 1165 3875 Respondeat.
1192 3811 1416 3877 _Amen.
2016 3805 2258 3863 Chorus.
2286 3806 2496 3862 Amen.

306 3896 425 3952 Per
452 3893 933 3952 misericordiam
963 3894 1151 3967 ipsius
1176 3895 1281 3951 Dei
1308 3896 1513 3951 nostri.
2086 3895 2191 3950 Per
2230 3893 2701 3952 misericordiam
2734 3901 2919 3967 tuam,
2948 3903 3120 3958 Deus.

306 3985 555 4042 Lauda.
594 3986 886 4040 Memento
914 3984 1123 4055 nostri,
1153 3983 1422 4047 Domine,
1454 3983 1518 4038 in
1534 3983 1908 4057 beneplacito
2087 3983 2630 4053 Antiphona3.Ego
2656 3987 2939 4043 Dominus
2955 3989 3180 4059 primus
3193 3995 3622 4053 etnovissimus
3647 4013 3661 4053 :

239 4074 355 4146 33
388 4071 606 4146 populi
628 4072 715 4128 tui
757 4091 769 4128 :
815 4072 1074 4129 alleluia.
1129 4073 1187 4126 P.
1228 4072 1408 4128 Visita
1456 4087 1584 4137 nos,
1622 4075 1797 4138 Deus,
1846 4074 1909 4130 in
2016 4070 2309 4127 videbunt
2338 4071 2569 4141 insulas,
2593 4077 2650 4128 et
2683 4074 2961 4131 timebunt
2988 4079 3661 4141 me.P.Extrematerras

236 4164 430 4220 salute
460 4168 569 4220 tua
597 4179 611 4217 :
644 4160 908 4227 alleluia,
962 4160 1222 4227 alleluia,
1265 4161 1522 4218 alleluia.
1550 4160 1594 4221 ἲν
1626 4163 1696 4217 Ut
1728 4161 1910 4219 conﬁ-
2016 4164 2378 4232 cognoscent
2408 4176 2425 4215 ε
2460 4161 2782 4227 elvenient,
2815 4166 3573 4239 appropinquabuntmihi.
3600 4173 3660 4235 V.

235 4258 475 4309 teamur
493 4251 728 4307 nomini
744 4258 951 4307 sancto
971 4250 1762 4322 tuo,etgloriemurinlaude
1782 4255 1903 4309 tua.
2017 4251 2138 4320 Ego
2169 4253 2369 4304 autem
2422 4249 2773 4305 constitutus
2809 4268 2943 4308 sum
2972 4270 3076 4310 rex
3107 4256 3184 4312 ab
3213 4273 3283 4314 eo
3315 4275 3495 4332 super
3527 4261 3665 4318 Sion

234 4342 291 4399 P.
354 4340 541 4396 Visita
568 4355 703 4406 nos,
740 4342 915 4395 Deus.
964 4339 1026 4400 il.
1058 4340 1256 4398 Gloria
1312 4344 1369 4396 et
1409 4340 1603 4397 honor
1640 4338 1819 4399 Patri.
1846 4342 1904 4397 P.
2016 4342 2284 4394 montem
2315 4342 2585 4394 sanctum
2607 4340 2735 4410 ejus
2758 4342 3090 4413 praedicans
3115 4354 3483 4422 praeceptum
3512 4351 3663 4422 ejus.

237 4430 423 4487 Visita
453 4444 591 4497 nos,
626 4432 803 4484 Deus.
1134 4517 1138 4518 ν
1314 4517 1320 4518 7
1368 4517 1376 4518 ί
1940 4462 1985 4518 D
2107 4429 2579 4518 Extremagterriaa
2609 4437 2992 4500 cognoscent.
3020 4433 3081 4493 V.
3125 4436 3342 4507 Gloria,
3374 4443 3431 4494 et
3473 4440 3667 4498 honor

308 4517 807 4576 0ratio.Domine
834 4520 991 4573 Deus
1011 4517 1201 4585 fortis,
1224 4517 1327 4590 qui
1343 4517 1643 4591 depatrio,
1658 4524 1723 4575 ut
1736 4520 1906 4590 infra
1942 4515 1971 4518 ”
2016 4515 2188 4583 Patri,
2229 4520 2285 4571 et
2316 4516 2480 4573 Filio.
2519 4517 2577 4572 P.
2621 4520 2892 4577 Extrema
2915 4526 3082 4579 terrm
3103 4531 3483 4597 cognoscent.

805 4605 906 4661 Ad
943 4606 1334 4662 Matutinum.
2092 4605 2317 4661 Oratio.
2346 4608 2498 4661 Deus
2529 4606 2628 4662 Dei
2645 4607 2949 4681 Filius,qui
2978 4614 3208 4684 primus
3228 4619 3284 4669 et
3306 4616 3667 4673 novissimus

306 4696 858 4767 Hymnus.£terne
881 4709 1086 4750 rerum
1112 4694 1411 4752 Conditor.
1434 4696 1692 4767 Require
1718 4696 1827 4766 fol.
1854 4699 1907 4752 3.
2020 4695 2224 4751 omnia
2250 4699 2356 4751 ate
2380 4696 2746 4753 creatainfra
2760 4702 2813 4753 te
2829 4700 3154 4768 concludis,
3181 4719 3289 4760 nec
3312 4710 3512 4761 tamen
3534 4706 3665 4779 ipse

244 4785 467 4841 Oratio.
506 4786 641 4840 Post
670 4782 968 4854 gallorum
1018 4798 1331 4840 canorum.
1385 4783 1642 4856 Require
1673 4785 1787 4855 fol.
1817 4788 1908 4841 21.
2021 4782 2430 4849 concluderis;
2461 4800 2643 4857 quem
2674 4790 2935 4843 extrema
2974 4794 3139 4846 terrae
3165 4807 3270 4862 per
3306 4792 3665 4851 incarnatio-

310 4875 520 4944 Super
556 4874 855 4929 Psalmos.
874 4873 1250 4942 Antiphona.
1275 4872 1509 4929 Domini
1534 4877 1623 4930 est
1642 4872 1804 4930 salus
1823 4890 1837 4928 :
1856 4878 1913 4931 et
2020 4872 2115 4927 nis
2156 4876 2271 4927 tuae
2302 4871 2659 4943 mysterium
2689 4881 3077 4947 agnoverunt,
3109 4878 3256 4935 dum
3287 4886 3392 4937 ate
3411 4882 3553 4939 ﬁdei
3566 4899 3668 4941 vo-

247 4979 431 5037 super
454 4961 759 5036 populum
782 4965 954 5017 tuum
984 4960 1319 5018 benedictio
1357 4965 1479 5019 tua.
1524 4963 1805 5019 Psalmus
1827 4978 1908 5019 ιιι.
2020 4961 2250 5017 catione
2279 4965 2636 5033 pertractata
2661 4966 2831 5032 sunt;
2856 4963 2936 5021 da
2950 4965 3145 5035 nobis,
3167 4971 3544 5040 utagnitione
3564 4973 3668 5029 hu-

312 5052 688 5123 Antiphona.
724 5053 955 5106 incerta
983 5049 1291 5107 etocculta
1320 5050 1628 5123 sapientiae
1648 5056 1765 5108 tua:
1785 5068 1912 5110 ma-
2014 5051 2113 5121 jus
2142 5048 2280 5104 ﬁdei
2313 5049 2625 5106 sanctaeita
2651 5049 2711 5105 in
2743 5054 2797 5107 te
2820 5052 3403 5115 radicemuretcultu
3429 5060 3667 5131 justitiae

245 5141 542 5199 nifestasti
569 5140 743 5198 mihi.
772 5139 1053 5195 Psalmus
1078 5156 1129 5195 1..
2020 5140 2078 5193 et
2105 5151 2357 5209 operum
2382 5137 2687 5209 dignitate,
2720 5146 2785 5196 ut
2807 5157 2879 5197 ex
2894 5142 3305 5203 hoeaaternam
3331 5164 3670 5206 mereamur

311 5231 685 5302 Antiphona.
719 5232 785 5283 In
817 5226 1039 5283 umbra
1063 5227 1295 5285 alarum
1336 5231 1578 5285 tuarum
1626 5228 1906 5301 sperabo,
2019 5226 2330 5297 pervenire
2360 5225 2437 5282 ad
2458 5228 2744 5299 requiem.
2774 5232 3142 5300 Respondeat
3175 5234 3422 5291 Chorus.
3456 5237 3665 5293 Amen.

245 5319 429 5377 donec
459 5323 733 5380 transeat
761 5315 1068 5386 iniquitas.
2095 5315 2205 5370 Per
2234 5315 2703 5373 misericordiam
2747 5322 2928 5385 tuam,
2963 5323 3136 5377 Deus.

310 5411 531 5470 Oratio.
579 5407 861 5466 Verbum
895 5409 1029 5460 ante
1073 5405 1292 5462 saecula
1327 5405 1697 5463 ineﬁ‘abiliter
1724 5406 1909 5464 Patris
2094 5416 2164 5474 BI.
2201 5403 2539 5461 Bethlehem
2586 5405 2793 5462 civitas
2823 5407 2926 5463 Dei
2973 5411 3215 5479 summi,
3244 5416 3298 5467 et
3330 5416 3382 5467 te
3438 5411 3668 5483 prodiet

242 5514 333 5557 ore
356 5503 691 5575 prolatum,
713 5500 777 5553 et
792 5494 861 5550 in
876 5491 995 5549 ﬁne
1010 5498 1343 5565 temporum
1358 5494 1669 5553 hominem
1685 5510 1796 5568 pro
1807 5511 1912 5553 no-
2020 5492 2367 5549 dominator
2386 5493 2587 5551 Israel.
2606 5495 2671 5550 P.
2710 5498 2773 5552 Et
2790 5512 3063 5567 egressus
3080 5499 3254 5563 illius,
3275 5500 3423 5555 sicut
3446 5515 3481 5554 a
3499 5497 3667 5568 prin-

233 5590 314 5651 bis
338 5609 407 5651 ex
435 5590 695 5663 Virgine
723 5580 1173 5644 ortumhumili
1192 5597 1367 5655 prece
1390 5587 1803 5659 poscamusmt
1819 5582 1909 5662 in.
1964 5626 1971 5653 _.
2020 5581 2176 5655 cipio
2206 5582 2435 5640 dierum
2460 5584 2822 5653 aeternitatis,
2845 5591 2903 5643 et
2924 5602 3045 5659 pax
3059 5587 3165 5643 erit
3186 5587 3245 5643 in
3269 5591 3419 5643 terra
3438 5588 3662 5651 nostra,
