4076 6410
488 340 558 393 99
1750 307 2204 379 BREVIABIUM
2245 317 2636 381 GOTHICUM.

3795 313 3916 372 100

485 462 631 518 dum
659 457 908 514 venerit.
928 455 1096 516 tnTu
1115 451 1452 509 Bethlehem
1480 450 1801 522 Euphrata,
1827 444 2127 518 numquid
2161 447 2208 502 A
2238 443 2320 500 ibi
2337 442 3060 514 liberaberis,ibiredimet
3089 447 3143 500 te
3180 443 3464 500 Dominus
3487 443 3556 498 de
3580 455 3779 497 manu
3798 440 3928 497 ini-

482 547 734 622 parvula
764 546 920 601 facta
942 543 1078 598 esin
1101 541 1362 597 millibus
1388 543 1412 596 J
1421 539 1583 596 uda?
1604 555 1674 594 ex
1702 543 1753 594 te
1780 537 1937 592 enirn
1965 549 2128 622 egre:

479 613 672 694 dietur
695 651 812 698 rex,
844 632 949 706 qui
985 635 1152 702 regat
1181 630 1472 704 populum
1499 643 1702 684 meum
1732 625 1926 682 lsrael.
1968 624 2026 677 P.
2063 613 2128 678 Et

479 740 755 794 egressus
785 721 961 777 illius.
996 720 1055 780 ἲν.
1091 719 1283 775 Gloria
1312 721 1368 773 et
1418 718 1608 772 honor
1639 713 1810 780 Patri,
1853 717 1910 769 et
1949 711 2114 767 Filio.

480 814 814 869 Reiteretur
840 821 899 877 at.
935 806 1276 861 Bethlehem
1307 805 1513 860 civitas
1543 802 1667 858 Dei.

555 900 777 956 Oratio.
814 896 1033 952 Christe
1061 897 1216 950 Deus
1232 893 1407 948 Filius
1437 891 1617 947 Patris
1645 890 1745 945 Dei
1770 887 2010 955 summi,
2037 885 2124 941 in-

482 985 844 1044 carnationis
870 988 984 1040 tuae
1018 981 1227 1037 urbem
1252 996 1584 1046 consecras,
1604 978 1746 1033 dum
1771 982 1824 1034 te
1846 991 1917 1031 ex
1942 991 2013 1031 ea
2027 989 2121 1029 ve-

480 1093 615 1132 rum
645 1074 1082 1130 dominatorem
1105 1061 2123 1132 Israelnascituruminsinuas,etin—

481 1164 752 1220 auditum
780 1177 815 1217 a
840 1159 1068 1215 saeculis
1098 1159 1159 1213 in
1190 1175 1260 1214 ea
1291 1153 1716 1212 incarnationis
1736 1155 1850 1207 tuae
1876 1150 2123 1204 miracu-

481 1253 606 1308 lum
634 1249 1010 1306 manifestas:
1031 1249 1177 1300 Dum
1202 1245 1355 1299 intra
1373 1241 1640 1312 ejusdem
1658 1239 1818 1294 urbis
1834 1236 2124 1293 Bethlehe—

483 1339 698 1395 mitiore
729 1342 892 1408 septa
905 1334 1244 1405 genitricem
1267 1330 1511 1385 Mariam
1530 1330 1871 1384 etmaterno
1895 1326 2124 1381 honore

480 1425 798 1497 gloriﬁcas,
857 1424 1028 1493 cujus
1063 1425 1298 1476 uterum
1333 1433 1443 1472 nec
1497 1415 1837 1486 ingrediens
1870 1429 2121 1479 reseras,

476 1529 585 1568 nec
637 1509 944 1582 egrediens
981 1507 1186 1574 volas;
1238 1520 1610 1577 quaesumus,
1673 1503 1790 1574 34
1842 1506 1906 1557 ut
1949 1516 2125 1573 pene-

474 1600 643 1658 tralia
674 1602 894 1655 nostrze
907 1596 1125 1653 animae
1138 1595 1220 1650 sic
1233 1599 1335 1649 tuo
1360 1592 1678 1666 perlustres
1693 1590 2123 1661 candore,qua-

472 1691 647 1744 tenus
675 1685 959 1755 suffragio
975 1683 1183 1739 matris
1195 1687 1307 1738 tua:
1319 1697 1355 1737 a
1385 1680 1722 1752 serpentina
1737 1678 2123 1750 persuasione

2235 533 2530 590 micorum
2553 539 2811 590 tuorum.
2848 534 3202 603 Respondeat
3253 532 3504 588 Chorus.
3536 536 3753 585 Amen.

2309 623 2606 690 Hymnus.
2623 626 2983 679 Cunctorum
2995 637 3098 676 rex
3111 619 3919 691 omnipotens.Supplicatio

2237 711 2483 764 Oremus
2501 712 2958 782 Redemptorem
2971 708 3200 764 mundi.
3217 708 3462 780 Require
3478 710 3538 763 in
3550 707 3760 777 primo
3792 708 3927 764 Do-

2230 797 2450 853 minico
2469 798 2532 852 de
2561 799 2833 854 Adventu
2861 799 3116 853 Domini.
3148 799 3262 867 fol.
3291 800 3345 850 2.

2303 886 2607 954 Capitula.
2639 888 2880 942 Domine
2899 887 3294 954 JesuChriste,
3319 899 3496 956 quem
3517 884 3760 940 venisse
3779 900 3922 941 ore-

2229 972 2500 1029 dimusin
2513 975 2708 1030 carnis
2721 974 3041 1044 abjectione
3055 973 3338 1028 humilem
3353 973 3634 1027 mundum
3649 988 3916 1044 pereun-

2230 1064 2346 1115 tem
2367 1063 2619 1118 rdimere
2645 1078 2972 1134 ;quemque
2990 1063 3200 1116 iterum
3241 1060 3661 1134 praestolamur
3704 1060 3770 1115 in
3795 1075 3915 1132 po-

2228 1149 2411 1204 tentia
2424 1151 2660 1207 Deitatis
2674 1155 3010 1216 venturum,
3032 1149 3316 1205 saeculum
3339 1149 3698 1220 delinquens
3730 1150 3916 1204 terri-

2228 1234 2445 1307 biliterj
2458 1238 3080 1304 udicare;immensam
3092 1239 3372 1309 pietatem
3384 1241 3552 1292 tuam
3569 1240 3912 1292 trementes

2231 1323 2454 1380 famulti
2469 1325 2552 1380 tui
2571 1341 2934 1397 quaesumus,
2969 1331 3049 1390 ut,
3091 1325 3232 1381 dum
3251 1326 3498 1389 veneris,
3527 1324 3741 1380 nonde
3766 1340 3912 1395 pec-

2232 1417 2363 1468 cato
2376 1428 2486 1468 nos
2502 1429 2739 1485 arguas,
2770 1417 2868 1469 sed
2887 1413 3169 1470 ineﬂabili
3184 1412 3544 1484 benignitate
3559 1427 3864 1468 succuras
3894 1449 3909 1485 ε

2231 1507 2285 1560 et
2315 1502 2409 1557 hic
2434 1503 2634 1574 potius
2650 1503 3004 1559 humilitatis
3027 1508 3246 1558 nostris
3269 1502 3721 1558 confessionem
3743 1502 3914 1556 acci-

2230 1593 2378 1664 pias,
2407 1596 2468 1646 ut
2495 1591 2612 1646 illic
2645 1596 2700 1647 et
2721 1592 2986 1648 facinora
3010 1598 3215 1647 nostra
3243 1592 3524 1646 universa
3546 1590 3914 1660 indulgeas,

2229 1686 2285 1736 et
2315 1680 2375 1736 in
2398 1681 2653 1736 dexteras
2685 1686 2800 1736 tua;
2839 1685 3068 1753 partem
3097 1680 3476 1736 coronandos
3517 1684 3778 1735 statuas.

475 1776 712 1843 servati,
734 1774 1126 1844 virginitatem
1155 1771 1369 1826 mentis
1389 1769 1760 1825 obtineamus
1781 1766 1964 1822 illaesi.
1989 1767 2124 1824 Res-
2156 1784 2200 1838 Β
2298 1773 2466 1825 Pater
2493 1774 2716 1825 noster.
2753 1769 3002 1826 Liberati
3035 1786 3071 1825 a
3101 1769 3278 1834 malo,
3315 1768 3565 1840 Require
3579 1769 3690 1838 fol.
3727 1773 3783 1822 2.

472 1865 730 1934 pendeat
765 1863 1007 1918 Chorus.
1038 1863 1246 1915 Amen.

548 1954 653 2007 Per
686 1948 1149 2007 misericordiam
1189 1951 1375 2015 tuam,
1404 1948 1580 2001 Deus.

1080 2055 1150 2109 In
1194 2052 1517 2109 Laudibus.

545 2165 644 2221 Ad
672 2163 1003 2221 Canticum.
1028 2159 1396 2229 Antiphone.
1424 2160 1574 2215 Deus
1599 2173 1636 2213 a
1658 2155 1881 2212 Libano
1901 2155 2117 2212 veniet.

475 2254 808 2309 Canticum.
831 2250 1078 2306 Domine
1099 2249 1296 2305 audivi
1312 2246 1601 2303 auditum.
1621 2246 1870 2317 Require
1891 2245 1998 2314 fol.
2027 2247 2113 2298 22.

543 2342 642 2397 Ad
673 2340 1040 2397 Benedictus.
1072 2337 1439 2406 Antiphone.
1470 2334 1825 2390 Benedictus
1849 2349 1930 2397 es,
1962 2333 2118 2387 Deus

473 2433 548 2487 P.
573 2428 902 2486 Denedicite
932 2426 1268 2483 Dominum.
1297 2425 1604 2481 Canticum
1622 2423 1909 2479 Danielis.
1928 2423 2118 2476 in.Be-

473 2519 746 2576 nedictus
771 2533 854 2583 es,
897 2516 1142 2571 Domine
1175 2517 1326 2569 Deus
1349 2518 1586 2585 patrum
1615 2516 1981 2568 nostrorum.
2012 2511 2119 2565 Re-

469 2610 642 2680 quire
665 2608 778 2676 fol.
811 2610 861 2660 6.
894 2607 1072 2661 Sono.
1103 2601 1429 2675 Apparebit
1464 2600 1639 2657 nobis
1671 2599 1957 2656 Salvator.
2005 2599 2116 2655 Re-

470 2697 644 2769 quire
666 2695 780 2764 fol.
813 2697 898 2750 32.
923 2691 1147 2748 Lauda.
1176 2691 1436 2747 Laudate
1466 2688 1782 2745 Dominum
1809 2688 1883 2745 de
1909 2686 2074 2742 caelis
2099 2702 2112 2740 :

468 2783 721 2842 alleluia.
756 2783 1008 2853 Require
1023 2781 1138 2851 fol.
1160 2783 1248 2836 23.
1281 2779 1560 2834 Psalmus
1591 2793 1811 2834 cnvm.

622 2899 820 2956 Lectio
858 2897 1000 2953 libri
1026 2896 1270 2953 Michez
1299 2894 1622 2963 Prophetas
1653 2893 1819 2963 (Cap.
1850 2893 1956 2963 ιν).

539 3024 602 3082 ﬁ.
634 3013 752 3068 Deo
780 3011 1019 3080 gratias.

2297 1858 2528 1914 Lauda.
2561 1861 2850 1914 Memento
2879 1857 3086 1924 nostri,
3123 1857 3388 1919 Domine,
3417 1857 3478 1912 in
3502 1855 3911 1928 beneplacito

2226 1946 2433 2019 populi
2461 1947 2584 2002 tui:
2619 1945 2876 2004 alleluia.
2904 1947 2960 2000 P.
3008 1945 3190 2002 Visita
3218 1961 3349 2010 nos,
3384 1948 3558 2009 Deus,
3584 1947 3646 1999 in
3693 1944 3910 2002 salute

2226 2036 2329 2090 tua
2361 2053 2373 2090 :
2400 2034 2657 2101 alleluia,
2687 2034 2946 2103 alleluia,
2989 2033 3242 2090 alleluia.
3285 2034 3346 2093 ἲν.
3379 2035 3446 2088 Ut
3486 2032 3911 2089 conﬁteamur

2225 2124 2455 2179 nomini
2485 2129 2691 2179 sancto
2711 2129 2833 2188 tuo,
2862 2127 2919 2178 et
2942 2122 3337 2192 gloriemurin
3356 2121 3533 2176 laude
3570 2124 3696 2176 tua.
3727 2121 3908 2177 P.Vi-

2227 2212 2339 2267 sita
2370 2227 2503 2282 nos,
2539 2215 2714 2266 Deus.
2745 2211 2805 2270 Ψ.
2841 2211 3054 2277 Gloria,
3089 2215 3145 2266 et
3196 2210 3390 2266 honor
3420 2209 3591 2277 Patri,
3621 2213 3679 2265 et
3720 2209 3907 2277 Filio,

2225 2301 2282 2354 et
2309 2299 2545 2371 Spiritui
2573 2302 2803 2355 Sancto.
2833 2299 2895 2356 P.
2927 2299 3104 2354 Visita
3129 2313 3257 2364 nos,
3293 2301 3467 2363 Deus,
3492 2297 3553 2352 in
3584 2296 3810 2353 salute.

2297 2387 2654 2443 Benedictio.
2689 2387 2769 2441 Ex
2788 2388 2932 2443 Sion
2954 2386 3240 2442 Dominus
3255 2386 3498 2440 veniens
3525 2399 3640 2440 nos
3662 2385 3748 2440 ab
3766 2400 3912 2442 om-

2225 2475 2404 2530 nibus
2426 2475 2828 2546 impietatibus
2859 2475 3075 2531 nostris
3100 2474 3704 2546 eripiat.Respondeat
3735 2475 3913 2532 Cho-

2224 2579 2346 2618 rus.
2372 2567 2579 2618 Amen.

2295 2652 2401 2707 Per
2419 2651 2893 2708 misericordiam
2919 2651 3109 2724 ipsius
3138 2650 3239 2707 Dei
3261 2651 3468 2708 nostri.
3496 2651 3800 2707 Dominus
3825 2653 3910 2709 sit

2225 2755 2491 2810 semper.

2298 2833 2358 2884 ln
2373 2829 2616 2885 nomine
2636 2828 2872 2886 Domini
2887 2829 3072 2885 nostri
3087 2828 3116 2884 J
3123 2844 3228 2885 esu
3254 2829 3464 2886 Christi
3494 2829 3906 2901 perﬁciamus

2222 2934 2361 2975 cum
2385 2935 2553 2991 pace.
2588 2929 2650 2990 ne.
2685 2921 2803 2976 Deo
2843 2920 3090 2991 gratias.

2295 3009 2560 3065 Exeunte
2592 3023 2858 3078 vespera.
2887 3007 3119 3064 Lauda.
3152 3011 3198 3064 A
3229 3008 3377 3065 Solis
3403 3013 3539 3065 ortu
3575 3023 3779 3081 usque
3814 3011 3904 3067 ad

539 3099 660 3154 Erit
697 3100 758 3153 in
783 3096 1118 3153 novissimis
1148 3095 1383 3151 dierum
1411 3107 1584 3150 mons
1623 3093 1842 3149 domus
1887 3092 2119 3153 Domini
2149 3128 2189 3183 ο
2227 3111 2530 3154 occasum.
2573 3098 2634 3156 P.
2665 3096 2992 3153 Laudabile
3020 3111 3242 3153 nomen
3272 3096 3529 3153 Domini.
3557 3096 3622 3158 tt.
3654 3097 3742 3154 Sit
3784 3114 3902 3156 no-

469 3189 843 3260 praaparatus
869 3184 929 3240 in
958 3183 1239 3240 verticem
1272 3183 1566 3237 montium
1587 3197 1768 3253 super
1797 3181 1977 3236 colles
2015 3198 2028 3236 :
2062 3186 2118 3237 et

471 3275 659 3331 ﬂuent
671 3273 749 3330 ad
762 3289 898 3328 eum
910 3268 1668 3344 populi.Etprophelabunt
1679 3273 1881 3337 gentes
1893 3268 2113 3335 multae,

473 3366 529 3418 et
544 3361 744 3417 dicent
772 3383 785 3417 :
809 3361 1030 3424 Venite,
1053 3359 1455 3415 ascendamus
1474 3357 1546 3412 ad
1571 3361 1835 3412 montem
1863 3357 2114 3424 Domini,

471 3453 528 3508 et
557 3450 633 3506 ad
663 3449 915 3506 domum
942 3446 1271 3503 DeiJacob:
1297 3450 1353 3502 et
1373 3445 1603 3501 docebit
1617 3460 1727 3501 nos
1743 3447 1816 3501 de
1833 3445 1944 3501 viis
1969 3445 2115 3510 suis,

471 3545 530 3596 et
551 3539 772 3594 ibimus
797 3538 856 3593 in
888 3537 1112 3592 semitis
1139 3537 1268 3605 ejus
1300 3551 1314 3602 ;
1345 3534 1491 3607 quia
1519 3535 1592 3589 de
1622 3535 1760 3590 Sion
1784 3534 2120 3604 egredietur

471 3631 584 3692 lex,
616 3633 673 3683 et
699 3627 953 3682 verbum
985 3625 1218 3680 Domini
1243 3624 1317 3680 de
1339 3623 1725 3680 Hierusalem.
1750 3626 1815 3679 Et
1830 3624 2119 3698 judicabit

469 3717 621 3772 inter
633 3715 890 3787 populos
913 3713 1217 3778 multos,et
1231 3713 1505 3784 corripiet
1517 3717 1719 3782 gentes
1732 3711 1908 3768 fortes
1921 3727 2115 3785 usque

471 3804 530 3859 in
561 3804 954 3876 longinquum
978 3819 994 3858 :
1017 3811 1074 3858 et
1097 3802 1407 3858 concident
1427 3801 1658 3871 gladios
1683 3817 1824 3857 suos
1843 3801 1904 3856 in
1919 3816 2117 3857 vome-

469 3909 584 3960 res,
610 3898 666 3947 et
696 3892 894 3947 hastas
948 3907 1090 3947 suas
1132 3891 1193 3946 in
1237 3890 1466 3959 ligones
1501 3908 1513 3945 :
1567 3906 1690 3946 non
1747 3893 1941 3945 sumet
1970 3905 2115 3960 gens

469 3986 674 4037 contra
692 3983 925 4050 gentem
942 3979 1237 4052 gladium:
1255 3985 1442 4035 etnon
1465 3978 1862 4035 discentultra
1875 3977 2115 4048 bellige-

466 4086 616 4126 rare.
648 4071 714 4125 Et
741 4068 962 4124 sedebit
983 4069 1072 4124 vir
1100 4068 1309 4125 subtus
1333 4068 1573 4124 vineam
1605 4083 1799 4132 suam,
1824 4070 1881 4122 et
1905 4067 2114 4123 subtus

465 4159 646 4214 ficum
688 4172 884 4220 suam,
914 4161 968 4213 et
991 4173 1113 4212 non
1136 4156 1264 4219 erit,
1288 4157 1390 4228 qui
1412 4157 1701 4212 deterreat
1724 4173 1736 4212 :
1760 4154 1896 4226 quia
1918 4171 1986 4210 os
2004 4155 2114 4210 Do-

466 4247 614 4302 mini
652 4247 1015 4301 exercituum
1044 4246 1310 4301 locutum
1342 4253 1444 4300 est.
1488 4245 1634 4309 Quia
1660 4258 1873 4298 omnes
1903 4242 2114 4314 populi

467 4334 863 4391 ambulabunt
876 4335 1278 4406 unusquisque
1291 4335 1349 4390 in
1361 4331 1608 4390 nomine
1625 4331 1854 4387 Domini
1867 4331 1967 4385 Dei
1984 4331 2076 4386 sui
2095 4347 2108 4385 :

462 4439 575 4479 nos
589 4428 784 4478 autem
801 4421 1230 4479 ambulabimus
1244 4423 1304 4478 in
1318 4422 1551 4478 nomine
1566 4418 1800 4476 Domini
1813 4419 1913 4474 Dei
1925 4419 2112 4476 nostri

463 4511 525 4566 in
556 4515 841 4566 aeternum
865 4515 921 4567 et
944 4513 1117 4568 ultra.
1141 4513 1204 4567 ln
1229 4509 1326 4566 die
1352 4509 1469 4574 illa,
1485 4508 1628 4563 dicit
1647 4505 1949 4572 Dominus,
1966 4523 2109 4563 con-

461 4598 727 4671 gregabo
743 4599 1175 4656 claudicantem
1205 4602 1654 4667 :eteam,quam
1676 4595 2110 4665 ejeceram,col-

459 4687 641 4758 ligam
663 4704 675 4753 ;
699 4693 754 4744 et
767 4704 950 4760 quam
967 4687 1297 4743 aﬂlixeram
1318 4690 1402 4740 :et
1423 4699 1645 4755 ponam
1671 4681 2106 4739 claudicantem

461 4777 522 4831 in
551 4777 867 4850 reliquias;
900 4782 956 4832 et
985 4792 1142 4840 eam,
1185 4789 1320 4846 quae
1350 4771 1729 4828 laboraverat
1772 4772 1832 4826 in
1868 4777 2105 4842 gentem

458 4865 766 4922 robustam
790 4883 802 4921 :
830 4870 887 4921 et
903 4861 1476 4934 regnabitDominus
1497 4876 1676 4932 super
1699 4875 1800 4916 eos
1820 4859 1882 4916 in
1902 4865 2105 4918 monte

463 4953 623 5021 Sion,
649 4959 706 5011 et
725 4969 886 5010 nunc
903 4958 959 5008 et
973 4967 1166 5022 usque
1192 4949 1252 5004 in
1283 4945 1592 5005 aeternum.
1621 4949 1686 5005 Et
1702 4953 1764 5005 tu
1779 4949 1958 5005 turris
1978 4965 2106 5021 gre-

458 5042 563 5113 gis,
590 5042 888 5098 nebulosa
907 5039 1030 5096 ﬁlia
1057 5039 1195 5094 Slon
1225 5053 1414 5108 usque
1435 5037 1511 5094 ad
1535 5042 1586 5094 te
1611 5039 1772 5094 venit
1801 5055 1812 5092 :
1839 5043 1895 5094 et
1911 5039 2107 5094 veniet

456 5134 720 5202 potestas
732 5130 1201 5200 prima,regnum
1214 5125 1349 5180 ﬁlias
1363 5125 1916 5182 Hierusalem.Nunc
1927 5140 2107 5197 quare

459 5233 714 5276 maerore
729 5215 1140 5272 consumeris?
1160 5215 1460 5286 Numquid
1480 5231 1580 5270 rex
1613 5230 1732 5270 non
1760 5218 1847 5269 est
1863 5213 1988 5278 tibi,
2005 5217 2109 5270 aut

460 5305 832 5362 consiliarius
863 5308 1000 5357 tuus
1033 5303 1222 5373 periit,
1246 5303 1382 5374 quia
1403 5302 1854 5375 comprehendit
1876 5306 1928 5356 te
1943 5301 2109 5357 dolor

461 5394 610 5448 sicut
652 5391 1072 5461 parturientem
1089 5390 1119 5444 ‘i
1146 5389 1369 5454 Dole,et
1391 5397 1593 5461 satage
1619 5391 1740 5445 tilia
1764 5391 1902 5445 Sion
1929 5389 2107 5460 quasi

459 5478 795 5552 parturiens
830 5494 842 5532 :
870 5479 1014 5549 quia
1042 5493 1201 5534 nunc
1232 5479 1550 5550 egredieris
1570 5478 1645 5533 de
1659 5477 1908 5542 civitate,
1930 5479 1988 5531 et
2004 5473 2107 5533 ha-

455 5565 679 5627 bitabis
704 5566 767 5623 in
793 5566 1058 5638 regione,
1081 5572 1138 5626 et
1156 5567 1358 5626 venies
1379 5583 1570 5639 usque
1596 5565 1675 5624 ad
1695 5564 2065 5636 Babylonem
2089 5582 2105 5624 :

2226 3202 2366 3244 men
2390 3185 2623 3242 Domini
2648 3185 3048 3251 benedictum,
3073 3186 3314 3252 amodo,
3338 3189 3396 3242 et
3413 3201 3605 3259 usque
3627 3185 3691 3242 in
3720 3190 3906 3245 reter-

2226 3291 2394 3331 num.
2428 3275 2492 3329 P.
2533 3273 2856 3330 Laudabile
2888 3289 3110 3329 nomen
3142 3273 3400 3330 Domini.

2297 3363 2466 3420 Sono.
2499 3363 2817 3434 Apparebit
2839 3361 3014 3418 nobis
3042 3361 3329 3419 Salvator.
3366 3362 3620 3433 Require
3642 3363 3766 3432 fol.
3800 3369 3899 3422 32.

2298 3450 2666 3520 Antiphona.
2683 3450 2799 3506 Erit
2817 3451 3282 3517 Dominus,sicut
3300 3467 3400 3507 ros
3422 3469 3435 3507 :
3463 3451 3647 3507 Israel
3669 3456 3904 3521 germi-

2226 3539 2416 3606 nabit,
2450 3539 2604 3594 sicut
2631 3539 2843 3605 lilium,
2875 3539 2932 3594 P.
2963 3541 3026 3595 Et
3046 3544 3318 3612 erumpet
3341 3538 3517 3594 radix
3531 3540 3683 3610 ejus,
3713 3545 3782 3596 ut
3809 3543 3903 3599 Li-

2224 3627 2390 3684 bani.
2421 3627 2483 3687 tr.
2520 3630 2582 3682 Et
2606 3627 2711 3682 erit
2758 3627 3206 3682 ﬁrmamentum
3245 3628 3306 3682 in
3337 3633 3492 3683 terra
3517 3627 3578 3683 in
3620 3631 3899 3686 summis

2226 3716 2539 3780 montium,
2577 3713 3070 3787 superextolletur
3099 3729 3280 3786 super
3323 3715 3614 3770 Libanum
3647 3715 3899 3774 fructus

2226 3804 2354 3874 ejus
2379 3823 2390 3861 :
2413 3803 2776 3859 etﬂorebunt
2798 3803 2873 3856 de
2896 3801 3130 3858 civitate
3162 3802 3312 3858 sicut
3338 3801 3567 3858 foenum
3597 3807 3800 3860 terras.
3830 3807 3894 3861 P.

2226 3895 2292 3947 Et
2305 3897 2577 3962 erumpet
2601 3891 2767 3946 radix
2786 3891 2932 3961 ejus.
2956 3890 3017 3950 ll’.
3042 3890 3256 3960 Gloria,
3273 3894 3329 3947 et
3339 3890 3533 3948 honor
3559 3891 3740 3961 Patri,
3763 3894 3822 3964 3
3836 3895 3892 3967 5

2225 3982 2280 4036 et
2321 3979 2486 4035 Filio.
2526 3979 2584 4034 P.
2619 3981 2694 4036 Et
2724 3982 2997 4049 erumpet
3019 3979 3212 4034 radix.

2292 4068 2526 4123 Lauda.
2557 4068 2710 4122 Deus
2735 4067 3018 4122 virtutum
3063 4066 3397 4122 nobiscum.
3430 4068 3491 4121 P.
3525 4069 3894 4142 Susceptor.

2223 4161 2428 4210 noster
2461 4157 2614 4210 Deus
2652 4155 2856 4212 Iacob.
2894 4154 3162 4221 Alleluia,
3198 4154 3456 4219 alleluia,
3499 4156 3766 4215 alleluia.
3825 4162 3897 4221 tr.

2225 4243 2444 4298 Veritas
2473 4243 2548 4297 de
2571 4247 2726 4297 terra
2753 4246 2884 4298 orta
2913 4247 3002 4297 est
3027 4260 3040 4311 ;
3078 4247 3134 4298 et
3176 4243 3409 4312 justitia
3436 4244 3511 4299 de
3550 4245 3708 4301 cmlo
3742 4263 3899 4319 pro-

2223 4331 2432 4401 spexit.
2470 4330 2527 4383 P.
2567 4331 2886 4400 Susceptor
2914 4335 3116 4385 noster
3141 4331 3316 4384 Deus.
3349 4330 3410 4388 li’.
3444 4330 3668 4401 Gloria,
3705 4339 3766 4390 et
3786 4336 3900 4393 ho-

2221 4434 2332 4474 nor
2360 4419 2538 4473 Patri.
2576 4421 2633 4473 P.
2675 4417 2936 4482 Alleluia,
2971 4417 3227 4482 alleluia,
3257 4418 3514 4474 alleluia.

2290 4509 2580 4576 Hymnus.
2615 4507 2826 4562 Christi
2869 4509 3111 4562 caterva
3163 4505 3442 4571 clamitet,
3475 4507 3896 4577 Supplicatio.

2221 4599 2468 4651 Oremus
2499 4596 2954 4666 Redemptorem
2985 4594 3193 4649 mundi
3223 4595 3542 4650 Dominum
3575 4603 3894 4659 nostrum.

2218 4685 2469 4756 Require
2515 4686 2576 4739 in
2604 4684 2801 4752 primo
2834 4684 3142 4739 Dominico
3181 4684 3254 4739 de
3297 4683 3570 4740 Adventu
3610 4689 3892 4747 Domini.

2213 4773 2298 4841 fol
2323 4775 2377 4827 2.

2287 4860 2596 4928 Capitula.
2616 4860 2788 4923 Deus,
2804 4861 2975 4930 cujus
2995 4859 3292 4915 aeternitas
3309 4864 3585 4931 tempora
3606 4869 3880 4935 prmscit,

2214 4954 2271 5005 et
2288 4948 2521 5004 ordinat
2545 4965 2556 5014 ;
2580 4948 2681 5018 qui
2697 4948 2757 5002 in
2775 4947 3142 5018 plenitudine
3161 4953 3504 5019 temporum
3542 4950 3888 5012 Dominum

2215 5041 2486 5093 nostrum
2515 5037 2718 5091 Jesum
2735 5037 3030 5092 Christum
3056 5035 3262 5091 Filium
3279 5041 3447 5092 tuum
3490 5040 3889 5104 nasciturum

2217 5143 2288 5180 ex
2318 5125 2549 5194 Virgine
2579 5123 2876 5188 destinas;
2911 5129 2974 5178 ut
3001 5129 3253 5179 aeternus
3280 5141 3352 5179 ex
3370 5128 3425 5180 te
3447 5125 3575 5181 sine
3597 5132 3891 5202 tempore

2214 5212 2522 5285 prodiens,
2541 5227 2650 5283 pro
2663 5211 2836 5266 nobis
2847 5210 3119 5266 conditor
3134 5216 3475 5267 nasceretur
3486 5212 3546 5268 in
3565 5218 3855 5288 tempore
3873 5240 3888 5289 ;

2215 5305 2281 5356 ut
2304 5305 2361 5356 et
2395 5305 2599 5355 nostra
2629 5298 2846 5353 scilicet
2870 5303 3140 5370 tempora
3169 5299 3380 5366 visitet,
3422 5305 3479 5356 et
3504 5305 3890 5376 temporales

2216 5405 2339 5444 suas
2371 5387 2830 5442 immortalitatis
2870 5387 3187 5458 participes
3219 5387 3463 5454 reddat;
3497 5391 3746 5451 assistat
3779 5398 3894 5456 tibi

2215 5492 2326 5549 pro
2353 5475 2528 5531 nobis
2553 5491 2568 5530 :
2595 5480 2676 5542 ut,
2707 5491 2860 5546 quos
2893 5475 3162 5532 Adventu
3184 5491 3293 5531 suo
3323 5475 3683 5540 mirabiliter
3711 5487 3894 5546 rede-

2213 5566 2344 5632 mit,
2375 5579 2623 5621 munere
2652 5579 2764 5622 suo
2794 5563 3311 5623 abundantissime
3335 5563 3500 5624 ditet.
