4076 6410
477 331 580 388 103

1041 437 1247 495 FEBIA
1295 429 1582 497 QUARTA
2153 409 2195 462 Α

1042 526 1138 583 Ad
1164 521 1553 581 Matutinum.

546 626 914 696 Antiphona.
945 621 1008 674 In
1037 621 1092 672 te
1147 609 1393 668 confidit
1428 603 1632 661 anima
1669 611 1820 653 mea.
1855 589 2124 647 Psalmus

477 735 592 775 Lvi.
619 714 833 771 Oratio.
867 702 1140 762 DeusDei
1172 697 1367 761 Filius,
1387 692 1557 763 cujus
1577 689 1638 744 in
1685 688 1970 740 aeternum
2002 689 2124 747 per-

480 809 702 862 manet.
742 803 976 870 Requzre
992 794 1105 864 fol.
1135 795 1185 847 3.

941 853 1282 952 Egredietur
1305 873 1472 939 virga
1496 867 1570 922 de
1607 861 1810 920 radice
1843 859 2022 961 Iesse.
2063 853 2121 907 P.

484 941 1018 1040 Ettlo'szie-radice’
1017 971 1146 1041 ejus
1177 961 1481 1023 ascendet.
1513 957 1575 1011 P.
1637 955 1702 1041 Et
1734 942 2027 1038 judicabit
2063 941 2125 996 in

473 1029 1068 1145 gentia—pauperes:
1099 1056 1160 1117 ἣν.
1205 1052 1445 1122 Virgam
1481 1039 1713 1099 virtutis
1751 1042 1868 1092 tua:
1901 1029 2128 1130 emittet

484 1120 769 1215 Dominus
785 1120 875 1209 ex‘
889 1150 1029 1207 Sion
1047 1163 1060 1201 :
1086 1120 1397 1200 dominare
1416 1135 1475 1190 in
1491 1128 1688 1188 medio
1747 1120 2126 1180 inimicorum

891 1241 955 1294 Et
982 1236 1094 1292 ﬂos
1123 1232 1195 1286 de
1233 1226 1446 1284 radice.
1477 1220 1539 1278 v.
1608 1213 1820 1276 Gloria,
1854 1213 1911 1265 et
1934 1208 2129 1262 honor

486 1335 662 1391 Patri.
695 1333 756 1387 P.
790 1333 856 1385 Et
907 1321 1219 1398 judicabit.

558 1422 780 1477 Oratio.
806 1382 938 1472 Esto
955 1410 1154 1474 nobis,
1170 1403 1434 1470 Domine,
1459 1408 1684 1453 corona
1702 1386 1906 1461 gloriae
1935 1382 2123 1447 indie,

483 1527 600 1581 quo
617 1505 846 1564 veneris
887 1504 1180 1558 secutum
1222 1491 1492 1564 judicare
1534 1499 1640 1556 per
1668 1480 1889 1550 ignem,
1927 1478 1987 1529 ut
2029 1471 2127 1526 hic

1373 1578 1382 1581 -
1697 1575 1705 1581 -
1864 1571 1873 1581 .
1907 1578 1932 1581 Α
1955 1560 2096 1581 -.-ιη

482 1560 648 1671 prius
676 1560 949 1653 vestiaris
983 1560 1334 1644 indumento
1365 1573 1628 1648 justitiae,
1659 1575 1714 1624 et
1743 1571 1881 1638 post
1905 1560 2126 1634 perfec-

484 1653 778 1756 tagloriaa
806 1681 1092 1737 libertate.
1120 1666 1489 1738 Respondeat
1531 1659 1774 1715 Chorus.
1811 1653 2020 1707 Amen.

559 1777 667 1830 Per
689 1763 1163 1828 misericordiam
1195 1762 1379 1820 tuam,
1439 1753 1593 1806 Deus
1623 1749 1843 1802 noster.

561 1825 974 1930 Rati—phonat.
1003 1849 1230 1917 Quibus
1242 1859 1367 1900 non
1379 1846 1466 1896 est
1494 1837 1802 1892 narratum
1825 1829 1898 1884 de
1927 1843 2018 1896 eo,
2047 1825 2127 1880 vi-

493 1919 745 2008 debunt.
774 1947 837 2000 P.
859 1947 943 2008 Et,
964 1940 1070 2012 qui
1092 1951 1217 1993 non
1235 1930 1570 1990 audierunt,
1598 1919 1942 1988 intelligent:
1971 1919 2134 1970 etas-

493 2037 721 2103 cendet,
745 2035 897 2090 sicut
934 2025 1260 2097 virgultum
1288 2031 1492 2075 coram
1539 2027 1630 2079 eo,
1680 2012 1738 2064 et
1787 2004 1940 2060 sicut
1963 2000 2134 2057 radix

488 2092 744 2186 (ie—terra
776 2118 1008 2178 sitienti.
1029 2092 1092 2176 ἦν.
1122 2116 1184 2169 In
1214 2123 1324 2166 sua
1341 2102 1569 2178 justitia
1587 2092 1886 2171 judicabit
1912 2105 2136 2163 paupe-

489 2178 823 2288 respopuli,
853 2213 910 2264 et
931 2205 1129 2261 salvos
1159 2197 1335 2255 faciet
1352 2193 1507 2249 filios
1541 2197 1901 2261 pauperum,
1927 2184 1981 2235 et
2015 2178 2132 2233 hu-

488 2269 744 2362 milirab‘it
770 2269 1289 2354 calumniatorem.
1318 2284 1360 2338 P
1413 2284 1500 2346 Et,
1519 2277 1624 2350 qui
1651 2288 1774 2362 non
1800 2269 2131 2326 audierunt.

583 2389 796 2452 Gloria,
831 2390 886 2442 et
905 2379 1186 2439 honor.P.
1215 2377 1296 2439 Et,
1320 2370 1423 2444 qui
1451 2381 1574 2424 non
1594 2361 1927 2454 audierunt.

564 2479 786 2537 Oratio.
804 2473 1032 2541 Quibus
1046 2483 1169 2525 non
1181 2468 1268 2522 est
1291 2462 1603 2517 narratum
1614 2453 1689 2508 de
1704 2465 1795 2515 eo,
1810 2444 2094 2503 videbunt
2116 2459 2130 2510 ;

491 2531 702 2641 et,vqu'i
717 2531 848 2621 non
855 2559 1194 2620 audierunt,
1230 2548 1591 2617 intelligent;
1615 2539 1758 2613 quia
1791 2552 1924 2609 spes
1939 2531 2134 2589 ﬁdain

495 2619 568 2640 --,
647 2619 698 2623 _
719 2619 786 2621 _,

491 2619 636 2730 ips;
637 2667 877 2724 semper
902 2651 1122 2710 manet,
1150 2644 1211 2697 in
1236 2654 1358 2712 quo
1379 2640 1467 2692 est
1487 2629 1748 2705 perfecta
1779 2623 1981 2695 gloriae
2015 2619 2134 2692 ple-

489 2711 717 2802 nitudo.
743 2711 1274 2811 Repleatitaqueos
1301 2727 1574 2781 nostrum
1583 2714 1971 2789 jocunditate,
1999 2713 2060 2764 ut
2078 2711 2134 2763 et

488 2850 606 2890 vox
635 2836 841 2887 nostra
871 2827 1000 2897 ejus
1042 2819 1287 2878 resultet
1338 2807 1674 2885 praeconiis,
1706 2808 1764 2860 et
1811 2799 2132 2872 impleatur

487 2923 690 2981 anima
717 2919 913 2975 donis.
939 2908 1302 2980 Respondeat
1338 2902 1586 2960 Chorus.
1635 2901 1843 2950 Amen.

558 3013 668 3066 Per
698 3001 1173 3063 misericordiam
1203 3001 1388 3052 tuam.

558 3062 904 3166 Antiphone
931 3095 985 3146 2.
1014 3085 1282 3144 Exultate
1310 3082 1373 3135 in
1397 3074 1602 3132 laetitia
1653 3067 1858 3134 Jacob,
1906 3069 1962 3121 et
1990 3062 2129 3119 inite

487 3151 894 3254 contra‘caput
922 3176 1210 3247 gentium.
1248 3166 1685 3226 P.Personate,
1729 3155 1937 3223 canite,
1962 3158 2014 3208 et
2044 3151 2128 3206 di-

649 3241 1228 3333 P.Salva,vDomine,
1261 3255 1555 3329 populum
1606 3255 1790 3315 tuum,
1851 3241 2129 3313 reliquias

487 3361 686 3420 Israel.
719 3360 780 3420 ἲν.
802 3356 1025 3414 Sumite
1054 3350 1381 3424 psalmum,
1436 3346 1492 3398 et
1539 3339 1672 3394 date
1721 3342 2078 3406 tympanum
2113 3349 2126 3385 :

487 3451 835 3526 psalterium
860 3423 1197 3516 jocundum
1223 3449 1357 3491 cum
1395 3430 1643 3486 cithara.
1696 3425 1762 3480 P.
1789 3423 2124 3484 Personate,

463 3511 696 3604 .canite.
729 3536 792 3597 πῖ.
825 3511 1021 3590 Gloria
1043 3533 1101 3585 et
1117 3528 1326 3583 honor.
1355 3521 1420 3577 P.
1446 3517 1641 3586 Salva,
1681 3511 1946 3569 Domine.

559 3627 785 3684 Oratio.
808 3623 947 3687 Fac,
971 3634 1108 3688 nos,
1141 3611 1404 3674 Domine,
1424 3608 1598 3679 juste,
1624 3600 1822 3659 sobrie
1862 3603 1919 3655 et
1945 3596 2037 3669 pie
2066 3595 2128 3650 in

485 3717 602 3774 hoc
632 3711 849 3770 saeculo
866 3709 1083 3772 vivere,
1104 3702 1482 3774 expectantes
1492 3695 1734 3751 beatam
1747 3689 1910 3746 illam
1933 3699 2126 3757 spem,

487 3771 905 3862 et‘Adventum
933 3771 1212 3853 claritatis
1236 3782 1692 3858 magnificentiae
1733 3785 1846 3835 tuae
1893 3792 1908 3831 :
1949 3778 2007 3829 et
2043 3771 2129 3827 sic

487 3908 593 3965 per
622 3890 864 3946 semitas
891 3883 1129 3956 justitise
1155 3889 1486 3939 curramus,
1521 3876 1584 3926 ut
1604 3867 1812 3925 merito
1847 3859 2130 3918 accedere

487 3948 566 4038 ad
595 3948 911 4036 aeternam-
942 3969 1326 4029 hereditatem
1374 3961 1706 4035 possimus.
1758 3948 2130 4021 Respondeat

488 4070 733 4128 Chorus.
763 4070 962 4122 Amen.

2161 1749 2205 1802 B

2165 3091 2205 3145 C

561 4159 671 4230 37
709 4158 819 4212 Per
840 4146 1308 4208 misericordiam
1324 4145 1510 4204 tuam,
1563 4139 1715 4191 Deus
1730 4133 1949 4188 noster.

559 4215 980 4316 1;..Placabilis,
1034 4231 1418 4294 Hierusalem,
1470 4224 1700 4283 veniam
1725 4221 1787 4276 in
1830 4215 2130 4273 montibus

489 4300 1064 4396 tuiszetexultabis,
1090 4322 1232 4396 quia
1279 4318 1406 4375 dies
1457 4310 1691 4370 Domini
1742 4306 1982 4364 venient
2001 4300 2125 4359 tibi.

491 4429 696 4493 Surge,
727 4421 865 4477 Sion
891 4437 904 4486 ;
933 4393 1270 4473 convertere
1321 4406 1398 4464 ad
1429 4406 1618 4493 Deum
1651 4393 2132 4493 tu-um.Gaude,et
2161 4439 2205 4492 D

487 4481 706 4577 laetare,
728 4481 931 4564 Jacob.
959 4506 1028 4560 P.
1072 4501 1222 4568 Quia
1246 4497 1320 4552 de
1351 4491 1540 4549 medio
1567 4485 1831 4557 gentium
1871 4481 2132 4536 salvator

489 4608 626 4657 tuus
647 4565 885 4670 prodiit.
911 4594 972 4654 ἢ.
1007 4565 1339 4650 Revertere,
1371 4581 1495 4636 filia
1524 4576 1660 4632 Sion
1696 4593 1708 4632 :
1733 4575 2021 4628 revertere
2052 4565 2131 4624 ad

488 4691 752 4746 civitates
784 4691 935 4742 tuas:
991 4682 1301 4739 revertere,
1336 4671 1498 4738 virgo
1547 4661 1744 4719 Israel.
1773 4661 1850 4716 P.
1880 4657 2029 4723 Quia
2056 4655 2131 4711 de

736 4775 798 4836 ἢν.
824 4771 1017 4830 Gloria
1044 4773 1102 4824 et
1131 4767 1326 4822 honor
1345 4755 1519 4814 Patri.
1560 4753 1887 4808 Reiteretur
1907 4758 1969 4816 Βτ.
2007 4745 2134 4802 Pla-

488 4865 709 4932 cabilis,
753 4857 1136 4918 Hierusalem.

563 4953 766 5010 Omnia
793 4951 921 5008 alia
939 4957 1122 5016 usque
1137 4945 1198 4994 in
1224 4939 1398 5008 ﬁnem
1418 4929 1709 4988 Matutz'ni
1731 4925 2034 4989 dicantur,
2069 4926 2133 4976 ut

488 5047 551 5100 in
583 5049 752 5100 sexta
765 5037 928 5109 feria
957 5013 1170 5103 prima:
1201 5019 1565 5082 hebdomadas
1601 5017 1712 5087 fol.
1750 5017 1838 5070 13.
1861 5013 2134 5080 Excepta

487 5101 830 5201 Prophetta,
848 5101 980 5196 qua:
992 5125 1075 5177 est
1094 5113 1350 5172 dicenda
1365 5109 1646 5179 dequinto
1661 5101 1967 5161 Dominino
1976 5113 2133 5169 prav-

491 5222 658 5278 tert'to
686 5217 800 5288 fol.
841 5213 930 5267 34.

561 5321 624 5376 Ba.
661 5308 806 5360 Ecce
826 5298 1111 5369 majestas
1130 5291 1231 5348 Dei
1254 5289 1407 5345 venit
1426 5301 1531 5359 per
1549 5283 1724 5349 viam,
1740 5295 1876 5352 quae
1902 5273 2138 5347 respicit

479 5397 571 5468 ad
597 5395 884 5450 orientem
916 5404 928 5442 :
963 5391 1020 5442 et
1050 5381 1327 5451 voxejus,
1361 5379 1510 5433 sicut
1535 5391 1651 5432 vox
1677 5381 1974 5442 aquarum
1989 5363 2138 5419 mul-

1366 5467 1371 5468 κ
1526 5463 1539 5468 -
1621 5461 1650 5468 ,ν
1709 5466 1715 5468 _
1792 5459 1826 5468 η
1946 5453 1954 5462 .
2011 5452 2019 5461 .
2072 5447 2115 5468 _,_

732 5480 799 5535 P.
832 5480 899 5532 Et
925 5480 1076 5532 terra
1103 5447 1405 5544 splenduit
1432 5483 1469 5522 a
1493 5461 1759 5519 claritate
1791 5452 2044 5512 Domini.
2072 5447 2138 5512 tr.

490 5538 724 5635 Indue,
750 5565 959 5625 insula:
981 5567 1072 5637 ,et
1113 5538 1417 5626 attendite,
1441 5549 1651 5625 populi
1689 5565 1703 5604 :
1735 5538 2138 5615 obstupescite

1731 281 2186 351 BREVIARIUM
2225 278 2616 337 GOTHICUM.

3787 265 3912 322 104

2230 408 2288 460 et
2317 400 2703 460 admiramini
2734 417 2747 455 :
2773 400 3007 455 montes
3033 393 3196 452 enim
3227 387 3806 458 commovebuntur,
3849 369 3921 444 et

2230 493 2642 551 concutientur
2679 488 3074 545 fundamenta
3117 489 3303 540 terrae.
3335 480 3477 535 P.Et
3499 483 3654 534 terra
3679 475 3914 550 splen-

2229 583 2375 638 duit.
2396 580 2458 640 )‘l.
2487 578 2700 643 Gloria,
2729 582 2784 634 et
2811 575 3023 633 honor.
3058 572 3385 629 Reiteretur
3411 565 3912 638 Responsorium.

2231 673 2376 726 Ecce
2405 667 2706 738 majestas.

2301 756 2363 816 ἢν.
2387 754 2621 811 Clamor
2646 753 2835 809 factus
2848 753 2955 807 est:
2984 763 3119 804 ecce
3133 761 3392 820 sponsus
3422 741 3599 799 venit.
3629 742 3692 799 P.
3728 739 3917 796 Exite

2231 844 2473 901 obviam
2503 844 2574 900 ei.
2614 841 2674 902 ἲν.
2736 838 3106 906 Benedictus,
3155 834 3259 908 qui
3317 832 3475 890 venit
3527 832 3590 886 in
3644 828 3920 886 nomine

2235 931 2496 998 Domini,
2525 947 2625 986 rex
2659 927 2857 984 Israel.
2879 927 2936 980 P.
2960 925 3136 980 Exite.
3166 921 3227 983 ἴ.
3252 921 3461 985 Cloria,
3494 918 3766 975 ethonor
3790 919 3924 974 Pa-

2233 1024 2565 1077 Rezteretur
2606 1013 3084 1086 Responsoﬁum.
3121 1010 3357 1068 Clamor
3381 1008 3574 1065 factus
3615 1011 3726 1063 est.

2299 1121 2361 1179 1y.
2395 1111 2538 1163 Ecce
2568 1106 2854 1162 Dominus
2885 1100 3163 1159 ascendet
3195 1115 3376 1171 super
3410 1096 3639 1153 nubem
3669 1095 3916 1152 levem.

2236 1197 2301 1251 P.
2337 1199 2401 1252 Et
2447 1194 2810 1265 ingredietur
2853 1193 3201 1262 Aﬂgyptum,
3229 1193 3305 1256 et,
3338 1193 3402 1242 ut
3430 1201 3534 1241 rex
3572 1183 3774 1250 fortis,
3802 1183 3925 1240 do-

2235 1284 2564 1341 minabitur
2586 1282 2812 1339 cunctis
2851 1277 3227 1350 gentibusﬂ.
3269 1277 3424 1332 Deus
3463 1271 3922 1330 manifesteve-

2235 1374 2358 1430 niet
2380 1379 2436 1429 et
2462 1389 2584 1428 non
2602 1370 2812 1427 silebit.
2844 1369 2903 1422 P.
2953 1370 3020 1424 Et
3053 1363 3436 1437 ingredietur.
3461 1361 3521 1424 ἲν.
3580 1360 3808 1427 Gloria,
3853 1365 3920 1418 et

2236 1463 2447 1519 honor.
2481 1465 2541 1517 P.
2566 1463 2630 1515 Et
2667 1457 3046 1530 ingredietur.
3697 1492 3700 1495 .

2307 1550 2368 1611 ἢν.
2403 1553 2546 1606 Ecce
2596 1547 2884 1604 Dominus
2943 1543 3152 1609 veniet,
3181 1545 3235 1598 et
3281 1557 3405 1597 non
3464 1538 3816 1595 mentietur.
3844 1539 3919 1598 P.

2239 1639 2379 1705 Et,si
2398 1654 2630 1694 moram
2643 1635 2862 1704 fecerit,
2877 1636 3122 1704 excepta
3136 1629 3332 1698 illum;
3349 1628 3640 1701 quoniam
3664 1626 3911 1693 veniet,

2242 1733 2297 1785 et
2321 1743 2441 1784 non
2468 1725 2737 1783 tardabit.
2767 1723 2828 1784 ἣν.
2857 1721 2966 1788 Qui
3001 1721 3208 1776 emittit
3239 1717 3548 1790 eloquium
3574 1720 3770 1782 terrae,
3806 1731 3921 1772 ve-

2240 1817 2442 1874 lociter
2471 1815 2651 1871 currit
2679 1829 2875 1868 sermo
2905 1811 3053 1881 ejus.
3078 1812 3138 1864 P.
3170 1811 3252 1875 Et,
3285 1808 3334 1863 si
3378 1822 3634 1870 moram,
3664 1804 3916 1864 fecerit.

2243 1905 2303 1968 ἣν.
2333 1903 2543 1968 Gloria,
2573 1907 2630 1959 et
2653 1901 2844 1957 honor
2881 1898 3032 1954 Patri
3071 1900 3128 1952 P.
3157 1898 3238 1967 Et,
3268 1895 3315 1950 si
3344 1910 3601 1950 moram.

2312 1993 2375 2056 il.
2409 1993 2634 2049 Orietur
2657 1987 2997 2046 timentibus
3037 1987 3219 2040 Deum
3254 1982 3342 2039 sol
3360 1981 3630 2053 justitite,
3655 1985 3714 2036 et
3738 1981 3922 2036 sani-

2248 2087 2336 2138 tas
2365 2083 2426 2137 in
2448 2079 2658 2153 pennis
2676 2077 2822 2148 ejus.
2838 2075 2898 2135 tr.
2920 2071 3223 2131 Orieturin
3261 2070 3473 2126 diebus
3494 2069 3624 2140 ejus
3638 2067 3917 2140 justitia,

2246 2176 2302 2227 et
2326 2167 2698 2226 abundantia
2726 2163 2889 2236 pacis
2919 2180 2931 2219 :
2962 2161 3155 2218 donec
3191 2158 3506 2216 extollatur
3531 2156 3698 2212 luna.
3731 2157 3813 2212 P.
3842 2158 3921 2214 Et

2247 2259 2489 2315 sanitas.
2512 2255 2574 2317 ἢν.
2603 2253 2812 2319 Gloria,
2841 2255 2897 2308 et
2915 2251 3108 2308 honor
3153 2247 3334 2312 Patri,
3363 2251 3420 2304 et
3444 2245 3611 2316 Filio,
3630 2250 3688 2301 et
3718 2245 3919 2318 Spiri-

2246 2347 2330 2404 tui
2361 2343 2683 2402 Sancto.P.
2715 2343 2780 2396 Et
2825 2340 3065 2396 sanitas.

2312 2435 2423 2494 Ad
2461 2435 2734 2502 Vesperos
2765 2429 3027 2498 dicatur,
3075 2431 3142 2483 ut
3177 2425 3240 2482 in
3260 2423 3420 2495 feria
3462 2427 3633 2480 sexta
3669 2422 3918 2492 prima?

2248 2522 2644 2582 hebdomadas.

2793 2607 3002 2663 FERIA
3046 2602 3331 2670 QUINTA.

2804 2697 2901 2753 Ad
2951 2693 3319 2752 Matutinum

2313 2791 2672 2856 Antiphona.
2696 2784 2964 2851 Domine,
2988 2781 3136 2855 quid
3159 2777 3528 2851 multiplicati
3547 2779 3718 2832 sunt?
3755 2775 3918 2835 Cum

2242 2897 2350 2939 sua
2363 2871 3004 2945 OrationeMultiplicati
3029 2865 3916 2937 sunt,Domine,Requirefol.8.

2313 2969 2648 3039 Antipltona
2674 2965 2725 3020 1.
2757 2966 2902 3018 Ecce
2927 2958 3215 3016 Dominus
3259 2955 3547 3012 ascendet
3578 2970 3768 3026 super
3796 2970 3920 3011 nu-

2239 3058 2379 3114 bem
2411 3057 2621 3113 levem.
2645 3055 2715 3109 P.
2743 3053 2809 3107 Et
2836 3047 3200 3120 ingredietur
3228 3047 3572 3116 Egyptum.
3597 3041 3666 3097 P.
3703 3041 3918 3116 Et,-:ut

2237 3163 2340 3203 rex
2379 3147 2565 3211 fortis,
2596 3137 3004 3196 dominabitur
3023 3133 3253 3191 cunctis
3285 3131 3580 3203 gentibus.
3614 3128 3676 3189 ἲν.
3740 3132 3912 3187 Deus

2239 3234 2548 3291 manifeste
2576 3230 2788 3294 veniet,
2811 3227 2965 3282 Deus
2986 3229 3185 3281 noster
3209 3240 3221 3290 ;
3251 3227 3307 3279 et
3328 3237 3449 3277 non
3477 3218 3691 3275 silebit.
3723 3219 3785 3273 P.
3844 3221 3916 3277 Et

2238 3321 2619 3394 ingredietur.
2640 3317 2702 3377 ἡ.
2741 3315 2951 3381 Gloria,
2983 3315 3036 3368 el
3078 3313 3272 3368 honor
3317 3308 3495 3379 Patri,
3545 3311 3602 3364 et
3631 3305 3810 3364 Filio.
3843 3311 3908 3364 P.

2238 3413 2322 3477 Et,
2353 3414 2416 3466 ut
2434 3425 2538 3465 rex
2554 3405 2743 3470 fortis,
2787 3400 3215 3459 dominabitur.

2309 3499 2535 3555 Oratio.
2568 3498 2709 3552 Ecce
2735 3489 3147 3565 supernubem
3184 3493 3239 3544 te
3257 3486 3580 3542 Dominum
3607 3499 3916 3542 ascensu-

2238 3606 2372 3646 rum
2403 3585 2828 3658 Prophetarum
2853 3578 3132 3637 vaticinia
3162 3575 3565 3650 praedixerunt
3597 3588 3611 3628 :
3645 3577 3706 3629 et
3758 3573 3911 3632 ideo

2238 3681 2293 3734 te
2317 3674 2776 3748 quaesumus,ut,
2799 3667 2904 3742 qui
2917 3667 3060 3724 olim
3073 3668 3134 3722 in
3148 3679 3324 3722 carne
3337 3662 3909 3725 nasciturus,mun-

2237 3765 2385 3822 dum
2427 3762 2627 3834 utique
2640 3761 2821 3816 istum
2846 3755 3188 3826 ingrediens
3203 3769 3307 3809 rex
3331 3751 3520 3818 fortis,
3551 3749 3917 3808 dominium

2240 3870 2344 3927 per
2362 3853 2542 3908 ﬁdem
2572 3846 2878 3906 obtinuisti
2907 3845 2970 3901 in
3002 3843 3276 3915 gentibus
3291 3861 3310 3913 ;
3344 3841 3512 3913 pium
3546 3842 3600 3895 te
3631 3839 3696 3895 in
3720 3839 3917 3897 nobis

2239 3941 2542 4006 ostendas,
2571 3955 2710 3996 cum
2757 3933 3100 4009 apparueris
3149 3931 3466 4005 gloriosus.
3518 3928 3910 4000 Respondeat

2242 4032 2492 4090 Chorus.
2526 4030 2735 4084 Amen.

2308 4123 2414 4176 Per
2441 4111 2909 4174 misericordiam
2941 4113 3125 4177 tuam,
3163 4108 3317 4163 Deus
3347 4109 3570 4162 noster.

2307 4205 2644 4276 Antiphona
2668 4207 2718 4257 2.
2747 4204 2890 4257 Ecce
2918 4197 3205 4255 Dominus
3255 4194 3471 4263 veniet,
3498 4198 3556 4249 et
3579 4208 3710 4250 non
3732 4211 3913 4253 men-

2240 4297 2428 4352 tietur.
2463 4291 2533 4350 P.
2569 4295 2654 4358 Et,
2671 4289 2720 4346 si
2739 4303 2969 4345 moram
3000 4285 3218 4349 fecerit,
3253 4286 3500 4355 expecta
3523 4281 3696 4337 illum
3720 4299 3914 4355 ;quo—

2239 4385 2402 4440 niam
2427 4381 2666 4438 veniens
2699 4377 2909 4442 veniet,
2943 4379 3000 4431 et
3028 4389 3152 4430 non
3181 4369 3462 4428 tardabit.
3484 4366 3546 4429 Ψ.
3580 4369 3696 4435 Qui
3720 4371 3912 4429 mittit

2239 4470 2545 4544 eloquium
2579 4484 2756 4523 suum
2778 4471 2965 4531 terrai,
3004 4459 3280 4518 velociter
3300 4457 3480 4515 currit
3501 4473 3707 4514 sermo
3740 4459 3794 4530 ej
3810 4476 3908 4516 us.

2239 4561 2298 4614 P.
2323 4562 2406 4626 Et,
2441 4558 2491 4613 si
2528 4572 2782 4613 moram.
2821 4551 2864 4612 Ῠ
2889 4549 3103 4614 Gloria,
3124 4554 3178 4604 et
3211 4548 3404 4604 honor
3434 4545 3613 4610 Patri,
3648 4550 3710 4602 et.
3733 4547 3913 4618 Filio,

2241 4655 2297 4706 et
2329 4647 2566 4720 Spiritui
2590 4647 2823 4702 Sancto.
2843 4642 2902 4695 P.
2928 4642 3015 4708 Et,
3050 4637 3098 4694 si
3152 4651 3388 4693 moram
3415 4633 3636 4690 fecerit.

2315 4738 2540 4794 Oratio.
2555 4735 2948 4806 Expectamus
2967 4733 3040 4794 te,
3059 4723 3631 4797 Domine,quoniam
3646 4723 3918 4782 veniens

2240 4826 2461 4882 venies.
2481 4826 2646 4879 Nunc
2662 4828 2882 4886 tamen,
2911 4816 3056 4890 quia
3077 4830 3333 4885 regnum
3364 4819 3534 4868 tuum
3573 4827 3770 4883 supra
3798 4816 3920 4870 ter-

2241 4915 2440 4972 minos
2466 4918 2631 4969 terrae
2676 4907 3016 4980 agnoscitur
3049 4922 3062 4971 ;
3094 4918 3217 4959 non
3248 4905 3303 4958 te
3333 4900 3653 4956 mentitum
3680 4900 3914 4967 fuisse,

2242 5000 2556 5060 infirmitas
2586 5002 2790 5056 nostra
2805 4993 3187 5068 conqueritur
3221 5011 3233 5051 :
3260 4993 3326 5046 Et
3345 4989 3480 5044 ideo
3498 4994 3913 5060 expectamus

2244 5099 2299 5150 te
2323 5090 2614 5149 desiderio
2643 5086 2916 5152 humiles,
2936 5089 3021 5152 ut,
3059 5097 3197 5138 cum
3233 5076 3489 5143 veneris,
3524 5076 3763 5134 efficias
3789 5095 3913 5136 nos

2247 5182 2351 5239 tibi
2366 5181 2491 5237 sine
2511 5179 2627 5234 ﬁne
2661 5177 2983 5233 consortes.
3017 5167 3386 5239 Respondeat
3411 5167 3653 5221 Chorus.
3684 5172 3914 5226 Amen.

2316 5272 2425 5326 Per
2461 5263 2919 5324 misericordiam
2958 5265 3142 5325 tuam,
3187 5259 3343 5312 Deus
3375 5259 3597 5310 noster.

2316 5357 2648 5428 Antiphona
2674 5359 2724 5411 3.
2760 5353 2985 5409 Orietur
3009 5346 3354 5406 timentibus
3383 5345 3574 5400 Deum
3603 5343 3709 5400 Sol
3735 5346 3919 5417 justi-

2247 5451 2361 5507 tiae.
2392 5449 2430 5501 P
2454 5448 2519 5502 Et
2547 5443 2770 5502 sanitas
2797 5442 2858 5497 in
2889 5437 3099 5513 pennis
3127 5437 3274 5508 ejus.
3297 5433 3362 5497 ὴ.
3413 5433 3648 5489 Orietur
3677 5434 3747 5490 in
3793 5435 3923 5491 die-

2243 5532 2357 5594 bus
2370 5535 2419 5608 ej
2432 5525 3183 5606 usjustitia,etabundantia
3193 5520 3569 5597 paciszdonec
3582 5521 3922 5582 extollatur
