4076 6424
507 339 599 394 111

1749 305 2200 374 BREVIARIUM
2241 302 2609 360 GOTHICUM
2622 346 2634 358 .

3827 300 3942 353 112

569 459 799 517 Lauda.
819 455 1106 522 Universi,
1135 467 1242 524 qui
1271 455 1323 506 te
1355 450 1683 521 expectant.
1725 441 1988 500 Alleluia.
2016 440 2145 524 Non
2176 433 2221 486 A
2253 434 2522 524 terram,
2545 433 2602 486 et
2623 428 2768 524 dicit
2795 427 2873 484 ad
2902 425 3059 524 Sion.
3084 424 3161 479 P.
3186 422 3376 518 Quare
3394 435 3671 477 maerore.
3700 420 3772 481 v.
3799 420 3945 478 Glo-

500 509 1579 605 contunwdenturaitlleluia.P.Quiatu
1596 552 1657 590 es
1686 536 1836 589 Deus
1872 523 2146 584 salutaris
2258 519 2362 587 ria,
2397 522 2453 573 et
2479 518 2690 574 honor.
2724 516 2793 573 P.
2822 509 3340 605 Quiaincurvavit.

499 653 699 694 meus.
726 632 997 698 Alleluia,
1017 628 1270 692 alleluia,
1330 625 1584 682 alleluia.
1640 620 2035 690 v.Dirigeme
2087 613 2150 666 in

501 724 746 782 veritate
775 730 904 776 tua:
936 719 1120 774 edoce
1143 731 1260 780 me,
1315 715 1458 786 quia
1495 717 1557 768 tu
1582 727 1647 768 es
1680 713 1832 766 Deus
1881 703 2150 760 Salvator

505 829 696 870 meus.
723 813 790 865 P.
821 809 972 874 Quia
1002 814 1082 861 tu.
1110 805 1173 864 ἲν.
1237 802 1450 868 Gloria,
1493 805 1550 856 et
1589 801 1782 856 honor
1817 792 1992 858 Patri,
2043 796 2149 844 etc-

507 903 569 955 P.
615 898 765 964 Quia
789 903 851 952 tu
881 913 944 952 es
983 898 1154 950 Deus.

584 988 815 1046 Oratio.
856 982 1191 1047 Consolare,
1239 979 1506 1041 Domine,
1550 973 2005 1048 expectantium.
2053 967 2154 1021 Re-

511 1077 683 1148 quire
715 1075 828 1143 fol.
860 1073 948 1127 40.

804 1201 961 1254 renis
1009 1209 1252 1252 saeuam
1285 1207 1475 1247 sexu;
1499 1202 1868 1244 HEBDOMADAB.

1079 1309 1170 1364 Ad
1195 1306 1583 1364 Matutinum.

586 1437 956 1508 Antiphona.
987 1432 1254 1495 Domine,
1279 1427 1426 1500 quid
1461 1420 1834 1496 multiplicati
1858 1425 2003 1508 sunt

591 1503 817 1582 Oratio.
855 1517 1214 1592 Multiplicati
1241 1523 1396 1580 sunt,
1422 1512 1691 1570 Domine.
1713 1505 2070 1579 Requirefol.
2102 1503 2156 1558 8.

586 1611 1102 1683 Antiphona.Ecce
1114 1621 1226 1677 ego
1243 1603 1544 1660 adducam
1553 1599 1745 1655 ﬁlium
1756 1611 1950 1651 meum
1965 1593 2162 1650 Orien-

519 1708 659 1768 tem,
681 1701 823 1757 dicit
843 1693 1382 1759 Dominus.P.Quia
1409 1690 1771 1762 lapis,quem
1791 1683 1929 1741 dedi
1960 1695 2165 1738 coram

2332 606 2556 661 Oratio.
2586 608 2739 660 Deus
2760 603 2860 658 Dei
2889 601 3083 667 Filius,
3112 598 3216 670 qui
3241 597 3516 653 auditum
3576 597 3817 654 faciens
3851 597 3939 653 ab

2260 693 2535 752 extremis
2562 698 2746 759 terrae,
2762 691 2990 746 mundo
3015 687 3346 760 apparuisti
3357 686 3420 741 in
3439 701 3617 742 carne
3628 705 3648 758 ;
3668 686 3939 742 restitue

2260 783 2514 853 teipsum
2545 780 2880 836 mercedem
2904 778 3043 833 ﬁdei
3059 781 3309 831 nostras:
3334 779 3413 838 ut,
3435 774 3542 846 qui
3566 791 3728 847 Opus
3747 780 3942 831 tuum

2262 870 2530 927 mirabile
2557 870 2975 941 prmdicamus,
3007 864 3280 921 mercede
3311 863 3432 928 illa,
3467 880 3604 935 quas
3627 881 3852 920 coram
3883 870 3939 921 te

2262 963 2366 1028 est,
2398 957 2738 1031 opulentius
2767 968 3170 1012 muneremur.
3213 964 3277 1022 1y.
3308 958 3516 1008 Amen.

2333 1051 2439 1103 Per
2467 1045 2932 1102 misericordiam
2965 1048 3151 1113 tuam,
3171 1043 3324 1096 Deus
3365 1046 3588 1096 noster.

2337 1137 2549 1192 Omnia
2564 1137 2709 1202 alia,
2725 1150 2848 1204 qua
2887 1136 3217 1205 sequuntur
3241 1145 3419 1200 usque
3438 1133 3501 1184 in
3514 1131 3697 1198 ﬁnem
3722 1131 3940 1186 Matu-

2265 1226 2382 1280 tim‘
2405 1225 2772 1290 dicantur,ul
2799 1224 2861 1278 in
2881 1218 3939 1290 secundaferiaprimwhebdomadz

2262 1313 2376 1382 fol.
2405 1313 2721 1381 8.excepla
2741 1306 3218 1380 prophetidguae
3232 1307 3454 1362 dicitur
3485 1307 3559 1364 de
3605 1308 3938 1365 Dominico

2265 1405 2430 1457 sexto
2448 1402 2773 1469 praeterito.
2796 1399 2910 1468 fol.
2949 1397 3040 1452 40.
3072 1396 3166 1451 Ad
3227 1396 3524 1466 Vesperos,
3553 1400 3622 1451 ut
3651 1412 3850 1468 supra
3872 1399 3941 1453 in

2268 1489 2527 1546 secunda
2551 1489 2721 1559 feria.

2508 1577 2577 1632 IN
2616 1575 2870 1631 VlGlLlA
2900 1573 3330 1629 NATIVITATIS
3360 1571 3628 1627 DOMINL

2844 1661 2939 1716 Ad
2992 1660 3359 1715 Matutinum

519 1794 683 1861 Jesu,
703 1794 930 1861 septem
954 1785 1016 1841 in
1030 1799 1102 1840 eo
1123 1780 1278 1840 oculi
1308 1755 1553 1840 suntsv.
1603 1755 1810 1832 Manus
1847 1771 2007 1828 enim
2031 1784 2167 1826 mea
2197 1776 2240 1830 Β
2344 1756 3274 1831 Antiphona.Lavame,Domine,
3309 1755 3388 1812 ab
3446 1755 3949 1827 injustitiamea:

523 1858 907 1938 auxiliabitur
935 1881 1008 1940 et,
1034 1875 1092 1930 et
1112 1869 1424 1927 brachium
1442 1881 1648 1923 meum
1660 1858 2163 1920 confortabiteum

525 1971 588 2024 P.
623 1968 772 2033 Quia
806 1963 979 2036 lapis,
1005 1975 1205 2033 quem.
1240 1958 1301 2018 ν.
1327 1955 1538 2021 Gloria,
1571 1960 1627 2009 et
1656 1953 1850 2009 honor
1879 1947 2049 2006 Patri.
2083 1948 2164 2004 P.

531 2055 681 2121 Quia
701 2052 871 2124 lapis,
899 2065 1099 2123 quem.

598 2143 712 2215 42
747 2140 970 2197 Oratio.
1015 2139 1165 2192 Deus
1194 2134 1366 2191 Pater
1385 2132 1488 2204 qui
1518 2131 1726 2186 Filium
1757 2134 1926 2184 tuum
1972 2125 2170 2180 Domi-

527 2247 674 2288 num
696 2234 966 2285 nostrum
989 2227 1017 2280 J
1023 2241 1192 2281 esum
1207 2223 1499 2281 Christum
1526 2219 1662 2276 oriri
1691 2217 1881 2274 fecisti
1910 2216 1972 2271 in
1993 2229 2170 2270 carne

524 2325 793 2392 tempore
817 2313 1245 2372 Incarnationis
1272 2326 1428 2366 suae:
1459 2306 1718 2365 concede
1751 2305 1948 2368 nobis,
1994 2307 2059 2358 ut
2109 2303 2171 2357 in

527 2409 656 2481 ejus
684 2406 926 2472 visione,
945 2417 1083 2458 cum
1109 2400 1186 2457 ad
1202 2399 1495 2471 judicium
1510 2395 1754 2460 venerit,
1779 2409 1880 2449 cor
1897 2396 2172 2448 nostrum

528 2479 823 2559 reﬂoreat,
849 2497 906 2549 et
919 2489 1344 2548 consolationis
1369 2486 1599 2544 donum
1619 2484 1694 2540 de
1732 2481 1980 2538 visionis
2043 2479 2172 2550 ejus

531 2583 765 2655 gaudiis
792 2580 1174 2652 adipiscatur.
1216 2589 1278 2646 Rw.
1311 2581 1520 2631 Amen.

599 2674 710 2727 Per
736 2668 1197 2725 misericordiam
1219 2672 1405 2729 tuam,
1443 2666 1595 2718 Deus
1626 2665 1848 2716 noster.

600 2757 962 2828 Antiphona.
983 2754 1159 2818 Quasi
1179 2752 1436 2808 diluculo
1449 2753 1820 2822 praeparatus
1835 2750 1925 2802 est
1939 2744 2167 2800 Adven-

530 2851 621 2904 tus
649 2844 978 2902 Domini.P.
1015 2845 1080 2898 Et
1095 2842 1289 2897 veniet
1319 2839 1513 2908 nobis,
1543 2834 1923 2909 quasiimber
1944 2838 2172 2902 tempo-

525 2951 762 3000 raneus,
788 2931 1174 2989 etserotinus.
1195 2929 1256 2988 v.
1287 2931 1504 2984 Omnes
1517 2929 1742 2996 gentes,
1767 2921 2032 2995 plaudite
2047 2934 2171 2974 ma-

525 3024 704 3080 nibus
737 3039 750 3078 :
775 3021 1026 3092 juliilate
1053 3022 1170 3074 Deo
1195 3018 1257 3072 in
1303 3031 1451 3072 voce
1515 3012 1913 3070 exultationis.
1972 3011 2049 3066 P.
2105 3009 2172 3062 Et

525 3111 724 3167 veniet
745 3109 941 3166 nobis.
968 3107 1030 3166 f1.
1061 3105 1276 3166 Gloria,
1299 3108 1358 3160 et
1381 3103 1577 3159 honor
1610 3100 1781 3164 Patri,
1835 3103 1944 3154 etc.
1985 3098 2049 3151 P.
2110 3098 2174 3150 Et
2211 3116 2249 3170 Ο

527 3199 742 3254 veniet.

600 3285 815 3342 Oratio.
840 3281 1110 3340 Diluculo
1122 3293 1430 3350 egressum
1446 3281 1638 3340 tuum,
1654 3274 1877 3331 Christe
1901 3274 2168 3338 Domine,

527 3375 933 3447 praeparatum
944 3369 1130 3426 fuisse
1168 3363 1592 3438 cognoscimus
1609 3380 1622 3417 :
1646 3362 1782 3418 ideo
1794 3365 1848 3417 te
1861 3375 2168 3431 rogamus,

530 3467 612 3529 ut,
652 3460 758 3533 qui
775 3459 968 3516 imber
1005 3463 1445 3528 temporaneus,
1469 3453 1530 3509 et
1551 3451 1844 3507 serotinus
1890 3452 2056 3505 ortus
2106 3463 2170 3504 es

529 3549 720 3615 terris,
750 3552 968 3603 terram
989 3543 1184 3601 cordis
1204 3541 1390 3599 nostri
1433 3537 1910 3595 indeﬁcientibus
1963 3535 2171 3606 irriges

530 3635 750 3709 pluviis
783 3639 897 3691 tua:
929 3630 1396 3697 benedictionis;
1427 3632 1510 3699 ut,
1531 3628 1636 3700 qui
1666 3626 1843 3698 primi
1866 3625 2173 3681 Adventus

530 3725 616 3781 tui
634 3724 852 3782 festum
870 3722 1082 3777 devote
1100 3715 1736 3790 suscipimus,secundi
1766 3714 2070 3770 Adventus
2088 3712 2172 3767 tui

530 3811 1007 3870 manifestatione
1038 3808 1362 3865 salvemur.
1389 3818 1452 3877 1p.
1481 3809 1688 3860 Amen.

602 3900 712 3957 Per
739 3897 1204 3956 misericordiam
1226 3899 1415 3962 tuam,
1444 3896 1595 3948 Deus
1634 3895 1855 3953 noster,
1905 3893 2014 3944 etc.

600 3987 972 4058 Antiphona.
1004 3989 1062 4041 3.
1102 3981 1713 4040 SuscitavitDominus
1733 3978 1811 4036 ab
1839 3978 2063 4034 oriente
2086 3976 2175 4047 ju-

531 4082 708 4135 stum.
737 4073 1074 4131 P.Dabitin
1101 4075 1426 4143 conspectu
1438 4071 1565 4142 ejus
1582 4071 1813 4125 Gentes.
1840 4067 1986 4122 P.Et
2003 4079 2173 4134 reges

528 4163 875 4224 obstinebit.
911 4162 972 4223 il.
1001 4165 1246 4232 Magnus
1276 4159 1560 4216 Dominus
1605 4160 1826 4222 noster,
1859 4159 1915 4211 et
1950 4167 2176 4221 magna

528 4255 716 4311 virtus
747 4254 895 4324 ejus,
929 4256 984 4308 et
1007 4251 1315 4322 sapientiae
1335 4249 1464 4320 ejus
1495 4262 1618 4303 non
1658 4250 1746 4301 est
1773 4258 2084 4305 numerus,
2110 4242 2172 4294 P.

531 4345 704 4401 Dabit
730 4344 792 4399 in
820 4345 1160 4415 conspectu.
1193 4339 1260 4399 ἡ.
1301 4338 1518 4408 Gloria,
1547 4339 1604 4392 et
1638 4337 1833 4392 honor
1872 4332 2040 4403 Patri,
2063 4335 2172 4388 etc.

529 4433 599 4491 P.
628 4432 698 4488 Et
724 4445 911 4491 reges.

628 4445 698 4488 ist
724 4446 786 4488 re
830 4446 911 4487 es.

603 4445 829 4578 Oratiog.
846 4520 1001 4576 Deus
1016 4515 1319 4588 Pater,qui
1335 4513 1414 4569 ab
1435 4511 1659 4569 oriente
1680 4511 1916 4565 Iustum
1949 4507 2175 4564 exusci-

529 4615 620 4668 tas
649 4629 661 4667 :
685 4609 765 4668 da
784 4607 980 4676 nobis,
1004 4606 1144 4661 utin
1171 4604 1300 4674 ejus
1333 4600 1829 4672 amplexu,quem
1848 4597 1926 4653 ad
1941 4598 2172 4654 redem-

527 4700 794 4773 ptionem
804 4700 1070 4754 nostram
1084 4691 1291 4748 misisti
1320 4692 1536 4744 nostrae
1560 4686 1765 4743 animae
1778 4685 2132 4742 reviviscant
2155 4703 2168 4750 ;

529 4793 592 4846 ut
610 4791 638 4843 J
648 4787 780 4858 usti,
797 4786 902 4858 qui
929 4783 1057 4839 sine
1088 4778 1337 4837 alterius
1358 4775 1595 4849 justitia:
1626 4773 2075 4846 participatione
2086 4779 2174 4830 est

526 4880 743 4944 Justus,
773 4871 1090 4945 participes
1119 4883 1267 4936 esse,
1299 4871 1352 4922 te
1399 4864 1674 4938 propitio,
1719 4879 2072 4920 mereamur.
2109 4875 2168 4922 ἢ.

528 4965 738 5018 Amen.

594 5050 706 5106 Per
729 5043 1199 5104 misericordiam
1225 5050 1406 5099 tuam.

599 5150 664 5206 B'.
699 5133 1064 5193 Hierusalem
1101 5131 1212 5189 cito
1263 5131 1457 5187 veniet
1505 5129 1665 5186 salus
1709 5134 1834 5186 tua.
1867 5131 1927 5183 P.
1981 5129 2174 5193 Quare

528 5240 782 5282 maerore
802 5220 1168 5278 consumeris
1188 5221 1215 5276 ?
1241 5218 1652 5292 numquidrex
1669 5233 1788 5273 non
1802 5221 1889 5272 est
1903 5216 2006 5272 tibi
2024 5215 2052 5269 7
2073 5219 2174 5272 aut

527 5311 896 5372 consiliarius
911 5315 1046 5367 tuus
1067 5309 1275 5382 periit?
1295 5309 1358 5363 P.
1380 5308 1530 5374 Quia
1555 5305 1888 5362 incurvavit
1906 5310 1959 5360 te
1980 5303 2170 5369 dolor,

526 5403 675 5459 sicut
698 5399 1149 5474 parturientem,
1171 5397 1419 5456 salvabo
1432 5403 1504 5463 te,
1549 5394 1920 5452 etinnovabo
1935 5398 1985 5449 te
2002 5413 2019 5463 ;
2049 5393 2172 5450 noli

524 5506 759 5567 pavere.
789 5490 853 5551 γ.
872 5492 1014 5546 Ecce
1045 5488 1274 5546 vocabo
1305 5502 1540 5543 servum
1565 5499 1787 5550 meum,
1840 5487 1896 5538 et
1946 5497 2170 5553 ponam

524 5581 710 5640 verba
739 5595 874 5638 mea
899 5578 960 5636 in
989 5593 1090 5636 ore
1111 5578 1260 5649 ejus,
1288 5580 1352 5634 ut
1381 5575 1607 5648 plantet
1644 5573 1850 5637 caelos,
1881 5574 1939 5629 et
1964 5569 2173 5630 fundet

2276 1855 2334 1908 et
2365 1866 2402 1907 a
2431 1849 2690 1922 peccatis
2716 1848 2861 1904 meis
2878 1845 3111 1903 munda
3131 1860 3235 1902 cor
3254 1860 3484 1901 meum.
3521 1844 3759 1904 Psalm.
3789 1863 3878 1917 L.,

2355 1939 2582 1995 Oratio.
2603 1940 2778 2006 Deus,
2814 1936 2916 1991 Dei
2942 1934 3146 1991 Filius.
3180 1933 3422 2005 Require
3442 1934 3555 2003 fol.
3576 1938 3635 1990 3.

2349 2027 2710 2097 Antiphona.
2739 2023 2896 2079 Exiet
2916 2024 3084 2094 virga
3105 2022 3179 2077 de
3222 2021 3436 2078 Radice
3461 2023 3624 2078 Jesse
3644 2023 3716 2076 P.
3743 2026 3818 2080 Et
3842 2023 3966 2082 ﬂos

2279 2116 2354 2172 de
2379 2115 2577 2171 radice
2601 2115 2729 2184 ejus
2758 2111 3057 2177 ascendet,
3074 2115 3130 2166 et
3155 2110 3483 2181 requiescet
3504 2110 3565 2165 in
3582 2125 3656 2166 eo
3681 2111 3960 2182 Spiritus

2282 2203 2534 2268 Domini,
2569 2202 2806 2275 spiritus
2829 2199 3138 2271 sapientia:
3175 2198 3556 2269 septifcrmis.
3593 2198 3660 2258 ἢν.
3706 2201 3962 2270 Virgam

2282 2291 2509 2346 virtutis
2538 2296 2652 2346 tuae
2683 2289 2907 2344 emittet
2932 2288 3219 2343 Dominus
3239 2303 3310 2341 ex
3323 2287 3463 2342 Sion
3487 2304 3502 2340 :
3534 2286 3875 2344 dominare
3900 2291 3963 2346 in

2282 2380 2480 2436 medio
2510 2379 2885 2434 inimicorum
2921 2382 3180 2432 tuorum.
3318 2377 3378 2430 Et
3401 2376 3514 2430 ﬂos
3543 2375 3620 2431 de
3644 2377 3956 2436 radiceﬂi’.

2283 2469 2496 2536 Gloria,
2520 2473 2576 2522 et
2605 2467 2799 2523 honor
2819 2465 3001 2529 Patri,
3037 2471 3143 2519 etc.
3172 2465 3235 2517 P.
3271 2466 3337 2518 Et
3351 2463 3484 2518 ﬂos.

2353 2558 2570 2612 Oratio.
2594 2559 2672 2611 Ex
2696 2554 2897 2610 radice
2917 2556 3078 2608 Jesse
3122 2553 3324 2607 exiens
3367 2553 3556 2621 virga,
3589 2554 3955 2610 credentem

2282 2648 2386 2703 tibi
2412 2645 2703 2718 populum
2725 2642 3265 2713 salva,etspiritum
3294 2641 3716 2712 septiformem
3752 2644 3819 2698 in
3860 2645 3948 2700 eis

2281 2737 2526 2793 infunde
2556 2753 2567 2788 :
2601 2741 2686 2802 ut,
2713 2733 2816 2806 qui
2841 2733 2899 2789 in
2961 2732 3214 2787 salutem
3237 2730 3452 2786 venisti
3496 2733 3858 2788 nasciturus
3893 2736 3952 2790 in

2280 2826 2471 2893 terris,
2502 2824 2830 2894 gloriosum
2852 2836 3073 2876 nomen
3102 2825 3273 2875 tuum
3305 2822 3366 2874 in
3392 2820 3498 2885 eis,
3525 2820 3631 2892 qui
3649 2826 3705 2876 te
3732 2821 3954 2893 depre-

2281 2919 2510 2978 cantur,
2539 2910 2840 2967 ostendas.
2867 2921 2926 2978 ιν.
2974 2913 3178 2962 Amen.

2350 3005 2454 3056 Per
2475 2997 2941 3055 misericordiam
2969 3001 3156 3060 tuam,
3203 2999 3354 3050 Deus
3385 3000 3608 3052 noster.

2351 3084 3028 3159 Antiphona.Attendite,
3049 3085 3278 3150 Gentes,
3295 3089 3351 3139 et
3366 3083 3658 3150 audite,et
3689 3088 3954 3145 auribus

2281 3177 2562 3250 percipite
2594 3193 2606 3229 :
2632 3173 2837 3231 audiat
2863 3178 3032 3241 terra,
3063 3179 3119 3227 et
3143 3171 3451 3243 plenitudo
3467 3171 3652 3238 orbis,
3675 3180 3736 3230 et
3765 3193 3954 3233 omne

2281 3280 2526 3336 germen
2538 3265 2684 3334 ejus.
2701 3261 2933 3326 P.Quia
2945 3261 3229 3316 Dominus
3249 3260 3742 3318 Salvatornoster
3765 3265 3953 3322 venit.

2280 3355 2348 3415 ἡ.
2375 3357 2592 3410 Omnes
2623 3353 2850 3415 Gentes,
2891 3349 3147 3421 plaudite
3188 3348 3497 3405 manibus:
3527 3349 3796 3420 jubilate
3833 3357 3954 3411 Deo

2279 3445 2341 3500 in
2361 3458 2507 3499 voce
2546 3438 2919 3496 exultationis
2945 3439 3014 3493 Ρ.
3050 3437 3198 3503 Quia
3233 3437 3520 3493 Dominus
3549 3438 3855 3497 Salvator.
3892 3444 3953 3502 ἣν.

2283 3532 2496 3598 Gloria,
2524 3535 2579 3585 et
2601 3529 2795 3584 honor
2815 3528 2986 3590 Patri,
3042 3532 3096 3581 et
3124 3525 3280 3596 Filio,
3315 3533 3423 3582 etc.
3457 3527 3526 3581 P.
3559 3528 3717 3592 Quia
3752 3531 3954 3587 Domi-

2283 3635 2398 3676 nus
2421 3617 2704 3674 Salvator.

2357 3707 2588 3762 Oratio.
2625 3703 3016 3760 Dominelesu
3040 3702 3280 3772 Christe,
3298 3701 3391 3759 fac
3412 3718 3524 3758 nos
3545 3707 3852 3762 accedere
3875 3706 3950 3764 ad

2284 3801 2376 3853 te:
2407 3795 2598 3852 tribue
2619 3793 2792 3850 nobis
2813 3794 3042 3849 donum
3075 3791 3496 3847 misericordiae
3541 3797 3657 3849 tuae
3687 3811 3703 3859 ;
3740 3801 3829 3862 ut,
3849 3797 3951 3869 qui

2286 3885 2454 3943 faciei
2487 3889 2609 3940 ture
2650 3882 3062 3954 praestolamur
3107 3881 3508 3952 praesentiam,
3557 3883 3952 3954 meritorum,

2284 3978 2627 4032 nostrorum
2647 3971 2975 4027 evadamus
3001 3974 3315 4026 tormenta.
3341 3982 3405 4040 It.
3433 3974 3645 4026 Amen.

2355 4066 2460 4118 Per
2475 4059 2942 4117 misericordiam
2970 4065 3132 4114 tuam
3161 4061 3316 4114 Deus
3333 4063 3555 4115 noster.

2354 4151 2712 4218 Antiphona.
2736 4150 2882 4203 Ecce
2899 4148 3178 4218 procedet
3194 4146 3443 4202 verbum
3464 4147 3540 4203 de
3565 4147 3819 4206 Throno
3833 4153 3954 4217 Dei,

2285 4237 2648 4296 conﬁtemini
2668 4235 3014 4300 Domino,et
3049 4235 3292 4292 laudem
3313 4235 3483 4292 dicite
3535 4236 3643 4292 illi.
3673 4239 3750 4294 P.
3801 4243 3956 4307 Quo-

2283 4328 2446 4384 niam
2486 4325 2728 4393 venit,et
2759 4325 2884 4380 dies
2899 4323 3132 4380 Domini
3165 4328 3473 4394 magna,et
3509 4326 3821 4396 praeclara
3843 4329 3960 4388 val-

2283 4418 2357 4474 de
2386 4415 2568 4482 V.Qui
2588 4413 2798 4470 emittit
2821 4413 3072 4470 verbum
3095 4430 3293 4480 suum,
3326 4417 3382 4469 et
3414 4413 3731 4486 liquefacit
3781 4435 3953 4477 eam:

2282 4506 2447 4564 ﬂavit
2479 4504 2717 4577 spiritus
2752 4503 2902 4574 ejus,
2935 4507 2992 4558 et
3014 4502 3202 4559 ﬂuent
3220 4519 3416 4574 aquae.
3444 4503 3843 4569 P.Quoniam
3861 4525 3954 4566 ve-

2282 4596 2386 4652 nit.
2429 4594 2488 4654 ν.
2520 4592 2732 4659 Gloria,
2783 4595 2838 4647 et
2864 4591 3076 4647 honor.
3103 4591 3170 4646 P.
3205 4591 3500 4656 Quoniam
3546 4594 3737 4650 venit.

2353 4682 2490 4755 43.
2527 4682 2750 4738 Oratio.
2777 4678 3106 4736 Procedens
3127 4678 3201 4734 de
3221 4679 3456 4736 Throno
3469 4680 3571 4736 Dei
3593 4680 3798 4739 Patris
3822 4687 3954 4742 uni-

2281 4789 2421 4829 cum
2445 4769 2882 4834 verbum,salva
2899 4767 3053 4825 ﬁlios
3081 4767 3399 4825 hominum
3426 4785 3438 4824 :
3471 4773 3554 4835 ut,
3580 4772 3950 4830 conﬁtentes

2283 4861 2388 4917 tibi
2421 4859 2785 4930 laudemque
2811 4858 3096 4920 dicentes,
3129 4873 3267 4912 cum
3296 4873 3522 4928 magna
3547 4857 3680 4915 dies
3697 4861 3810 4920 illa
3839 4865 3948 4918 Ad-

2283 4955 2490 5007 ventus
2508 4949 2590 5004 tui
2614 4947 2935 5015 advenerit,
2960 4962 3065 5018 per
3079 4947 3194 5003 hoc
3223 4947 3391 5019 quod
3417 4947 3491 5002 de
3523 4952 3577 5004 te
3608 4951 3808 5008 modo
3833 4969 3955 5010 cre-

2283 5039 2500 5104 dimus,
2551 5038 2630 5094 ab
2694 5036 2927 5092 aaternis
2992 5039 3127 5091 tunc
3176 5035 3484 5108 suppliciis
3532 5053 3834 5098 eruamur
3889 5055 3952 5104 ﬁ.

2284 5129 2494 5183 Amen.

2355 5216 2463 5271 Per
2491 5212 2965 5270 misericordiam
2996 5217 3187 5269 tuam.

2355 5315 2422 5375 Bz.
2453 5306 2599 5358 Ecce
2629 5301 2850 5357 orietur
2879 5300 3055 5357 nobis
3095 5301 3380 5372 Princeps
3402 5301 3479 5357 de
3509 5303 3747 5360 semine
3777 5308 3802 5361 J
3814 5307 3954 5371 uda,

2281 5396 2338 5448 et
2353 5389 2951 5464 apparebitomnium
2973 5390 3246 5445 Gentium
3264 5389 3559 5446 Dominus
3581 5409 3592 5447 :
3615 5392 3682 5448 iu
3695 5395 3952 5451 excelsis

2281 5479 2638 5536 revelabitur
2673 5479 2907 5534 claritas
2937 5479 3105 5549 regni
3125 5478 3256 5548 ejus
3270 5478 3349 5535 ad
3369 5483 3816 5541 conterendam
3839 5485 3951 5539 vir-

2280 5573 2468 5629 tutem
2521 5566 2904 5626 inimicorum
2927 5582 3196 5626 suorum.
3259 5567 3322 5623 P.
3348 5575 3404 5625 et
3450 5567 3630 5629 dabit
3673 5573 3954 5647 requiem
