4076 6424
122 305 247 388 11³
1431 319 1503 375 IN
1541 282 1659 375 DIE
1693 319 1732 373 N

2068 321 2138 377 ‘IS
2178 323 2460 380 DOMINI.
3579 333 3678 388 114

176 432 418 489 omnibus
453 435 908 497 timentibus
925 457 1011 497 se.
1046 442 1107 502 32'.
1136 446 1255 514 Ego
1285 444 1516 501 locutus
1538 460 1696 509 sum,
1725 445 1781 498 et
1805 458 1910 498 vo-
1942 445 1987 500 A
2021 462 2267 503 munere
2298 448 2676 519 indulgentiae
2716 451 3068 506 sentiamus.
3097 463 3159 519 Bz.
3194 452 3401 510 Amen.

185 521 282 576 cavi
298 539 465 594 eum,
504 530 579 582 et
628 528 915 585 adduxi
951 546 1113 590 eum.
1139 532 1205 586 P.
1242 535 1306 589 Et
1336 532 1504 589 dabit
1527 533 1813 604 requiem.
1846 532 1908 591 Ἐν.
2090 535 2200 590 Per
2232 537 2704 595 misericordiam
2733 543 2921 595 tuam.

189 609 355 701 Gloria,
389 618 457 669 et
485 614 763 673 honor.
808 619 888 673 P.
922 620 992 675 Et
1022 619 1207 676 dabit.
2093 624 2430 693 Canticum,
2455 630 2508 682 et
2524 628 2722 683 omnia
2742 627 2887 692 alia,
2920 643 3053 699 quae
3068 636 3399 700 sequuntur
3418 633 3677 701 usquein

244 700 457 760 Oratio.
491 706 588 759 Te
615 705 855 763 Deum
886 707 1349 780 Redemptorem
1367 714 1640 766 nostrum
1665 709 1909 765 benedi-
2016 712 2192 779 ﬁnem
2223 714 2511 769 Matutim'
2533 716 2832 781 dicantur,
2861 722 2928 770 ut
2954 718 3012 770 in
3037 723 3258 787 quarta
3276 720 3439 787 feria
3466 700 3676 788 primm

196 789 369 853 cimus,
392 792 622 864 quiex
646 795 921 851 semine
948 795 979 849 J
988 796 1108 852 uda
1128 797 1588 868 nascidignatus
1607 813 1669 853 es
1691 817 1703 853 :
1730 802 1787 853 et
1807 814 1909 869 pe-
2020 799 2401 857 hebdomadas
2428 803 2499 858 de
2525 804 2802 860 Adventu
2828 805 3084 873 Domini,
3117 806 3225 874 fol.
3262 808 3346 869 11,
3370 813 3426 861 et
3457 808 3543 873 12,
3576 823 3673 863 ea:-

196 879 343 935 timus
364 899 379 951 ;
396 886 471 936 ut
486 881 689 939 nullo
708 883 1056 940 obstaculo
1075 901 1109 940 a
1126 889 1225 941 tuo
1240 887 1668 957 prohibeamur
1684 886 1906 942 officio.
2018 896 2186 957 cepta
2211 891 2813 959 PrOphetia,l.ocutus
2834 898 2920 948 est
2939 895 3224 949 Dominus
3244 895 3321 949 ad
3343 896 3671 960 Achaz,etc.

199 970 564 1043 Quicumque
591 989 767 1030 vero
804 978 890 1043 te,
919 975 1190 1039 Domine,
1215 977 1590 1041 confitemur,
1611 976 1784 1032 ditari
1804 982 1906 1032 tuo
2016 993 2147 1049 qum
2166 978 2387 1034 dicitur
2415 980 2489 1037 de
2510 987 2670 1036 sexto
2712 983 3020 1038 Dominico
3068 984 3371 1051 preterito
3413 984 3532 1051 fol.
3579 989 3668 1041 40.

902 1287 991 1358 ΙΝ
1044 1288 1570 1360 NATIVITATE
1622 1285 1933 1360 DOMINI
1989 1284 2306 1359 NOSTRI
2358 1287 2563 1361 JESU
2605 1288 2981 1362 CHRISTI.

759 1489 909 1561 4.5.
952 1491 1039 1545 Ad
1080 1491 1374 1560 Vesperos.
1928 1490 1970 1541 Β
2004 1493 2178 1545 vatus
2209 1506 2245 1547 a
2267 1490 2415 1546 caelo
2432 1493 3280 1558 causamlncarnationistuze;
3302 1495 3536 1566 ut,quia
3556 1511 3656 1551 no-

265 1577 656 1648 Antiphona.
690 1579 915 1633 Patavi
938 1580 1247 1635 lucernam
1276 1580 1501 1636 Christo
1520 1594 1674 1635 meo.
1700 1578 1896 1633 lnimi-
2004 1578 2098 1633 bis
2131 1594 2284 1651 opus
2315 1579 2440 1643 fuit,
2474 1584 2527 1635 te
2576 1579 2883 1635 hominem
2916 1581 3040 1636 ﬁeri
3074 1599 3086 1636 :
3121 1586 3289 1637 tuum
3321 1582 3656 1640 habeamus

207 1682 302 1721 cos
328 1667 740 1736 ejusinduam
761 1667 1146 1724 confusione.
1168 1670 1238 1724 P.
1262 1670 1451 1741 Super
1468 1669 1671 1741 ipsum
1694 1672 1894 1723 autem
2006 1667 2383 1735 suffragium,
2417 1670 2518 1740 qui
2552 1672 2603 1723 te
2631 1668 2938 1724 hominem
2969 1670 3341 1735 conﬁtemur,
3369 1674 3424 1726 et
3449 1673 3653 1725 Deum.

196 1754 432 1810 ﬂorebit
450 1755 863 1812 sanctiﬁcatio
882 1772 1040 1812 mea.
1062 1756 1125 1814 in
1147 1758 1375 1813 Juravit
1401 1756 1689 1812 Dominus
1709 1755 1893 1811 David
2004 1767 2072 1816 Βι.
2110 1760 2324 1811 Amen.

189 1844 247 1899 in
277 1845 559 1909 veritate,
590 1848 650 1899 et
673 1859 805 1899 non
837 1844 1141 1900 auferetur
1165 1846 1243 1901 ab
1275 1861 1344 1901 eo
1379 1863 1391 1900 :
1422 1845 1494 1901 de
1520 1845 1714 1900 fructu
1746 1859 1890 1900 ven-
2073 1844 2181 1898 Per
2208 1844 2690 1913 misericordiam,
2731 1850 2847 1903 ctc.

183 1932 289 1986 tris
328 1932 415 1987 tui
435 1947 675 2004 ponam
700 1948 888 2004 super
901 1934 1103 1989 sedem
1126 1949 1346 1989 meam.
1368 1936 1428 1987 P.
1449 1935 1637 2005 Super
1661 1932 1885 2003 ipsum.
2069 1932 2426 2001 Antiphona.
2456 1936 2689 1999 Rorate,
2709 1933 2861 1999 C(Bll,
2877 1932 3151 2005 desuper,
3174 1933 3432 1989 etnubes
3450 1933 3656 2005 pluant

177 2021 471 2090 V.Etego
493 2020 671 2076 illum
687 2036 921 2093 ponam
939 2021 1408 2093 primogenitum
1436 2020 1738 2077 excelsum
1762 2036 1886 2092 prae
1991 2020 2226 2090 justum
2261 2021 2599 2093 :aperiatur
2639 2026 2812 2087 terra,
2842 2026 2897 2077 et
2929 2021 3219 2091 germinet
3254 2022 3646 2078 Salvatorem.

169 2108 445 2177 regibus
480 2114 676 2164 terrae.
700 2110 775 2165 P.
818 2111 1007 2181 Super
1036 2108 1257 2180 ipsum.
1292 2110 1353 2170 ἲν.
1388 2113 1454 2165 Et
1483 2125 1583 2165 ero
1613 2110 1662 2164 ei
1696 2109 1755 2164 in
1784 2123 1887 2180 pa'
1994 2109 2385 2179 P.Etjustitia
2404 2108 2630 2165 oriatur
2650 2109 2962 2179 simul,ego
2981 2110 3269 2165 Dominus
3286 2110 3650 2165 creavieum.

164 2203 364 2261 trem,
402 2204 467 2253 et
498 2198 632 2269 ipse
663 2197 776 2253 erit
803 2198 949 2253 mihi
995 2198 1052 2252 in
1087 2199 1295 2254 tilium.
1350 2200 1413 2253 P.
1452 2200 1638 2270 Super
1661 2198 1879 2269 ipsum.
1994 2197 2057 2256 ἲν.
2085 2198 2223 2255 lei
2250 2202 2531 2254 enarrant
2561 2198 2810 2267 gloriam
2857 2199 2976 2265 Dei,
3024 2204 3079 2253 et
3125 2215 3309 2269 opera
3359 2214 3651 2253 manuum

244 2287 507 2342 Oratio.
543 2286 915 2357 Vespertinis
946 2286 1227 2343 laudibus
1249 2288 1375 2357 jam
1410 2287 1751 2359 praemissis,
1776 2290 1884 2342 Do-
1994 2287 2123 2355 ejus
2154 2286 2468 2343 annuntiat
2497 2287 2963 2342 ﬁrmamentum.
2990 2287 3052 2343 P.
3074 2288 3384 2357 Etjustitia
3410 2287 3652 2342 oriatur.

158 2374 382 2438 mine,
417 2389 721 2445 paramus
771 2374 1081 2429 lucernam
1116 2375 1341 2431 Christo
1375 2380 1475 2431 tuo
1501 2374 1774 2444 Domino,
1813 2390 1880 2429 ac
1996 2386 2056 2443 Rt.
2095 2374 2313 2441 Gloria,
2346 2381 2402 2430 et
2430 2375 2624 2431 honor
2645 2376 2816 2440 Patri,
2850 2379 2963 2432 etc.
3000 2376 3060 2430 P.
3085 2376 3388 2446 Etjustitia
3407 2374 3648 2431 oriatur.

155 2465 310 2518 Deo
338 2469 569 2518 nostro
598 2479 610 2516 :
644 2467 712 2517 ut
749 2462 947 2517 fructu
994 2462 1237 2532 justitiae
1286 2462 1626 2535 repleamur
1653 2462 1731 2518 ad
1757 2477 1886 2533 gra-
2068 2460 2296 2520 Lauda.
2330 2464 2597 2520 Potestas
2631 2466 2761 2534 ejus
2788 2482 2800 2529 ;
2834 2468 2889 2520 et
2916 2480 3033 2536 pax
3057 2466 3184 2535 ejus
3215 2480 3335 2519 non
3368 2464 3473 2519 erit
3497 2463 3649 2517 tinis.

151 2552 341 2607 tiam
370 2572 384 2620 ;
423 2556 489 2607 et
512 2551 773 2607 verbum
806 2550 937 2606 vitae
967 2550 1385 2608 contineamus
1414 2551 1492 2609 ad
1519 2550 1789 2620 gloriam.
1820 2561 1883 2609 Rv.
1994 2550 2259 2608 Alleluia.
2293 2552 2358 2610 P.
2394 2554 2582 2625 Super
2602 2552 2883 2609 thronum
2900 2552 3088 2607 David
3115 2552 3360 2617 sedebit,
3385 2557 3450 2607 ut
3476 2551 3653 2607 corri-

152 2644 201 2694 Α
214 2656 391 2695 men
404 2683 417 2693 .
1996 2644 2098 2710 gat
2116 2656 2253 2697 eum
2264 2683 2277 2696 .
2309 2642 2371 2698 P.
2396 2645 2463 2699 Et
2482 2641 2711 2698 sedebit
2725 2642 2786 2697 in
2800 2641 3042 2698 veritate
3056 2657 3246 2713 usque
3264 2641 3323 2697 in
3336 2646 3645 2697 teternum.

244 2728 385 2783 Per
414 2726 923 2782 misericordiam.
1994 2728 2264 2795 Alleluia,
2297 2729 2551 2787 alleluia.
2600 2730 2664 2789 ἵ.
2715 2732 2962 2801 Magnus
3006 2729 3292 2784 Dominus
3331 2732 3550 2795 noster,
3596 2734 3652 2785 et

238 2817 465 2872 Sono.
497 2820 561 2870 tn
593 2814 1019 2886 splendoribus
1051 2818 1424 2880 sanctorum;
1447 2830 1520 2870 ex
1542 2817 1709 2870 utero
1748 2818 1884 2871 ante
1926 2840 1966 2895 ρ
1996 2831 2221 2885 magna
2245 2818 2429 2872 virtus
2453 2818 2582 2887 ejus
2606 2833 2618 2871 :
2647 2822 2702 2872 et
2724 2815 3028 2888 sapientiae
3041 2817 3169 2886 ejus
3190 2830 3313 2871 non
3334 2820 3424 2871 est
3443 2832 3651 2871 nume-

144 2907 531 2962 luciferum
556 2906 734 2976 genui
761 2910 835 2961 te.
866 2905 1134 2963 Alleluia.
1162 2906 1217 2965 ν.
1246 2905 1472 2962 Juravit
1496 2905 1802 2969 Dominus,
1832 2908 1888 2960 et
1994 2922 2116 2961 rus.
2151 2906 2219 2959 P.
2252 2907 2433 2976 Super
2460 2905 2743 2961 thronum
2772 2903 2976 2961 David.
3012 2904 3077 2961 ἲν.
3120 2903 3334 2968 Gloria,
3373 2906 3429 2959 et
3456 2903 3651 2960 honor

142 3011 309 3052 non
347 2994 688 3068 paenitebit
709 3011 848 3050 eum
881 3012 893 3048 :
921 2998 980 3050 tu
1004 3010 1067 3049 es
1098 2994 1386 3050 Sacerdos
1407 2994 1467 3049 in
1490 2996 1778 3049 aeternum
1802 3009 1888 3050 se—
1996 2994 2170 3059 Patri,
2197 2998 2306 3051 etc.
2332 2995 2393 3048 P.
2428 2996 2491 3050 Et
2515 2993 2768 3049 sedebit.

148 3085 483 3140 cundum
510 3082 791 3140 ordinem
810 3082 1263 3139 Melchisedech.
1282 3083 1345 3141 if.
1372 3082 1660 3138 Dominus
1682 3098 1718 3138 a
1742 3082 1886 3138 dex-
2673 3083 2972 3151 Hymnus.

163 3174 289 3228 tris
328 3173 465 3229 tuis
495 3171 793 3241 confregit
812 3170 874 3227 in
905 3171 1118 3227 dieirae
1141 3188 1263 3228 suae
1289 3186 1475 3241 reges.
1504 3170 1803 3228 Judicabit
1826 3171 1887 3227 in
2246 3172 2411 3232 Veni.
2441 3170 2804 3242 Redemptor
2832 3168 3130 3237 Gentium,

163 3261 589 3326 nationibus,
621 3260 895 3332 implebit
926 3261 1173 3317 ruinas:
1222 3259 1655 3332 conquassabit
1692 3260 1890 3331 capita
2175 3261 2432 3318 Ostende
2469 3263 2713 3333 partum
2746 3257 3002 3329 Virginis
3030 3276 3044 3325 ;

166 3351 393 3407 multa
427 3350 495 3405 in
540 3354 702 3405 terra
726 3350 993 3421 copiosa.
1036 3352 1115 3405 De
1160 3353 1415 3405 torrente
1456 3348 1518 3404 in
1562 3349 1660 3405 via
1700 3348 1883 3405 vivit:
2174 3349 2403 3406 Miretur
2422 3363 2603 3404 omne
2635 3346 2967 3403 saeculum:

165 3445 536 3512 propterea
569 3438 851 3496 exaltavit
877 3443 1078 3512 caput.
2172 3438 2329 3494 Talis
2355 3437 2523 3493 decet
2554 3440 2759 3509 partus
2802 3436 3010 3491 Deum.

252 3529 661 3597 Antiphona.
681 3527 913 3592 Audite,
939 3528 1155 3583 domus
1175 3527 1353 3584 David
1378 3545 1391 3582 ε
1417 3527 1701 3582 Dominus
1721 3526 1887 3582 dabit
2244 3531 2369 3584 Non
2397 3543 2469 3583 ex
2498 3526 2647 3583 virili
2678 3525 2922 3595 semine,

172 3617 369 3672 vobis
404 3617 682 3686 signum.
716 3617 793 3671 P.
827 3619 973 3671 Ecce
1004 3616 1173 3686 virgo
1205 3615 1517 3687 concipiet,
1538 3619 1592 3669 et
1613 3614 1803 3686 pariet
1824 3614 1886 3667 fi-
2175 3617 2289 3673 Sed
2317 3616 2571 3688 mystico
2602 3615 2925 3687 spiramine

172 3704 367 3773 lium,
404 3709 470 3761 et
496 3705 789 3760 vocabitis
823 3719 1045 3759 nomen
1085 3705 1215 3775 ejus
1266 3703 1637 3759 Emmanuel.
1672 3703 1734 3762 ἣν.
1775 3706 1885 3757 Au-
2173 3705 2432 3760 Verbum
2458 3705 2557 3759 Dei
2590 3704 2813 3760 factum
2846 3718 3006 3771 caro,

177 3794 311 3851 dite
332 3796 503 3861 haec,
532 3810 748 3851 omnes
779 3797 992 3850 Gentes
1018 3812 1028 3849 :
1054 3794 1301 3849 auribus
1322 3794 1627 3866 percipite,
1659 3793 1763 3865 qui
1782 3793 1885 3850 ha-
2172 3794 2536 3865 Fractusque
2567 3793 2787 3849 ventris
2815 3792 3031 3847 ﬂoruit.

180 3882 403 3940 bitatis
435 3883 673 3940 orbem.
708 3884 783 3940 P.
830 3886 972 3939 Ecce
1019 3884 1184 3953 virgo
1228 3882 1540 3953 concipiet.
1570 3882 1628 3941 Ψ.
1667 3881 1881 3945 Gloria,
2242 3882 2422 3939 Alvus
2453 3881 2729 3938 tumescit
2758 3881 3034 3952 Virginis,

184 3978 243 4027 et
273 3974 494 4029 honor
527 3972 710 4042 Patri,
738 3976 850 4027 etc.
881 3972 946 4027 P.
975 3974 1121 4027 Ecce
1158 3971 1332 4040 Virgo
1356 3970 1668 4042 concipiet.
2172 3970 2440 4027 Claustra
2469 3970 2713 4042 pudoris
2746 3973 3098 4041 permanent
3123 3985 3136 4023 :

265 4062 513 4118 Oratio.
549 4061 821 4125 Domine,
845 4060 947 4131 qui
976 4062 1198 4115 Domus
1224 4058 1410 4114 David
1434 4056 1607 4125 signo
1629 4058 1884 4113 admira-

188 4149 299 4205 bili
334 4149 557 4205 salutis
591 4163 929 4219 properans
966 4148 1198 4216 Virgine
1228 4151 1437 4202 natum
1472 4145 1551 4201 ob
1595 4145 1883 4240 auxilium
1914 4187 1957 4240 D

190 4237 462 4295 humani
494 4238 734 4308 generis
765 4236 1076 4291 destinasti
1104 4253 1114 4290 ε
1152 4236 1327 4290 nobis
1359 4247 1593 4303 annue;
1634 4239 1693 4289 ut
1739 4234 1880 4303 vita,

195 4343 337 4399 quae
352 4328 556 4382 Mariae
580 4331 761 4399 partu
784 4324 1011 4395 prolata
1024 4328 1128 4395 est,
1148 4324 1550 4379 Ecclesiaetuae
1573 4323 1882 4378 sitzeterna

198 4417 545 4488 redemptio
571 4432 583 4470 :
611 4419 696 4477 ut,
728 4430 912 4485 quem
934 4413 1251 4469 illaventre
1285 4413 1555 4483 gestavit,
1581 4417 1878 4483 partuque

206 4503 372 4570 fudit,
421 4505 713 4560 eumdem
750 4518 864 4557 nos
897 4502 1075 4557 corde
1102 4502 1542 4574 concipiamus,
1576 4516 1645 4556 ac
1677 4504 1879 4555 nostro

210 4610 449 4667 semper
478 4591 869 4666 proferamus
901 4606 973 4645 ex
1003 4605 1121 4645 ore.
1162 4602 1223 4657 R'.
1261 4591 1467 4645 Amen.

277 4687 382 4740 Per
410 4680 768 4739 misericord
780 4680 899 4734 iam
923 4683 1115 4734 tuam.

274 4774 654 4843 Antiphona.
682 4769 924 4825 Elevate
947 4768 1186 4837 signum
1205 4767 1282 4824 ad
1301 4766 1586 4839 populos:
1609 4769 1752 4821 Ecce
1772 4767 1879 4820 Do-

222 4864 403 4921 minus
435 4863 723 4920 auditum
752 4858 891 4913 fecit
912 4858 969 4911 in
999 4857 1275 4912 extremis
1300 4862 1467 4911 terree
1501 4874 1513 4911 :
1547 4855 1722 4911 dicite
1745 4853 1880 4909 ﬁliae

222 4952 358 5009 Sion.
391 4956 444 5009 P.
482 4956 638 5009 Ecce
685 4946 962 5004 Salvator
996 4949 1130 5000 tuus
1178 4945 1356 5011 venit,
1400 4950 1454 4999 et
1492 4959 1720 4999 merces
1752 4943 1882 5013 ejus

213 5056 333 5101 cum
354 5060 444 5100 eo.
482 5042 543 5102 ἡ.
575 5043 815 5097 Omnes
839 5034 1053 5089 Gentes
1078 5033 1342 5105 plaudite
1368 5032 1647 5088 manibus
1678 5050 1690 5087 :
1726 5030 1880 5101 jubi-

205 5132 303 5189 late
336 5136 452 5190 Deo
477 5135 540 5189 in
576 5142 735 5185 voce
768 5122 1171 5179 exultationis.
1206 5122 1268 5177 P.
1289 5125 1432 5177 Ecce
1454 5121 1721 5178 Salvator
1744 5125 1879 5174 tuus

202 5226 359 5282 venit.
396 5225 452 5287 εἴ.
488 5219 732 5283 Gloria,
774 5215 834 5268 et
874 5212 1069 5266 honor
1113 5210 1291 5277 Patri,
1340 5215 1447 5265 etc.
1491 5212 1557 5265 P.
1589 5212 1731 5264 Ecce
1762 5207 1881 5263 Sal-

200 5320 352 5371 vator
382 5322 528 5371 tuus
560 5304 767 5365 venit.

254 5406 472 5463 Oratio.
505 5395 787 5459 Domine
819 5390 963 5443 Jesu
990 5386 1235 5451 Christe,
1270 5388 1372 5458 qui
1404 5385 1730 5443 Nativitatis
1767 5389 1880 5440 tuae

188 5504 361 5555 ortum
387 5490 623 5552 sideris
646 5474 1515 5541 indicioinnotuisti,et,erecto
1530 5473 1664 5530 ﬁdei
1687 5474 1878 5542 signo,

186 5597 435 5648 extrema
458 5591 652 5643 terra:
669 5566 1039 5640 conspicere
1064 5562 1343 5619 monuisti
1365 5564 1624 5637 :respice
1632 5563 1760 5633 jam
1774 5560 1885 5616 ele-

2173 4058 2392 4114 Vexilla
2419 4058 2708 4114 virtutum
2734 4057 2960 4111 micant
2987 4074 3001 4111 :

2170 4144 2451 4201 Versatur
2480 4146 2540 4200 in
2571 4143 2791 4215 templo
2816 4144 2989 4197 Deus.

2240 4233 2573 4289 Procedens
2605 4232 2678 4287 de
2705 4230 2967 4287 thalamo
2990 4245 3119 4294 suo,

2172 4322 2423 4378 Pudoris
2444 4320 2585 4377 aula
2610 4320 2774 4390 regia

2169 4409 2431 4467 Gemina:
2464 4411 2630 4481 gigas
2653 4408 3021 4475 substantiae,

2172 4500 2394 4556 Alacris
2420 4504 2484 4556 ut
2510 4498 2902 4555 curratviam.

2244 4592 2524 4658 Egressus
2555 4588 2683 4659 ejus
2712 4604 2746 4643 a
2768 4588 2969 4653 Patre;

2168 4676 2285 4749 46
2327 4680 2647 4747 Regressus
2678 4677 2807 4747 ejus
2839 4675 2915 4733 ad
2950 4674 3219 4741 Patrem;

2170 4769 2467 4821 Excursus
2490 4781 2675 4837 usque
2701 4764 2777 4819 ad
2810 4763 3051 4828 inferos,

2167 4856 2460 4910 Recursus
2485 4855 2561 4909 ad
2587 4853 2791 4909 sedem
2821 4851 2943 4907 Dei.

2240 4940 2501 5013 quualis
2532 4944 2765 4997 Eterno
2795 4938 2949 4994 Patri

2168 5030 2371 5085 Carnis
2401 5030 2673 5101 trophaeo
2705 5028 3012 5097 accingere
3040 5044 3051 5083 :

2169 5118 2408 5174 tnﬁrma
2437 5118 2623 5173 nostri
2645 5117 2913 5189 corporis

2166 5206 2385 5262 Virtute
2414 5206 2662 5260 ﬁrmans
2702 5203 3016 5277 perpetim.

2242 5298 2506 5366 Praesepe
2532 5295 2660 5365 jam
2700 5293 2883 5363 fulget
2922 5296 3113 5349 tuum.

2173 5386 2513 5455 Lumenque
2536 5398 2654 5438 nox
2687 5383 2870 5454 spirat
2902 5396 3151 5447 novum,

2170 5472 2335 5538 Quod
2374 5472 2538 5528 nulla
2566 5487 2683 5528 nox
2708 5470 3061 5543 interpollet,

2171 5561 2429 5633 Fideque
2458 5560 2588 5631 jugi
2608 5561 2821 5616 luceat.
