4076 6432
476 314 581 372 115

722 438 905 493 ano
928 434 1129 505 jacere
1154 434 1399 507 pertulit
1424 452 1439 493 :

652 527 928 595 Praesepe
956 538 1082 580 non
1107 522 1415 581 abhorruit
1446 542 1461 580 :

655 616 967 684 Parvaque
994 611 1147 668 lacte
1175 617 1386 685 pastus
1413 617 1521 683 est,

656 703 769 757 Per
794 715 977 772 quem
1007 714 1118 756 nec
1144 700 1269 757 ales
1300 703 1503 758 esurit.

731 787 961 844 Gaudet
990 787 1209 845 chorus
1236 789 1591 859 caelestium,

656 877 726 932 Et
745 875 947 948 Angeli
973 880 1198 933 canunt
1236 881 1387 947 Deo;

660 964 990 1035 Palamque
1013 964 1081 1020 ﬁt
1098 966 1440 1036 pastoribus

661 1053 889 1118 Pastor,
924 1053 1162 1110 Creator
1182 1054 1474 1111 omnium.

734 1140 932 1198 Gloria
958 1141 1085 1208 tibi,
1116 1141 1385 1210 Domine,

664 1229 774 1296 Qui
792 1232 971 1285 natus
1004 1245 1069 1286 es
1100 1228 1174 1285 de
1204 1230 1458 1301 Virgine,

666 1318 814 1375 Cum
838 1317 1027 1383 Patre,
1062 1321 1117 1375 et
1143 1320 1358 1374 Sancto
1385 1317 1601 1391 Spiritu

664 1409 729 1461 In
758 1406 1118 1478 sempiterna
1142 1405 1378 1463 saecula.

732 1510 942 1567 Amen.

554 1617 946 1688 Supplicatio.
967 1617 1217 1674 Oremus
1239 1617 1343 1673 Dei
1368 1616 1551 1674 Patris
1573 1614 2010 1688 Omnipotentis
2032 1614 2140 1670 mi-

486 1705 906 1772 sericordiam;
931 1705 1230 1777 supplices
1261 1705 1674 1777 imploremus,
1704 1709 1769 1760 ut
1811 1720 1925 1760 nos
1954 1703 2143 1773 gratia

489 1794 699 1850 Christi
728 1793 842 1859 sui,
873 1793 1112 1849 Domini
1136 1793 1326 1851 nostri
1348 1796 1487 1851 Jesu
1506 1793 1717 1851 Christi
1736 1792 2028 1866 propitius
2051 1792 2144 1863 ju-

491 1882 750 1941 stiﬁcare
780 1881 1077 1951 dignetur.

561 1991 798 2058 Praesta,
828 1990 1077 2051 Eterne,
1098 1988 1490 2059 Omnipotens
1507 1988 1882 2060 Deus.Kyrie,
1901 1987 2143 2044 eleison.

491 2089 557 2149 ηε.
582 2077 825 2143 Christe,
855 2076 1095 2133 eleison.
1128 2078 1323 2150 Kyrie,
1355 2077 1596 2137 eleison.

567 2183 1770 2256 0apitula.Borate,Coali,desuper,utique
1785 2184 2147 2257 prophetan-

493 2272 569 2328 do
583 2272 961 2341 Christum,et
974 2272 1166 2327 nubes
1182 2272 1642 2343 pluantjustum;
1658 2273 1802 2328 dum
1823 2274 2011 2329 sancti
2024 2288 2149 2329 om-

493 2375 602 2419 nes
626 2361 755 2431 ejus
775 2365 1195 2431 praeconantur
1209 2360 2145 2433 adventum.Aperiaturterra,ut,

494 2449 715 2520 Angelo
733 2448 957 2504 scilicet
984 2448 1341 2522 alloquente,
1368 2449 1540 2519 Virgo
1553 2451 1868 2521 concipiat,
1888 2455 1945 2507 et
1958 2449 2151 2523 pariat

498 2539 887 2597 Salvatorem.
911 2540 1011 2593 Hic
1045 2538 1223 2607 igitur
1258 2553 1375 2602 ros,
1409 2539 1513 2611 qui
1536 2538 1645 2594 abs
1674 2544 1730 2595 te
1756 2542 1844 2595 est
1871 2539 2152 2611 Omnipo-

496 2632 631 2684 tens
659 2630 848 2691 Pater,
876 2641 1182 2695 rogamus,
1214 2630 1269 2682 et
1288 2627 1566 2698 petimus,
1597 2631 1662 2683 ut
1686 2627 1790 2683 ﬁat
1817 2628 2040 2683 sanitas
2065 2627 2152 2682 in-

496 2714 810 2770 ﬁrmorum
835 2729 849 2778 ;
868 2713 1079 2779 et,haec
1097 2712 1305 2785 pluvia
1320 2715 1579 2770 Matutini
1601 2716 1908 2787 temporis,
1923 2715 2147 2787 praebe,

496 2802 683 2858 nostri
710 2802 997 2872 temporis
1012 2801 1289 2857 infundat
1312 2807 1576 2859 arentem
1589 2804 1969 2875 ,quae,infusa
1985 2807 2150 2860 tanta

497 2890 708 2960 gratia,
738 2889 1104 2960 praeteritum
1129 2888 1361 2945 facinus
1378 2890 1601 2955 abluat,
1631 2895 1686 2947 et
1712 2896 2001 2947 aeternum
2022 2906 2147 2947 cre-

495 2977 775 3034 dentibus
799 2977 1038 3048 justitiae
1066 2977 1269 3033 lumen
1287 2978 1592 3051 infundat;
1612 2995 1847 3036 necnon
1877 2980 2147 3052 ejusdem

1755 302 2219 367 BRDVIARIUM
2257 303 2650 364 GOTHICUM.

2161 430 2208 487 Α
2310 432 2534 490 Oratio.
2569 431 2843 496 Benedic,
2863 427 3136 495 Domine,
3167 398 3481 483 coronam.
3511 417 3780 491 Require
3809 414 3925 472 hic

3800 288 3925 348 116

2236 521 2428 591 infra.

2806 608 2901 664 Ad
2936 604 3324 663 Matutinum.

2309 697 2685 767 Antiphone.
2713 694 2950 753 Domini
2981 697 3066 749 est
3087 692 3247 748 salus
3277 706 3291 746 :
3319 690 3376 744 et
3396 694 3581 759 super
3598 682 3928 758 populum

2240 789 2432 850 tuum,
2466 785 2713 842 Domine
2737 782 3073 841 benedictio
3092 785 3215 836 tua.
3243 778 3403 834 Psal.
3431 790 3513 831 ιιι.

2315 874 2539 929 Oratio.
2572 874 2658 929 Tu
2687 889 2771 940 es,
2816 871 3086 936 Domine,
3118 867 3297 933 salus,
3329 870 3387 922 et
3424 869 3527 921 tua
3557 867 3650 920 est
3672 860 3857 918 salus
3903 876 3922 916 ε

2241 964 2400 1020 hanc
2428 962 2763 1032 gaudemus
2792 960 2854 1017 in
2879 960 3052 1016 nobis
3086 956 3365 1027 largitam
3391 972 3407 1010 :
3438 954 3597 1009 hanc
3621 965 3835 1024 usque
3854 950 3926 1007 in

2242 1051 2425 1107 ﬁnem
2463 1055 2579 1107 ate
2604 1051 2861 1123 petimus
2885 1046 3261 1118 largiendam
3293 1064 3305 1103 :
3350 1041 3610 1108 effunde,
3651 1055 3924 1113 quassu-

2244 1156 2400 1205 mus,
2429 1155 2606 1211 super
2634 1138 2927 1212 populum
2953 1140 3131 1196 tuum
3154 1132 3636 1191 benedictionem
3688 1133 3880 1185 tuam
3907 1142 3924 1194 ;

2246 1232 2311 1284 ut
2333 1228 2597 1300 privetur
2624 1227 2959 1285 maledictio
2987 1241 3202 1301 paena,
3244 1227 3302 1280 et
3328 1222 3577 1278 ditescat
3624 1220 3689 1276 in
3727 1216 3929 1276 nobis

2244 1312 2469 1373 fructus
2495 1316 2759 1386 justitiaa,
2787 1321 2965 1388 atque
2985 1314 3217 1371 laetitiis.
3248 1324 3312 1382 ﬁ.
3334 1313 3548 1367 Amen.

2318 1408 2429 1462 Per
2457 1405 2929 1463 misericordiam
2950 1409 3115 1461 tuam
3142 1403 3298 1457 Deus
3326 1403 3550 1455 noster.

2318 1494 2683 1562 Antiphona.
2705 1494 2769 1549 In
2786 1493 2880 1549 die
2903 1491 3153 1561 insignis
3180 1486 3572 1545 solemnitatis
3590 1484 3934 1541 nostras.P.

2249 1581 2505 1638 Benedic
2536 1582 2691 1638 Deus
2735 1597 3022 1638 coronam
3060 1580 3202 1636 anni
3244 1573 3637 1645 benignitatis
3678 1576 3829 1638 tuae,
3868 1578 3938 1631 ut

2252 1670 2446 1742 campi
2474 1671 2557 1725 tui
2581 1670 2921 1742 repleantur
2945 1670 3231 1725 ubertate.
3261 1667 3322 1727 ιζ’.
3345 1666 3419 1721 Te
3444 1662 3613 1719 decet
3638 1664 3938 1735 Hymnus

2174 1768 2220 1823 Β
2251 1759 2408 1814 Deus
2435 1759 2495 1814 in
2531 1759 2667 1814 Sion
2693 1775 2705 1825 ;
2740 1763 2798 1815 et
2829 1757 2931 1814 tibi
2977 1757 3259 1813 reddetur
3286 1757 3498 1811 votum
3538 1752 3599 1807 in
3626 1751 3936 1807 Hierusa-

2250 1847 2395 1905 lem.
2430 1847 2498 1903 P.
2540 1848 2781 1903 Benedic
2826 1850 2997 1903 Deus.
3038 1847 3100 1906 γ.
3144 1844 3360 1908 Gloria,
3406 1846 3461 1900 et
3500 1842 3702 1899 honor
3734 1839 3932 1907 Patri,

2255 1940 2309 1993 et
2333 1935 2495 2003 Filio,
2525 1939 2633 1992 etc.
2664 1937 2723 1992 P.
2747 1935 3003 1992 Benedic
3030 1936 3207 1991 Deus.

2328 2025 2544 2081 Oratio.
2580 2025 2846 2093 Benedic,
2872 2023 3140 2091 Domine,
3158 2032 3445 2078 coronam
3466 2016 3609 2074 anni
3628 2014 3934 2086 benigni-

2257 2113 2392 2169 tatis
2420 2117 2570 2180 tuee;
2600 2117 2662 2168 ut
2683 2118 2739 2169 et
2768 2116 2994 2169 mentes
3024 2111 3199 2183 copia
3228 2108 3520 2165 Doctrinas
3551 2105 3929 2175 refulgeant,

2258 2205 2315 2257 et
2349 2201 2545 2274 campi
2584 2201 2881 2257 donorum
2922 2205 3160 2257 tuorum
3190 2198 3458 2254 ubertate
3488 2196 3931 2268 pinguescant.

2260 2293 2387 2356 Quo
2411 2292 2492 2347 ita
2520 2290 2692 2346 nobis
2725 2289 3058 2346 substantia
3083 2305 3220 2345 cum
3246 2292 3351 2344 tua
3370 2286 3563 2358 gratia
3582 2283 3936 2355 largiatur;

2257 2383 2323 2435 ut
2342 2385 2396 2435 et
2426 2395 2563 2435 caro
2590 2378 2883 2451 frugibus,
2912 2384 2967 2434 et
2984 2379 3188 2434 anima
3203 2376 3420 2433 divinis
3442 2378 3616 2449 pasta
3642 2371 3937 2430 conlaete—

2258 2472 2352 2525 tur
2375 2466 2706 2524 virtutibus.
2741 2478 2809 2538 It].
2845 2469 3052 2522 Amen.

2332 2560 2436 2613 Per
2465 2557 2936 2613 misericordiam
2960 2558 3142 2612 tuam.

2328 2647 2681 2718 Antiphona.
2701 2646 3165 2719 Aspiciebam,et
3175 2661 3309 2701 ecce
3322 2645 3482 2702 enim
3494 2643 3777 2701 nubibus
3792 2642 3939 2699 coeli

2260 2734 2370 2808 47
2406 2736 2584 2807 quasi
2601 2735 2757 2790 ﬁlius
2775 2736 3034 2791 hominis
3056 2735 3350 2791 veniebat.
3375 2734 3437 2788 P.
3464 2734 3528 2789 Et
3548 2731 3734 2789 datus
3759 2738 3858 2790 est
3881 2734 3938 2789 ei

2258 2824 2648 2897 principatus,
2674 2824 3015 2889 ethonor,et
3030 2840 3282 2894 regnum
3306 2829 3390 2889 ;et
3409 2824 3607 2879 omnis
3627 2821 3932 2897 populus,

2259 2912 2544 2977 tribus,ac
2564 2912 2783 2983 linguae
2801 2914 2913 2984 ipsi
2944 2913 3225 2971 serviunt.
3248 2916 3308 2970 P.
3333 2912 3601 2969 Potestas
3627 2912 3789 2983 ejus,
3818 2927 3937 2985 po-

2257 3002 2434 3057 testas
2463 3006 2702 3070 aaterna,
2736 3016 2871 3075 quis
2898 3017 3019 3058 non
3051 3002 3377 3067 auferetur;
3400 3005 3737 3071 etregnum
3767 3001 3933 3072 ejus,

498 3066 621 3169 Filii
641 3066 725 3169 tui
753 3065 989 3169 Domini
1012 3066 1555 3169 nostri‘indemnes
1580 3069 2146 3169 ,ρξωεεξηῐξαξῐῇοοη-
2178 3113 2219 3169 C
2257 3089 2420 3163 quod
2452 3106 2570 3147 non
2601 3065 3031 3165 corrumpetur.
3067 3090 3128 3153 it.
3158 3093 3223 3148 Et
3252 3065 3668 3153 dominabitur
3698 3105 3738 3147 a
3770 3065 3937 3147 mari

499 3158 747 3219 tuentes,
762 3158 941 3225 atque
958 3168 1097 3209 cum
1117 3154 1398 3210 cmiicolis
1418 3157 1592 3212 coetui
1614 3158 1741 3228 ejus
1762 3156 1821 3213 in
1842 3156 2032 3228 jubilo
2048 3173 2145 3213 oc-

500 3243 825 3306 currentes,
855 3240 971 3297 hoc
987 3242 1287 3297 canticum
1312 3242 1524 3299 laetitias
1547 3246 1946 3316 praecinamus
1965 3261 2147 3303 ovan-

500 3334 587 3386 ter
614 3347 628 3385 :
668 3328 1033 3398 Benedictus,
1054 3329 1158 3401 qui
1187 3330 1350 3386 venit
1372 3331 1432 3387 in
1457 3332 1701 3389 nomine
1719 3334 1975 3401 Domini,
1993 3336 2147 3391 Deus

500 3418 807 3487 Dominus,
830 3422 889 3474 et
906 3417 1097 3474 illuxit
1123 3418 1300 3475 nobis
1320 3437 1332 3487 ;
1357 3420 1527 3491 cujus
1547 3437 1656 3478 nos
1673 3423 1966 3479 adventus
1984 3423 2148 3480 rede-

500 3506 628 3572 mit,
657 3509 715 3562 et
739 3505 1023 3561 Nativitas
1053 3505 1363 3565 illustravit
1396 3530 1407 3561 :
1440 3509 1544 3575 Qui
1566 3511 1815 3567 veniens
1835 3510 2149 3583 requisivit

500 3593 791 3668 perditos,
821 3597 878 3649 et
905 3592 1262 3652 illuminavit
1289 3597 1349 3651 in
1368 3598 1620 3654 tenebris
1642 3599 2010 3656 constitutos.
2032 3599 2148 3655 Tri-

498 3682 621 3738 bue
647 3697 788 3753 ergo
811 3682 1195 3754 Omnipotens
1208 3686 1393 3751 Pater,
1417 3689 1482 3741 ut
1500 3686 1659 3743 diem
1676 3687 2003 3744 Nativitatis
2020 3688 2147 3759 ejus

503 3769 923 3840 itadevotione
953 3771 1223 3842 piissime
1251 3773 1642 3847 celebremus,
1668 3780 1735 3832 ut
1754 3776 1960 3847 judicii
1986 3776 2148 3832 diem

504 3857 895 3914 mitissimum
925 3860 1252 3917 sentiamus
1276 3878 1289 3918 :
1324 3867 1408 3931 ut,
1435 3865 1607 3936 cujus
1632 3863 2066 3934 benignitatem
2088 3863 2149 3919 in

504 3946 912 4020 redemptione
942 3950 1349 4020 cognovimus,
1378 3952 1504 4023 ejus
1532 3951 1813 4024 pietatem
1840 3952 1901 4008 in
1925 3951 2150 4022 judicio

505 4038 883 4091 mansuetam
912 4037 1257 4094 sentiamus.

576 4123 748 4179 Pater
768 4129 993 4180 noster.
1034 4126 1291 4185 Liberati
1318 4142 1355 4185 a
1382 4128 1566 4186 malo.
1598 4128 1852 4199 Require
1886 4128 1998 4198 fol.
2028 4133 2079 4193 2,

575 4229 936 4287 Benedictio.
965 4232 1286 4290 Benedicat
1311 4249 1421 4291 vos
1447 4232 1735 4290 Dominus
1762 4236 1961 4290 noster
1982 4236 2154 4291 Jesus

508 4317 786 4383 Christus,
811 4319 915 4391 qui
941 4320 1080 4378 olim
1094 4321 1156 4377 in
1172 4323 1283 4379 hac
1308 4324 1403 4379 die
1428 4321 1768 4395 pastoribus
1786 4321 1845 4377 in
1863 4324 2154 4395 praesepio

506 4405 784 4476 apparuit
811 4406 1123 4477 gloriosus.
1157 4416 1218 4481 ny.
1252 4414 1465 4468 Amen.
1494 4408 1623 4481 lpse
1651 4424 1763 4465 nos
1793 4408 1853 4465 in
1874 4411 2157 4467 omnibus

505 4496 795 4564 protegat,
827 4511 897 4552 ac
918 4496 1216 4563 defendat,
1232 4497 1337 4571 qui
1360 4512 1471 4570 pro
1490 4496 1666 4553 nobis
1688 4498 2021 4554 misericors
2042 4499 2155 4555 hu-

506 4596 749 4637 manam
778 4586 1036 4658 suscepit
1059 4585 1391 4642 infantiam.
1414 4597 1477 4658 13;.
1496 4589 1702 4640 Amen.
1722 4584 1831 4649 Qui
1861 4590 2057 4641 noster
2072 4591 2159 4642 est

508 4668 816 4739 Dominus,
845 4678 901 4729 et
920 4673 1297 4746 Redemptor,
1325 4674 1453 4746 ipse
1483 4689 1595 4729 nos
1624 4673 1685 4728 in
1706 4677 1992 4730 aeternum
2023 4690 2158 4747 pro-

506 4758 681 4829 pitius
701 4776 1055 4819 conservare
1077 4762 1371 4832 dignetur.
1404 4773 1465 4829 ιι.
1495 4764 1701 4817 Amen.

576 4850 679 4903 Per
708 4850 1181 4908 misericordiam
1211 4849 1397 4921 ipsius
1430 4850 1531 4906 Dei
1562 4850 1766 4908 nostri.

578 4955 799 5013 Lauda.
815 4958 1144 5027 Antequam
1158 4956 1361 5012 ﬁrmos
1374 4960 1605 5029 pararet
1620 4960 1838 5015 montes
1858 4959 1968 5014 sub
1983 4958 2153 5015 coelo:

505 5059 643 5099 cum
664 5059 734 5100 eo
760 5060 923 5100 eram
946 5058 1316 5115 componens
1334 5046 1536 5103 omnia
1562 5064 1573 5113 ;
1598 5046 1942 5117 gratulabar
1954 5052 2155 5105 autem

503 5133 646 5189 orbe
680 5132 960 5205 perfecto.
996 5135 1054 5187 P.
1079 5135 1199 5202 Ego
1231 5150 1385 5205 sum,
1414 5137 1506 5191 cui
1536 5136 1705 5193 Pater
1736 5136 2156 5206 congaudebat

502 5220 786 5294 quotidie.
811 5220 1078 5283 Alleluia,
1109 5222 1373 5282 Alleluia.
1407 5225 1468 5286 if.
1509 5227 1667 5281 Tunc
1698 5225 1819 5281 dixi
1848 5242 1860 5280 ε
1894 5228 2035 5279 Ecce
2060 5241 2155 5280 ve-

500 5309 603 5364 nio
632 5326 646 5375 ;
678 5308 738 5362 in
751 5312 947 5379 capite
967 5307 1099 5365 libri
1124 5312 1411 5385 scriptum
1436 5318 1523 5370 est
1551 5313 1625 5371 de
1646 5328 1741 5370 me
1766 5333 1783 5385 ;
1815 5316 1876 5370 ut
1897 5312 2154 5368 facerem

498 5395 871 5450 voluntatem
892 5399 1078 5453 tuam.
1124 5398 1183 5452 P.
1236 5400 1354 5471 Ego
1383 5418 1538 5467 sum,
1572 5400 1667 5458 cui
1715 5404 1898 5457 Pater.
1928 5399 1985 5462 ii'.
2018 5400 2152 5456 Glo-

498 5482 607 5544 ria,
641 5485 698 5536 et
722 5480 914 5539 honor
952 5486 1125 5545 Patri.
1159 5491 1214 5545 et
1253 5489 1414 5557 Filio,
1461 5492 1569 5546 etc.
1607 5490 1673 5543 P.
1715 5486 1835 5560 Ego
1870 5504 2023 5555 sum,
2058 5490 2151 5544 cui

498 5571 689 5626 Pater.

2257 3192 2451 3251 usque
2490 3178 2569 3235 ad
2598 3194 2783 3245 mare,
2810 3182 2915 3236 eta
2932 3178 3181 3235 ﬂumine
3204 3195 3393 3252 usque
3419 3178 3500 3236 ad
3521 3178 3820 3236 terminos
3841 3195 3940 3238 or-

2255 3267 2349 3323 bis
2386 3271 2698 3324 terrarum.
2729 3266 2792 3323 P.
2822 3268 2885 3323 Et
2905 3268 3080 3325 datus
3102 3272 3189 3325 est
3218 3269 3289 3325 ei.
3312 3268 3380 3328 ἲν.
3407 3267 3625 3336 Gloria,
3650 3271 3709 3326 et
3728 3266 3941 3327 honor

2258 3356 2429 3418 Patri,
2458 3359 2515 3413 et
2544 3357 2707 3424 Filio,
2740 3361 2847 3414 etc.
2883 3357 2944 3413 P.
2980 3359 3241 3415 Potestas
3269 3357 3420 3430 ejus,
3450 3363 3738 3432 potestas.

2331 3445 2556 3501 Oratio.
2594 3446 2914 3517 [inigenite,
2954 3447 3051 3503 Fili
3082 3447 3185 3502 Dei
3216 3447 3431 3515 Patris,
3453 3446 3558 3519 qui
3591 3447 3938 3519 aspiciente
3962 3511 3981 3520 ο

2257 3533 2550 3605 Propheta
2568 3532 2629 3588 in
2658 3534 3063 3591 ccelinubibus
3078 3534 3247 3591 Filius
3268 3534 3530 3591 hominis
3556 3533 3934 3605 declararis;

2259 3621 2353 3676 cui
2385 3620 2555 3676 Pater
2584 3622 2784 3696 utique
2815 3623 3216 3696 principatum
3247 3628 3301 3679 et
3326 3638 3581 3693 regnum
3609 3623 3929 3695 attribuit;

2259 3708 2407 3765 dum
2431 3708 2635 3765 omnia
2661 3712 2935 3782 potestati
2965 3716 3077 3768 tuas
3123 3711 3375 3785 subjecit
3406 3729 3418 3767 :
3463 3710 3556 3768 fac
3604 3728 3748 3780 nos,
3795 3728 3935 3771 esse

2258 3813 2512 3868 regnum
2541 3802 2727 3867 tuum,
2762 3799 3023 3856 tribuens
3050 3800 3225 3856 nobis
3243 3799 3686 3872 municipatum
3709 3815 3938 3876 perpe-

2262 3891 2451 3954 tuum,
2486 3888 2911 3960 coaeternisque
2938 3904 3173 3965 semper
3214 3888 3521 3945 desideriis
3566 3882 3939 3949 anhelantes

2262 3974 2443 4031 futuri
2501 3975 2689 4047 regni,
2755 3992 3094 4033 mereamnr
3136 3978 3386 4035 existere
3437 3972 3795 4038 coheredes.
3858 3993 3931 4043 ιι.

2264 4063 2473 4120 Amen.

2337 4150 2445 4207 Per
2474 4151 2945 4209 misericordiam
2978 4158 3166 4210 tuam.

2336 4240 2703 4310 Antiphona.
2733 4240 2876 4297 Ecce
2907 4242 3199 4299 annuntio
3228 4242 3403 4299 vobis
3425 4242 3722 4314 gaudium
3755 4262 3940 4318 mag-

2266 4343 2433 4390 num,
2462 4328 2619 4401 quod
2651 4329 2757 4385 erit
2784 4330 3061 4386 universo
3113 4331 3338 4405 populo
3373 4349 3385 4386 :
3415 4330 3595 4389 hodie
3630 4336 3821 4391 natus
3854 4341 3945 4393 est

2268 4415 2533 4475 nobis.P.
2550 4417 2821 4474 Salvator
2845 4419 3076 4487 mundi,
3100 4419 3577 4493 quiestChristus
3594 4418 3947 4495 Dominus;

2266 4504 2327 4561 in
2358 4506 2590 4563 civitate
2624 4505 2812 4563 David
2841 4508 3136 4577 regnabit,
3160 4513 3215 4564 et
3247 4508 3486 4582 sapiens
3513 4508 3645 4577 erit,
3676 4515 3737 4566 et
3767 4514 3946 4584 regni

2267 4596 2317 4667 ej
2332 4613 2397 4650 us
2422 4612 2542 4651 non
2564 4596 2674 4652 erit
2711 4596 2869 4652 iinis.
2902 4597 2963 4655 Ψ.
2996 4597 3299 4670 Lapidem,
3326 4614 3509 4671 quem
3556 4598 3947 4673 reprobave-

2267 4689 2403 4740 runt
2429 4685 2791 4741 aediﬁcantes
2826 4729 2839 4753 ,
2872 4686 2965 4742 hic
2996 4686 3186 4741 factus
3216 4691 3303 4741 est
3330 4686 3391 4741 in
3418 4691 3600 4759 caput
3631 4690 3942 4762 anguli.P.

2270 4773 2536 4830 Salvator
2561 4773 2901 4847 mundi,qui
2923 4778 3009 4831 est
3031 4772 3312 4831 Christus.
3338 4774 3624 4842 Y.Gloria,
3652 4780 3709 4832 et
3732 4778 3941 4836 honor

2268 4862 2446 4929 Patri,
2480 4868 2534 4919 et
2568 4862 2725 4930 Filio,
2752 4868 2860 4919 etc.
2888 4866 2942 4919 P.
2969 4863 3235 4920 Salvator
3256 4862 3487 4932 mundi,
3511 4865 3617 4941 qui
3644 4872 3742 4923 est
3774 4867 3946 4925 Chri-

2268 4954 2412 5007 stus.

2338 5042 2556 5097 Oratio.
2604 5044 2696 5105 Te,
2737 5042 3001 5112 Domine,
3028 5040 3279 5109 favente,
3318 5042 3722 5101 annuncietur
3754 5047 3942 5107 nobis

2269 5132 2455 5185 sancti
2485 5130 2689 5200 Angeli
2718 5131 3045 5186 ministerio
3086 5131 3377 5202 gaudium
3408 5147 3730 5203 magnum,
3768 5136 3943 5209 quod

2266 5219 2489 5290 populo
2516 5220 2587 5275 sit
2617 5218 2937 5276 christiano
2968 5220 3029 5274 in
3064 5224 3183 5275 toto
3204 5220 3332 5289 jam
3360 5221 3618 5277 mundo.
3661 5222 3944 5281 Christus

2266 5308 2425 5362 enim
2450 5308 2736 5362 Dominus
2754 5308 2932 5363 hodie
2950 5312 3125 5363 natus
3144 5314 3230 5364 est
3249 5308 3527 5363 omnibus
3552 5306 3940 5386 salus,atque

2267 5398 2534 5451 Salvator
2552 5400 2803 5451 internus
2820 5396 2879 5452 in
2899 5397 3130 5453 civitate
3148 5396 3493 5471 David,quce
3511 5402 3602 5453 est
3620 5400 3901 5459 Ecclesia
3925 5422 3937 5472 ;

2263 5484 2324 5539 in
2356 5501 2424 5539 ea
2446 5501 2687 5558 quoque
2721 5485 2848 5541 sine
2869 5486 2986 5542 line
3009 5486 3453 5555 regnabit,dum
3472 5504 3610 5544 eam
3637 5506 3839 5565 usque
3858 5492 3940 5549 ad

2261 5574 2444 5630 tinem
2460 5574 2807 5645 custodit,ac
2818 5576 2964 5648 regit
2991 5592 3003 5630 :
3037 5577 3255 5633 Praesta
3267 5581 3501 5647 ergo,ut
3512 5593 3651 5635 eam
3665 5594 3938 5653 regnum
