4076 6432
223 268 293 324 ll?
1430 282 1500 339 IN
1546 279 1665 337 DIE
1705 278 2151 341 NATIVITATIS
2194 285 2475 346 DOMINI.
3565 306 3666 361 118

222 408 460 501 suum?!
485 399 635 501 toto
663 400 941 501 efﬁciat,
1138 406 1199 464 in
1212 409 1333 465 toto
1350 408 1581 465 mundo
1593 406 1819 501 dilatat»,
1846 409 1906 463 et
1936 407 1979 463 A
2018 408 2122 480 qui
2153 414 2295 471 tunc
2323 415 2385 471 in
2409 416 2699 473 faciendis
2728 418 2907 475 rebus
2928 420 3141 478 aderas
3188 421 3505 496 institutor,
3525 429 3663 501 pius

222 485 522 587 cmicstium
559 492 916 587 aeternitati
947 494 1074 551 sine
1093 494 1213 552 ﬁne
1256 497 1536 555 associat.
1574 509 1637 567 ny.
1688 497 1899 554 Amen.
2012 512 2307 570 appareas
2337 503 2398 558 in
2441 505 2617 561 nobis
2662 506 2977 564 retributor
3002 527 3015 563 :
3040 514 3096 565 et
3133 512 3275 583 quia
3334 485 3661 587 antequam

276 576 928 675 Pernmiserieordiam-
947 586 1135 643 tuam,
1858 674 1865 675 γ
2008 589 2271 644 mundus
2285 597 2579 649 constaret
2598 594 2655 648 in
2702 595 3059 654 sublimitate
3090 576 3171 655 te-
3187 576 3511 659 habitasse.
3529 620 3660 675 per-

278 677 329 734 ly.
359 664 761 759 Hierusalem
778 669 968 726 hodie
994 678 1173 729 natus
1206 679 1293 730 est
1320 675 1424 732 tibi
1467 675 1740 746 Princeps
1778 674 1897 731 Sal-
2006 677 2349 745 pendimus,
2376 696 2411 736 a
2440 683 2654 737 nostris
2674 664 3652 759 colluvionibusliberiexistamus;

225 760 369 813 vetor
390 758 686 813 omnium
711 778 729 830 ;
750 760 833 815 ad
848 762 1352 836 cujusimperium
1370 765 1772 823 movebuntur
1785 764 1896 819 vir-
2004 767 2068 819 ut
2088 765 2160 819 ad
2186 766 2586 838 instarlegalis
2615 773 2909 828 columnae
2937 791 3117 846 super
3141 792 3328 847 quam
3370 778 3654 836 thronum

224 852 355 903 tates
380 846 731 904 ccelorum:
756 851 1039 921 regnabit
1069 854 1130 909 in
1157 859 1540 923 eeternum,et
1559 855 1747 925 gloria
1763 856 1892 925 ejus
2002 856 2173 908 tuum
2203 859 2548 927 apparuisse
2574 860 2923 926 denuncias,
2958 878 3079 918 non
3108 846 3316 920 itidem
3361 866 3653 937 supplices

221 952 344 991 cum
371 941 549 992 terrae
571 953 754 1009 pace.
788 941 861 994 P.
884 940 953 995 In
989 942 1235 998 excelsis
1250 944 1328 999 ab
1358 944 1598 1014 Angelis
1628 943 1891 999 declara-
1999 944 2134 996 tuos
2154 959 2261 1015 per
2290 948 2494 1002 omnia
2516 948 2735 1004 similes
2759 951 2999 1021 reddas,
3027 968 3148 1025 quo
3174 954 3249 1009 de
3268 959 3519 1027 utroque
3533 973 3651 1012 mu-

219 1030 319 1081 tur.
362 1026 425 1084 ν.
465 1027 774 1083 Dominus
813 1031 1106 1101 regnavit,
1144 1031 1423 1089 decorem
1447 1033 1670 1089 induit:
1695 1032 1887 1089 induit
1995 1044 2135 1086 nere
2165 1032 2332 1089 laetos
2362 1036 2619 1103 effectos,
2653 1054 2791 1095 cum
2814 1041 3032 1097 sanctis
3064 1042 3176 1098 tuis
3203 1042 3389 1100 facias
3418 1026 3651 1115 parma.

216 1115 501 1171 Dominus
533 1114 980 1184 fortitudinem,
1014 1124 1070 1175 et
1089 1121 1498 1193 praecinxitse.
1524 1122 1590 1178 P.
1617 1123 1681 1177 In
1697 1122 1884 1177 excet-
1992 1132 2133 1175 nere
2161 1120 2401 1179 illaesos.
2438 1136 2501 1195 ἢ.
2532 1126 2738 1182 Amen.

210 1204 311 1261 sis.
349 1204 415 1264 ῒ.
439 1204 753 1261 Mirabiles
789 1206 1081 1264 elationes
1102 1210 1305 1273 maris,
1329 1210 1617 1267 mirabilis
1652 1210 1713 1266 in
1750 1210 1881 1267 altis
2065 1207 2175 1263 Per
2200 1210 2679 1270 misericordiam.

200 1292 526 1357 Dominus,
552 1293 629 1349 P.
664 1292 757 1349 Ab
782 1295 1043 1367 Angelis.
1077 1296 1137 1356 γ,
1172 1296 1386 1363 Gloria,
1414 1303 1471 1355 et
1498 1299 1876 1365 honorPatri,
2062 1298 2430 1366 Antiphone.
2464 1304 2610 1357 Ante
2641 1304 2819 1359 colles
2842 1321 2952 1375 ego
3001 1307 3411 1377 parturiebar:
3446 1309 3643 1367 adhuc

196 1384 249 1437 et
282 1381 448 1447 Filio,
483 1385 601 1438 etc.
626 1381 694 1439 Ρ,
727 1385 794 1438 In
818 1383 1089 1441 excelsis,
1988 1387 2204 1440 terram
2228 1401 2348 1442 non
2379 1388 2619 1445 fecerat.
2659 1392 2723 1445 P.
2752 1393 3003 1456 Quando
3034 1394 3213 1449 caelos
3240 1397 3638 1467 praeparebat,

264 1470 505 1527 Oratio.
540 1473 663 1528 Fac
690 1487 827 1535 nos,
850 1472 1318 1541 Domine,beataa
1339 1476 1493 1532 illius
1511 1477 1876 1535 Hierusalem
1985 1472 2267 1530 aderam:
2303 1475 2444 1532 dum
2486 1477 2733 1533 vallaret
2790 1482 2939 1536 mari
2980 1482 3280 1547 terminos,
3334 1487 3390 1538 et
3442 1484 3637 1554 legem

186 1559 725 1625 visionelaetari,et
740 1561 800 1615 in
815 1563 1182 1633 gremioejus
1212 1571 1498 1636 perpetua
1505 1566 1873 1636 jocunditate
1983 1566 2229 1630 Ροηενθί
2256 1565 2568 1635 δίῖυίενθϐο
2599 1581 2781 1622 θΐέὶωο
2817 1568 2882 1627 V-
2922 1571 3081 1624 Tunc
3098 1569 3239 1625 diXii
3274 1585 3409 1626 ecce
3433 1572 3632 1639 venio.

183 1648 488 1711 attollimt
507 1649 572 1705 in
595 1649 769 1720 cujus
791 1651 1020 1720 gremio
1038 1656 1385 1708 sanctorum
1400 1653 1718 1711 multitudo
1735 1671 1871 1711 con.
1981 1647 2040 1703 in
2064 1650 2253 1719 capite
2280 1650 2413 1706 libri
2445 1654 2735 1724 scriptum
2754 1661 2839 1710 est
2864 1656 2938 1710 de
2959 1662 3145 1722 me,ut
3158 1658 3415 1714 facerem
3436 1659 3635 1715 volun-

184 1736 458 1802 sistit;in
476 1739 612 1808 ejus
634 1753 881 1810 quoque
897 1752 1009 1794 nos
1030 1740 1168 1795 sinu
1184 1748 1871 1813 essecompotesmerea‘
1898 1765 1941 1818 Β
1980 1739 2161 1793 tatem
2194 1744 2376 1796 luam.
2411 1742 2469 1795 Ρ.
2500 1743 2752 1806 Quando
2776 1744 3058 1805 “1810807-
3084 1745 3300 1813 Gloria,
3343 1750 3398 1802 et
3438 1746 3634 1804 honor

181 1841 364 1882 mur:
388 1831 455 1882 ut
477 1827 989 1898 Unigenitustuus
1011 1829 1290 1901 princeps
1311 1831 1515 1903 utique
1531 1834 1868 1890 etomnium
1978 1825 2155 1894 Patri.
2184 1831 2239 1882 et
2272 1828 2429 1891 Filio,
2459 1834 2573 1884 etc-
2612 1831 2656 1884 Ρ
2709 1832 2960 1895 Quando
3009 1833 3188 1887 003105
3233 1835 3627 1905 prfeparabat.

180 1914 493 1979 Salvator,
529 1915 609 1971 ad
636 1917 810 1987 cujus
832 1917 1152 1989 iluperium
1171 1919 1563 1975 movebuntur
1578 1921 1865 1977 caelorum
2050 1913 2275 1970 Oratio.
2309 1915 2583 1972 Doctrina
2608 1918 2730 1985 Dei,
2760 1920 3063 1990 Sapientia
3092 1921 3296 1985 Patris,
3329 1922 3435 1992 qui
3492 1928 3629 1979 ante

182 2004 467 2071 virtutes,
513 2004 598 2059 sic
643 2005 706 2059 in
743 2004 922 2060 nobis
944 2008 1101 2062 mitis
1127 2023 1365 2079 semper
1402 2014 1745 2078 conregnet,
1804 2024 1837 2065 u

1974 2000 2236 2063 colles,et
2262 2004 2557 2059 montium
2571 2005 2897 2071 moles,nec
2910 2006 3055 2062 dum
3072 2007 3269 2063 adhuc
3288 2012 3441 2067 terra
3452 2026 3627 2082 requa

178 2092 515 2163 sapientia
543 2108 669 2147 suae
703 2108 811 2149 ora
832 2097 1039 2151 nostra
1066 2096 1128 2150 in
1176 2095 1414 2151 laudem
1460 2097 1552 2151 sui
1601 2098 1837 2153 nomini;

1969 2088 2139 2145 lance
2163 2089 2372 2146 librata
2402 2094 2795 2158 constabat,et
2812 2095 2939 2165 jam
2969 2095 3140 2151 Pater
3160 2096 3419 2168 populos
3450 2114 3622 2170 para-

178 2186 390 2251 aptet:
421 2180 702 2252 qualiter,
736 2184 797 2237 et
832 2182 929 2237 hic
955 2182 1090 2254 pius
1137 2189 1447 2240 succurrat
1484 2185 1737 2253 miseris,
1803 2191 1861 2243 et

173 2274 325 2339 post
345 2269 413 2324 in
449 2284 642 2339 regno
658 2284 769 2326 suo
784 2285 1149 2341 permanens
1171 2272 1245 2327 sit
1262 2272 1324 2327 in
1338 2273 1616 2329 solatium
1632 2274 1860 2331 redem-

170 2358 321 2428 ptis,
364 2359 767 2427 Respondeat.
792 2361 1007 2417 Amen.

246 2448 366 2502 Per
392 2448 877 2505 misericordiam
897 2452 1060 2505 tuam
1084 2452 1238 2505 Deus
1252 2452 1767 2508 noster.Dominus
1784 2453 1856 2509 sit

168 2550 427 2606 semper
449 2536 790 2591 vobiscum.
814 2549 880 2597 Ην.
908 2540 974 2592 Et
1003 2554 1161 2593 cum.

239 2626 631 2693 Antiphone.
667 2628 789 2682 Vox
818 2626 1057 2682 Domini
1082 2628 1385 2684 reddentis
1398 2630 1848 2687 retributionem

168 2712 439 2769 inimicis
452 2713 579 2769 suis
600 2733 612 2771 :
630 2719 962 2787 antequam
979 2716 1553 2789 parturiret,peperit
1570 2735 1584 2783 ;
1616 2722 1672 2774 et
1688 2725 1849 2776 ante-

170 2818 365 2874 quam
385 2803 617 2859 veniret
647 2808 859 2875 partus
892 2804 1042 2874 ejus,
1076 2806 1305 2877 peperit
1344 2808 1847 2873 masculum.Quis

169 2891 409 2946 audivit
426 2890 644 2947 talem!
687 2896 792 2947 aut
812 2892 951 2964 quis
977 2892 1274 2949 vidithuic
1301 2894 1664 2952 similemlP.
1694 2899 1848 2951 Nun-

171 2980 321 3051 quid
342 2980 452 3052 qui
497 2979 650 3035 alios
666 2996 876 3052 parere
891 2980 1065 3046 facio,
1100 2982 1230 3053 ipse
1254 2999 1377 3039 non
1415 2984 1649 3056 pariam
1666 2984 1694 3039 ?
1708 2985 1849 3042 dicit

170 3069 631 3134 Dominus:0ui
645 3068 1095 3139 generationem
1134 3072 1359 3128 caeteris
1386 3072 1602 3139 tribuo,
1636 3074 1847 3129 sterilis

182 3170 275 3213 ero
295 3159 328 3215 ἵ)
350 3157 437 3214 ait
468 3158 761 3214 Dominus
786 3159 942 3216 Deus
966 3164 1187 3217 noster.
1221 3162 1289 3221 γ.
1340 3164 1461 3217 Vox
1503 3162 1739 3218 Domini
1784 3164 1846 3220 in

178 3246 411 3312 virtute,
442 3260 561 3301 vox
593 3246 831 3302 Domini
854 3247 916 3302 in
944 3247 1411 3317 magniﬁcentia.
1456 3250 1519 3304 P.
1543 3251 1846 3322 Numquid

181 3335 277 3405 qui
317 3334 476 3391 alios
498 3350 710 3406 parere
742 3335 917 3392 facio.
938 3336 999 3395 Ψ.
1035 3336 1247 3403 Gloria,
1282 3342 1337 3394 et
1364 3339 1559 3395 honor
1574 3340 1753 3403 Patri,
1786 3343 1845 3397 et

181 3422 336 3487 Filio,
383 3427 498 3479 etc.
530 3422 596 3478 P.
622 3424 929 3496 Numquid
958 3424 1063 3496 qui
1100 3424 1270 3481 alios.

244 3512 477 3568 Oratio.
505 3514 660 3567 Deus
692 3512 867 3568 Pater
899 3513 1594 3587 Omnipotens,quivoce
1615 3515 1839 3571 tuaini-

176 3600 347 3656 micis
369 3600 591 3656 animas
603 3603 825 3657 nostra:
848 3600 1047 3657 reddis
1086 3602 1560 3669 retributionem,
1590 3608 1645 3660 et
1677 3609 1841 3660 ante-

175 3704 454 3760 quamex
482 3688 810 3745 teverbum
833 3693 1154 3754 eructares,
1199 3690 1328 3761 jam
1386 3691 1583 3764 ipsum
1633 3693 1838 3765 utique

173 3777 432 3833 verbum
455 3788 617 3834 nova
637 3778 1049 3849 parturitionis
1066 3779 1213 3834 serie
1232 3780 1596 3851 parturieras
1617 3801 1631 3838 :
1656 3786 1712 3838 et
1734 3797 1836 3839 an-

174 3868 422 3939 tequam
445 3871 653 3937 partus
681 3866 766 3922 tui
790 3867 1078 3923 terminus
1126 3868 1451 3933 adveniret,
1496 3871 1834 3928 masculum

170 3956 378 4027 utique
402 3956 900 4024 generaras.0uis
925 3956 1146 4012 etenim
1166 3957 1282 4012 tale
1295 3957 1502 4013 audire
1517 3974 1829 4030 umquam,

171 4059 229 4099 se
251 4044 482 4099 diceret
510 4043 842 4115 aliquando
863 4046 892 4099 ‘I
912 4049 1014 4100 aut
1038 4060 1100 4100 se
1116 4046 1343 4100 vidisse
1356 4046 1495 4101 huic
1530 4046 1724 4103 simile
1752 4048 1835 4104 fa-

167 4136 329 4187 ctum
354 4138 594 4204 putaret
614 4133 643 4188 7
663 4148 802 4188 cum
820 4134 1003 4188 Deum
1038 4134 1315 4203 genuisse
1365 4136 1569 4197 Deum,
1628 4134 1834 4193 lumen

165 4222 476 4293 peperisse
495 4220 702 4276 lumen
721 4221 1169 4293 comprobaret:
1191 4224 1389 4279 Presta
1417 4223 1593 4279 nobis
1610 4224 1832 4282 inﬁmis

166 4310 352 4365 servis
379 4308 519 4373 tuis,
564 4313 629 4365 ut
654 4309 792 4382 quis
813 4308 943 4366 aliis
968 4309 1031 4366 in
1053 4311 1343 4381 pariendo
1377 4312 1831 4369 facunditatem

163 4404 447 4470 praestas,
480 4399 609 4470 ipse
639 4398 701 4453 in
723 4398 903 4454 nobis
930 4404 1255 4471 conceptus
1284 4401 1488 4470 gratiae
1508 4401 1706 4473 parias
1732 4421 1744 4458 ι
1772 4406 1833 4459 ut

1967 2177 2235 2233 batzcum
2253 2180 2381 2249 jam
2426 2181 2619 2252 utique
2648 2188 2708 2236 tu
2739 2182 2854 2237 illic
2883 2184 3117 2250 aderas,
3148 2185 3397 2255 quando
3444 2186 3623 2245 etiam

1966 2266 2119 2321 mari
2142 2268 2429 2323 terminos
2449 2274 2579 2325 rata
2623 2270 2915 2327 soliditate
2964 2272 3250 2339 vallabat,
3306 2274 3620 2349 legemque

1967 2354 2139 2424 aquis
2163 2357 2560 2423 constitueret,
2589 2358 2649 2412 in
2677 2359 2851 2414 unius
2873 2360 3111 2416 Deitatis
3130 2365 3343 2417 natura
3396 2366 3458 2416 tu
3485 2362 3616 2433 ipse

1964 2444 2345 2499 eraszadesto
2372 2445 2743 2516 supplicibus
2770 2449 2885 2502 tuis
2912 2466 2925 2515 ;
2955 2453 3018 2503 ut
3062 2448 3251 2504 moles
3293 2447 3615 2505 criminum

1962 2530 2447 2597 commissorum,
2479 2534 2699 2604 quibus
2730 2535 2927 2590 acrius
2953 2537 3305 2606 premimur,
3339 2541 3455 2593 tute
3486 2538 3611 2609 pie-

1960 2618 2704 2677 tatisdexteraadnihilum
2736 2622 3105 2691 redigantur:
3140 2628 3194 2681 et
3216 2624 3299 2680 ita
3325 2624 3385 2679 in
3428 2625 3610 2695 hujus

1960 2706 2163 2760 saeculi
2193 2723 2373 2762 amne
2412 2710 2843 2777 navigantibus
2899 2711 3031 2767 vela
3071 2716 3189 2767 tuae
3228 2712 3610 2782 protectionis

1957 2793 2273 2862 dirigas,ut
2291 2801 2663 2852 transeuntes
2692 2814 2855 2854 mare
2870 2799 2947 2853 ad
2972 2815 3235 2869 superna
3248 2816 3356 2855 nos
3370 2816 3609 2872 semper

1954 2898 2062 2954 per
2078 2883 2307 2953 lignum
2337 2890 2452 2939 tuae
2472 2886 2976 2942 Crucissustollas.
2991 2888 3600 2957 Respondeat.Amen.

2028 2977 2137 3034 Per
2162 2979 2653 3036 misericordiam.

2028 3078 2091 3135 Βι.
2120 3070 2182 3122 In
2200 3067 2313 3124 ista
2337 3067 2432 3123 die
2458 3068 2675 3139 prodiit
2738 3068 3007 3124 Salvator
3051 3069 3246 3133 Israel,
3307 3072 3371 3126 ut
3399 3069 3605 3127 liberet

1956 3171 2168 3212 omnes
2194 3155 2473 3228 captivos,
2499 3172 2689 3211 caecos
2712 3156 3085 3221 illuminavit,
3110 3162 3167 3214 et
3198 3158 3413 3213 surdos
3466 3158 3600 3215 fecit

1956 3244 2163 3303 audire
2184 3262 2195 3301 :
2220 3249 2472 3312 montes,
2499 3249 2554 3301 et
2582 3260 2791 3301 omnes
2817 3246 2998 3301 colles
3040 3247 3485 3317 germinabunt.
3516 3248 3595 3305 P.

1956 3336 2021 3389 Et
2042 3334 2142 3405 qui
2168 3334 2229 3388 in
2258 3333 2520 3389 tenebris
2552 3334 2781 3400 sedent,
2804 3334 3247 3403 exclamabant,
3272 3341 3329 3391 et
3370 3336 3600 3394 dicent:

1953 3422 2225 3488 Domine,
2251 3438 2545 3495 appareas
2568 3439 2747 3495 super
2776 3439 2907 3492 nos,
2931 3423 3213 3494 splendor
3238 3424 3594 3494 gloriatum.

1952 3512 2013 3572 ἡ.
2038 3512 2321 3583 Populus,
2347 3512 2448 3582 qui
2480 3512 2721 3566 sedebat
2771 3512 2833 3568 in
2876 3512 3152 3579 tenebris,
3204 3514 3351 3571 vidit
3397 3513 3603 3572 lumen

1950 3616 2242 3671 magnum
2270 3618 2283 3659 :
2316 3599 2729 3656 habitantibus
2759 3601 2817 3655 in
2836 3601 3078 3670 regione
3099 3602 3329 3658 umbrae
3369 3603 3593 3672 mortis,

1948 3688 2050 3755 lux
2082 3693 2211 3749 orta
2241 3689 2344 3747 eis.
2371 3690 2441 3745 P.
2466 3692 2533 3745 Et
2561 3690 2678 3761 qui.
2710 3690 2767 3749 in
2802 3690 3023 3759 Gloria,
3081 3696 3137 3747 et
3178 3691 3397 3749 honor.
3436 3692 3499 3748 P.
3534 3694 3599 3749 Et

1948 3793 2075 3848 qui.

2021 3865 2438 3923 Oratioiiodie
2470 3867 2671 3923 lumen
2702 3867 3152 3940 mundiprodiit
3188 3868 3396 3925 :hodie
3436 3868 3598 3927 salus

1946 3954 2057 4011 aevi
2087 3954 2363 4011 emicuit:
2387 3954 2566 4011 hodie
2592 3954 2859 4012 Salvator
2888 3957 3067 4015 lsrael
3090 3957 3163 4012 de
3178 3957 3411 4013 climate
3466 3956 3598 4013 caeli

1944 4042 2271 4109 descendit,
2304 4048 2363 4098 ut
2386 4049 2555 4099 eruat
2575 4060 2784 4099 omnes
2806 4046 3094 4115 captivos,
3137 4061 3291 4117 quos
3313 4046 3596 4117 antiquus

1944 4131 2133 4186 hostis
2159 4132 2365 4202 praedo
2378 4146 2482 4201 per
2494 4132 2945 4201 primihominis
2964 4133 3242 4189 delictum
3263 4134 3601 4204 captivave-

1942 4223 2067 4275 rat:
2093 4223 2231 4274 etut
2258 4219 2429 4274 CthiS
2457 4219 2761 4276 mentibus
2791 4219 3013 4284 lumen,
3059 4220 3249 4274 surdis
3297 4220 3592 4287 auditum,

1946 4308 2135 4377 gratia
2156 4307 2568 4378 praeveniente,
2593 4308 2961 4363 restitueret:
2995 4309 3073 4364 ob
3098 4309 3266 4363 istius
3304 4309 3447 4365 tanti
3469 4324 3594 4381 my-

1946 4397 2103 4453 sterii
2134 4396 2425 4453 beneﬁcia
2454 4402 2771 4461 montes,et
2792 4396 2971 4453 colles
2990 4397 3595 4471 tripudiant,ipsaque

163 4486 611 4558 sterilitas,qute
629 4502 703 4542 ex
718 4487 1406 4545 nostroinfmcunditatis
1441 4490 1580 4545 vitio
1624 4490 1834 4557 oritur,
1865 4478 1909 4531 Ι)
1946 4485 2154 4541 mundi
2185 4484 2478 4541 elementa
2503 4485 2789 4543 inetfabili
2810 4486 3031 4556 gaudio
3070 4486 3180 4542 ista
3207 4487 3269 4543 in
3297 4486 3391 4542 die
3411 4485 3597 4543 melos

162 4580 268 4632 tua
291 4576 968 4648 cooperante,gratia,in
990 4593 1104 4632 nos
1123 4578 1511 4651 multiplicius
1524 4580 1834 4645 redundet,

163 4676 230 4735 Ite.
270 4667 491 4722 Amen.

235 4758 348 4810 Per
374 4753 851 4809 misericordiam
876 4759 1062 4810 tuam.

231 4842 599 4912 Antiphone;
630 4844 752 4912 Ego
774 4843 1209 4914 primogenitae
1237 4843 1389 4899 exivi
1408 4849 1545 4901 ante
1591 4860 1835 4902 omnem

158 4937 506 4989 creaturam
531 4932 602 4986 P.
634 4934 755 5000 Ego
786 4930 919 4986 fecit
956 4932 1014 4986 in
1039 4933 1293 4997 ccelis,ut
1313 4933 1564 4989 oriretur
1608 4934 1831 4990 lumen.

162 5024 287 5090 Ego
316 5021 377 5075 in
409 5018 541 5075 altis
565 5019 882 5074 habito:et
910 5018 1162 5074 thronus
1178 5021 1419 5076 meusin
1434 5022 1715 5077 columna
1730 5038 1835 5077 nu-

158 5109 252 5165 bis
286 5108 627 5181 apparebit.
668 5108 728 5168 ν.
760 5107 1047 5163 Dominus
1066 5108 1208 5163 dixit
1234 5109 1309 5163 ad
1334 5110 1633 5165 mezFilius
1666 5127 1834 5165 meus

162 5213 223 5254 es
253 5203 339 5265 tu,
385 5213 499 5267 ego
522 5197 703 5254 hodie
734 5196 917 5265 genui
950 5202 1023 5251 te.
1052 5200 1127 5253 P.
1165 5201 1281 5255 Ego
1312 5198 1420 5253 feci
1451 5199 1507 5253 in
1539 5200 1723 5255 cmlis.

234 5290 625 5345 Frati0.Vera
665 5287 763 5341 Dei
790 5288 1077 5355 sapientia
1100 5287 1414 5357 Ρὶὶὶιοὶςηιιὶ
1438 5296 1571 5341 ante
1590 5306 1834 5343 omnem

164 5382 500 5433 creaturam
547 5376 761 5432 existis
790 5389 864 5428 ex
898 5373 997 5428 illa
1028 5374 1341 5429 invisibilis
1392 5376 1683 5431 Genitoris
1717 5376 1835 5448 48

164 5471 381 5539 arce,te
401 5468 629 5525 etenim
652 5463 877 5521 fecisse
916 5460 980 5515 in
1018 5462 1180 5516 caelis
1234 5462 1357 5519 fore
1408 5464 1730 5530 credimus,
1774 5470 1839 5520 ut

165 5556 412 5615 oriretur
439 5558 651 5615 lumen
684 5548 1079 5622 rhompheali
1108 5549 1390 5613 ﬂammea
1404 5553 1740 5615 dimicans:
1774 5558 1839 5613 ut

1946 4574 2297 4631 decantant:
2332 4574 2410 4629 ob
2430 4574 2545 4630 hoc
2572 4574 2947 4644 gemebunda
2968 4592 3139 4647 prece
3154 4575 3231 4647 pii
3246 4575 3598 4647 Redempto-

1946 4664 2027 4719 ris
2050 4664 2425 4719 clementiam
2466 4664 2808 4735 suppliciter
2832 4669 3239 4720 exoremuszut
3263 4681 3396 4731 nos,
3414 4664 3597 4736 quiin

1947 4753 2205 4810 tenebris
2235 4758 2620 4824 peccatorum
2654 4759 2993 4809 nostrorum
3043 4753 3420 4818 involvimur,
3490 4767 3597 4824 per

1946 4841 2647 4897 cordisacclamationem
2679 4842 2951 4913 protinus
2976 4842 3301 4913 expiamur,
3338 4846 3399 4896 ut
3420 4838 3520 4899 illo
3534 4840 3596 4898 in

1946 4929 2121 4985 nobis
2142 4934 2483 4999 apparente,
2517 4935 2573 4984 et
2598 4929 2880 4999 splendor
2911 4930 3111 4998 gloriae
3136 4929 3480 5001 jocundius,
3525 4944 3595 4986 ac

1946 5017 2327 5088 multiplicius
2360 5018 2575 5073 nostris
2596 5018 2654 5073 in
2682 5018 3032 5089 praecordiis
3060 5020 3277 5090 vigeat,
3308 5023 3364 5074 et
3390 5019 3594 5079 salutis

1946 5108 2165 5177 gaudia
2189 5108 2314 5163 sine
2337 5108 2453 5163 ﬁne
2485 5108 2847 5164 dulcescant.
2872 5120 2930 5178 is.
2958 5111 3164 5164 Amen.

2018 5200 2125 5252 Per
2158 5198 2647 5259 miscricordiam,
2681 5203 2796 5252 etc.

2014 5288 2539 5353 Anh‘phrmuAnlc
2569 5304 2807 5341 omnem
2834 5298 3161 5342 creaturam
3180 5305 3288 5351 ego
3304 5305 3371 5343 ex
3388 5305 3486 5342 ore
3506 5288 3595 5342 Al-

1948 5378 2158 5433 tissimi
2174 5378 2811 5448 processizpriusquam
2836 5378 3060 5432 Lucifer
3077 5379 3466 5446 oriretur,ego
3486 5376 3590 5435 fui:

1945 5467 2299 5537 priusquam
2324 5467 2385 5521 in
2411 5468 2655 5538 planitie
2682 5473 3081 5538 prosterneret
3112 5484 3381 5540 campos,
3416 5470 3472 5520 et
3533 5465 3593 5522 in

1947 5555 2136 5613 altum
2161 5556 2410 5625 erigeret
2438 5561 2694 5625 montes,
2727 5572 2839 5631 ego
2871 5560 3135 5623 eram.P,
3164 5556 3267 5614 Cui
3292 5550 3592 5625 adgaude-
