4076 6442
437 316 540 371 119

1680 297 2132 362 BREVIARIUM
2172 297 2566 359 GOTHICUM.

3759 305 3874 358 120

433 439 539 495 bat
558 436 839 510 quotidie,
873 435 1019 491 dum
1041 433 1430 490 delectaretur
1487 430 1630 487 orbe
1685 428 1966 502 perfecto.
2004 423 2074 484 if.
2117 421 2161 475 A
2195 423 2376 493 jugis,
2401 427 2754 497 magnitudo
2784 427 3103 501 perennis:
3135 429 3201 481 ut
3243 439 3424 482 omne
3442 439 3568 481 non
3593 427 3776 483 tuum
3806 427 3876 482 in

437 527 586 593 Quia
606 541 717 596 ego
747 523 1028 596 cognovi,
1059 537 1236 593 quam
1268 535 1527 592 magnus
1547 523 1636 576 est
1682 515 1994 581 Dominus,
2029 516 2087 568 et

437 617 591 671 Deus
616 617 818 669 noster
837 627 960 684 prae
992 610 1276 667 omnibus
1300 609 1433 665 diis.
1467 609 1530 663 P.
1559 607 1662 664 Cui
1680 602 2082 676 adgaudebat.

437 702 498 762 ν.
533 701 750 768 Gloria,
783 703 839 756 et
864 700 1076 764 honor,
1106 702 1213 754 etc.
1249 698 1313 751 P.
1367 697 1486 753 Cui.

515 789 744 844 Oratio.
789 786 1032 842 Domine
1057 789 1192 841 Jesn
1245 785 1488 853 Christe,
1520 783 1622 856 qui
1664 784 1800 837 ante
1848 793 2089 835 omnem

441 879 774 930 creaturam
807 890 880 929 ex
902 889 1002 929 ore
1027 873 1305 929 Altissimi
1329 869 1852 944 prodiens,mundi
1869 865 2089 922 machi-

443 979 587 1020 nam
608 962 994 1034 dispositione
1023 961 1282 1017 mirabili
1305 959 1621 1016 condidisti
1646 975 1659 1012 :
1685 957 1893 1013 adesto
1906 954 2093 1010 Eccle-

445 1053 548 1108 sise
577 1055 904 1122 tuaa,quam
933 1065 1006 1106 ex
1024 1054 1147 1106 toto
1176 1049 1319 1106 orbe
1333 1045 2088 1117 congregaredignatuses:

441 1143 508 1197 ut
537 1140 687 1195 sicut
721 1138 929 1194 mundi
961 1137 1237 1194 conditor
1261 1153 1388 1192 esse
1411 1133 1890 1206 dignosceris,ita
1903 1130 2092 1187 Eccle-

443 1227 547 1283 sia:
570 1226 833 1284 Salvator
852 1226 911 1283 in
927 1226 1209 1283 omnibus
1241 1241 1309 1282 ac
1322 1240 1427 1297 per
1447 1223 1650 1280 omnia
1689 1219 2090 1292 cognoscaris.

447 1316 506 1375 ἲν.
541 1320 750 1370 Amen.

519 1403 629 1458 Per
656 1401 1124 1457 misericordiam
1153 1405 1338 1465 tuam,
1373 1402 1552 1465 Deus,
1579 1403 1800 1462 noster,
1833 1400 1942 1451 etc.

519 1489 1209 1559 Antiphona.Suscitabit
1233 1489 1517 1544 Dominus
1539 1487 1670 1542 coeli
1688 1483 2096 1557 regem,quiin

447 1584 732 1636 internum
753 1594 878 1633 non
916 1577 1410 1633 commovebitur.
1435 1577 1508 1634 P.
1553 1580 1621 1632 Et
1672 1591 1923 1646 regnum
1971 1573 2097 1645 ejus

447 1666 675 1739 populo
715 1666 880 1722 alteri
909 1681 1030 1720 non
1076 1664 1677 1736 dabitur:percutiet,
1737 1667 1794 1717 et
1840 1663 2100 1716 conteret

2198 512 2373 567 nobis
2403 516 2724 586 reperiens,
2757 516 3017 584 auferas,
3049 529 3281 586 nosque
3319 516 3454 570 tuos
3483 513 3546 569 in
3567 515 3878 571 omnibus

2199 613 2268 654 ac
2294 616 2400 672 per
2427 603 2633 659 omnia
2661 603 2876 660 facias:
2909 606 2971 658 ut
2990 617 3102 658 nec
3129 601 3405 672 potestati
3422 605 3537 657 tuas
3561 601 3623 656 in
3679 602 3876 658 nobis

2200 689 2534 762 quidquam
2555 689 2794 762 ofﬁciat,
2827 707 2936 747 nec
2957 690 3092 762 paci
3120 689 3354 745 resistat
3378 708 3390 756 ;
3410 690 3516 745 sed
3542 690 3674 762 ipse
3697 690 3878 747 solus

2200 792 2309 832 nos
2339 778 2670 848 possideas,
2705 780 2809 851 qui
2832 782 2947 834 Rex
2981 793 3187 848 regum
3209 778 3564 833 etDominus
3583 779 3878 834 domino—

2199 881 2354 931 rum,
2377 881 2538 921 nunc
2568 871 2624 921 et
2647 882 2752 939 per
2777 866 2977 922 omnia
3002 865 3217 921 saecula
3263 881 3502 935 regnas.
3535 877 3599 936 Βι.
3638 868 3869 923 Amen.

2274 953 2384 1009 Per
2402 955 2873 1011 misericordiam
2904 959 3095 1010 tuam.

2272 1043 2634 1114 Antiphona.
2657 1044 2946 1100 Parvulas
2969 1047 3147 1101 natus
3164 1047 3252 1100 est
3273 1043 3530 1113 nobis,et
3557 1043 3745 1100 Filius
3760 1047 3876 1102 da-

2204 1135 2295 1187 tus
2319 1137 2406 1188 est
2429 1133 2622 1198 nobis,
2653 1137 2712 1189 et
2735 1133 2926 1190 factus
2944 1137 3033 1189 est
3083 1132 3454 1205 principatus
3491 1133 3627 1204 ejus
3678 1149 3877 1207 super

2201 1219 2484 1276 humeros
2505 1221 2654 1291 ejus.
2683 1220 2744 1275 P.
2778 1224 2844 1277 Et
2882 1221 3194 1278 vocabitur
3217 1236 3438 1277 nomen
3474 1221 3606 1292 ejus
3651 1223 3880 1293 magni

2204 1307 2430 1364 consilii
2450 1310 2731 1379 Angelus,
2750 1309 3732 1374 Admirabilis,consiliarius,Deus
3752 1311 3882 1368 for-

2204 1397 2296 1460 tis,
2324 1397 2688 1466 Dominator,
2723 1398 3002 1469 Princeps
3028 1399 3212 1470 pacis,
3248 1400 3413 1454 Pater
3428 1398 3610 1454 futuri
3635 1399 3879 1456 saeculi.

2204 1485 2676 1557 Multiplicabitur
2698 1487 2828 1557 ejus
2873 1487 3211 1558 imperium,
3249 1489 3306 1542 et
3343 1487 3512 1558 pacis
3571 1504 3696 1544 non
3761 1490 3882 1545 erit

2205 1574 2361 1629 ﬁnis.
2393 1573 2456 1634 1".
2492 1577 2557 1631 Et
2583 1575 2690 1631 erit
2717 1577 3164 1631 ﬁrmamentum
3194 1576 3256 1630 in
3290 1580 3444 1631 terra
3497 1577 3560 1632 in
3603 1578 3881 1633 summis

2210 1658 2526 1726 montium,
2549 1663 2605 1714 et
2635 1659 3122 1730 superextolletur
3135 1675 3316 1731 super
3330 1659 3621 1716 Libanum
3639 1661 3883 1718 fructus

446 1757 727 1811 universa
740 1769 928 1823 regna
941 1753 1208 1825 etipsum
1229 1752 1420 1808 solum
1441 1753 1619 1808 stabit
1637 1753 1693 1807 in
1708 1757 2013 1806 aeternum.
2033 1748 2093 1808 ἲν.
2130 1769 2178 1825 Β
2210 1747 2749 1818 ejuszettlorebitde
2776 1748 3006 1804 civitate
3021 1749 3404 1805 sicutfaanum
3422 1749 3884 1808 terrae.P.Etvo-

449 1847 514 1898 In
545 1857 655 1897 sua
674 1842 901 1913 justitia
921 1839 1209 1910 judic-abit
1227 1856 1523 1912 pauperes
1575 1839 1801 1912 populi,
1831 1837 2100 1894 etsalvos

449 1930 792 1988 facietﬁlios
818 1934 1272 2001 pauperum;et
1319 1928 1662 1984 bumiliabit
1711 1926 2101 1982 calumniato-

449 2034 599 2076 rem.
639 2018 701 2072 P.
734 2019 801 2073 Et
829 2032 1081 2087 regnum
1112 2018 1236 2088 ejus
1257 2017 1483 2090 populo
1502 2017 1666 2073 alteri
1686 2031 1808 2072 non
1829 2014 2093 2070 dabitur.

452 2118 525 2178 Iv.
574 2105 786 2166 Gloria,
828 2109 886 2161 et
913 2105 1106 2161 honor
1157 2104 1333 2171 Patri,
1367 2109 1422 2160 et
1453 2104 1614 2174 Filio,
1659 2107 1768 2160 etc.
1800 2103 1864 2159 P.
1922 2104 1986 2157 Et
2015 2115 2102 2156 re-

454 2209 667 2266 gnum.

529 2283 751 2338 Oratio.
785 2284 938 2336 Deus
962 2282 1153 2351 Pater,
1192 2281 1296 2353 qui
1346 2283 1543 2336 Iesum
1576 2279 1868 2337 Christum
1897 2277 2103 2333 Filium

455 2375 624 2426 tuum
647 2369 751 2425 tibi
774 2373 1157 2434 coaeternum,
1200 2374 1257 2424 et
1306 2368 1672 2441 coasqualem
1731 2366 1860 2422 coeli
1902 2381 2103 2434 regem

457 2458 758 2515 suscitasti
771 2458 1142 2514 ostendendo
1161 2475 1296 2513 eum
1312 2459 1369 2513 in
1388 2457 1684 2528 carne;fac
1710 2473 1822 2512 nos
1869 2469 2106 2527 semper

458 2547 614 2603 illius
635 2547 799 2619 sequi
823 2551 878 2602 et
905 2546 1047 2616 ﬁde,
1077 2550 1133 2602 et
1151 2561 1330 2617 opere
1356 2561 1567 2601 vocem
1597 2562 1610 2600 :
1636 2548 1698 2600 ut
1726 2560 1858 2600 eam
1899 2543 2105 2599 auditu

459 2635 656 2691 cordis
688 2635 814 2690 sine
839 2634 1281 2690 intermissione
1301 2631 1836 2702 audientes,gloriae
1851 2648 1973 2688 suae
1991 2646 2104 2687 me-

457 2739 698 2780 reamur
725 2739 856 2779 esse
878 2723 1215 2795 participes.
1248 2733 1312 2790 ἢ.
1345 2724 1556 2777 Amen.

529 2813 640 2866 Per
669 2810 1145 2866 misericordiam
1169 2813 1334 2865 tuam
1375 2812 1526 2863 Deus
1556 2813 1775 2878 noster,
1807 2812 1914 2863 etc.

533 2899 1110 2968 Antiphona.Emitte
1128 2897 1653 2968 agnum,Domine,
1671 2897 2110 2952 Dominatorem

459 2992 624 3044 terrae
645 2987 719 3042 de
737 2992 906 3060 petra
947 2986 1162 3042 deserti
1216 2985 1293 3042 ad
1343 2989 1611 3040 montem
1661 2986 1798 3041 ﬁlias
1845 2986 2113 3051 Sion;et

457 3075 892 3149 praeparabitur
916 3075 976 3130 in
1003 3073 1471 3130 misericordiam
1494 3075 1622 3144 ejus
1650 3074 1766 3147 49
1780 3074 2014 3130 solium.
2147 3111 2187 3169 Ο

459 3167 525 3220 Et
547 3164 774 3219 sedebit
794 3179 973 3235 super
1023 3179 1161 3218 eum
1215 3162 1277 3217 in
1327 3162 1564 3218 veritate
1612 3163 1672 3218 in
1728 3161 2110 3219 tabernaculo

462 3251 671 3308 David.
697 3250 757 3312 tr.
787 3252 831 3307 Ο
859 3249 1337 3316 Domine,salvos
1366 3265 1476 3306 nos
1498 3250 1653 3316 fac,o
1671 3250 2112 3317 Domine,bene

461 3353 836 3412 prosperare.
871 3338 933 3392 P.
964 3340 1030 3394 Et
1059 3337 1286 3393 sedebit
1316 3353 1492 3409 super
1512 3353 1669 3394 eum.

536 3427 760 3483 Oratio.
791 3426 1097 3482 Immensa
1123 3426 1223 3480 Dei
1254 3427 1545 3498 sapientia
1572 3427 1783 3499 Patris,
1806 3427 1911 3500 qui
1939 3427 2114 3483 Filius

463 3515 874 3586 Dominusque
908 3513 1114 3578 David,
1139 3513 1568 3586 Prophetarum
1586 3514 1880 3571 vaticiniis
1900 3529 2120 3587 appro-

461 3602 715 3660 barisztu
738 3601 799 3657 in
812 3601 1026 3656 throno
1052 3600 1240 3657 Patris
1260 3603 1613 3672 consistens,
1647 3607 1824 3674 atque
1845 3602 1919 3657 de
1947 3607 2122 3673 petra

465 3690 686 3748 deserti
713 3689 792 3745 ad
824 3694 1088 3746 montem
1112 3689 1246 3746 ﬁlia:
1274 3690 1908 3762 Sion,domumJacob,
1934 3690 1993 3745 id
2013 3694 2120 3763 est,

466 3779 789 3835 Ecclesiam
819 3793 1028 3848 regens
1053 3798 1064 3837 :
1092 3779 1174 3834 sic
1204 3779 1377 3836 nobis
1396 3780 1680 3837 omnibus
1712 3779 1772 3834 in
1808 3794 1879 3834 ea
1922 3780 2122 3835 consi-

467 3867 758 3923 stentibus
788 3867 1166 3939 protectionis
1189 3873 1304 3924 tuae
1339 3867 1748 3940 gubernacula
1767 3866 2022 3938 porrige,
2052 3871 2124 3923 ut

467 3959 663 4011 tecum
686 3970 1025 4011 mereamur
1053 3954 1250 4013 vivere
1282 3957 1410 4012 sine
1441 3957 1560 4012 ﬁne
1589 3973 1602 4010 :
1631 3959 1694 4009 ut
1717 3955 1777 4008 in
1829 3959 1928 4009 tuo
1975 3954 2123 4011 solio

468 4043 595 4098 sine
617 4045 735 4098 ﬁne
765 4043 1054 4107 vivamus,
1110 4045 1281 4115 cujus
1307 4045 1474 4114 regni
1497 4044 1682 4098 ﬁnem
1735 4041 1965 4098 nullum
1998 4060 2122 4098 esse

467 4132 844 4203 pavescimus
869 4151 886 4202 ;
913 4133 1137 4205 quique
1165 4149 1354 4188 unum
1379 4134 1435 4187 in
1458 4130 1736 4186 Trinitate
1753 4146 1972 4187 nomen
1987 4148 2124 4204 pos-

469 4219 619 4274 sidet
643 4225 836 4275 tecum
863 4225 920 4277 et
951 4237 1089 4276 cum
1123 4220 1342 4293 Spiritu
1374 4222 1589 4275 Sancto
1622 4219 1681 4273 in
1701 4219 1921 4276 saecula
1941 4236 2122 4276 saecu-

466 4305 680 4362 lorum.
701 4320 764 4378 Br.
796 4313 1005 4367 Amen.

540 4397 649 4452 Per
686 4397 1154 4454 misericordiam
1195 4400 1366 4451 tuam
1407 4395 1562 4451 Deus
1595 4401 1818 4462 noster,
1857 4400 1971 4452 etc.

540 4487 1027 4559 &.Suscipiamus
1047 4499 1303 4555 regnum
1352 4482 1454 4538 Dei
1510 4483 1693 4539 nostri
1739 4485 1931 4540 sancti
1965 4484 2122 4540 altis-

469 4575 686 4646 simi,et
712 4577 1131 4648 possideamus
1147 4574 1302 4629 illico
1315 4588 1504 4641 usque
1518 4573 1577 4628 in
1598 4573 1885 4629 saeculum
1902 4575 2120 4642 saeculi,

468 4663 656 4720 donec
681 4667 880 4722 veniat
899 4665 1184 4735 antiquus
1206 4661 1757 4732 dierum,quoniam
1772 4667 2010 4737 tempus
2023 4667 2126 4721 ad-

465 4753 642 4819 venit,
676 4757 740 4810 ut
773 4753 948 4810 detur
977 4751 1145 4808 omni
1201 4749 1427 4822 populo
1454 4751 1807 4822 magnitudo
1851 4753 2036 4824 regni.
2061 4755 2118 4808 P.

467 4841 638 4906 Quod
668 4846 754 4898 est
783 4856 966 4912 super
992 4852 1170 4894 omne
1192 4836 1436 4904 coelum,
1464 4843 1520 4893 et
1545 4854 1756 4894 omnes
1773 4845 2121 4910 regesterrae

462 4929 675 4994 veniet,
707 4935 761 4986 et
801 4927 1084 4984 obedient
1111 4925 1184 4980 ei.
1218 4924 1280 4984 Ψ.
1338 4925 1638 4982 Postestas
1679 4929 1808 4999 ejus
1853 4933 2119 5000 potestas

462 5022 700 5083 aeterna,
733 5021 790 5072 et
816 5029 1068 5085 regnum
1095 5013 1224 5083 ejus
1250 5028 1504 5084 regnum
1538 5017 1990 5088 sempiternum.
2056 5019 2116 5072 Ρ.

462 5106 636 5172 Quod
665 5110 749 5161 est
778 5118 973 5174 super.
1006 5101 1067 5161 V.
1112 5101 1328 5170 Gloria,
1382 5107 1488 5159 etc.
1536 5106 1863 5162 Reiteretur
1892 5117 1956 5172 ἢν.
2016 5107 2117 5161 Su-

462 5195 792 5265 scipiamus
819 5206 1076 5260 regnum
1106 5191 1207 5246 Dei
1236 5193 1446 5248 nostri.

534 5283 760 5338 Oratio.
787 5280 1036 5335 Domine
1057 5282 1194 5335 Jesu
1233 5279 1474 5346 Christe,
1533 5283 1632 5353 qui
1698 5298 1760 5337 es
1813 5281 2112 5339 ineffabile

463 5369 753 5441 gaudium
785 5368 1154 5434 Christianis;
1185 5369 1352 5440 cujus
1374 5371 1685 5442 potestatis
1725 5375 1782 5426 et
1803 5371 1971 5442 pacis
1991 5387 2110 5428 non

461 5458 570 5513 erit
589 5457 744 5527 ﬁnis,
789 5457 882 5513 fac
911 5472 1022 5514 nos
1053 5458 1351 5532 suscipere
1376 5473 1632 5528 regnum
1657 5462 2109 5531 tuum,etpossi-

461 5544 602 5600 dere
623 5546 768 5603 illud
796 5563 810 5612 ;
840 5551 903 5604 ut
928 5553 1167 5606 maneat
1190 5549 1249 5604 in
1281 5564 1394 5605 nos
1424 5547 1748 5620 imperiitui
1775 5549 2105 5608 dominatio

2210 1836 2439 1891 cabitur
2451 1852 2670 1892 nomen
2685 1838 2732 1907 ej
2747 1837 3270 1896 us.t’.Gloria.P.Et
3286 1839 3601 1895 vocabitur
3612 1855 3876 1897 nomen.

2283 1925 2505 1980 Oratio.
2539 1925 2826 1981 Parvulus
2855 1930 3032 1982 natus
3058 1931 3144 1981 est
3172 1927 3363 1994 nobis,
3394 1931 3450 1983 et
3467 1927 3654 1985 Filius
3683 1928 3881 1985 datus

2211 2016 2296 2069 est
2324 2013 2517 2078 nobis,
2547 2017 2610 2068 ut
2631 2013 2735 2086 qui
2762 2030 2893 2069 eras
2928 2014 3100 2070 Filius
3123 2015 3502 2087 perfectusde
3517 2018 3710 2090 Patre,
3757 2034 3880 2091 pro

2211 2101 2385 2157 nobis
2431 2101 2714 2173 parvulus
2745 2117 2902 2158 esses
2927 2119 2998 2159 ex
3029 2104 3376 2160 Matrezillic
3411 2105 3784 2173 immensus,
3819 2113 3884 2164 et

2211 2189 2305 2245 hic
2332 2189 2601 2260 pusillus,
2638 2205 2995 2261 permanens
3024 2192 3085 2246 in
3112 2192 3246 2246 sinu
3276 2193 3484 2262 Patris,
3513 2200 3793 2265 gestatus
3813 2197 3884 2252 in

2212 2281 2378 2333 utero
2417 2279 2642 2344 Matris;
2669 2284 2722 2334 et
2752 2295 2888 2335 cum
2915 2281 3108 2335 Deitas
3140 2286 3239 2336 tua
3259 2282 3887 2352 incommutabilis,'et

2215 2366 2560 2420 Humanitas
2581 2372 2892 2438 permanet
2943 2367 3282 2436 singularis,
3317 2370 3459 2441 quia
3509 2371 3572 2426 in
3612 2377 3887 2446 utraque

2215 2453 2378 2508 Unus
2402 2453 2682 2526 idemque
2709 2455 2980 2510 subsistis
3006 2475 3016 2513 :
3040 2460 3095 2511 et
3117 2455 3176 2510 in
3207 2456 3306 2513 illa
3341 2473 3452 2513 nos
3491 2459 3796 2528 condens,
3832 2467 3893 2519 et

2214 2542 2273 2597 in
2302 2540 2414 2597 ista
2442 2557 2554 2597 nos
2580 2543 2892 2598 redimens.
2937 2555 3000 2612 11-.
3033 2549 3240 2600 Amen.

2290 2632 2395 2685 Per
2410 2636 2465 2686 te
2485 2632 2806 2687 Dominum
2829 2637 3123 2698 nostrum,
3158 2633 3263 2705 qui
3291 2649 3425 2690 cum
3443 2636 3634 2703 Patre,
3667 2641 3727 2694 et
3751 2640 3890 2712 Spi-

2215 2719 2330 2775 ritu
2356 2721 2568 2775 Sancto
2598 2736 2752 2774 unus
2781 2735 2845 2776 es
2875 2721 3031 2776 Deus
3061 2721 3119 2776 in
3147 2722 3352 2778 omnia
3377 2724 3599 2781 saecula
3629 2727 3890 2784 saeculo-

2215 2823 2348 2863 rum
2377 2807 2437 2866 ἲν.
2465 2812 2674 2863 Amen.

2287 2895 2572 2951 Dominus
2601 2895 2692 2951 sit.
2719 2907 2786 2963 Bg.
2837 2899 2898 2952 Et
2929 2912 3086 2952 cum.

2817 2986 2889 3040 In
2925 2986 3226 3043 Laudibus
3240 3031 3252 3043 .

2290 3070 2368 3126 Ad
2396 3070 2720 3127 Canticum.
2754 3073 3108 3143 Antiphonti.
3152 3074 3595 3132 Catulusleonis
3630 3080 3889 3137 Judade

2221 3158 2704 3230 germine,ﬁli,ita
2724 3161 3445 3234 ascendisti.requiescens
3457 3166 3812 3226 accubuisti
3827 3175 3892 3226 ut

2221 3248 2396 3312 leo,et
2411 3247 2584 3319 quasi
2597 3248 2827 3305 catulus
2842 3251 3237 3323 leonis,quem
3252 3254 3536 3311 suscitare
3548 3257 3764 3314 nullus
3783 3274 3896 3315 au-

2222 3337 2404 3394 debit.

2546 3427 2860 3483 Canticum
2912 3429 3164 3499 (Genesis
3193 3446 3326 3501 cap.
3376 3432 3551 3504 mx).

2303 3514 2538 3571 Vocavit
2563 3515 2750 3571 Jacob
2776 3515 2927 3572 ﬁlios
2959 3533 3120 3588 suos,
3149 3520 3166 3535 '
3204 3523 3261 3575 et
3285 3519 3366 3576 ait
3395 3520 3480 3576 eis
3513 3532 3530 3582 :

2303 3603 2782 3672 Congregamini,
2813 3609 2877 3660 ut
2927 3606 3276 3662 annuntiem
3307 3623 3442 3679 quae
3465 3613 3721 3669 ventura
3750 3619 3901 3672 sunt

2231 3691 2404 3746 vobis
2427 3692 2444 3707 ⁶
2473 3690 2682 3747 diebus
2712 3693 3082 3749 novissimis.

2305 3781 2781 3851 Congregamini,
2805 3785 2860 3837 et
2878 3781 3098 3850 audite,
3122 3783 3227 3838 ﬁlii
3275 3786 3482 3855 Jacob,
3509 3788 3776 3862 'audite,
3808 3793 3905 3850 Is-

2233 3867 2374 3935 rael,
2405 3868 2636 3924 Patrem
2671 3874 2957 3926 vestrum.

2305 3956 2510 4033 Ruben
2543 3958 2974 4029 primogenitus
3010 3975 3197 4025 meus,
3223 3965 3284 4016 tu
3310 3961 3597 4019 fortitudo
3628 3982 3794 4035 mea,
3847 3976 3906 4027 et

2232 4046 2586 4118 principium
2617 4047 2839 4102 doloris
2862 4047 2978 4101 mei
3004 4064 3018 4102 :
3042 4049 3204 4119 prior
3229 4049 3291 4104 in
3314 4050 3512 4117 donis,
3547 4055 3753 4125 major
3785 4057 3902 4114 im-

2234 4133 2417 4206 perio.
2445 4135 2676 4189 Effusas
2707 4151 2768 4189 es
2807 4135 2958 4190 sicut
2989 4151 3294 4207 aqua,non
3323 4155 3555 4196 crescas
3581 4158 3592 4198 :
3622 4145 3778 4215 quia
3808 4161 3904 4202 as-

2233 4223 2476 4277 cendisti
2498 4222 2688 4278 cubile
2721 4223 2906 4278 Patris
2938 4223 3103 4293 tui,et
3127 4227 3721 4288 maculastistratum
3735 4235 3898 4305 ejus.

2305 4309 2545 4366 Simeon
2576 4314 2633 4366 et
2663 4310 2794 4366 Levi
2821 4311 3027 4366 fratres
3049 4312 3099 4382 ej
3111 4329 3178 4368 us
3205 4333 3217 4372 :
3244 4329 3392 4371 vasa
3414 4316 3756 4389 iniquitatis
3771 4321 3900 4379 bel-

2232 4397 2436 4454 lantia.

2303 4490 2366 4543 In
2398 4486 2642 4543 consilio
2670 4502 2876 4543 eorum
2899 4504 3019 4544 non
3044 4489 3246 4546 veniat
3281 4491 3487 4550 anima
3515 4511 3675 4564 mea,
3711 4499 3731 4519 ‘
3749 4504 3812 4557 et
3837 4502 3902 4557 in

2233 4580 2386 4632 coetu
2407 4575 2642 4632 illorum
2673 4591 2793 4632 non
2823 4576 2896 4632 sit
2925 4577 3114 4647 gloria
3143 4595 3277 4636 mea
3309 4597 3321 4635 :

2303 4664 2414 4731 Qui
2449 4666 2509 4721 in
2533 4665 2726 4721 furore
2745 4682 2857 4721 suo
2885 4667 3232 4725 occiderunt
3280 4669 3497 4736 virum,
3519 4674 3538 4694 '
3560 4675 3618 4729 et
3681 4675 3746 4732 in
3800 4695 3905 4736 vo-

2230 4756 2454 4812 luntate
2476 4771 2585 4811 sua
2609 4754 2978 4812 suffoderth
3010 4773 3275 4814 murum.

2302 4843 2640 4901 Maledictus
2665 4843 2831 4899 furor
2857 4858 3088 4912 eorum,
3145 4846 3288 4918 quia
3309 4847 3582 4917 pertinax
3612 4867 3626 4903 :
3655 4855 3715 4908 et
3745 4854 3906 4911 indi-

2229 4932 2434 5004 gnatio
2461 4945 2692 4996 eorum,
2727 4932 2868 5003 quia
2897 4933 3048 4988 dura
3075 4953 3086 4992 :
3119 4934 3387 4991 dividam
3435 4935 3568 4992 illos
3591 4938 3656 4994 in
3681 4942 3898 5011 Jacob,

2229 5026 2285 5077 et
2303 5021 2644 5092 dispergam
2668 5036 2770 5075 eos
2800 5022 2858 5075 in
2886 5022 3079 5077 Israel.

2295 5109 2472 5175 Juda,
2507 5115 2560 5164 te
2585 5109 3244 5166 collaudabuntfratres
3271 5111 3352 5167 tui
3375 5132 3386 5170 :
3407 5128 3627 5169 manus
3658 5121 3784 5175 tute
3837 5120 3902 5176 in

2227 5197 2552 5254 cervicibus
2582 5197 2961 5252 inimicorum
2995 5204 3317 5263 tuorum,et
3337 5200 3760 5263 adorabuntte
3789 5209 3900 5264 ﬁlii

2223 5286 2407 5358 patris
2443 5286 2542 5340 tui.
2570 5285 2844 5342 'Catulus
2876 5285 3061 5341 leonis
3104 5287 3296 5345 Juda:
3334 5288 3410 5343 ad
3450 5291 3755 5361 praedam,
3815 5297 3901 5353 ﬁli

2221 5375 2325 5440 mi,
2359 5374 2682 5429 ascendisti
2716 5392 2729 5425 :

2294 5461 2688 5532 Requiescens
2713 5461 3044 5518 accubuisti
3078 5467 3141 5519 ut
3169 5463 3278 5530 leo,
3309 5467 3324 5480 '
3350 5467 3405 5520 et
3445 5468 3626 5537 quasi
3676 5470 3895 5542 leaena,

2219 5551 2354 5622 quis
2381 5549 2686 5606 suscitabit
2715 5565 2843 5606 eum
2875 5552 2902 5607 Ἰν
