4076 6404
167 271 250 325 121
1399 288 1469 343 ΙΝ
1508 287 1627 342 DIE
1658 287 2104 348 NATIVITATIS
2145 296 2424 362 DOMINI.

236 399 358 452 Non
388 396 711 456 auferetur
727 406 1040 476 sceptrum
1061 407 1134 462 de
1158 411 1186 464 J
1193 409 1328 478 uda,
1358 413 1496 468 'nec
1514 412 1638 468 dux
1666 414 1741 469 de
1763 413 1846 469 fe-
1875 416 1919 467 A

175 486 434 542 moribus
468 488 632 558 ejus,

241 575 438 632 Donec
468 579 682 635 veniat
703 581 814 652 qui
845 582 1171 641 mittendus
1211 593 1314 655 est,
1353 592 1366 606 '
1391 590 1583 661 etipse
1615 591 1719 646 erit
1750 606 1843 646 ex-

176 665 428 735 pectatio
462 667 773 724 Gentium.

248 753 467 822 Ligans
492 755 572 810 ad
604 757 851 813 vineam
877 761 1106 830 pullum
1143 781 1339 830 suum,
1371 771 1385 784 '
1407 770 1464 822 et
1493 767 1571 823 ad
1596 769 1844 832 vitem,o

175 841 256 896 ﬁli
282 844 386 907 mi,
419 845 663 901 asinam
695 863 898 904 suam.

251 932 502 988 Lavabit
522 935 581 989 in
605 934 821 992 vinum
837 938 1056 996 stolam
1079 957 1274 1007 suam,
1308 947 1321 961 '
1337 949 1393 1000 et
1410 946 1470 1001 in
1488 948 1845 1017 sanguinem

177 1035 307 1074 uvm
334 1020 592 1091 pallium
616 1039 818 1078 suum.

251 1109 369 1180 50
401 1109 787 1169 Pulchriores
829 1116 986 1173 oculi
1008 1119 1138 1189 ejus
1171 1122 1366 1187 vino,‘
1387 1123 1657 1179 etdentes
1698 1124 1846 1180 lacte

172 1197 588 1254 candidiores.

245 1285 522 1342 Zabulon
547 1289 612 1344 in
640 1288 833 1347 littore
856 1294 1042 1349 maris
1072 1297 1388 1366 habitabit,
1417 1302 1506 1356 'et
1527 1301 1846 1356 stationem

171 1375 426 1429 navium
458 1378 810 1448 pertingens
854 1397 1045 1453 usque
1075 1385 1153 1440 ad
1210 1386 1517 1442 Sidonem.

248 1464 555 1529 lssachar,
584 1468 794 1522 asinus
811 1468 974 1525 fortis
987 1473 1292 1529 accubans
1308 1476 1368 1530 in
1384 1476 1720 1532 terminos.‘
1762 1478 1850 1533 Vi-

177 1552 264 1606 dit
280 1553 549 1623 requiem
568 1557 734 1627 quod
753 1564 906 1614 esset
921 1559 1085 1617 bona
1103 1568 1179 1617 :et
1194 1568 1404 1619 terram
1417 1566 1580 1636 quod
1596 1567 1843 1637 optima:

241 1643 308 1695 Et
342 1646 669 1714 supposuit
699 1646 1021 1704 humerum
1060 1667 1238 1708 suum
1270 1655 1289 1675 ⁶
1315 1653 1393 1708 ad
1419 1655 1804 1725 portandum,
1827 1659 1845 1676 ¹

170 1727 499 1802 factusque
523 1737 612 1787 est
632 1734 856 1790 tributo
889 1738 1169 1794 serviens.

245 1821 378 1961 Dlan
397 1819 704 1888 judicabit
745 1825 1037 1895 populum
1070 1844 1247 1882 suum
1291 1835 1354 1884 ut
1404 1829 1521 1884 alia
1553 1831 1736 1886 tribus
1768 1837 1848 1887 ls-

245 1923 272 1961 e
302 1950 314 1960 .

168 1922 314 1962 rael.

246 1997 376 2052 Fiat
410 2000 536 2052 Dan
568 1999 892 2056 coluberin
917 2003 1030 2069 via,
1060 2006 1394 2061 cerastesin
1432 2008 1662 2074 semita,
1688 2025 1847 2066 mor-

181 2087 326 2139 dens
374 2086 636 2156 ungulas
668 2089 826 2159 equi,
862 2092 881 2111 '
906 2095 968 2146 ut
987 2092 1164 2148 cadat
1194 2109 1478 2151 ascensor
1508 2097 1637 2166 ejus
1667 2102 1842 2154 retro.

183 2173 452 2229 Salutare
487 2180 657 2230 tuum
689 2178 1042 2248 expectabo,
1082 2181 1352 2239 Domine.

247 2263 1096 2338 Gad,‘accinctuspraaliabitur
1116 2275 1251 2326 ante
1278 2287 1415 2326 eum
1443 2275 1487 2326 ξ·
1521 2278 1574 2327 et
1604 2273 1730 2344 ipse
1752 2290 1846 2330 ac-

180 2351 453 2420 cingetur
477 2357 831 2411 retrorsum.

245 2441 420 2508 Aser,
454 2441 699 2512 pinguis
730 2445 904 2515 panis
952 2447 1101 2517 ejus,
1125 2451 1144 2470 ⁶
1202 2451 1258 2503 et
1287 2448 1575 2519 praebebit
1609 2451 1845 2507 delicias

179 2529 446 2598 regibus.

249 2618 618 2690 Nephtalim,
642 2636 851 2677 cervus
884 2625 1162 2694 emissus,
1187 2627 1200 2641 '
1218 2629 1273 2682 et
1294 2626 1446 2682 dans
1467 2627 1845 2699 eloquiapul-

184 2707 557 2764 chritudinis.

253 2797 441 2854 Filius
473 2813 824 2856 accrescens
858 2803 1097 2875 Joseph,
1145 2804 1302 2861 ﬁlius
1325 2821 1695 2876 accrescens,
1720 2807 1735 2823 '
1791 2810 1846 2862 et

188 2885 444 2942 decorus
468 2893 719 2959 aspectu
748 2906 760 2943 :

255 2976 416 3031 Filiae
439 2976 855 3034 discurrerunt
874 2994 1058 3051 supra
1085 2986 1374 3037 murum.‘
1407 2982 1517 3038 Sed
1541 2997 1849 3052 eanpera-

191 3070 399 3159 verunt
431 3080 594 3131 eum,
620 3067 915 3138 etjurgati
939 3069 1542 3136 sunt,invidentesilli
1561 3071 1851 3126 habentes
1884 3104 1923 3159 ρ

183 3153 406 3224 jacula.

259 3244 423 3299 Sedit
454 3243 515 3297 in
544 3243 678 3299 forti
697 3260 871 3301 arcus
893 3247 1045 3316 ejus,
1071 3250 1126 3301 et
1147 3246 1436 3303 dissoluta
1458 3253 1595 3303 sunt
1616 3248 1852 3304 vincula

186 3333 579 3389 brachiorum
603 3335 728 3404 ejus
742 3338 796 3390 et
823 3350 1116 3390 manuum
1142 3336 1294 3390 illius
1318 3352 1420 3408 per
1438 3353 1624 3392 manu
1647 3342 1852 3409 poten-

188 3423 254 3476 tis
285 3422 507 3477 Jacob:
535 3425 554 3443 ’
584 3422 722 3477 inde
745 3428 950 3495 pastor
970 3439 1244 3493 egressus
1269 3430 1374 3490 est,
1399 3431 1608 3497 pastor
1646 3425 1846 3480 Israel.

252 3513 409 3566 Deus
438 3511 629 3566 Patris
673 3513 755 3567 tui
784 3513 893 3568 erit
916 3513 1156 3583 adjutor
1175 3515 1357 3580 tuus,‘
1400 3515 1848 3586 etomnipotens

185 3599 502 3656 benedicet
533 3599 664 3656 tibi.

259 3689 785 3745 Benedictionibus
807 3690 934 3746 caeli
989 3690 1273 3762 desuper,
1329 3691 1849 3747 benedictionibus

189 3777 394 3850 abyssi
417 3778 673 3848 jacentis
695 3778 1034 3848 deorsum,‘
1058 3779 1580 3835 benedictionibus
1598 3781 1852 3835 uberum

190 3874 239 3921 et
278 3866 502 3920 vulvae.

263 3955 717 4011 Benedictiones
742 3956 932 4011 Patris
965 3956 1048 4010 tui
1081 3956 1428 4011 confortatae
1451 3963 1590 4010 sunt
1616 3955 1857 4010 benedi-

197 4045 504 4100 ctionibus
531 4046 724 4099 Patris
767 4045 931 4113 ejus:
975 4047 988 4060 '
1017 4044 1209 4099 donec
1241 4043 1463 4098 veniret
1488 4043 1852 4099 desiderium

196 4133 440 4189 collium
476 4141 838 4189 teteruorum
884 4149 894 4188 :

267 4223 440 4278 Fiant
465 4222 525 4277 in
560 4224 752 4295 capite
783 4223 1024 4294 Joseph,
1053 4225 1067 4238 '
1097 4229 1151 4276 et
1198 4222 1257 4276 in
1283 4221 1559 4277 verticem
1597 4221 1856 4278 Nazarzei

197 4313 350 4367 inter
375 4311 586 4366 fratres
617 4328 780 4368 suos.

269 4401 587 4471 Benjamin
617 4401 800 4473 lupus
817 4416 1024 4472 rapax,
1048 4406 1065 4423 ‘
1084 4415 1260 4456 mane
1279 4401 1550 4456 comedet
1568 4399 1855 4472 praedam,

197 4496 252 4547 et
281 4497 460 4546 nocte
490 4490 715 4545 dividet
743 4489 957 4562 spolia.

268 4581 334 4635 P.
367 4582 437 4634 Et
467 4579 641 4650 quasi
664 4578 916 4634 catulus.

274 4668 503 4733 Gloria,
535 4675 589 4723 et
619 4669 816 4723 honor
836 4667 1012 4736 Patri,
1040 4671 1146 4722 etc.
1167 4668 1230 4721 P.
1269 4666 1510 4722 Catulus
1539 4665 1750 4721 leonis.

267 4759 603 4825 0ratio.Te,
629 4758 854 4813 Christe
876 4756 1414 4822 Domine,catulum
1442 4756 1630 4812 leonis
1651 4753 1859 4809 domui

192 4849 353 4904 Juda
370 4847 616 4902 affuisse
638 4846 1056 4917 cognovimus,
1121 4862 1298 4918 quem
1333 4845 1465 4899 totis
1513 4843 1859 4916 praecordiis

192 4938 608 5009 postulamus;
647 4944 707 4991 ut
733 4936 837 5007 qui
867 4935 1196 5007 apparuisti
1225 4935 1285 4989 in
1316 4949 1514 5000 carne,
1546 4933 1619 4988 de
1672 4947 1859 4987 manu

193 5028 362 5083 fortis
386 5027 633 5097 capiens
647 5023 1330 5097 praedam,adjudicium
1358 5023 1617 5088 veniens,
1640 5021 1859 5076 miseri-

193 5116 466 5172 cordiam
498 5131 803 5187 praeroges
829 5112 1855 5184 fidelibusrepromissam.n.Amen.

263 5208 376 5262 Per
407 5205 896 5261 misericordiam
927 5208 1114 5258 tuam.

263 5301 310 5352 A
323 5299 365 5352 (ἰ
378 5297 714 5352 Canticum.
731 5293 1102 5361 Antiphona.
1115 5291 1401 5347 Exultavit
1415 5291 1666 5362 Spiritus
1685 5303 1854 5344 meus

192 5386 249 5441 in
281 5387 402 5441 Deo
425 5385 673 5441 salutari
703 5397 863 5438 meo.
894 5380 1043 5446 Quia
1064 5379 1324 5451 respexit
1342 5379 1738 5434 humilitatem
1757 5391 1858 5431 an-

194 5475 338 5530 cillaa
374 5491 495 5530 suae
523 5493 535 5542 ;
570 5488 709 5530 ecce
732 5470 899 5528 enim
913 5484 982 5524 ex
1006 5469 1119 5524 hoc
1144 5467 1381 5524 beatam
1397 5482 1491 5522 me
1519 5467 1714 5522 dicent
1732 5479 1856 5520 om-

193 5579 296 5621 nes
327 5564 772 5636 generationes.

3499 313 3601 368 122

2489 431 2808 490 Canticum
2832 436 3026 505 (Luca?
3059 435 3118 503 ι).

2023 529 2353 599 Magniﬁcat
2385 536 2399 551 '
2432 537 2636 592 anima
2664 554 2799 594 mea
2835 539 3156 594 Dominum

2026 617 2086 668 Et
2111 621 2650 695 exultavitspiritus
2684 643 2852 682 meus
2873 629 2889 644 '
2913 627 2974 681 in
3004 628 3121 682 Deo
3155 628 3398 684 salutari
3430 645 3590 686 meo.

2025 705 2170 766 Quia
2188 712 2441 780 respexit
2469 713 2860 770 humilitatem
2911 714 3138 770 ancillas
3179 732 3331 770 sum:
3398 719 3414 735 '
3461 733 3594 773 ecce

1955 794 2111 848 enim
2126 811 2197 850 ex
2213 797 2326 852 hoc
2346 799 2586 857 beatam
2604 819 2696 857 me
2715 803 2912 858 dicent
2929 818 3138 859 omnes
3156 805 3590 874 generationes.

2027 884 2174 947 Quia
2200 884 2334 942 fecit
2357 889 2503 944 mihi
2534 906 2756 960 magna
2785 892 2887 963 qui
2908 897 3117 963 potens
3134 892 3308 946 estz"
3361 898 3416 948 et
3464 908 3595 948 san-

1955 975 2116 1027 ctum
2145 989 2367 1031 nomen
2381 979 2561 1049 ejus.§

2026 1061 2517 1124 Etmisericordia
2545 1068 2672 1138 ejus
2710 1083 2746 1123 a
2782 1069 3068 1140 progenie
3106 1070 3168 1124 in
3198 1069 3548 1140 progeniem
3574 1071 3592 1090 ⁶

1952 1145 2304 1206 timentibus
2331 1169 2488 1209 eum.

2025 1237 2176 1292 Fecit
2205 1241 2530 1309 potentiam
2558 1242 2878 1300 inbrachio
2909 1259 3047 1300 suo:
3071 1245 3093 1266 '
3126 1243 3410 1316 dispersit
3425 1259 3591 1316 supe-

1952 1323 2063 1379 bos
2091 1332 2288 1381 mente
2314 1329 2510 1383 cordis
2537 1330 2649 1385 sui.

2024 1412 2588 1487 Deposuitpotentes
2604 1418 2676 1473 de
2709 1419 2869 1486 sede,
2900 1421 2984 1474 ‘et
3030 1419 3592 1476 exaltavithumiles.

2025 1503 2360 1559 Esurientes
2389 1505 2655 1578 implevit
2709 1507 2884 1563 bonis
2941 1525 2953 1562 :
2991 1511 3011 1529 ’
3043 1511 3098 1564 et
3128 1508 3340 1564 divites
3373 1508 3596 1565 dimisit

1953 1605 2178 1646 manes.

2030 1681 2297 1752 Suscepit
2321 1683 2494 1738 Israel
2523 1699 2777 1754 puerum
2804 1700 2999 1748 suum,
3045 1685 3066 1705 '
3100 1684 3446 1740 recordatus
3507 1688 3596 1740 est

1885 1761 1927 1814 Β
1957 1768 2379 1825 misericordiaa
2430 1787 2568 1828 suae.

2030 1858 2186 1914 Sicut
2215 1858 2447 1915 locutus
2484 1866 2572 1916 est
2602 1861 2679 1915 ad
2712 1864 2906 1916 Patres
2947 1869 3202 1926 nostros,
3239 1862 3257 1882 ‘
3289 1860 3594 1916 Abraham

1956 1949 2012 2002 et
2041 1946 2255 2001 semini
2283 1948 2411 2017 ejus
2449 1951 2508 2004 in
2529 1949 2766 2004 saecula.

2027 2037 2105 2091 P.
2141 2035 2291 2100 Quia
2320 2037 2574 2108 respexit
2603 2037 3022 2092 humilitatem.

2029 2121 2300 2187 Gloria,et
2314 2125 2494 2178 honor
2512 2123 3155 2188 Patri,etc.P.Exultavit
3173 2123 3401 2194 spiritus
3419 2137 3595 2178 meus.

2030 2228 2260 2283 Oratio.
2291 2229 2536 2283 Domine
2559 2232 2692 2284 Jesu
2722 2230 2962 2298 Christe,
2985 2230 3088 2302 qui
3137 2246 3206 2284 ex
3237 2231 3407 2284 Patre
3445 2228 3599 2282 Deus

1955 2332 2232 2386 magnus,
2257 2333 2360 2387 pro
2373 2317 2550 2372 nobis
2566 2318 2844 2387 dignatus
2859 2335 2921 2373 es
2941 2319 3104 2373 nasci
3123 2334 3192 2372 ex
3210 2317 3452 2372 homine
3466 2330 3598 2386 par-

1952 2420 2083 2468 vus,
2126 2409 2190 2459 ut
2218 2420 2325 2475 per
2351 2411 2402 2458 te
2422 2405 2630 2471 factus,
2662 2422 2768 2476 per
2798 2415 2850 2461 te
2882 2406 3211 2460 salvaretur
3242 2404 3365 2458 sine
3409 2401 3597 2457 dubio

1954 2493 2252 2560 mundus;
2293 2495 2578 2564 prOpitius
2611 2503 2732 2550 esto
2763 2500 2816 2550 et
2843 2496 3118 2551 miserere
3136 2493 3309 2548 nobis
3331 2509 3343 2546 :
3368 2505 3597 2562 nosque

1954 2597 1989 2637 a
2003 2581 2309 2636 mundanis
2323 2583 2612 2652 contagiis
2627 2584 2922 2648 munda,et
2936 2584 2994 2638 in
3010 2583 3118 2637 hoc
3132 2581 3342 2637 Mundo
3358 2579 3596 2634 mundos

1952 2685 2063 2725 nos
2094 2685 2220 2724 esse
2252 2671 2562 2735 constitue,
2596 2673 2699 2742 qui
2729 2687 2850 2726 non
2875 2671 3163 2742 judicare,
3219 2668 3322 2723 sed
3362 2667 3597 2722 salvare

1952 2756 2185 2820 venisti,
2202 2757 2450 2811 utnobis
2467 2759 2748 2828 parvulus
2762 2766 2952 2822 natus,
2978 2758 3272 2827 nobisque
3310 2755 3468 2809 ﬁlius
3488 2753 3596 2809 da-

1954 2849 2067 2908 tus,
2100 2844 2159 2898 in
2182 2849 2233 2897 te
2249 2848 2302 2897 et
2321 2845 2779 2912 regenerationis
2801 2849 3080 2911 ortum,et
3104 2842 3446 2914 adoptionis
3474 2855 3595 2896 me-

1956 2947 2194 2988 reamur
2214 2932 2498 3003 consequi
2524 2932 2772 2987 donum.
2807 2944 2874 3001 Ριι.
2914 2934 3122 2987 Amen.

2029 3021 2138 3075 Per
2176 3021 2656 3088 misericordiam,
2689 3022 2840 3076 Deus
2869 3025 3087 3076 noster.

2034 3109 2118 3163 Ad
2143 3107 2866 3178 Benedictus.Antiphona.
2897 3107 3022 3163 Tibi
3045 3106 3153 3162 soli
3178 3107 3297 3159 Deo
3323 3103 3601 3171 honor,et

1964 3197 2168 3267 gloria,
2203 3197 2402 3262 virtus,
2434 3201 2489 3252 et
2517 3202 2781 3268 potestas
2812 3198 2872 3251 in
2912 3195 3130 3251 smcula
3159 3192 3533 3248 saeculorum.

2036 3286 2368 3341 Canticum.
2402 3285 2748 3340 Benedictus
2777 3301 2860 3349 es,
2897 3285 3133 3340 Domine
3169 3284 3322 3337 Deus
3362 3280 3604 3335 Patrum

1960 3379 2324 3429 nostrorum.
2357 3374 2609 3444 Requz’re
2626 3375 2736 3442 fol.
2767 3375 2819 3430 6.

2031 3465 2210 3518 Sono.
2242 3463 2528 3517 Dominus
2559 3461 2707 3518 dixit
2764 3464 2842 3518 ad
2868 3477 2991 3516 me:
3021 3461 3175 3516 filius
3207 3473 3376 3514 meus
3405 3473 3466 3512 es
3521 3461 3602 3519 tu,

1960 3564 2071 3618 ego
2101 3549 2276 3605 hodie
2317 3549 2495 3618 genui
2537 3553 2607 3604 te.
2641 3549 3125 3607 Alleluia.\‘-’.Pete
3153 3563 3188 3602 a
3211 3561 3324 3608 me,
3359 3547 3416 3598 et
3445 3541 3605 3596 dabo

1960 3637 2064 3693 tibi
2081 3638 2292 3692 Gentes
2305 3637 2690 3693 hereditatem
2704 3643 2954 3701 tuam,et
2970 3634 3418 3709 possessionem
3441 3635 3604 3685 tuam

1963 3728 2245 3781 terminos
2279 3731 2460 3781 terrm.
2495 3729 2680 3794 Reges
2710 3727 2892 3781 eosin
2923 3726 3092 3796 virga
3122 3724 3330 3787 ferrea,
3381 3727 3437 3775 et
3460 3721 3607 3773 tam-

1963 3830 2147 3886 quam
2179 3829 2282 3868 vas
2303 3813 2471 3881 ﬁguli
2490 3814 2828 3886 confringes
2843 3830 2962 3869 eos.
2995 3817 3059 3868 Et
3085 3826 3242 3867 nunc
3260 3823 3428 3878 reges
3445 3804 3611 3861 intel-

1965 3901 2123 3970 ligite
2158 3901 2510 3956 :erudimini
2532 3919 2758 3969 omnes,
2785 3902 2886 3974 qui
2910 3900 3188 3971 judicatis
3222 3904 3457 3953 terram.
3490 3895 3612 3961 Ego

1967 3997 2165 4044 autem
2186 3991 2539 4046 constitutus
2562 4008 2695 4045 sum
2707 4007 2809 4046 rex
2824 4005 3005 4061 super
3033 3990 3172 4045 Sion
3198 3991 3464 4041 montem
3482 3995 3615 4037 san-

1967 4084 2151 4134 ctum.
2181 4079 2242 4132 P.
2278 4078 2466 4133 Genui
2495 4082 2566 4134 te.
2599 4079 2863 4133 Alleluia.

2039 4167 2269 4220 Lauda.
2302 4167 2556 4221 Laudate
2584 4166 2902 4221 Dominum
2931 4165 3003 4219 de
3035 4157 3610 4227 coelis.Alleluia.51

1973 4254 2227 4309 Laudate
2251 4271 2387 4309 eum
2415 4255 2471 4308 in
2488 4255 2756 4310 excelsis.
2775 4254 3040 4318 Alleluia,
3061 4253 3349 4307 Psalmus.
3385 4260 3608 4301 CXLVIII.

2254 4363 2466 4428 {Lectio
2503 4363 2677 4418 Isaia?
2718 4361 3026 4430 Propheta
3056 4360 3218 4427 (Cap.
3250 4362 3348 4421 1x)-

2045 4479 2107 4527 R'.
2131 4469 2248 4523 Deo
2277 4469 2514 4538 gratias.

2042 4575 2241 4630 Primo
2262 4582 2538 4647 ,tempore
2584 4575 2858 4630 alleviata
2888 4577 2974 4628 est
3010 4577 3167 4627 terra
3224 4566 3511 4633 Zabulon,
3561 4565 3618 4617 et

1970 4670 2119 4718 terra
2142 4664 2508 4733 Nephthalim
2529 4681 2541 4730 ;
2563 4672 2616 4718 et
2638 4665 2693 4719 in
2719 4662 3051 4718 novissimis
3072 4663 3396 4729 aggravata
3421 4657 3507 4708 est
3525 4652 3621 4706 via

1969 4751 2153 4805 maris
2186 4755 2349 4806 trans
2379 4753 2701 4808 Jordanem
2726 4751 2972 4806 Galilaeze
3005 4746 3298 4804 Gentium.
3326 4741 3612 4813 Populus,

1969 4839 2074 4909 qui
2103 4839 2344 4895 sedebat
2375 4841 2430 4895 in
2465 4840 2897 4906 tenebris,vidit
2920 4839 3122 4894 lumen
3153 4847 3447 4903 magnum
3482 4829 3617 4885 :ha—

1969 4926 2293 4982 bitantibus
2323 4930 2381 4982 in
2413 4929 2654 4997 regione
2694 4929 2913 4983 umbrae
2949 4927 3169 4995 mortis,
3208 4924 3310 4978 lux
3337 4925 3466 4976 orta
3532 4922 3618 4974 est

1970 5017 2070 5071 eis.
2108 5016 2496 5088 Multiplicasti
2520 5023 2904 5086 gentem,non
2921 5013 3318 5084 magnificasti
3343 5010 3614 5068 laetitiam.

1971 5105 2567 5162 Lzetabunturcoram
2596 5111 2666 5172 te,
2700 5106 2847 5161 sicut
2880 5106 3152 5160 laetantur
3173 5103 3231 5157 in
3247 5099 3620 5165 messe,sicut

1968 5193 2798 5267 exultantvictores,quando
2828 5193 3102 5249 dividunt
3155 5190 3363 5262 spolia.
3398 5190 3615 5257 Jugum

1967 5283 2124 5337 enim
2148 5284 2344 5339 oneris
2379 5285 2505 5355 ejus
2557 5289 2611 5338 et
2665 5283 2899 5353 virgam
2929 5281 3163 5336 humeri
3197 5280 3346 5349 ejus,
3409 5280 3465 5331 et
3495 5289 3618 5328 sce-

1967 5381 2166 5447 ptrum
2190 5373 2478 5430 exactoris
2505 5374 2632 5444 ejus
2668 5371 2960 5444 superasti
2984 5370 3136 5423 sicut
3161 5368 3222 5423 in
3248 5367 3342 5420 die
3361 5363 3617 5419 Madian.

1968 5464 2321 5530 Quiaomnis
2345 5462 2600 5519 violenta
2621 5459 2910 5533 praadatio
2925 5453 3415 5515 cumtumultu,et
3447 5447 3618 5501 vesti-

1965 5558 2234 5609 mentum
2257 5551 2499 5607 mistum
2523 5550 2836 5619 sanguine,
2876 5547 2978 5602 erit
3004 5546 3064 5601 in
3118 5537 3611 5599 combustionem.
