4076 6424
477 311 578 380 iss
1693 293 2147 370 sasvumuu
2186 292 2580 370 cornicum.
3769 282 3885 359 is“!

474 449 530 504 et
553 443 720 501 cibus
740 441 914 516 ignis.
947 437 1238 498 Parvulus
1262 441 1421 498 enim
1436 441 1611 499 natus
1636 443 1722 495 est
1741 435 1935 500 nobis,
1971 442 2025 490 et
2043 433 2110 490 ﬁ-
2137 433 2185 488 A
2219 445 2286 492 os
2299 445 2523 492 meum.
2547 435 2610 496 ῒ.
2644 433 2859 506 Gloria,
2891 436 2947 492 et
2971 431 3162 491 honor
3181 424 3358 499 Patri,
3390 430 3500 488 etc.
3522 426 3590 486 P.
3614 421 3682 485 Et
3727 433 3890 500 ape-

474 535 588 590 lius
612 532 791 589 datus
829 533 923 587 est
947 530 1144 594 nobis,
1176 534 1234 588 et
1255 530 1445 588 factus
1469 533 1556 586 est
1590 525 1960 600 principatus
1979 523 2110 595 ejus
2217 524 2333 581 ruit
2351 540 2439 582 os.

473 637 653 694 super
669 620 954 675 humeros
969 618 1098 690 ejus
1130 636 1144 676 :
1169 621 1233 675 Et
1260 618 1570 676 vocabitur
1596 629 1820 674 nomen
1847 613 1975 684 ejus
1996 611 2110 668 Ad-
2919 612 3212 682 Hymnus.

472 706 786 771 mirabilis,
817 706 1205 772 consiliarius,
1227 707 1403 776 Deus,
1421 706 1606 776 fortis,
1630 703 2112 773 Domiuator,pa-
2465 700 2726 757 Christus
2755 703 2843 757 est
2864 700 2984 756 vita
3015 698 3256 755 veniens
3285 697 3347 753 in
3398 695 3630 760 orbem,

473 803 560 852 ter
585 793 758 852 futuri
771 794 1271 867 saeculi,princeps
1283 791 1968 867 pacis.Multiplicabitur
1983 789 2113 860 ejus
2393 788 2584 846 Mortis
2612 793 2829 846 occasu
2866 787 3098 862 patiens
3119 785 3364 852 acerbae,

395 919 414 946 χ
473 884 812 956 imperium,
832 889 887 940 et
910 882 1214 955 pacisejus
1233 899 1355 941 non
1380 884 1488 940 erit
1501 882 1637 939 ﬁnis
1661 895 1868 952 :super
1897 878 2113 934 solium
2395 879 2587 935 Mortis
2617 883 2772 944 actu,
2813 877 3050 950 pietatis
3079 892 3193 932 usu

473 972 663 1029 David
692 971 941 1039 sedebit,
965 978 1019 1027 et
1039 987 1218 1043 super
1244 987 1497 1041 regnum
1526 971 1681 1041 ejus:
1716 973 1781 1024 ut
1801 965 2114 1024 conﬁrmet
2535 967 2734 1024 Vivere
2763 967 2972 1028 donat.

475 1060 642 1126 illud,
666 1063 722 1116 et
753 1059 1164 1116 corroboretin
1179 1059 1428 1131 judicio,
1454 1056 1845 1129 etinjustitia,
1866 1053 2107 1118 amodo,
2466 1054 2710 1111 Sustulit
2730 1055 2968 1124 vulnus,
3002 1049 3369 1110 removendo
3396 1049 3659 1106 mortem
3695 1055 3710 1115 ;

475 1152 531 1204 et
548 1162 740 1218 usque
757 1147 820 1203 in
838 1148 1266 1220 sempiternum
1288 1165 1307 1218 ;
1327 1147 1482 1203 zelus
1501 1144 1734 1203 Domini
1754 1142 2110 1200 exercituum
2395 1143 2585 1198 Mortis
2616 1149 2918 1199 auctorem
2945 1139 3315 1214 perimendo,
3342 1136 3531 1209 surgit
3562 1153 3577 1205 ;

471 1234 647 1292 faciet
662 1234 796 1291 hoc.
825 1246 891 1306 Β.
917 1237 1124 1291 Amen.
1641 1249 1650 1258 τ
2395 1231 2576 1287 Patris
2592 1231 2670 1288 ad
2699 1231 3005 1287 dexteram
3023 1229 3365 1303 repetendo,
3405 1228 3621 1298 regnat

543 1324 830 1392 Hymnus.
889 1323 1049 1391 Veni,
1091 1323 1450 1396 Redemptor
1499 1319 1798 1376 Gentium.
1857 1317 2112 1389 Require
2537 1319 2683 1376 Sede
2709 1321 2997 1392 superna.

472 1411 585 1482 fol.
607 1415 695 1467 45.
2462 1410 2628 1463 Hunc
2657 1422 2914 1480 sequens
2938 1407 3167 1480 primus
3182 1404 3518 1476 Stephanus
3573 1401 3889 1467 minister,

541 1498 935 1570 Supplicatio.
984 1499 1232 1555 Oremus
1293 1499 1395 1555 Dei
1446 1496 1635 1554 Patris
1679 1493 2113 1566 Omnipotentis
2399 1494 2773 1553 Sortisillatas
2807 1493 2973 1551 titulo
3002 1494 3268 1559 decorus,

471 1585 1260 1659 misericordiam,supplices
1276 1586 1658 1658 imploremus
1685 1601 1698 1651 ;
1715 1589 1779 1639 ut
1795 1599 1905 1639 nos
1922 1582 2116 1653 gratia
2399 1585 2589 1649 Quam
2611 1582 2774 1639 dedit
2799 1583 3032 1655 spirans
3051 1580 3286 1637 Domini
3309 1577 3610 1650 benignus

473 1674 690 1734 Christi
716 1674 1420 1745 suiDomininostriJesu
1441 1671 1956 1744 Christipropitius
1995 1670 2117 1740 jus-
2541 1672 2788 1744 Spiritus
2843 1670 2941 1728 illi.

471 1762 692 1818 tificare
729 1761 1023 1832 dignetur.
1057 1774 1122 1831 It.
1180 1764 1418 1827 Praesta,
1455 1765 1670 1818 aeterne
1729 1759 2115 1827 Omnipotens
2148 1780 2192 1836 Β
2468 1761 2646 1816 Vadit
2683 1759 2958 1832 exemplo
2987 1758 3220 1816 Domini
3245 1755 3565 1814 revinctus.

470 1851 647 1906 Deus.
2395 1848 2658 1904 Testibus
2683 1846 2846 1903 falsis
2880 1847 3200 1920 adopertus
3226 1846 3451 1910 insons,

545 1937 722 2008 Kyrie
743 1935 984 1992 eleison.
1009 1937 1234 1994 Christe
1264 1937 1507 1994 eleison.
1525 1935 1707 2008 Kyrie
1741 1934 1981 1991 eleison.
2397 1936 2673 1991 Judicum
2703 1940 2945 2008 portans
2984 1935 3268 1992 scelerata
3295 1936 3546 1992 Sanctus

548 2024 1110 2096 Capitula.Requies
1127 2026 1792 2096 Angelorum,omniumq
1801 2039 1870 2079 ue
1887 2029 2114 2080 sancto-
2541 2025 2702 2080 Dicta
2729 2024 3047 2081 malorum.

473 2128 631 2176 rum,
660 2114 913 2170 Domine
939 2117 1079 2170 Jesu
1107 2114 1451 2181 Christe,da
1467 2115 1646 2171 hodie
1673 2115 1733 2169 in
1761 2113 1876 2169 hoc
1920 2127 2116 2168 recur-
2471 2115 2580 2169 Ore
2609 2113 2828 2169 caelesti
2856 2111 3066 2168 refellit
3085 2111 3401 2181 malignos,

475 2201 628 2259 renti
664 2201 1118 2260 Nativitatistuas
1140 2203 1542 2260 sacratissimo
1559 2202 1708 2260 festo
1726 2199 1992 2272 requiem
2014 2215 2116 2272 po-
2400 2201 2468 2258 Et
2495 2201 2710 2273 probat
2734 2205 3012 2256 constans
3043 2200 3270 2255 ratione
3301 2197 3507 2263 falsos,

474 2287 620 2360 pulo
643 2291 745 2347 tuo
774 2307 787 2344 :
813 2292 878 2346 ut
898 2289 959 2346 iu
991 2296 1045 2346 te
1074 2305 1110 2348 a
1138 2289 1362 2346 delictis
1421 2297 1475 2347 et
1507 2289 1784 2348 oneribus
1834 2287 2114 2359 pessimis
2402 2289 2645 2360 Semper
2675 2287 2954 2358 indignos
2975 2285 3227 2344 Domino
3247 2285 3527 2359 polorum

473 2375 1001 2449 requiescat,teque
1017 2393 1155 2434 cum
1167 2379 1445 2436 universa
1457 2381 1725 2436 creatura
1734 2375 2114 2441 benedicens,
2541 2378 2787 2434 Credere
2815 2377 3008 2432 nolles.

475 2467 642 2520 tuam
669 2463 730 2520 in
746 2465 1026 2521 omnibus
1037 2481 1107 2522 ac
1131 2481 1236 2537 per
1251 2464 1457 2524 omnia
1471 2464 1943 2522 benedictionem
1964 2463 2117 2520 acci-
2473 2468 2662 2522 Saxeo
2694 2463 2901 2522 nimbo
2931 2463 3232 2537 lapidatus
3256 2481 3269 2531 ;
3296 2462 3479 2518 instat

478 2550 639 2622 piat;
665 2556 731 2608 ut
759 2567 940 2624 quem
961 2569 999 2610 a
1018 2553 1332 2611 maledicto
1375 2553 1623 2609 liberare
1649 2552 1882 2617 venisti,
1945 2566 2117 2610 num-
2400 2554 2635 2620 Paulus,
2667 2563 2725 2611 et
2750 2570 3026 2610 summus
3057 2552 3429 2625 lapidantum
3457 2552 3664 2609 servat

471 2653 653 2710 quam
671 2638 2110 2712 patiaristusebenedictionismuneredefraudari;
2406 2642 2519 2714 52
2547 2644 2764 2707 Vestes,
2800 2644 2861 2698 ut
2890 2641 3096 2697 reddat
3116 2639 3334 2696 liberos
3364 2638 3443 2696 ad
3465 2639 3658 2695 ictum

475 2725 582 2781 sed
606 2729 660 2781 te
676 2726 898 2797 jugiter
914 2727 1348 2800 benedicendo,
1388 2729 1736 2788 benedictus
1766 2731 2114 2800 permaneat
2539 2730 2709 2786 Caede
2727 2734 3032 2786 cruentos.

471 2812 534 2869 in
555 2817 865 2873 aeternum.
2467 2819 2724 2875 Sustinet
2750 2818 2956 2875 mortis
2984 2817 3216 2874 rabiem
3243 2816 3627 2889 prophanam

544 2901 716 2957 Pater
748 2907 969 2960 noster.
996 2907 1060 2964 Et
1083 2919 1158 2964 ne
1172 2920 1306 2962 nos.
1333 2904 1638 2962 Liberatia
1665 2904 1846 2962 malo.
1861 2904 2111 2975 Require
2395 2905 2614 2962 Plenus
2638 2907 2800 2962 omni
2829 2908 3047 2978 pietate
3073 2904 3291 2971 cordis,

460 2987 574 3056 Γοι·
601 2992 655 3045 2ο
2392 2995 2670 3051 Hostibus
2707 2994 2918 3066 quierit
2945 2994 3205 3063 veniam,
3231 2993 3508 3049 misertus

543 3081 1012 3174 LaudaAntequ
1023 3095 1123 3174 am
1150 3080 1357 3174 firmos
1382 3083 1643 3174 pararet.
1674 3080 1914 3151 Require
1922 3079 2108 3174 [91.116
2139 3119 2180 3174 α
2529 3084 2769 3139 Pectore
2789 3086 2975 3153 grato.

474 3169 843 3227 Benedictio.
881 3167 1194 3224 Benedioat
1222 3182 1334 3224 vos
1381 3168 1668 3224 Dominus
1706 3173 1906 3226 noster
1943 3171 2108 3224 .lesus
2146 3167 2179 3174 “
2461 3172 2678 3228 Imbuit
2696 3173 2946 3244 primus,
2968 3171 3242 3227 homines
3273 3170 3475 3227 beatos

476 3256 874 3325 Christus.fol.
897 3258 986 3311 46.
2395 3260 2582 3316 Corde
2609 3260 2852 3329 directo,
2876 3260 3076 3332 jecore
3104 3259 3262 3314 ﬁdeli

536 3345 710 3400 Dicat
729 3343 1063 3412 Presbyter.
1088 3343 1376 3401 Dominus
1396 3343 1470 3401 sit
1491 3346 1742 3416 semper
1779 3343 2108 3406 vobiscum.
2395 3351 2459 3404 In
2478 3348 2596 3403 ﬁde
2627 3347 2837 3404 Christi
2858 3347 3132 3418 jugulata
3159 3347 3288 3404 tells

468 3443 534 3504 ἢ.
565 3433 632 3488 Et
667 3445 831 3488 cum.
2538 3437 2763 3493 Ponere
2787 3439 3085 3493 membra.

540 3521 610 3577 In
638 3519 882 3575 nomine
900 3518 1331 3576 Domininostri
1349 3520 1488 3580 Jesu
1505 3519 2110 3592 Christiperﬁciamus
2469 3523 2820 3590 Quaesumus
2849 3524 3080 3590 flentes,
3111 3523 3421 3580 benedicta
3449 3521 3652 3596 prime
3691 3543 3695 3547 τ

468 3623 606 3666 cum
635 3622 801 3679 pace.
824 3617 894 3678 11.
918 3606 1036 3663 Deo
1064 3607 1304 3678 gratias.
2396 3615 2632 3685 Martyr,
2653 3618 2711 3670 et
2746 3614 2891 3670 civis
2931 3613 3149 3669 soeiate
3174 3613 3368 3684 justis,

679 3713 749 3768 lN
780 3713 992 3769 FESTO
1020 3713 1262 3769 SANCTI
1278 3715 1611 3770 STEPHANI
1633 3714 1885 3772 PROTO-
2397 3701 2638 3758 Coelitus
2663 3701 2836 3757 clam
2866 3701 3123 3772 regionis
3147 3701 3319 3757 heres

1127 3819 1474 3877 MAHTYHIS
1487 3862 1501 3876 ,
2539 3790 2757 3864 inclyte
2777 3790 3028 3863 pollens.

2464 3879 2783 3952 Promptus
2811 3879 2908 3934 hic
2935 3883 3205 3935 nostrum
3233 3878 3464 3934 facinus
3481 3879 3726 3936 remitte
3761 3899 3778 3949 ;

1137 3925 1234 3982 Ad
1263 3927 1555 3996 vespms'
2393 3925 3466 4037 massam.fugasse;
3485 3925 3516 4022 ῖ-

541 4049 1186 4120 Αηιίρήοηα.ϐιοιιὶει,θι
1207 4051 1434 4108 honore
1455 4051 1748 4108 coronasti
1764 4066 1900 4106 eum
1916 4049 2110 4107 Domi-
2391 4055 2634 4112 Confodl
2661 4055 2915 4120 hostem,
2939 4053 3133 4111 revela
3161 4061 3496 4124 maerorem,

468 4153 563 4198 ne.
589 4139 651 4201 Ψ.
682 4139 963 4204 Gloriam,
991 4143 1048 4198 et
1087 4154 1381 4210 magnum
1439 4139 1715 4197 decorem
1773 4139 2107 4211 imposuisti
2535 4147 2710 4200 Morte
2734 4144 2999 4199 subacta.

470 4243 650 4300 super
670 4243 828 4284 eum.
860 4227 926 4283 Ρ.
953 4227 1220 4284 Domine.
2466 4232 2727 4288 Gloriam
2751 4231 2987 4303 psallat,
3029 4231 3247 4287 chorus
3276 4238 3333 4287 et
3362 4231 3609 4289 resultet
3641 4243 3656 4290 ε

538 4315 957 4374 Sono.Custodi
983 4316 1371 4382 me,Domine,
1401 4319 1467 4372 ut
1494 4314 1788 4390 pupillam
1811 4314 1966 4370 oculi
1995 4312 2109 4368 sub
2397 4319 2656 4375 Gloriam
2681 4320 2859 4385 dicat,
2919 4323 3112 4385 canat,
3148 4325 3205 4376 et
3257 4319 3524 4377 revolvat
3559 4329 3575 4377 ξ

469 4403 686 4459 umbra
705 4403 935 4460 alarum
965 4408 1222 4461 tuarum.
1258 4405 1317 4460 P.
1350 4401 1596 4468 Exaudi,
1627 4403 1805 4470 Deus,
1813 4403 2109 4473 justitiam
2145 4457 2185 4473 η
2396 4408 2630 4463 Nominl
2670 4409 2823 4463 trino
2852 4407 3060 4464 Deitati
3090 4407 3201 4465 so‘li

469 4506 688 4548 meam.
714 4459 984 4548 Alleluia.
1008 4459 1343 4561 V.Protege
1381 4459 1476 4547 me
1509 4508 1543 4545 a
1577 4459 1724 4546 facie
1764 4459 2107 4562 impiorum,
2143 4459 2188 4514 Β
2397 4459 3048 4553 "ﬁsiaei—a—ciaiﬁéat.

469 4579 571 4652 qui
597 4595 691 4636 me
708 4578 1045 4637 afﬂixerunt
1067 4580 1310 4636 :inimici
1330 4579 1443 4633 mei
1458 4576 1979 4634 circumdederunt
1990 4580 2112 4635 ani-
2611 4596 2677 4654 ἢ.
2706 4587 2916 4641 Amen.

461 4681 625 4725 mam
657 4677 878 4725 meam.
903 4669 970 4724 P.
1012 4667 1256 4734 Exaudi,
1289 4669 1462 4724 Deus.
2292 4673 2671 4742 Supph'catio.
2707 4674 2953 4729 Oremus
2976 4667 3076 4728 Dei
3101 4674 3291 4730 Patris
3305 4674 3748 4746 omnipotentis
3772 4679 3894 4735 mi-

535 4755 1153 4827 Antiphonamerrane
1169 4753 1509 4809 abscondas
1551 4753 1891 4823 sanguinem
1906 4771 2110 4824 meum,
2224 4761 2625 4828 sericordiam,
2658 4762 2955 4834 supplices
2985 4762 3377 4833 imploremus
3413 4779 3427 4829 ;
3461 4767 3525 4819 ut
3553 4779 3670 4820 nos
3689 4768 3900 4838 gratia

466 4859 662 4916 neque
693 4842 955 4900 inveniat
975 4844 1036 4898 in
1064 4841 1564 4898 telocumlatendi
1591 4841 1819 4899 clamor
1850 4857 2018 4899 meus
2048 4847 2110 4900 P.
2222 4851 2431 4906 Christi
2462 4851 2552 4905 sui
2580 4851 2816 4905 Domini
2845 4851 3032 4906 nostri
3063 4852 3206 4906 Iesu
3237 4850 3531 4914 Christi,et
3561 4867 3675 4923 per
3705 4855 3900 4912 inter-

465 4934 612 4988 Ecce
632 4931 691 4986 in
713 4931 876 4986 oculis
899 4935 984 4987 est
1000 4930 1182 5000 judex
1213 4946 1404 4994 meus,
1433 4933 1489 4986 et
1521 4930 1798 4987 conscius
1824 4947 1991 4987 meus
2053 4934 2112 4990 in
2223 4939 2553 4995 cessionem
2586 4939 3077 5010 Sanctimartyris
3105 4938 3202 4996 sui
3247 4939 3531 5010 Stephani
3585 4943 3898 5014 propitius

467 5019 736 5077 excelsis.
770 5019 830 5078 ἲν.
860 5021 1026 5091 Saepe
1071 5023 1565 5090 expugnaverunt
1620 5035 1715 5076 me
1753 5036 1788 5076 a
1808 5022 2113 5092 juventute
2219 5027 2543 5097 justiﬁcare
2582 5027 2859 5096 dignetur
2885 5037 2952 5095 ἢ.
2974 5027 3213 5092 Praasta,
3237 5027 3466 5082 Eterne
3492 5029 3902 5102 omnipotens

466 5123 605 5164 mea
632 5107 850 5162 etenim
874 5123 993 5162 non
1019 5108 1521 5178 potueruntmihi.
1561 5109 1620 5160 P.
1650 5110 1793 5163 Ecce
1828 5110 1886 5165 in
1950 5111 2114 5167 caelis
2227 5116 2397 5171 Deus.

470 5194 656 5255 δείλ’.
680 5194 896 5259 Gloria,
939 5199 994 5251 et
1022 5194 1214 5251 honor
1235 5196 1408 5258 Patri,
1453 5201 1562 5253 etc.
1604 5197 1660 5252 P.
1689 5201 1829 5253 Ecce
1852 5200 2108 5256 inccelis.
2294 5205 2494 5275 Kyrie,
2572 5203 2820 5260 eleison.
2883 5215 2944 5274 Iv.
3048 5203 3289 5271 Christe,
3353 5204 3601 5264 eleison.
3685 5209 3901 5280 Kyrie,

542 5285 772 5340 Lauda.
802 5283 1064 5339 Alleluia.
1084 5283 1292 5353 Tetigit
1320 5284 1480 5340 labia
1509 5300 1664 5340 mea.
1696 5286 1764 5341 P.
1798 5289 1861 5342 Et
1885 5290 2115 5359 aperuit
2222 5293 2461 5348 eleison.

474 5387 542 5428 os
563 5387 788 5436 meum,
821 5371 976 5427 dixi:
1014 5371 1281 5439 Alleluia,
1305 5373 1568 5440 Alleluia,
1632 5374 1894 5431 Alleluia.
1927 5377 1987 5434 ν.
2018 5379 2112 5431 Ιη-
2299 5381 2588 5449 Capitula.
2626 5379 2802 5444 Deus,
2856 5381 2952 5436 cui
2984 5381 3239 5436 Ecclesia
3296 5386 3398 5437 tua
3424 5383 3723 5442 Sanctum
3769 5389 3906 5446 Ste—

477 5460 1034 5548 quisiviDominum
1099 5477 1323 5532 meum,
1371 5467 1426 5518 et
1475 5464 1767 5520 exaudivit
1793 5481 1886 5518 mc
1923 5469 2013 5519 τρι
2048 5481 2116 5522 ex
2226 5468 2823 5540 pbanummartyrem
2840 5468 3096 5539 primum
3115 5470 3321 5524 messis
3347 5483 3471 5524 sum
3501 5474 3908 5548 manipulum

469 5551 754 5611 omnibus
787 5545 1267 5610 tribulationibus
1284 5551 1496 5624 eripuit
1517 5565 1631 5608 me.
1694 5552 1756 5606 P.
1791 5553 1858 5610 Et
1887 5555 2116 5625 aperuit
2225 5545 3906 5631 dedit,etprimitivamoblationemnovollaconfessionis
