4076 6422
177 310 269 372 ως)
1142 321 1212 375 ΙΝ

1287 318 1509 375 FESTO
1548 318 1610 380 8.
1650 316 2004 376 STEPHANI
2045 317 2680 379 PROTOMARTYRIS.

3498 309 3601 367 im

195 443 459 507 ostendit,
491 459 566 500 ac
585 445 1200 516 praeconium,quem
1221 446 1479 503 fructum
1504 446 1643 501 ﬁdei
1668 449 1861 501 matu-
1896 473 1942 529 Α
1970 461 2092 502 non
2117 447 2352 504 nocebit
2371 449 2442 503 el.
2477 450 2534 503 P.
2559 449 2626 503 Et
2676 445 2806 502 falsi
2860 447 3057 500 testes.
3098 441 3160 502 νδ
3197 438 3412 508 Gloria,
3437 434 3619 492 etho-

200 534 470 590 rescentis
503 534 795 589 exhibuit
821 551 835 588 :
868 540 1078 605 praesta
1099 537 1372 592 universo
1390 536 1860 592 cmtuiinterces-

210 625 359 680 sione
388 623 686 694 martyris
714 625 1059 688 memorati,
1086 631 1148 681 ut
1174 625 1500 682 Ecclesium
1533 629 1696 681 tuam
1704 625 1869 696 juvet

211 713 512 783 suffragio,
533 728 730 783 quam
763 713 1004 768 ornavit
1030 714 1375 770 ministerio:
1410 711 1870 785 foveatpatroci-

211 804 323 866 nio,
348 817 538 873 quam
594 801 922 856 aediﬁcavit
970 803 1264 873 exemplo.

279 890 450 945 Pater
476 894 709 944 noster.
752 889 1007 945 Liberali
1032 907 1067 945 a
1099 891 1279 947 malo.
1305 890 1634 947 Humilitate
1648 905 1755 946 vos
1772 889 1874 946 be-

213 979 561 1036 nedictioni.
591 980 885 1034 Dominus
903 980 995 1036 sit.
1027 991 1090 1042 ﬁ».
1125 983 1342 1036 Etcum
1376 980 1584 1052 spiritu
1605 985 1730 1036 tuo.

287 1069 652 1124 Benedictio.
673 1067 966 1124 Dominus
991 1071 1156 1124 Jesus
1191 1070 1474 1134 Christus,
1495 1068 1875 1140 quiprimum

211 1173 331 1211 suae
375 1157 681 1228 passionis
703 1172 1026 1227 sequacem
1045 1159 1413 1228 Stephanum
1440 1161 1765 1228 martyrem
1799 1155 1878 1211 fe-

208 1245 301 1309 cit,
318 1244 614 1300 detnohis
631 1260 755 1299 sum
782 1245 1083 1316 passionis
1100 1246 1375 1316 exemplo
1405 1245 1713 1302 victoriam
1729 1245 1879 1302 ferre

203 1333 278 1388 de
308 1333 570 1388 mundo.
593 1345 660 1402 nr.
681 1337 891 1389 Amen.
918 1333 1020 1389 Sui
1045 1349 1288 1405 quoque
1307 1333 1586 1404 martyris
1610 1348 1785 1404 prece
1805 1332 1880 1387 si-

201 1422 411 1477 milem
433 1422 616 1476 nobis
645 1421 864 1478 tribuat
894 1421 1020 1476 vim
1052 1437 1174 1476 sure
1205 1421 1534 1478 dilectionis
1566 1421 1883 1485 habere,et

201 1511 608 1566 adversitates
637 1511 854 1582 aequali
889 1511 1196 1566 tolerantia
1236 1526 1538 1582 superare.
1574 1523 1635 1580 ﬂ.
1670 1516 1878 1565 Amen-

206 1603 274 1656 Ut
303 1600 586 1655 instructi
620 1599 892 1670 exemplo
935 1599 1367 1670 Redemptoris,
1408 1605 1463 1655 et
1495 1600 1879 1654 invitamento

206 1689 497 1758 martyris
514 1688 923 1758 percipiamus
938 1688 1375 1758 plenitudinem
1399 1693 1617 1745 nostrae
1647 1686 1879 1743 redem-

205 1779 455 1849 ptionis.
485 1788 548 1845 Bg.
581 1778 792 1832 Amen.

281 1867 399 1922 Per
424 1865 908 1925 misericordiam
956 1865 1163 1937 ipsius.

281 1972 524 2028 Lauda.
565 1973 898 2036 Beatusvir,
930 1972 1032 2043 qui
1051 1971 1215 2026 timet
1246 1972 1584 2026 Dominum.
1611 1969 1878 2027 Alleluia.

213 2062 274 2115 P.
297 2065 363 2115 In
396 2060 697 2115 mandatis
718 2061 850 2134 ejus
866 2061 1063 2131 cupiet
1092 2059 1288 2115 nimis.
1320 2059 1585 2114 Alleluia.
1611 2058 1880 2116 Alleluia.

212 2151 276 2206 ῒ.
302 2148 602 2205 Potensin
634 2153 788 2204 terra
814 2149 926 2202 erit
956 2164 1158 2203 semen
1185 2149 1336 2218 ejus,
1373 2147 1674 2217 generatio
1699 2151 1882 2203 recto-

211 2255 350 2294 rum
382 2237 795 2293 benedicctur.
829 2238 890 2291 P.
916 2241 978 2292 ln
1008 2237 1312 2292 mandatis
1341 2238 1488 2307 ejus.
1518 2235 1799 2306 V.Gloria,
1826 2237 1881 2290 et

213 2329 417 2383 honor
453 2327 634 2395 Patri,
671 2332 778 2382 etc.
815 2327 876 2380 P.
914 2327 975 2380 1n
1047 2327 1351 2381 mandatis
1401 2327 1550 2394 ejus.

290 2418 523 2472 Oratio.
555 2418 804 2473 Domine
841 2417 869 2468 J
880 2432 987 2471 esu
1015 2417 1262 2472 Christe.
1284 2416 1490 2482 Quaere
1515 2416 1682 2484 infra
1712 2415 1774 2469 in
1804 2416 1880 2470 is-

216 2513 269 2562 to
310 2508 487 2576 folio.

804 2613 902 2666 Ad
935 2611 1312 2676 Matutinum,

290 2718 674 2788 Antiphone.
705 2718 889 2774 Labia
920 2734 1073 2786 mea,
1127 2718 1396 2780 Domine,
1455 2716 1704 2788 aperies.
1739 2716 1885 2774 P.Et

220 2826 285 2865 os
313 2825 523 2864 meum
561 2806 1201 2864 annuntiabitlaudem
1236 2811 1422 2864 tuam.
1471 2807 1759 2862 Psalmus.
1791 2805 1884 2860 Mi-

223 2914 422 2954 serere
462 2898 603 2958 mei,
635 2898 810 2951 Deus.

296 2988 526 3042 Oratio.
560 2985 886 3050 Exsultent,
918 2983 1184 3050 Domine,
1234 2983 1394 3040 labia
1423 2986 1630 3038 nostra
1665 2997 1886 3054 praeco-

224 3077 324 3132 nio
344 3075 612 3132 veritatis
640 3094 651 3144 ;
680 3079 742 3130 ut
772 3089 892 3129 non
908 3073 1287 3130 revolvantur
1304 3071 1643 3142 vaniloquio
1673 3070 1889 3126 falsita-

226 3164 294 3218 tis
330 3182 341 3217 :
380 3163 464 3218 sic
493 3161 703 3230 lingua
732 3167 936 3216 nostra
960 3159 1252 3229 judicium
1293 3159 1552 3213 veritatis
1583 3157 1885 3228 loquatur,
1928 3153 1966 3208 Ο

226 3258 287 3308 ut
315 3253 616 3307 Christum
653 3255 1047 3308 tuumverum
1089 3247 1383 3319 judicium
1435 3245 1889 3318 promptissime

227 3341 468 3397 laudet:
507 3344 688 3412 atque
727 3339 808 3395 ita
835 3342 1134 3410 praecepta
1166 3341 1266 3392 tua
1298 3335 1535 3393 assidue
1593 3335 1654 3390 in
1685 3339 1888 3391 nostro

228 3431 408 3487 corde
434 3433 770 3493 versentur,
801 3431 865 3483 ut
886 3443 1121 3496 gressus
1144 3425 1329 3480 nostri
1365 3424 1441 3480 ab
1469 3422 1767 3480 insidiosis
1791 3422 1889 3478 de-

229 3519 444 3592 cipulis
490 3518 738 3574 minime
784 3514 1263 3586 supplantentur.
1296 3526 1356 3584 ἢ.
1386 3517 1601 3571 Amen.

299 3609 406 3664 Per
426 3603 912 3662 misericordiam
961 3607 1151 3658 tuam.

298 3715 652 3783 Antiphona
682 3717 727 3767 1.
763 3709 1218 3781 Lapidaverunt
1257 3723 1351 3763 me
1381 3706 1605 3762 inimici
1643 3706 1778 3762 mei.
1816 3706 1889 3758 P.

234 3809 298 3861 Et
323 3806 541 3860 fixurus
586 3800 859 3874 lapidum
919 3813 1167 3853 suorum
1197 3798 1256 3852 in
1315 3795 1722 3852 testimonium
1776 3793 1891 3848 illis

234 3898 440 3958 erunt;
463 3891 614 3946 dum
631 3904 848 3946 venero
867 3891 1002 3943 ante
1018 3885 1313 3956 judicium
1330 3889 1525 3956 petere
1549 3898 1656 3954 pro
1688 3896 1896 3954 pecca-

237 3985 307 4039 tis
333 3997 570 4039 eorum.
597 3980 658 4038 Ῡ.
690 3976 921 4034 Credidi
958 3980 1194 4046 propter
1247 3973 1412 4044 quod
1452 3972 1684 4027 locutus
1714 3987 1850 4026 sum
1881 3985 1894 4024 :

237 4089 347 4144 ego
376 4076 583 4128 autem
605 4066 953 4126 humiliatus
975 4081 1109 4120 sum
1124 4063 1322 4119 nimis.
1351 4063 1414 4115 P.
1438 4062 1727 4129 Etiiguraa
1749 4059 1897 4131 lapi-

238 4164 407 4218 dum.
431 4161 491 4219 ς’.
521 4158 738 4225 Gloria,
763 4156 1022 4212 ethonor
1041 4153 1216 4218 Patri,
1242 4155 1353 4209 etc.
1372 4153 1451 4208 P.
1473 4152 1535 4207 Et
1566 4149 1774 4218 ﬁguras
1807 4148 1898 4206 la-

239 4251 474 4323 pidum.

311 4357 543 4413 Oratio.
576 4353 829 4410 Domine
853 4353 993 4406 Jesu
1016 4347 1262 4414 Christe,
1295 4347 1394 4418 qui
1420 4347 1501 4403 ita
1532 4347 1900 4401 muneretuo

237 4447 397 4504 beati
431 4442 720 4515 Stephani
751 4440 1018 4498 animam
1059 4437 1408 4530 munerasti,
1446 4439 1510 4491 ut
1539 4450 1663 4530 non
1705 4433 1902 4489 solum
1935 4475 1981 4530 Β

239 4533 547 4592 Passionis
572 4536 688 4587 tuas
707 4531 1054 4600 sequeretur
1082 4523 1443 4596 exemplum,
1475 4523 1576 4578 sed
1591 4522 1772 4577 etiam
1794 4535 1906 4591 pa-

239 4625 464 4681 tientiae
497 4624 739 4692 caperet
765 4618 1196 4674 documentum
1226 4630 1239 4668 :
1293 4617 1355 4668 ut
1385 4611 1750 4683 supplicaret
1796 4623 1904 4681 pro

242 4715 541 4774 hostibus,
577 4709 680 4781 qui
718 4722 841 4763 non
872 4705 1104 4761 cederet
1166 4702 1565 4758 saevientibus:
1623 4699 1785 4754 fortis
1830 4697 1908 4753 ad

243 4799 607 4876 perferenda
637 4797 880 4852 vulnera
906 4811 919 4859 ;
943 4793 1108 4849 fortis
1153 4792 1230 4847 ad
1262 4806 1384 4846 non
1418 4789 1726 4844 reddenda
1771 4801 1908 4841 oon-

244 4875 398 4948 vicia
426 4907 440 4956 ;
467 4887 634 4944 fortis
665 4886 814 4941 dum
845 4883 922 4939 ab
953 4881 1153 4952 impiis
1173 4879 1473 4951 lapidatur
1489 4897 1505 4948 ;
1537 4877 1742 4932 fortior
1762 4875 1909 4930 dum

245 4997 355 5052 pro
388 4973 804 5050 lapidantibus
837 4972 1190 5041 deprecatur
1224 4987 1235 5022 :
1281 4967 1390 5031 Qui
1423 4980 1563 5034 ergo
1593 4965 1910 5019 immemor

243 5068 496 5127 ultionis
524 5080 636 5137 pro
659 5059 1069 5135 lapidantibus
1099 5057 1386 5121 exoravit,
1404 5069 1636 5110 memor
1657 5052 1910 5108 charita-

243 5160 318 5214 tis
351 5159 414 5213 in
445 5153 612 5212 nullo
636 5147 1122 5223 supplicantibus
1165 5145 1337 5202 desit.
1373 5156 1434 5205 Bt.
1481 5143 1690 5197 Amen.

317 5249 424 5302 Per
491 5239 973 5300 misericordiam
1009 5240 1198 5292 tuam.

314 5335 658 5404 Antiphona
674 5335 729 5386 2.
756 5330 1056 5398 Impetum
1084 5323 1349 5378 fecerunt
1363 5320 1678 5376 unanimes
1704 5318 1765 5373 in
1792 5319 1910 5373 Ste-

247 5427 541 5498 phanum.
579 5417 864 5477 P.Etfalsi
903 5410 1598 5482 testeslapidabanteam
1629 5409 1913 5462 invocan-

252 5496 391 5582 tem,
427 5519 482 5570 et
507 5503 1114 5569 dicenteszomine
1142 5501 1301 5568 Jesu,
1342 5497 1580 5568 suscipe
1622 5496 1909 5567 spiritum.

251 5605 311 5663 1'.
349 5581 492 5659 Nihil
517 5597 790 5676 proﬁciet
811 5590 1096 5650 inimicus
1124 5588 1184 5642 in
1214 5603 1300 5650 eo,
1321 5590 1378 5642 et
1404 5585 1562 5641 ﬁlius
1589 5581 1916 5656 iniquitatis

1972 549 2101 591 nor.
2133 537 2302 600 Patri,
2331 540 2438 592 etc.
2466 537 2524 592 P.
2550 539 2615 592 Et
2642 533 2775 590 falsi
2800 536 2973 589 testes
3035 527 3399 600 lapidabant.

2047 626 2269 680 Oratio.
2306 628 2564 696 Impetus
2598 623 2782 680 factus
2821 637 2856 677 a
2905 615 3392 691 persequentium
3444 608 3618 668 turba.

1975 727 2097 768 non
2120 713 2326 782 potuit,
2357 695 2576 768 Christe
2597 711 2861 779 Domine,
2900 705 3181 778 Stephani
3229 700 3504 770 martyris
3527 695 3615 754 tui

1978 799 2216 859 turbare
2245 802 2658 866 constantiam,
2684 815 2820 854 cum
2846 802 2901 852 et
2931 795 3215 852 falsorum
3250 791 3360 862 53
3383 787 3616 842 testium

1980 889 2325 946 credulitate
2346 891 2540 947 carnis
2561 890 2911 946 vestimenta
2939 881 3247 955 deposuit;
3271 881 3390 934 oris
3418 882 3617 932 tamen

1983 979 2437 1050 confessionem,
2454 996 2574 1052 qua
2598 985 2650 1036 te
2669 977 2935 1045 credidit,
2964 989 3086 1030 non
3108 968 3307 1028 amisit
3337 984 3350 1022 ε
3377 981 3517 1022 cum
3537 963 3618 1021 la»

1982 1067 2220 1138 pidatus
2250 1069 2427 1124 etiam
2456 1073 2510 1124 te
2540 1071 2747 1131 Deum,
2772 1069 2836 1120 ut
2860 1066 2989 1134 ejus
3009 1059 3280 1132 spiritum
3297 1054 3621 1124 exciperes.

1984 1157 2263 1212 exoravit.
2292 1161 2365 1213 Te
2397 1173 2537 1227 ergo
2583 1169 2952 1228 qumsumus,
2985 1155 3040 1206 et
3085 1161 3392 1218 rogamus,
3419 1145 3484 1196 ut
3525 1138 3624 1196 illa

1984 1256 2095 1299 nos
2122 1245 2322 1313 gratiae
2352 1248 2467 1301 tuas
2488 1247 2702 1317 pietate
2722 1255 3087 1301 remuneres,
3115 1251 3239 1309 qua
3265 1233 3430 1289 illum
3456 1243 3626 1317 corof

1985 1334 2138 1388 nasti
2168 1340 2301 1404 post
2321 1315 2548 1404 lapides
2577 1337 2667 1390 :et
2686 1333 2790 1404 qui
2819 1331 2948 1401 ejus
2987 1327 3260 1398 spiritum
3313 1315 3628 1388 suscepisti

1987 1419 2048 1475 in
2062 1420 2249 1489 gloria
2263 1426 2504 1487 aeterna,
2523 1439 2558 1479 a
2570 1422 2764 1484 nobis,
2784 1427 3151 1492 quaesumus,
3170 1407 3525 1483 propitiatus
3541 1418 3630 1460 τος

1985 1523 2226 1566 remove
2251 1511 2563 1582 supplicia.
2595 1523 2656 1580 Ri.
2685 1512 2893 1564 Amen.

2065 1601 2169 1654 Per
2195 1599 2664 1656 misericordiam
2696 1606 2880 1652 tuam.

2057 1693 2419 1761 Antiphona.
2446 1681 3212 1758 LapidabantStephanum,
3239 1671 3344 1746 qui
3377 1671 3543 1726 erant
3563 1665 3627 1724 in

1916 1810 1958 1864 Β
1987 1781 2256 1843 concilio,
2284 1782 2340 1834 et
2367 1774 2766 1832 intuebantur.
2799 1772 2860 1825 P.
2909 1765 3274 1864 vultus‘ejus
3312 1765 3624 1828 tamquam

1987 1872 2181 1928 vultus
2197 1867 2407 1936 Angeli
2429 1865 2529 1919 Dei
2551 1862 2756 1918 stantis
2777 1861 2926 1915 inter
2942 1857 3093 1912 illos.
3110 1853 3171 1914 ἡ.
3198 1853 3491 1906 Conserva
3505 1859 3622 1936 me,

1989 1959 2258 2024 Domine,
2286 1955 2572 2027 quoniam
2597 1952 2658 2006 in
2684 1956 2737 2006 te
2795 1945 3051 2019 speravi,
3107 1941 3343 1996 salvum
3390 1949 3486 1990 me
3533 1933 3628 2027 fac

1991 2138 2046 2189 P.
2081 2134 2284 2188 Vultus
2347 2132 2499 2202 ejus.

2061 2224 2283 2278 Oratio.
2318 2195 2711 2274 Dominelesu
2741 2213 2986 2273 Christe,
3019 2207 3124 2279 qui
3149 2205 3211 2259 in
3266 2197 3516 2256 concilio
3540 2195 3626 2252 la-

1989 2311 2324 2383 pidantium
2350 2302 2680 2362 beatissimi
2739 2297 3020 2369 martyris
3074 2294 3188 2383 tuiA
3216 2285 3519 2383 Steph-ani
3551 2283 3630 2383 ita

1991 2370 2286 2470 glorificas
2314 2395 2567 2457 vultum,
2598 2397 2664 2447 ut
2679 2390 2757 2446 ab
2787 2389 2879 2444 his
2899 2385 3002 2458 qui
3023 2370 3636 2470 eumlapidabant,la-

1990 2458 2177 2560 pidati
2211 2489 2485 2557 aspectus
2505 2483 2830 2536 intueretur
2877 2473 3214 2560 Angelicus,
3240 2467 3385 2560 dum
3408 2458 3641 2556 praemi-

1989 2555 2138 2632 nens
2156 2576 2254 2630 illo
2281 2555 2712 2628 monstraretur
2735 2564 3022 2633 magistro
3037 2555 3320 2631 patientia
3339 2555 3638 2610 exornari;

1990 2665 2070 2720 da
2099 2663 2296 2730 nobis,
2325 2665 2388 2716 ut
2417 2676 2489 2714 ex
2518 2659 2631 2713 hoc
2659 2666 2994 2709 mereamur
3019 2647 3098 2704 ad
3119 2641 3435 2718 praemium
3478 2639 3642 2692 teter~

1989 2752 2188 2807 uitatis
2220 2749 2421 2805 attolli.
2455 2759 2518 2810 ni.
2559 2749 2766 2800 Amen.

2061 2841 2165 2895 Per
2194 2835 2662 2894 misericordiam
2691 2837 2876 2885 tuam.

2066 2940 2128 2996 iv.
2164 2929 2344 2996 Super
2370 2915 2934 2987 acervumlapidum
2963 2912 3096 2967 laeta
3134 2911 3222 2964 est
3245 2905 3449 2961 anima
3478 2913 3630 2963 mea,

1995 3020 2049 3072 et
2065 3031 2243 3086 super
2256 3011 2528 3067 inimicos
2547 3023 2710 3062 meos
2723 3007 2909 3058 Deum
2921 3000 3272 3070 deprecatus
3287 3007 3422 3046 sum
3441 3002 3637 3083 mrop-

1996 3081 2157 3158 terea
2184 3098 2566 3157 vindemiabo
2588 3095 2810 3149 fructus
2830 3104 2993 3146 meos
3016 3087 3074 3141 in
3107 3081 3421 3155 pace.P.Et
3469 3081 3636 3130 mini-

1996 3192 2197 3248 strabo
2223 3191 2285 3244 in
2300 3188 2620 3258 conspectu
2643 3179 2862 3238 Domini
2881 3174 3161 3236 debonis,
3183 3185 3320 3242 quas
3363 3162 3635 3258 praestitit

1996 3280 2164 3336 mihi.
2178 3280 2238 3339 ἡ.
2259 3278 2410 3343 Quid
2428 3250 2748 3330 retribuam
2767 3283 2875 3340 pro
2896 3263 3198 3326 omnibus,
3219 3273 3354 3330 quae
3369 3250 3639 3343 prmstitit

1998 3369 2186 3424 mihi?
2207 3339 2451 3423 calicem
2465 3361 2740 3418 salutaris
2755 3339 3066 3426 acolpiam.
3081 3351 3141 3404 P.
3167 3351 3231 3402 Et
3259 3339 3636 3400 ministrabo.

1997 3459 2058 3519 ἲν.
2094 3457 2303 3525 Gloria,
2338 3457 2392 3509 et
2429 3453 2621 3507 honor
2641 3447 2812 3509 Patri,
2841 3448 2950 3499 etc.
2975 3443 3031 3495 P.
3069 3441 3132 3492 Et
3159 3430 3530 3525 ministrabo.

2073 3516 2302 3602 Oratio:
2330 3539 2610 3598 DomineJ
2620 3553 2723 3592 esu
2746 3534 2987 3599 Christe,
3011 3527 3114 3602 qui
3136 3524 3405 3582 animam
3427 3516 3642 3612 beatis-

2001 3636 2135 3691 simi
2160 3630 2435 3703 martyris
2471 3627 2550 3683 tui
2581 3622 2856 3697 Stephani
2887 3624 3052 3676 tanta
3098 3624 3416 3703 munerum
3455 3609 3644 3703 gratia

2001 3694 2332 3787 decorasti;
2351 3725 2412 3773 ut
2437 3731 2616 3786 super
2646 3694 2926 3768 acervum
2947 3704 3219 3777 lapidum
3247 3697 3553 3758 exultaret,
3582 3694 3641 3787 et

2003 3828 2112 3884 pro
2143 3808 2398 3865 inimicis
2427 3811 2505 3867 te,
2539 3801 2724 3858 utillis
2752 3810 3048 3870 parceres,
3090 3789 3434 3861 exposceret
3456 3779 3646 3884 ;reple

2005 3867 2189 3956 corda
2216 3900 2421 3953 nostra
2449 3905 2694 3947 munere
2727 3886 3074 3958 gratiarum,
3113 3867 3648 3958 etimmarcescibi-

2006 3955 2231 4043 liidono
2260 3985 2577 4039 virtutum:
2615 3981 2671 4032 ut
2732 3955 3070 4029 interventu
3100 3965 3184 4022 tui
3227 3957 3526 4029 martyris,
3570 3955 3652 4010 ita

2009 4075 2415 4132 ministremus
2447 4065 2763 4138 semperin
2821 4059 3146 4126 conspectu
3191 4055 3296 4106 tuo
3348 4048 3422 4102 de
3447 4043 3646 4105 bonis,

2008 4179 2144 4236 quas
2173 4137 2679 4232 praetiterisnobis,
2697 4147 2950 4222 qualiter
2963 4149 3022 4236 et
3041 4142 3136 4197 hic
3147 4137 3455 4236 dilatam-ur
3481 4145 3650 4186 sanc-

2008 4225 2188 4309 titatis
2213 4249 2271 4304 in
2293 4261 2491 4318 opere,
2525 4249 2578 4298 et
2600 4245 2736 4313 post
2761 4231 3200 4293 vindemiemus
3244 4225 3467 4280 fructus
3507 4233 3651 4274 nos-

2009 4346 2131 4399 tros
2153 4340 2212 4394 in
2237 4352 2405 4409 pace.
2440 4347 2503 4401 1y.
2564 4336 2771 4386 Amen.

2083 4431 2186 4484 Per
2231 4421 2725 4482 misericordiam.

2614 4510 2676 4562 In
2693 4502 3011 4560 Laudibus.

2087 4606 2171 4661 Ad
2197 4602 2525 4659 Canticum.
2545 4595 2902 4663 Antiphona.
2923 4591 3149 4643 Nomen
3171 4576 3403 4638 Domini
3425 4575 3660 4631 invoca-

2015 4696 2075 4750 vi
2104 4713 2116 4750 :
2140 4694 2276 4750 date
2290 4686 2763 4758 magnitudinem
2791 4682 2908 4735 Deo
2933 4680 3127 4730 vestro
3163 4683 3334 4725 :vera
3364 4666 3500 4720 sunt
3521 4675 3659 4732 ope-

2018 4800 2085 4839 ra
2109 4783 2258 4852 ejus,
2292 4784 2347 4834 et
2368 4791 2576 4832 omnes
2602 4773 2708 4827 vias
2746 4770 2876 4838 ejus
2903 4762 3148 4835 judicia.

2088 4843 2689 4926 Danticum.Attende
2720 4856 2966 4912 Caelum.
2991 4848 3236 4919 Itequire
3256 4843 3366 4913 fol.
3394 4844 3446 4894 4.

2091 4959 2181 5013 Ad
2194 4944 3183 5014 Benedictus.Antiphona.Nomen
3207 4929 3441 4987 Domini
3463 4926 3522 4981 in
3544 4938 3663 4980 me-

2019 5047 2231 5104 ridiem
2258 5042 2398 5115 justi
2421 5038 2674 5096 festinat.
2710 5032 3023 5088 Canticum
3049 5025 3157 5094 fol.

2092 5107 2276 5191 Sono:
2295 5127 2537 5187 Custodi
2562 5139 2678 5190 me,
2714 5119 2982 5175 Domine.
3041 5111 3274 5182 Require
3296 5107 3409 5177 fol.
3437 5107 3522 5191 tit.

2097 5187 2322 5277 Calida.
2371 5214 2628 5272 Laudate
2664 5187 2993 5265 Dominum
3024 5201 3098 5257 de
3159 5197 3339 5254 omlis.
3389 5187 3653 5246 Alleluia.

2024 5310 2282 5368 Laudate
2309 5321 2447 5362 eum
2475 5303 2535 5359 in
2559 5298 2823 5358 excelsis.
2841 5291 3104 5349 Alleluia.
3138 5287 3398 5342 Psatnms
3433 5291 3657 5335 cxnvm.

2678 5382 3009 5455 Prophetia.

2095 5487 2289 5544 Lectio
2308 5484 2450 5540 libri
2487 5479 2808 5550 Sapientia?
2871 5467 3200 5528 Salomonis
3239 5461 3408 5528 (Cap.
3450 5458 3545 5514 iv).
3605 5460 3668 5516 ἢ.

2027 5581 2144 5634 Deo
2186 5574 2424 5647 gratias.
