4076 6404
479 306 581 365 127

475 520 537 576 in
555 516 856 588 refrigerio
868 516 997 574 erit.
1014 518 1289 574 Senectus
1304 520 1466 576 enim
1480 520 1838 579 venerabilis
1864 521 1955 573 est
1987 531 2109 573 non

473 606 757 663 diuturna
768 618 965 677 neque
986 620 1236 663 numero
1253 623 1551 667 annorum
1563 610 1934 682 computata:
1977 606 2113 663 cani

474 697 611 749 sunt
632 695 819 747 autem
837 707 1048 747 sensus
1064 693 1343 759 hominis,
1379 700 1435 752 et
1449 704 1593 753 aetas
1658 695 1976 752 senectutis
1990 694 2113 750 vita

474 778 881 836 immaculata.
894 780 1138 836 Placens
1157 784 1298 852 Deo,
1325 783 1514 839 factus
1540 785 1810 848 dilectus,
1828 786 1884 839 et
1911 782 2111 837 vivens

476 868 629 923 inter
657 870 997 937 peccatores
1045 869 1367 926 translatus
1386 876 1496 928 est.
1528 874 1751 943 Raptus
1772 874 1858 927 est
1884 885 1958 925 ne
1988 884 2111 925 ma-

474 954 601 1011 litia
625 954 1251 1014 mutaretintellectum
1269 959 1421 1029 ejus,
1438 965 1541 1016 aut
1560 960 1802 1016 afﬂictio
1826 960 2114 1030 reciperet

477 1041 746 1098 animam
773 1039 930 1097 illius
955 1081 968 1096 .
1004 1044 1332 1102 Fascinatio
1350 1046 1509 1103 enim
1533 1046 1889 1116 nugacitatis
1901 1044 2111 1101 obscu-

475 1128 758 1195 ratbona,
791 1130 1264 1191 etinconstantia
1291 1136 1786 1208 concupiscentiae
1817 1138 2108 1190 transver-

475 1216 546 1273 tit
573 1231 814 1273 sensum
840 1218 966 1273 sine
980 1219 1226 1278 malitia.
1253 1225 1715 1279 Consummatus
1736 1223 1797 1278 in
1822 1221 1984 1277 brevi
2012 1234 2108 1275 ex-

476 1304 657 1376 plevit
684 1308 955 1377 tempora
972 1307 1161 1364 multa
1193 1326 1206 1364 :
1231 1309 1444 1379 placita
1473 1312 1632 1366 enim
1661 1313 1786 1366 erat
1823 1310 1941 1366 Deo
1986 1307 2110 1363 ani-

476 1406 580 1447 ma
605 1390 762 1447 illius
796 1409 811 1445 :
867 1397 1107 1464 propter
1132 1395 1247 1451 hoc
1275 1399 1610 1469 pr0peravit
1656 1398 1905 1453 educere
1943 1395 2110 1451 illum

476 1479 551 1534 de
572 1478 771 1533 medio
798 1478 1178 1552 iniquitatum
1206 1500 1223 1537 :
1256 1486 1465 1556 populi
1504 1489 1704 1541 autem
1737 1485 2021 1549 videntes,
2054 1486 2111 1539 et

474 1580 597 1622 non
633 1566 1044 1638 intelligentes,
1070 1585 1181 1626 nec
1214 1578 1502 1643 ponentes
1534 1574 1595 1629 in
1625 1573 1965 1646 praecordiis
1982 1572 2106 1628 suis

475 1653 619 1710 talia
646 1670 659 1709 :
689 1656 979 1726 quoniam
993 1659 1397 1717 misericordia
1414 1663 1533 1726 Dei,
1558 1666 1614 1718 et
1634 1663 1822 1732 gratia
1849 1662 1910 1717 in
1937 1675 2107 1716 sanc-

1723 300 2173 362 BREVIARIUM
2215 302 2607 363 GOTHICUM.
3751 300 3839 354 128

544 432 740 486 Justus
770 428 820 484 si
850 430 1040 486 morte
1064 434 1486 503 praeocupatus
1516 432 1709 498 fuerit,
1741 431 1945 489 anima
1979 428 2109 499 ejus
2140 427 2188 481 A

2928 428 3187 501 Hymnus

2292 520 2401 576 Iste
2425 520 2644 576 electus
2667 520 2965 576 Iohannes
2995 512 3278 585 diligendi
3302 512 3648 584 promptior,

2218 608 2556 664 Advocatus
2585 608 2647 663 in
2676 620 2998 679 perennem
3036 601 3298 659 veritatis
3329 600 3600 671 gratiam.

2219 695 2529 753 Mercedem
2542 710 2845 751 assumens
2858 689 3398 762 honoris,quidquid
3414 686 3836 754 ambit,obtinet.

2291 783 2489 837 Insula
2508 782 2788 837 Pathmos
2835 779 3017 835 teneri
3048 778 3379 849 imperante
3409 775 3698 847 promitur
3729 793 3741 830 :

2220 870 2512 942 Conspicit
2539 870 2655 925 illic
2675 869 2873 925 refusa
2925 867 3153 923 caelitus
3200 865 3499 937 mysteria,

2217 957 2286 1014 Et
2308 958 2624 1030 profunda,
2655 974 2791 1030 quae
2822 956 3068 1025 notavit,
3091 959 3288 1011 mente
3306 958 3509 1009 narrat
3536 951 3741 1008 ardua.

2288 1046 2509 1118 Accipit
2532 1045 2633 1101 Dei
2666 1048 2972 1101 Parentem
3018 1044 3081 1099 in
3112 1043 3237 1098 suis
3273 1040 3635 1114 praecordiis,

2219 1136 2287 1190 Ut
2317 1135 2582 1190 minister
2604 1134 2869 1191 veritatis
2900 1133 3275 1189 administret
3295 1130 3548 1199 Virgini:

2218 1224 2359 1288 Quae
2384 1222 2572 1279 Deum
2597 1223 2791 1290 enixa,
2825 1222 2955 1279 sola
2974 1221 3138 1293 virgo
3196 1234 3433 1292 semper
3462 1217 3703 1273 adstitit.

2288 1313 2395 1366 lste
2421 1326 2606 1382 supra
2629 1314 2838 1383 pectus
2864 1310 3009 1366 illud
3039 1307 3388 1380 sempiterni
3416 1304 3681 1363 Numinis

2217 1399 2489 1471 Corporis
2510 1415 2623 1454 usu
2647 1398 2901 1466 reclinis,
2935 1396 3246 1455 hauriebat
3263 1394 3511 1458 intima;

2218 1487 2553 1559 Spirituque
2580 1487 2885 1544 indicabat
2951 1486 3211 1541 veritatis
3242 1484 3454 1554 gratia.

2285 1575 2373 1629 Ad
2385 1590 2620 1630 crucem
2634 1580 2852 1631 tractus
2865 1574 3374 1645 Redemptor,esse
3413 1569 3619 1626 matris
3633 1568 3829 1624 ﬁlium.

2216 1663 2363 1717 Dicit
2392 1662 2571 1717 istum
2597 1681 2609 1731 ;
2632 1679 2835 1718 rursus
2861 1663 3051 1734 ipsam
3081 1677 3209 1717 esse
3257 1665 3513 1715 matrem
3565 1655 3833 1729 praecipit.

476 1745 539 1799 to
565 1742 748 1812 illius,
792 1748 850 1799 et
898 1752 1205 1817 respectus
1232 1750 1293 1805 in
1341 1750 1523 1807 electo
1563 1751 1772 1823 ipsius.
1802 1762 1864 1819 Βε.
1898 1754 2104 1804 Amen.
2144 1764 2187 1819 Β
2216 1752 2588 1816 Carneunus,
2617 1750 2850 1821 spiritus
2872 1749 3036 1820 alter,
3071 1752 3136 1804 ut
3181 1750 3495 1803 manerent
3548 1744 3671 1800 ﬁlii.

548 1832 830 1900 Hymnus.
865 1832 1130 1890 Christus
1158 1842 1245 1893 est
1274 1838 1409 1894 vita.
1446 1840 1832 1909 Supplicatio.
1868 1840 2107 1893 Oremus

480 1919 583 1975 Dei
606 1920 789 1976 Patris
830 1923 1278 1995 Omnipotentis.
1326 1927 1531 1993 Quaere
1553 1929 1665 1997 fol.
1701 1933 1787 1986 52.

553 2007 849 2076 Capitula.
869 2010 1211 2068 Beatissime
1239 2015 1533 2086 Stephane
1558 2018 1980 2087 Protomartyr,
2009 2029 2110 2071 vo-

481 2094 711 2150 cabitur
730 2095 833 2151 tibi
854 2112 1072 2153 nomen
1098 2115 1344 2168 novum,
1380 2104 1543 2175 quod
1564 2119 1633 2160 os
1666 2104 1899 2159 Domini
1925 2100 2114 2157 nomi-

479 2181 647 2237 navit
673 2201 685 2237 :
707 2188 770 2237 ut
790 2184 889 2254 qui
924 2191 1176 2243 mortem
1205 2204 1314 2260 pro
1340 2189 1441 2246 illo
1494 2207 1777 2255 sumeres,
1825 2204 2113 2245 coronam

480 2284 588 2341 per
613 2270 779 2326 illum
795 2275 1101 2330 etnomine
1117 2278 1391 2334 etvirtute
1404 2280 1731 2352 susciperes
1762 2298 1775 2333 :
1799 2279 2031 2334 Primus
2052 2278 2112 2332 in

480 2359 782 2429 martyrio,
809 2361 1040 2432 primus
1060 2363 1119 2418 in
1143 2367 1413 2436 praemio:
1441 2368 1671 2439 primus
1700 2366 1761 2421 in
1773 2366 1910 2423 aula
1933 2380 2111 2421 mun-

479 2444 560 2507 di,
593 2447 821 2516 primus
849 2448 1060 2507 inaula
1080 2453 1211 2508 caeli
1245 2472 1256 2509 :
1288 2459 1352 2509 ut
1376 2454 1472 2511 hic
1498 2470 1605 2527 pro
1631 2454 1863 2510 Christo
1883 2453 2113 2525 lapida-

480 2535 593 2597 tus,
614 2533 727 2589 illic
752 2534 828 2591 ab
849 2537 981 2608 ipso
999 2546 1336 2607 coronatus,
1354 2544 1616 2609 exultes;
1640 2547 1704 2598 ut
1729 2559 1837 2614 pro
1867 2557 1988 2613 quo
2016 2542 2111 2596 hic

479 2620 918 2681 crudelisimam
934 2628 1259 2685 sustinuisti
1277 2646 1540 2702 poenam,
1554 2631 1671 2686 illic
1682 2630 2110 2703 pretiossimam

476 2709 803 2781 susciperes
853 2728 1179 2772 coronam:
1213 2732 1355 2788 ergo
1405 2719 1508 2790 qui
1553 2719 1790 2775 extitisti
1840 2717 2111 2774 Ecclesiae

471 2797 824 2867 primitivus,
878 2817 1037 2859 nunc
1085 2808 1209 2861 esto
1244 2810 1532 2878 patronus
1585 2807 1867 2863 assiduus
1898 2824 1911 2863 :
1946 2811 2008 2862 ut
2040 2806 2113 2861 sit

468 2883 725 2941 Christus
744 2889 939 2957 nobis,
964 2898 1016 2947 te
1028 2898 1326 2963 precante,
1346 2894 1658 2967 propitius,
1686 2911 1797 2968 pro
1815 2910 1929 2967 quo
1957 2909 2110 2952 mar-

466 2974 562 3043 tyr
591 2974 825 3031 extitisti
874 2978 1083 3034 miriﬁc
1092 2996 1177 3035 us.

537 3062 703 3116 Pater
744 3066 963 3119 noster.
1020 3067 1272 3124 Liberati
1296 3070 1532 3126 amalo.

537 3147 766 3202 Lauda.
789 3149 1003 3206 Beatus
1042 3153 1150 3217 vir,
1182 3155 1287 3227 qui
1318 3156 1481 3213 timet
1530 3159 1876 3215 Dominum.

538 3232 896 3292 Benedictio.
926 3237 1213 3296 Dominus
1234 3244 1265 3295 J
1270 3257 1406 3298 esus
1427 3244 1679 3310 Chistus,
1696 3245 1818 3316 qui,
1843 3249 1950 3301 etc.

540 3322 605 3375 In
619 3323 860 3380 nomine
887 3327 1117 3383 Domini
1129 3331 1313 3386 nostri
1331 3332 1470 3387 Jesu
1499 3332 1701 3389 Christi
1732 3334 2109 3404 perﬁciamus

472 3422 610 3464 cum
640 3423 805 3479 pace.
830 3423 892 3482 Β).
926 3415 1041 3471 Deo
1077 3418 1314 3486 gratias.
1359 3420 1562 3484 Quaere
1584 3423 1698 3490 fol.
1731 3426 1815 3476 52.

475 3531 541 3587 ΙΝ
620 3531 838 3592 FESTO
892 3538 1133 3594 SANCTI
1204 3541 1537 3599 IOHANNIS
1618 3544 1948 3602 APOSTOLI
2032 3547 2111 3599 ET

1033 3627 1521 3687 EVANGELIST/E

1133 3734 1187 3792 A
1200 3734 1233 3788 ἀ
1286 3736 1555 3807 Vesperos

543 3850 774 3907 Lauda.
792 3852 1254 3926 Confessionem,
1269 3860 1610 3917 etdecorem
1624 3862 1883 3919 induisti.
1910 3861 2024 3933 54
2047 3863 2107 3916 Ρ.

472 3936 733 3993 Amictus
756 3938 958 3997 lumen
976 3944 1126 4000 sicut
1148 3948 1583 4005 vestimentum.
1610 3949 1669 4010 ἲν.
1702 3949 2030 4014 Confessio,
2054 3955 2111 4006 et

474 4025 702 4096 species
719 4027 781 4083 in
807 4037 1127 4103 conspectu
1149 4035 1275 4105 ejus
1304 4053 1316 4091 :
1346 4038 1628 4096 sanctitas
1642 4039 2109 4109 etmagniﬁcen-

470 4112 553 4168 tia
582 4112 643 4169 in
674 4118 980 4175 sanctitate
1005 4122 1153 4191 ejus.
1183 4123 1240 4177 P.
1270 4125 1534 4182 Amictus
1590 4125 1811 4185 lumen.

538 4200 707 4258 Sono.
740 4204 1069 4264 Conﬁtebor
1084 4209 1211 4281 tibi,
1226 4212 1492 4279 Domine,
1523 4214 1584 4271 in
1616 4221 1738 4272 toto
1756 4216 1935 4272 corde
1976 4230 2112 4271 meo

471 4288 731 4344 narrabo
756 4290 1051 4349 mirabilia
1089 4300 1210 4352 tua.
1252 4298 1518 4358 Alleluia.
1552 4302 1842 4371 Laetabor,
1858 4306 1916 4358 et
1950 4305 2113 4358 exul-

474 4374 616 4430 tabo
645 4375 705 4431 in
732 4381 785 4432 te
808 4379 1051 4437 Domine
1076 4400 1087 4438 :
1112 4385 1367 4455 psallam
1401 4389 1631 4445 nomini
1665 4390 2111 4461 tuo,Altissime.

474 4461 740 4519 Alleluia.

544 4550 906 4621 Antiphona.
929 4557 1019 4613 Sic
1031 4574 1166 4617 eum
1179 4564 1317 4620 volo
1332 4579 1593 4631 manere,
1607 4565 1798 4621 donec
1847 4567 2106 4638 veniam,

474 4636 632 4726 dixit
670 4639 973 4701 Dominus.
1029 4649 1087 4702 P.
1127 4650 1228 4706 Hic
1284 4656 1371 4708 est
1406 4651 1761 4725 Discipulus,
1813 4656 1911 4726 qui
1958 4636 2111 4714 testi-

473 4725 746 4784 monium
809 4734 1071 4803 perhibet
1120 4738 1195 4794 de
1229 4739 1340 4795 his.
1374 4742 1437 4797 P.
1469 4740 1535 4796 Et
1568 4741 1789 4797 scimus
1823 4725 1965 4815 quia
2009 4761 2109 4801 ve-

470 4827 603 4869 rum
622 4821 707 4873 est
732 4820 1135 4881 testimonium
1152 4827 1303 4897 ejus.
1322 4828 1378 4882 P.
1403 4830 1607 4884 Manus
1660 4830 1817 4887 enim
1841 4848 1976 4890 mea
2001 4849 2105 4890 au-

468 4901 769 4961 xiliabitur
788 4908 861 4975 ei,
883 4914 937 4966 et
964 4910 1278 4970 brachium
1301 4930 1502 4970 meum
1542 4917 1903 4975 confortabit
1942 4936 2102 4977 eum.

470 4988 532 5043 P.
563 4990 660 5046 Hic
686 4998 771 5049 est
800 4996 1148 5070 Discipulus.
1179 5000 1223 5060 ἲν
1259 5001 1468 5057 Gloria.
1502 5003 1559 5057 P.
1590 5006 1655 5060 Et
1686 5008 1925 5065 scimus.

540 5078 761 5137 Lauda.
788 5084 1035 5154 Diligam
1054 5102 1193 5142 eum
1221 5103 1293 5143 ex
1308 5093 1430 5144 toto
1453 5091 1630 5147 corde
1653 5109 1807 5160 meo,
1830 5096 1969 5151 dicit
1998 5098 2107 5152 Do-

474 5165 696 5223 minus.
727 5170 784 5223 P.
819 5172 885 5227 Et
905 5176 1011 5228 erit
1038 5174 1189 5229 sicut
1218 5191 1315 5231 ros
1346 5178 1541 5245 Israel,
1579 5183 1937 5249 germinabit
1956 5186 2107 5242 sicut

470 5252 680 5321 lilium,
715 5262 770 5314 et
797 5258 1050 5315 ﬂorebit.
1074 5261 1337 5320 Alleluia.
1362 5265 1626 5325 Alleluia.
1649 5269 1710 5329 Ψ.
1736 5274 1801 5328 Et
1820 5274 1927 5330 erit
1957 5278 2104 5330 tam-

472 5355 657 5411 quam
676 5346 928 5415 lignum,
959 5349 1123 5418 quod
1151 5352 1648 5423 transplantatum
1704 5364 1791 5417 est
1812 5378 1983 5418 secus
2009 5362 2109 5418 de-

474 5443 684 5487 cursus
698 5447 993 5502 aquarum
1014 5438 1179 5506 quod
1198 5438 1454 5498 fructum
1479 5460 1656 5502 suum
1672 5446 1840 5505 dabit
1864 5450 1927 5506 in
1956 5453 2109 5506 tem-

474 5531 619 5587 pore
650 5534 781 5574 suo.
813 5518 870 5572 P.
904 5521 1106 5581 Eterit.
1157 5526 1217 5585 V.
1238 5526 1450 5598 Gloria,
1478 5536 1587 5590 etc.
1618 5533 1676 5590 P.
1710 5537 1776 5593 Et
1804 5537 1930 5593 erit.

2290 1837 2515 1893 Ultimae
2537 1843 2837 1909 praenotus
2864 1838 3045 1902 horae,
3079 1836 3348 1892 scindere
3392 1839 3536 1891 tunc
3564 1830 3833 1905 praecipit.

2217 1928 2454 1981 Terram
2477 1926 2702 1981 fossam
2727 1926 3031 1997 ministris,
3065 1940 3189 1998 qua
3217 1924 3457 1980 reclinis
3483 1923 3681 1989 inruit,

2220 2013 2412 2069 Mortis
2442 2018 2495 2069 et
2511 2014 2639 2069 vice
2664 2014 2887 2085 quievit
2928 2028 3109 2069 omne
3140 2013 3346 2069 vivens
3373 2010 3614 2066 smculo.

2292 2104 2365 2166 fl‘e
2384 2116 2693 2171 rogamus,
2707 2105 2761 2157 te
2774 2117 3109 2174 precamur,
3126 2106 3328 2158 sancte
3342 2098 3555 2155 Christi
3567 2094 3840 2169 Apostole,

2220 2188 2375 2244 Tolle
2396 2192 2642 2259 pestem,
2690 2190 2857 2244 aufer
2906 2189 3095 2253 ulcus,
3128 2192 3184 2244 et
3236 2188 3430 2243 foveto
3490 2182 3837 2255 languidos:

2221 2275 2369 2331 Pelle
2392 2276 2692 2345 morbum,
2707 2276 2868 2331 caede
2882 2276 3139 2340 hostem,
3156 2280 3467 2333 etremove
3491 2270 3840 2329 scandalum.

2292 2366 2418 2419 Non
2446 2363 2659 2419 adurat
2682 2369 2899 2420 terram
2932 2364 3105 2433 ignis,
3154 2378 3352 2418 aerem
3418 2378 3543 2419 non
3601 2357 3840 2420 sanciet;

2220 2454 2347 2506 Non
2376 2450 2651 2507 refundat
2696 2451 2901 2507 ultioui
2932 2452 3091 2507 triste
3148 2451 3366 2506 coelum
3396 2450 3662 2506 turbines
3692 2464 3705 2511 ;

2220 2541 2346 2594 Non
2366 2538 2604 2595 reclinet
2635 2539 2694 2594 in
2723 2538 2961 2594 ruinam
2981 2540 3193 2595 Orbem
3223 2538 3314 2593 ira
3344 2537 3639 2593 funditus.

2290 2625 2530 2681 Dedicat
2554 2626 2835 2682 delictum
2867 2642 3080 2694 omne;
3115 2625 3513 2696 subsequatur
3544 2622 3743 2695 gratia.

2219 2713 2529 2768 Auferatur
2558 2714 2735 2785 culpa
2763 2717 2900 2778 tota,
2945 2714 3019 2769 sit
3049 2712 3254 2768 salutis
3287 2713 3463 2785 copia
3491 2728 3505 2779 ;

2220 2801 2300 2857 Sit
2327 2801 2576 2857 remoda
2605 2806 2820 2858 cuncta
2846 2802 2974 2857 lues
2994 2821 3012 2873 ;
3054 2804 3346 2872 augeatur
3398 2801 3679 2857 charitas.

2290 2889 2481 2945 Gloria
2512 2890 2631 2945 Deo
2661 2890 2813 2947 Patri
2865 2890 2963 2959 sit,
3004 2890 3191 2959 gloria
3234 2889 3306 2945 sit
3330 2888 3499 2945 Filio.

2220 2977 2301 3033 Sit
2320 2977 2605 3033 Paraclito
2635 2980 2902 3035 manenti
2933 2994 3171 3050 semper
3214 2978 3429 3047 ingens
3456 2977 3677 3046 gloria;

2040 3114 2041 3117 η
2149 3105 2189 3156 C
2289 3065 2393 3129 Qui
2412 3065 2562 3120 Deus
2588 3066 2732 3121 vivit
2752 3080 2857 3136 per
2888 3066 3091 3121 omnia
3118 3064 3338 3121 saecula
3369 3064 3744 3121 saeculorum.

2429 3155 2640 3209 Amen.

2288 3241 2670 3312 Supplicatio.
2691 3244 2939 3298 Oremus
2959 3241 3061 3297 Dei
3084 3240 3269 3297 Patris
3306 3241 3483 3297 Omni
3492 3238 3739 3313 potentis
3758 3235 3843 3289 mi-

2218 3330 2621 3395 sericordiam,
2682 3330 2979 3401 supplices
3025 3329 3417 3401 imploremus
3453 3347 3467 3397 ;
3511 3345 3621 3385 nos
3665 3324 3842 3397 gratia

2219 3417 2426 3472 Christi
2451 3418 2542 3472 sui
2571 3417 2802 3473 Domini
2832 3419 3017 3473 nostri
3044 3421 3181 3473 Jesu
3213 3418 3445 3481 Christi,
3476 3422 3531 3473 et
3554 3432 3656 3489 per
3684 3415 3841 3469 inter-

2219 3505 2552 3561 cessionem
2576 3506 3062 3562 SanctiJohannis
3093 3506 3374 3576 Apostoli,
3397 3510 3454 3562 et
3477 3502 3845 3573 Evangelistaz

2220 3594 2500 3664 propitius
2551 3595 2876 3664 justiﬁcare
2931 3594 3226 3665 dignetur.
3270 3606 3335 3661 Br.
3382 3596 3599 3650 Praesta
3630 3596 3841 3649 Eterne

2221 3682 2600 3752 omnipotens
2628 3686 2799 3738 Deus.

2292 3770 2484 3841 Kyrie,
2513 3770 2753 3826 elcison.
2786 3782 2849 3841 Bl-
2875 3770 3096 3826 Christe
3120 3770 3393 3839 ,eleison.
3414 3771 3590 3841 Kyrie
3613 3768 3843 3825 eleison.

2293 3860 2585 3930 Capitula.
2619 3858 2945 3914 lnetl‘abilia
2972 3863 3129 3929 sunt,
3160 3858 3433 3926 Domine,
3462 3859 3685 3915 ﬂuenta
3713 3852 3848 3911 uteri

2221 3950 2323 4016 tui,
2357 3949 2566 4020 quibus
2586 3963 2709 4020 prae
2740 3948 2964 4004 caeteris
2984 3948 3232 4004 dilectus
3252 3947 3345 4004 ille
3368 3953 3405 4004 a
3427 3953 3481 4005 te
3513 3944 3843 4018 discipulus,

2219 4037 2514 4094 recubans
2542 4038 2603 4093 in
2645 4038 2779 4092 sinu
2809 4042 2928 4106 tuo,
2964 4037 3176 4093 saciari
3207 4038 3541 4108 promeruit
3573 4055 3585 4092 :
3629 4049 3847 4108 quaesu.

2220 4142 2357 4181 mus
2388 4141 2549 4197 ergo,
2580 4130 2662 4191 ut,
2702 4124 3067 4181 mortiﬁcatis
3125 4125 3413 4181 membris
3461 4126 3700 4189 nostris,
3742 4120 3845 4177 tuis

2223 4228 2458 4284 semper
2478 4228 2816 4268 mereamur
2832 4213 3116 4268 inhaerere
3135 4213 3425 4283 vestigiis:
3444 4219 3509 4269 ut
3528 4214 3844 4268 intercessu

2220 4302 2400 4371 hujus
2422 4301 2615 4357 Sancti
2640 4300 2945 4366 Johannis,
2969 4301 3050 4357 ita
3070 4317 3180 4357 nos
3198 4301 3352 4371 ignis
3375 4302 3603 4359 amoris
3628 4300 3706 4356 tui
3725 4309 3851 4353 con-

2222 4394 2460 4451 cremet.
2482 4395 2538 4445 et
2560 4389 3125 4462 absumat,qualiter
3143 4390 3589 4461 beneplacitum
3619 4403 3729 4445 nos
3757 4382 3849 4441 tibi

2219 4480 2281 4534 in
2302 4482 2422 4535 toto
2446 4478 2862 4535 holocaustum
2896 4477 3133 4534 efﬁciat.

2290 4570 2454 4624 Pater
2476 4573 2695 4624 noster.
2730 4567 2981 4623 Liberali
3009 4583 3045 4623 a
3082 4567 3262 4625 malo.

2288 4656 2596 4713 Humiliate
2621 4671 2730 4712 vos
2754 4655 3170 4712 benedictioni.

2286 4745 2674 4801 Dominussit.
2708 4756 2777 4812 Br.
2808 4747 2873 4800 Et
2899 4759 3036 4799 cum
3065 4744 3274 4817 spiritu
3297 4753 3422 4801 tuo.

2284 4832 2926 4890 Benedictio.Christus
2942 4832 3250 4898 Dominus,
3279 4834 3385 4906 qui
3414 4834 3699 4890 dilectum
3727 4834 3761 4885 a
3797 4841 3850 4880 se

2215 4919 2562 4992 discipulum
2577 4934 2687 4974 suo
2706 4919 2842 4975 fecit
2865 4920 3150 4976 recubare
3174 4921 3233 4976 in
3247 4926 3505 4993 pectore,
3526 4921 3739 4977 illaesos
3754 4928 3851 4970 nos

2215 5007 2509 5063 custodiat
2538 5007 2597 5061 in
2627 5008 2762 5062 sinu
2790 5007 2996 5063 matris
3024 5007 3313 5065 Ecclesiae.
3334 5027 3390 5065 ιιι.
3428 5011 3639 5065 Amen.
3673 5009 3737 5062 Et
3760 4998 3853 5075 qui

2214 5096 2441 5151 fluentis
2453 5095 2655 5164 gratiae
2668 5111 2737 5151 ex
2754 5095 2889 5150 sinu
2902 5112 3005 5151 suo
3018 5098 3511 5167 prmmanantibus
3527 5088 3849 5154 recubantis

2216 5186 2483 5241 animam
2498 5183 2740 5254 maduit,
2750 5184 2910 5240 dono
2924 5200 3031 5240 nos
3045 5186 3374 5257 sempiterni
3386 5185 3683 5255 munerisj
3694 5180 3856 5238 ubeat

2217 5273 2531 5331 consolari.
2558 5284 2623 5339 Βτ.
2642 5273 2847 5328 Amen.
2866 5276 2935 5329 Ut
2960 5289 3064 5345 per
3088 5290 3271 5347 quem
3301 5274 3635 5347 discipulus
3659 5272 3753 5329 hic
3781 5266 3855 5322 di-

2216 5362 2400 5419 lectus
2414 5362 2653 5417 effectus
2668 5367 2757 5417 est
2768 5362 2953 5432 virgo,
2973 5379 3080 5435 per
3092 5379 3230 5420 eum
3242 5368 3592 5436 peccatores
3606 5363 3666 5419 in
3678 5363 3851 5427 Ange-

2220 5451 2416 5507 lorum
2428 5452 2908 5507 transmutatione
2922 5456 3237 5509 evocentur
3246 5453 3572 5510 consortio.
3589 5452 3850 5521 BLAmen.

2292 5538 2396 5594 Per
2423 5537 2894 5596 misericordiam
2934 5539 3146 5611 ipsius.
