4076 6430
218 325 293 380 129
1358 340 1430 394 ΙΝ
1468 339 1693 396 FESTO
1734 339 1773 394 S
1811 336 1921 393 J0}

2069 338 2159 394 HS
2197 339 2578 406 APOSTOLI.
3574 366 3671 420 130

276 453 520 557 Lauda:
539 454 1032 518 Germinabunt
1055 479 1192 520 ossa
1215 469 1319 521 tua
1349 463 1920 537 quasisalices.Alle-
1953 463 1999 516 A
2031 462 2146 532 piae
2175 469 2582 541 operationis;
2607 477 2669 529 ut
2699 473 2801 529 tibi
2827 475 2953 531 sine
2990 478 3107 534 ﬁne
3121 480 3468 552 jungamur,
3498 487 3667 557 cujus

225 539 338 633 l‘uia.
369 542 446 600 Ρ.
481 545 698 603 Juxta
730 549 999 607 ﬂuentes
1064 569 1273 624 aquas.
1327 555 1589 611 Alleluia.
1650 554 1917 611 Alleluia.
2030 554 2354 620 potentiam
2381 539 2697 628 magniﬁce
2725 563 3093 620 conﬁtemur.
3223 539 3434 628 Kmen.

229 630 273 686 γ.
332 635 396 687 Et
457 635 584 690 erit
647 642 989 711 tamquam
1060 642 1312 716 lignum,
1374 644 1540 717 quod
1584 644 1920 715 transplan-
2102 642 2205 695 Per
2233 644 2709 704 misericordiam
2740 654 2926 706 tuam.

229 723 399 861 tatum
457 728 580 777 est.
665 726 738 780 P.
782 729 970 784 Juxta
1026 729 1277 788 ﬂuentes
1329 749 1541 805 aquas.
1590 733 1648 791 \‘V".
1702 732 1916 788 Gloria.

251 812 280 861 ’.
312 810 512 861 Juxta.

251 812 280 861 ’.
312 810 512 864 Juxta.

298 900 816 958 ()ratioDomine
847 907 986 960 Jesu
1019 906 1260 974 Christe,
1287 909 1814 980 quibeatissimum
1832 913 1920 964 Jo-

235 986 494 1042 hanuem
526 992 907 1060 Apostolum
941 999 1130 1051 tuum.
1167 996 1372 1062 Quaere
1408 999 1512 1066 fol.

303 1077 381 1128 Ad
406 1076 822 1134 Matutinum.
848 1082 1207 1150 Antiphona.
1242 1085 1424 1140 Labia
1465 1100 1621 1150 mea,
1650 1084 1918 1153 Domine,

237 1165 623 1237 aperies.55
651 1168 717 1219 Ρ.
754 1171 818 1223 Et
885 1185 954 1224 os
1013 1187 1213 1226 meum
1258 1173 1637 1229 annuntiabit
1677 1172 1918 1228 laudem

235 1257 402 1307 tuam
417 1255 744 1310 .Psaimus
763 1273 814 1311 L.

314 1342 459 1397 Orat
471 1343 547 1398 io.
593 1345 828 1400 Laudet
855 1350 928 1410 te,
951 1347 1431 1418 Domine,lingua
1463 1358 1669 1406 nostra
1689 1366 1921 1407 annun-

240 1431 738 1501 tiandojustitias
758 1438 980 1505 tuas,et
1005 1436 1444 1494 exultentlabia
1466 1445 1670 1495 nostra
1699 1455 1920 1511 praeco-

235 1520 343 1575 nio
371 1521 674 1591 veritatis,
695 1528 759 1577 ut
781 1539 901 1578 non
929 1524 1920 1600 dissolvanturvaniloquiofalsita-

239 1608 349 1672 tis;
381 1614 445 1664 ut
476 1611 584 1680 qui
604 1611 714 1666 tibi
742 1613 1086 1669 conﬁtendo
1111 1614 1376 1669 remissis
1406 1616 1753 1672 criminibus
1774 1618 1835 1672 in
1863 1621 1916 1672 te

232 1699 614 1764 exultamus,
670 1705 728 1754 et
783 1701 843 1756 in
899 1704 1360 1773 congregatione
1397 1706 1699 1774 justorum
1745 1722 1915 1762 sacro

231 1788 490 1856 agmine
524 1789 944 1856 decantantes,
977 1791 1106 1846 vitae
1131 1791 1323 1848 beata:
1373 1794 1709 1850 efﬁciamur
1747 1794 1913 1850 here-

226 1877 364 1930 des.
412 1889 479 1936 R'.
529 1884 742 1946 Amen,

313 1969 421 2020 Per
453 1967 934 2024 misericordiam
947 2012 960 2024 .

309 2073 661 2141 Antiphona
684 2075 892 2130 LCaro
917 2091 1052 2131 mea
1072 2076 1401 2148 requiescet
1429 2078 1489 2133 in
1524 2093 1646 2150 spe.
1681 2080 1741 2133 P.
1808 2080 1919 2150 Qui

227 2175 367 2215 non
401 2161 785 2233 derelinques
806 2164 1076 2219 animam
1112 2180 1314 2220 meam
1339 2165 1398 2220 in
1431 2165 1727 2222 infernum
1757 2186 1772 2237 ;
1807 2183 1916 2223 nec

225 2249 422 2305 dabis
460 2256 747 2305 sanctum
767 2257 937 2307 tuum
964 2253 1164 2309 videre
1190 2255 1916 2326 corruptionemﬂﬂotas

230 2339 397 2393 mihi
429 2338 626 2394 fecisti
657 2340 790 2396 vias
819 2342 967 2410 vitae,
1000 2341 1359 2414 adimplebis
1407 2360 1500 2398 me
1558 2344 1757 2401 laetitia
1779 2361 1916 2401 cum

229 2429 418 2483 vultu
443 2433 569 2495 tuo,
605 2429 1105 2486 etdelectationes
1126 2433 1187 2486 in
1209 2431 1451 2488 dextera
1481 2437 1582 2488 tua
1623 2449 1813 2505 usque
1855 2435 1916 2490 in

2103 757 2169 812 R2.
2211 749 2303 802 Vir
2324 750 2430 804 iste
2458 752 2518 806 in
2550 755 2770 824 populo
2801 773 2909 812 suo
2940 759 3670 835 mitissimusapparuitse-

2033 841 2264 889 nectute
2293 840 2477 904 gravi,
2513 847 2568 896 et
2598 842 2784 910 gloria
2810 844 3046 915 dignus.
3073 851 3128 901 P.
3157 853 3385 915 lsteest,
3425 854 3672 923 quiorat

2031 936 2138 991 pro
2161 923 2382 993 populo
2413 931 2468 980 et
2498 944 2606 998 pro
2637 930 2868 986 civitate
2890 933 3020 988 ista.
3046 934 3107 994 IV.
3132 937 3225 991 Vir
3245 938 3351 993 iste
3365 955 3671 997 consecra—

2032 1010 2114 1064 vit
2144 1010 2336 1078 legem
2366 1014 2463 1068 Dei
2491 1018 2723 1083 excelsi,
2759 1025 2815 1074 et
2845 1021 2905 1075 in
2937 1025 3259 1081 tentatione
3284 1028 3557 1084 inventus
3586 1034 3673 1086 est

2029 1097 2249 1153 ﬁdelis.
2282 1101 2338 1153 P.
2377 1104 2490 1159 Iste
2521 1109 2624 1160 est.
2660 1106 2722 1164 llr.
2754 1107 2969 1175 Gloria,
3002 1116 3057 1168 et
3085 1112 3296 1179 honor,
3326 1122 3432 1171 etc.
3491 1118 3673 1173 Reite-

2028 1188 2197 1240 retur
2225 1197 2290 1258 Βι.
2321 1187 2417 1246 Vis
2440 1189 2573 1247 iste.

2103 1293 2331 1350 Oratio.
2371 1299 2652 1353 Memores
2682 1308 3113 1374 praeceptorum
3138 1311 3394 1378 tuorum,
3425 1313 3670 1368 Domine

2028 1379 2165 1435 Jesu
2192 1382 2429 1454 Christe,
2459 1386 2679 1456 quibus
2694 1403 2805 1443 nos
2825 1394 3130 1448 memoriis
3152 1402 3495 1455 sanctorum
3511 1416 3671 1456 com-

2026 1469 2332 1526 municare
2360 1476 2709 1546 praecepisti,
2743 1477 3667 1554 bealissimiApostolituiJohan-

2028 1557 2141 1622 nis,
2176 1575 2417 1629 sparsos
2435 1576 2539 1632 per
2577 1565 2786 1620 orbem
2803 1568 3150 1625 meritorum
3187 1573 3387 1629 titulos
3411 1575 3667 1631 celebra-

2027 1649 2801 1723 mus,quicoronam,quam
2820 1657 3077 1712 nominis
3089 1659 3669 1732 suiinterpretatione

2026 1737 2373 1807 promeruit,
2394 1739 2706 1809 privilegio
2750 1744 3078 1801 sanctitatis
3120 1748 3373 1805 obtinuit
3406 1769 3417 1805 :
3451 1758 3670 1823 praesta

2024 1823 2222 1893 igitur,
2237 1825 2449 1881 eodem
2470 1828 3113 1906 interveniente,ut,qui
3136 1839 3435 1906 praeconia
3458 1841 3664 1911 ipsius,

2027 1911 2326 1982 religionis
2354 1913 2514 1970 cultu
2532 1931 2909 1984 veneramur,
2935 1923 3267 1991 patrocinia
3285 1925 3414 1995 ejus
3444 1926 3669 1998 impen-

2026 1999 2148 2054 sius
2181 2017 2642 2074 consequamur.
2675 2017 2738 2075 Βί.
2770 2010 2978 2064 Amen.

2099 2090 2202 2144 Per
2231 2090 2707 2149 misericordiam
2737 2099 2899 2151 tuam
2914 2137 2926 2150 .

2097 2195 2136 2249 A
2151 2195 2191 2249 d
2214 2196 2518 2254 Canticum
2530 2200 2593 2253 ,Α
2606 2200 3217 2270 ntiphona.Thronum
3233 2205 3434 2276 gloriae
3452 2207 3672 2263 heredi—

2027 2287 2117 2338 tas
2132 2283 2286 2340 illius
2306 2287 2628 2343 dutvotum
2649 2290 2960 2359 optanti,et
2979 2292 3492 2352 benedicetannos
3504 2296 3666 2368 justi.

2453 2393 2768 2449 Canticum
2805 2397 2862 2465 (Ι
2879 2396 3117 2467 Regum,
3163 2400 3241 2469 ιι).

234 2517 460 2572 ﬁnem.
497 2518 558 2572 P.
593 2520 892 2582 Quoniam
920 2534 1043 2574 non
1073 2519 1470 2591 derelinques.
1502 2520 1570 2580 ﬁt.
1603 2521 1821 2586 Gloria,
1863 2525 1918 2577 et

235 2607 448 2662 honor
477 2608 659 2671 Patri,
688 2614 806 2664 etc.
848 2609 909 2663 P.
947 2610 1240 2674 Quoniam
1272 2625 1393 2665 non
1436 2610 1836 2682 derelinques.

326 2698 559 2752 Oratio.
597 2697 843 2761 Christe,
872 2699 972 2753 Dei
1005 2698 1205 2764 Filius,
1239 2699 1342 2770 qui
1373 2700 1582 2768 virgini
1627 2701 1916 2772 discipulo

241 2786 613 2856 virginitatis
644 2789 898 2857 praemia
919 2787 1097 2843 etiam
1126 2788 1187 2842 in
1218 2788 1330 2844 hac
1349 2788 1468 2843 vita
1491 2789 1688 2859 posito
1711 2795 1917 2845 contu-

242 2874 385 2941 lisli,
415 2880 481 2930 ut
509 2875 586 2929 de
620 2881 778 2930 sorte
810 2876 1018 2930 mortis
1056 2881 1257 2947 posset
1309 2876 1590 2933 suscitare
1643 2877 1918 2934 membra

242 2963 592 3028 morientia,
627 2963 733 3034 qui
763 2963 824 3018 in
847 2963 1135 3018 membris
1165 2964 1285 3020 suis
1308 2964 1624 3020 mortifera:
1658 2965 1917 3021 libidinis

243 3052 561 3107 dominari
591 3067 716 3107 non
750 3067 969 3123 passus
997 3057 1082 3107 est
1141 3053 1437 3109 incentiva
1467 3072 1483 3123 ;
1511 3053 1717 3109 adesto
1743 3054 1917 3109 nobis

2098 2498 2525 2554 Conﬁrmatum
2558 2506 2648 2556 est
2679 2517 2780 2557 cor
2809 2506 3088 2560 meumin
3109 2507 3477 2574 Domino,'et
3511 2507 3667 2564 exal-

2026 2589 2218 2640 tatum
2238 2590 2328 2641 est
2352 2603 2540 2642 cornu
2566 2604 2766 2644 meum
2799 2591 2859 2645 in
2886 2592 3005 2647 Deo
3028 2593 3272 2649 salutari
3292 2610 3428 2651 meo
3452 2612 3464 2649 :

2097 2674 2415 2730 Dilatatum
2444 2682 2530 2730 est
2559 2693 2738 2748 super
2779 2679 3052 2736 inimicos
3095 2697 3262 2737 meos
3288 2699 3355 2738 os
3389 2699 3618 2738 meum:
3651 2686 3667 2704 "

2024 2762 2192 2818 laetor
2221 2763 2444 2817 mihiin
2468 2765 2778 2820 sanctitate
2811 2769 3231 2832 tua.Quoniam
3252 2786 3374 2826 non
3414 2771 3669 2828 estalius

2026 2853 2197 2915 Deus,
2225 2851 2532 2920 quomodo
2552 2852 2706 2906 Deus
2735 2860 2966 2909 noster:

2099 2940 2296 3008 Neque
2324 2938 2516 3006 justus
2535 2943 2746 3008 praeter
2771 2946 2844 3005 te,
2868 2942 3164 3007 Domine,‘
3180 2948 3236 2998 et
3257 2959 3379 3000 non
3393 2948 3482 2999 est
3500 2960 3669 3000 sanc-

2029 3031 2158 3082 ctus
2185 3029 2397 3096 praeter
2425 3031 2498 3081 te.

243 3141 531 3210 precibus
581 3113 831 3212 ejus,-ut
869 3144 1006 3212 post
1030 3113 1920 3212 lapsus,quibuslasciveinhac
1950 3125 1990 3187 (ἶ
2100 3113 2280 3212 Name
2304 3115 2550 3212 Ebria“
2577 3116 2830 3212 “@159:
2859 3118 3120 3212 “duom?
3148 3118 3269 3175 alta
3304 3119 3543 3190 loquiin
3581 3136 3675 3175 δυ’

245 3230 372 3285 vita
397 3229 769 3293 decidimus,
795 3228 1109 3285 mundatis
1133 3229 1211 3286 ad
1241 3233 1296 3286 te
1342 3229 1624 3286 cordibus
1642 3235 1697 3286 et
1713 3247 1919 3303 corpo-

243 3319 417 3373 ribus
452 3317 844 3375 accedamus.
869 3330 931 3386 Rt.
965 3319 1171 3374 Amen.

323 3409 436 3463 Per
469 3407 954 3463 misericordiam
969 3451 981 3462 .

329 3515 699 3585 Antiphona
739 3515 999 3571 2.Facies
1023 3517 1122 3571 tua
1139 3519 1447 3585 tamquam
1475 3515 1927 3572 mundaillumi-

250 3603 524 3659 nabitur.
559 3603 622 3656 P.
659 3602 863 3658 Vultus
894 3606 1092 3658 autem
1119 3607 1253 3658 tuus
1271 3603 1420 3659 sicut
1451 3602 1925 3672 Luciferorietur,

253 3709 290 3746 a
309 3691 658 3747 meridiana
679 3695 854 3762 parta
867 3692 1228 3761 germinabit
1245 3691 1346 3747 tibi
1365 3692 1504 3747 vita.
1538 3691 1597 3750 ἣν.
1631 3692 1739 3746 Per
1769 3691 1927 3746 diem

256 3783 344 3836 sol
372 3797 500 3837 non
535 3785 665 3835 uret
688 3785 762 3847 te,
789 3796 985 3853 neque
1023 3780 1168 3836 luna
1195 3796 1302 3852 per
1343 3785 1600 3836 noctem.
1642 3782 1702 3835 P.
1729 3780 1927 3837 Vultus

256 3876 487 3934 autem,
523 3870 590 3930 ἲν.
619 3869 844 3938 Gloria,
866 3875 920 3925 et
950 3869 1164 3934 honor,
1207 3874 1315 3926 etc.
1345 3871 1406 3924 P.
1441 3870 1652 3926 Vultus
1704 3874 1924 3926 autem.

332 3960 556 4015 Oratio.
590 3958 840 4014 Domine
878 3960 1016 4014 Jesu
1055 3959 1300 4026 Christe,
1351 3958 1454 4030 qui
1511 3957 1925 4014 beatissimum

255 4049 606 4104 Iohannem
628 4047 977 4119 Apostolum
1009 4052 1175 4103 tuum
1190 4046 1372 4102 necin
1388 4045 1640 4102 vinculis
1661 4046 1815 4101 exilii
1829 4047 1926 4103 de-

258 4140 560 4204 seris,nec
587 4137 650 4192 in
674 4136 895 4192 effossa
915 4136 1086 4194 fovea
1107 4135 1508 4207 derelinquis;
1539 4151 1737 4192 annue
1750 4135 1926 4192 nobis

257 4227 548 4298 precibus
571 4226 723 4296 ejus,
745 4229 809 4280 ut
831 4224 911 4281 ita
943 4241 1054 4281 nos
1081 4240 1320 4298 semper
1340 4224 1529 4296 pietas
1554 4225 1926 4296 foveat,qua-

261 4316 400 4374 liter
426 4316 528 4371 hic
558 4320 614 4370 et
649 4315 710 4370 in
740 4319 1112 4378 aeternum,te
1134 4319 1805 4387 protegente,sceptrum
1819 4330 1929 4371 nos

261 4405 615 4478 sempiterni
647 4405 822 4475 regni
854 4420 1289 4478 usquequaque
1313 4403 1926 4476 possideat.R.Amen.

335 4497 446 4550 Per
473 4492 975 4549 misericordiam.

335 4601 689 4670 Antiphona
727 4599 1028 4658 2.Custodi
1052 4615 1266 4671 corpus
1290 4615 1493 4656 meum
1526 4599 1604 4656 ab
1622 4599 1787 4655 omni
1808 4598 1932 4670 pol-

263 4691 514 4747 lutione.
539 4690 607 4746 P.
638 4689 797 4745 Odor
829 4693 989 4752 tuus,
1017 4689 1286 4750 Domine,
1311 4689 1826 4759 concupiscentias
1871 4687 1931 4742 in

270 4797 366 4835 me
396 4779 673 4834 excitavit
701 4783 979 4833 aeternas.
1035 4776 1093 4836 i’.
1147 4780 1324 4833 Notas
1383 4776 1528 4832 mihi
1577 4776 1761 4832 fecisti
1809 4777 1933 4833 vias

269 4870 425 4934 vitae,
461 4873 520 4924 et
548 4866 831 4940 implebis
860 4867 921 4921 in
948 4865 1150 4922 laetitia
1176 4881 1314 4921 cum
1344 4865 1510 4921 vultu
1535 4869 1656 4922 tuo:
1676 4865 1932 4922 delecta-

267 4958 462 5014 tiones
492 4957 554 5012 in
575 4956 826 5012 dextera
859 4960 964 5012 tua
993 4970 1181 5027 usque
1206 4954 1266 5009 in
1286 4954 1488 5010 ﬁnem.
1516 4954 1745 5012 P.0dor
1774 4959 1930 5010 tuus.

267 5047 327 5105 V.
361 5047 584 5116 Gloria,
618 5046 913 5110 ethonor,
944 5049 1052 5100 etc.
1081 5043 1148 5098 P.
1182 5044 1336 5100 Odor
1357 5047 1512 5100 tuus.

339 5155 566 5211 Oratio.
601 5153 866 5209 Dilectus
894 5166 930 5206 a
970 5155 1042 5217 te,
1095 5150 1343 5206 Domine
1393 5152 1532 5206 Jesu
1575 5149 1816 5215 Christe,
1847 5150 1929 5204 in-

273 5244 503 5301 efiabile
519 5242 922 5301 testimonium
937 5239 1243 5311 discipulis
1255 5238 1570 5311 perhibuit,
1595 5238 1933 5314 dum,quod

274 5334 730 5396 admiraremur,
764 5336 870 5386 tuo
891 5329 966 5384 de
987 5333 1224 5400 pectore
1259 5328 1532 5400 sumpsit,
1561 5326 1807 5383 miriﬁce
1846 5342 1932 5382 re-

273 5429 467 5494 putare
495 5418 1232 5499 promeruitgprincipium
1261 5433 1400 5488 ergo
1424 5417 1589 5489 quod
1603 5421 1657 5472 et
1679 5416 1934 5487 mystica

268 5513 373 5571 ﬁde
411 5513 726 5588 cognovit,
761 5511 821 5564 et
847 5505 1046 5563 verbis
1075 5507 1340 5578 mysticis
1406 5506 1666 5563 exoravit
1691 5523 1703 5560 :
1728 5505 1933 5561 estoin

263 5620 353 5665 ore
372 5612 581 5666 nostro
609 5602 697 5662 ad
727 5595 1245 5668 complementum
1274 5596 1523 5665 virtutis,
1552 5595 1632 5655 ad
1652 5593 1934 5655 affectum

2031 3202 2241 3276 perbia
2267 3220 2280 3267 ;
2304 3204 2323 3222 '
2354 3206 2410 3258 et
2435 3218 2508 3258 ne
2535 3208 2706 3259 exeat
2734 3204 3215 3277 magniloquium
3236 3223 3307 3262 ex
3327 3223 3428 3264 ore
3443 3213 3670 3265 vestro:

2033 3291 2321 3362 quoniam
2362 3291 2514 3346 Deus
2538 3291 2798 3346 scientiae
2830 3292 3120 3349 Dominus
3153 3299 3244 3350 est
3273 3312 3284 3348 :

2104 3380 2276 3446 Deus,
2292 3379 2396 3450 qui
2417 3383 2589 3450 parat
2609 3379 3059 3436 adinventiones
3081 3385 3262 3451 suas,‘
3289 3399 3463 3438 arcus
3475 3387 3680 3454 poten-

2039 3468 2184 3524 tium
2201 3467 2538 3522 inﬁrmatus
2555 3471 2725 3535 est,et
2743 3468 2966 3524 inﬁrmi
2979 3469 3189 3526 virtute
3206 3471 3508 3542 praecincti
3521 3475 3678 3527 sunt.

2106 3555 2265 3610 Pleni
2289 3555 2548 3625 panibus
2561 3555 2838 3612 minorati
2857 3562 3012 3626 sunt,
3037 3562 3056 3580 '
3079 3560 3472 3616 etesurientes
3490 3565 3680 3616 trans-

2035 3644 2232 3700 ierunt
2260 3648 2478 3700 terram
2511 3663 2523 3699 :

2107 3730 2326 3787 Sterilis
2377 3731 2608 3802 peperit
2637 3735 2889 3802 septem,
2908 3733 2926 3754 ‘
2957 3738 3014 3789 et
3042 3733 3252 3792 foetosa
3277 3735 3337 3791 in
3359 3735 3492 3791 ﬁliis
3512 3735 3680 3791 inﬁr-

2034 3825 2198 3877 mata
2235 3824 2340 3876 est.

2106 3909 2262 3965 Deus
2291 3908 2603 3965 mortiﬁcat
2633 3912 2689 3965 et
2718 3907 2994 3974 viviﬁcat,
3029 3913 3047 3934 '
3065 3909 3230 3967 ducit
3250 3911 3329 3968 ad
3346 3910 3566 3969 inferos
3624 3915 3680 3968 et

2033 3997 2278 4054 reducit.

2104 4087 2257 4141 Deus
2286 4099 2634 4156 pauperem,
2694 4088 2750 4138 et
2795 4083 3034 4140 divitem
3090 4084 3576 4153 facit,'humiliat
3624 4091 3679 4143 et

2037 4174 2273 4229 exaltat.

2114 4263 2227 4334 56
2249 4261 2500 4318 Suscitat
2519 4259 2592 4315 de
2615 4264 2767 4316 terra
2782 4260 3071 4333 inopem,‘
3091 4265 3146 4317 et
3168 4277 3204 4318 a
3227 4265 3482 4318 stercore
3501 4261 3681 4332 erigit

2037 4366 2364 4424 pauperem
2381 4367 2390 4404 :

2113 4443 2177 4495 Et
2205 4439 2408 4495 sedere
2441 4437 2581 4494 facit
2608 4453 2747 4495 eum
2774 4454 2911 4493 cum
2930 4439 3306 4511 principibus
3320 4439 3680 4512 populisni,‘

2040 4533 2094 4586 et
2121 4529 2404 4585 thronum
2431 4527 2631 4597 gloriae
2662 4526 3047 4584 hereditatem
3077 4525 3246 4584 dabit
3266 4527 3364 4583 illi.

2115 4619 2222 4674 Dat
2252 4621 2456 4674 votum
2503 4616 2750 4688 optanti,
2784 4621 2840 4672 et
2881 4616 3190 4673 benedicet
3238 4632 3432 4673 annos
3478 4616 3641 4687 justi,
3671 4617 3686 4634 '

2041 4708 2184 4779 quia
2208 4721 2325 4762 non
2356 4706 2415 4761 in
2441 4705 2668 4761 viribus
2690 4710 2897 4777 potens
2923 4711 3010 4760 est
3043 4706 3150 4760 vir.

2114 4795 2364 4850 Omnem
2391 4794 2551 4849 enim
2574 4793 2882 4849 inﬁrmum
2913 4795 2931 4814 ’
2958 4792 3095 4850 facit
3117 4791 3527 4849 adversarium
3553 4790 3682 4862 ejus

2040 4882 2326 4940 Dominus
2353 4886 2593 4939 sanctus
2616 4898 2627 4936 :

2109 4975 2238 5028 Non
2269 4969 2552 5040 glorietur
2603 4968 2840 5040 sapiens
2875 4966 2935 5023 in
2980 4965 3270 5040 sapientia
3299 4985 3427 5036 sua,
3449 4969 3464 4986 '
3490 4985 3682 5042 neque

2042 5060 2325 5130 glorietur
2353 5059 2518 5114 dives
2549 5059 2608 5113 in
2641 5058 2856 5113 divitiis
2886 5056 3032 5114 suis.

2112 5153 2309 5221 Neque
2335 5147 2615 5220 glorietur
2658 5144 2822 5202 fortis
2871 5147 2929 5201 in
2947 5143 3284 5202 fortitudine
3341 5162 3468 5210 sua,
3500 5145 3604 5201 sed
3624 5146 3684 5201 in

2042 5239 2157 5294 hoc
2188 5237 2547 5307 glorieturz’
2578 5235 2681 5308 qui
2703 5235 2988 5305 gloriatur
3036 5234 3202 5301 scire,
3252 5238 3308 5290 et
3362 5233 3684 5304 intelligere

2042 5323 2400 5394 Dominum;
2436 5325 2626 5381 facere
2653 5323 2968 5394 judicium,
3001 5326 3057 5378 et
3070 5323 3364 5395 justitiam
3391 5339 3567 5394 super
3581 5327 3685 5378 ter-

2044 5431 2194 5472 ram.

2111 5504 2400 5561 Dominus
2428 5501 2700 5561 ascendit
2729 5502 2790 5558 in
2817 5501 3017 5572 caelos,
3046 5505 3103 5558 et
3127 5503 3291 5558 tonat
3326 5518 3338 5554 :
3384 5500 3512 5570 ipse
3525 5496 3687 5566 judi-

2043 5597 2136 5651 cat
2176 5599 2442 5653 extrema
2471 5597 2658 5651 terrae.
