4076 6428
442 379 534 438 isi
1681 333 2134 416 sasvmmum
2174 337 2565 411 GOTHICUM.
3741 347 3861 404 .32

508 504 719 558 Potens
749 499 861 564 est,
887 497 946 551 et
971 493 1076 550 dat
1101 491 1378 548 virtutem
1426 485 1687 559 regibus.
1727 483 1816 539 'et
1862 479 2078 538 exaltat
2103 485 2150 540 A
2256 479 2317 538 ν.
2351 481 2419 534 Et
2447 477 2612 551 apud
2641 477 2929 534 Dominus
2958 477 3045 532 est
3071 485 3298 530 merces
3324 469 3858 529 eorum.Alleluia.

439 603 629 646 cornu
657 583 866 642 Christi
903 583 1018 638 sui.
2185 565 2452 623 Alleluia.

511 677 841 732 Reiteretur
871 669 1232 738 Antiphona.
2255 655 2432 710 Dicat
2456 654 2788 724 Presbyter.
2821 651 3110 708 Dominus
3137 649 3227 706 sit.
3251 649 3312 708 Ψ.
3354 649 3424 704 Et
3455 663 3616 704 cum.

513 763 610 817 Ad
639 754 1406 824 Benedictus.Antiphona.
1454 747 1787 807 Benedictio
1842 741 2079 801 Domini
2256 742 2614 810 Antiphone.
2643 742 2709 798 Hi
2749 745 2904 806 sunt,
2940 739 3046 812 qui
3067 742 3399 810 sequuntur
3414 751 3645 824 agnum
3690 751 3867 809 quo-

440 850 504 906 in
532 847 869 905 mercedem
894 845 1036 916 justi
1073 823 1326 898 festinat.
2187 845 2444 901 cumque
2474 830 2686 885 ierit:hi
2708 833 2849 884 sunt
2871 827 3055 900 empti
3072 843 3140 882 ex
3170 823 3860 916 hominibus-primitiae

515 913 1496 993 CanticumBenedictusesDomine
1513 920 2074 992 Deus.0uasrefol.6.
2186 918 2326 986 Deo,
2351 922 2406 973 et
2435 917 2767 987 Agno.P.Et
2790 918 2852 972 in
2871 931 2973 972 ore
3003 930 3208 970 eorum
3240 929 3362 970 non
3393 917 3484 969 est
3525 913 3867 969 inventum

511 1025 772 1082 Sono.ln
796 1005 2079 1091 conspectuAngelorumpsallamtibi,Domi-
2185 1006 2565 1062 mendacium
2591 1023 2604 1061 :
2627 1005 2912 1078 quoniam
2947 1004 3071 1060 sine
3096 1002 3334 1059 macula
3363 1005 3502 1058 sunt
3540 1002 3601 1058 in
3672 1017 3870 1058 cons-

441 1089 1162 1177 ne,Alleluia.V.Adorabo
1191 1105 1267 1160 ad
1289 1103 1577 1174 templum
1597 1099 2072 1160 sanctumtuum,
2182 1097 2354 1165 pectu
2385 1094 2481 1149 Dei
2513 1095 2622 1148 sui.
2655 1093 2715 1154 ιν.
2744 1094 2888 1149 Justi
2913 1107 3050 1149 vero
3075 1091 3135 1148 in
3155 1095 3502 1164 perpetuum
3533 1089 3766 1161 vivent,
3799 1094 3869 1147 et

444 1203 502 1256 et
550 1196 876 1254 conﬁtebor
901 1194 1131 1250 nomini
1177 1197 1298 1256 tuo,
1363 1189 1631 1246 Domine.
1680 1186 1743 1240 P.
1817 1181 2070 1239 Psallam
2182 1181 2345 1252 apud
2372 1182 2692 1237 Dominum
2713 1186 2800 1238 est
2819 1195 3048 1237 merces
3078 1179 3378 1237 eorum.P.
3420 1181 3486 1235 Et
3513 1179 3576 1234 in
3612 1194 3741 1236 ore.
3776 1179 3861 1237 1V.

443 1285 744 1430 “blattam
799 1368 1054 1426 Laudato
1109 1365 1429 1422 Dominum
1471 1363 1546 1419 de
1588 1359 1782 1424 oculis:
1805 1355 2072 1416 Alleluia.
2182 1268 2481 1414 milia:
2506 1273 2892 1430 Hitslﬁnotfequi
2945 1371 3067 1414 non
3090 1355 3556 1428 inquinaverunt
3617 1357 3872 1412 vestem

443 1461 702 1520 Laudato
730 1472 869 1514 eum
893 1457 953 1513 in
978 1454 1248 1512 excelsis.
1279 1451 1545 1510 Alleluia.
2187 1461 2362 1502 suam
2392 1463 2403 1502 :
2428 1462 2666 1502 mecum
2697 1444 3095 1502 ambulabunt
3111 1445 3169 1500 in
3184 1443 3656 1516 albis,quoniam
3675 1442 3874 1515 digni

510 1549 646 1606 Atta
674 1541 1486 1606 Lauda.Alleluia.Coniessio
1499 1540 1630 1610 ejus
1647 1533 2077 1608 supercmlum,
2189 1539 2348 1591 sunt.
2381 1534 2527 1590 P.Et
2543 1535 2906 1607 quicumque
2927 1533 3235 1602 vicerit,sic
3252 1531 3868 1589 vestietur.Alleluia.

439 1643 499 1697 et
522 1631 1538 1696 terram.Alleluia.Exaltabitcornu
1556 1625 1762 1699 populi
1791 1625 1903 1682 sui.
1934 1621 2082 1680 Alle-
2189 1626 2359 1679 Veste
2389 1623 2665 1679 candida.
2718 1623 2982 1678 Alleluia.
3015 1621 3284 1677 Alleluia.
3341 1621 3612 1676 Alleluia.
3667 1621 3733 1680 in
3793 1621 3875 1678 Et

441 1726 582 1784 luia.
613 1725 678 1784 1t.
710 1726 980 1794 Hymnus
1008 1724 1097 1778 est
1123 1718 1404 1776 omnibus
1451 1715 1676 1774 sanctis
1732 1714 1882 1783 ejus.
1939 1710 2084 1768 Alle-
2193 1709 2598 1766 clamaverunt
2619 1709 2760 1780 justi
2775 1710 2850 1764 ad
2875 1707 3863 1772 Dominum,cumtribularentur:

444 1813 599 1871 luia:
623 1812 896 1867 Psatmus
911 1824 1130 1865 cnvm.
2123 1824 2167 1879 Β
2195 1799 2269 1855 de
2292 1797 2776 1854 necesssitatibus
2815 1813 3022 1854 eorum
3054 1812 3211 1869 saepe
3235 1796 3645 1853 liberaviteos.
3677 1796 3754 1852 P.
3793 1796 3874 1854 Et

549 1899 744 1956 Lectio
772 1897 907 1954 libri
933 1895 1260 1965 Sapientia!
1279 1893 1609 1951 Salomonis
1631 1890 1807 1962 (Cap.
1857 1889 1934 1959 ι).
2195 1888 2580 1961 quicumque.
2618 1887 2680 1945 ir.
2713 1887 2927 1943 Gloria.
2961 1887 3024 1942 P.
3052 1885 3118 1941 Et
3145 1887 3534 1958 quicumque.

520 1998 590 2054 Bg.
629 1986 750 2041 Deo
780 1982 1018 2052 gratias.
2871 1975 3170 2044 Hymnus.

519 2073 822 2146 Sapientia
835 2072 1069 2142 justum
1081 2069 1326 2126 deduxit
1339 2083 1446 2140 per
1460 2067 1590 2124 vias
1605 2069 1880 2136 rectas,et
1900 2066 2090 2120 osten-
2443 2065 2598 2119 Deus
2618 2067 2982 2127 sanctorum,
3015 2061 3346 2134 psallimus,

444 2161 532 2222 dit
559 2161 639 2222 illi
676 2175 930 2231 regnum
959 2158 1081 2222 Dei,
1114 2160 1173 2218 et
1199 2156 1361 2216 dedit
1384 2155 1465 2218 illi
1490 2153 1798 2212 scientiam
1850 2153 2089 2212 Sencto-
2375 2150 2583 2209 Christi
2612 2156 2890 2207 canentes
2919 2150 3189 2222 praemia,

442 2246 971 2308 rum:honestavlt
1013 2243 1180 2300 illum
1201 2242 1265 2298 in
1319 2241 1646 2306 laboribus,
1683 2244 1742 2296 et
1771 2237 2091 2309 complevit
2375 2239 2487 2304 Qui
2502 2243 2706 2295 sancto
2730 2239 2931 2310 largus
2964 2239 3182 2310 Spiritu

441 2335 684 2392 labores
714 2334 963 2388 illius.ln
993 2331 1201 2389 fraude
1227 2328 1813 2386 circumvenientium
1830 2325 1996 2381 illum
2009 2323 2091 2381 af-
2371 2328 2774 2400 Triumphum
2809 2327 2972 2383 dedit
2993 2324 3273 2399 parvulis.

443 2422 634 2486 fuit,et
660 2422 981 2477 honestum
999 2418 1167 2474 illum
1189 2415 1684 2474 facit.Custodivit
1703 2413 1874 2469 illum
1895 2413 1972 2468 ab
1983 2411 2086 2467 ini-
2447 2417 2555 2488 57
2589 2416 2669 2471 Ex
2699 2429 2802 2472 ore
2831 2430 3075 2488 quoque
3092 2413 3412 2471 infantium

442 2509 634 2576 micis,
667 2514 726 2565 et
749 2523 786 2565 a
811 2505 1224 2564 seductoribus
1253 2506 1465 2562 tutavit
1491 2503 1686 2574 illum,
1706 2507 1763 2558 et
1787 2505 2090 2558 certamen
2371 2505 2631 2560 Perfecta
2644 2504 2819 2562 laude
2853 2504 3109 2572 Domini,

444 2597 688 2654 fortium
714 2595 876 2652 dedit
892 2594 975 2651 illi
1005 2599 1070 2650 ut
1086 2594 1367 2662 vinceret,
1398 2589 1942 2662 etsciretquoniam
1957 2603 2090 2644 om-
2369 2595 2580 2650 Totum
2609 2597 2819 2665 potens
2848 2594 2914 2651 in
2931 2591 3213 2648 omnibus

443 2686 612 2741 nium
632 2683 926 2757 potentior
953 2687 1042 2740 est
1062 2681 1370 2754 sapientia.
1401 2680 1537 2736 Haec
1557 2679 1825 2735 vinctum
1850 2678 2083 2747 justum
2369 2685 2536 2738 Artes
2557 2681 2847 2739 destruxit
2865 2680 3088 2738 Zabuli.

442 2788 564 2828 non
586 2770 916 2844 dereliquit,
949 2771 1056 2826 sed
1084 2785 1119 2826 a
1141 2768 1554 2840 peccatoribus
1570 2764 1845 2824 liberavit
1869 2764 2034 2819 illum
2068 2779 2081 2817 :
2439 2771 2549 2836 Qui
2577 2776 2841 2828 mentem
2869 2770 3024 2840 regis
3042 2769 3210 2842 impii

440 2861 746 2917 descendit
773 2875 910 2914 cum
922 2858 1064 2914 eoin
1076 2857 1396 2922 foveam,et
1424 2855 1486 2910 in
1515 2853 1765 2910 vinculis
1783 2867 1906 2909 non
1918 2851 2082 2908 dere-
2368 2859 2637 2915 Visorum
2666 2874 2853 2929 agens
2883 2858 3160 2927 stimulis,

436 2945 605 3022 liquit
623 2948 810 3012 illum,
851 2947 1043 3004 donec
1085 2946 1322 3002 afferret
1347 2944 1429 3000 illi
1461 2947 1764 3015 sceptrum
1805 2940 1992 3012 regni,
2025 2946 2084 2997 et
2369 2947 2557 3004 Deum
2585 2962 2907 3019 regemque
2928 2946 3249 3002 Dominum

437 3037 766 3110 potentiam
793 3035 1082 3092 adversus
1097 3049 1218 3098 eos,
1252 3034 1356 3105 qui
1384 3047 1522 3088 eum
1547 3028 1964 3104 deprimebant
1991 3045 2002 3084 :
2027 3033 2084 3086 et
2367 3035 2545 3092 Posse
2573 3035 2878 3107 persuasit
2905 3034 3146 3106 perimi.

435 3124 772 3225 mendaces.
788 3122 1060 3225 ostendit,
1082 3119 1188 3194 qui
1208 3120 1661 3225 maculaverunt
1679 3122 1909 3190 eum,et
1922 3117 2086 3175 dedit
2121 3167 2162 3225 Ο
2368 3212 2408 3225 ﬁ
2439 3123 2607 3225 Magi.
2629 3127 2961 3225 sequuntur
2979 3122 3248 3225 indicem

437 3211 519 3269 illi
550 3211 878 3268 claritatem
904 3215 1215 3277 aeternum,
1248 3221 1313 3278 Et.
1354 3209 1562 3264 Amen.
2123 3209 2162 3225 ν’
2367 3211 2643 3268 Ducentis
2667 3212 2879 3268 faciem
2905 3211 3140 3280 sideris.

507 3299 898 3370 Hymnustte
920 3298 1140 3355 electus
1179 3297 1498 3352 Iohannes.
1542 3296 1746 3363 Quaere
1780 3309 1966 3366 supra
2019 3296 2083 3350 in
2365 3301 2506 3367 Quae
2543 3304 2677 3357 ortu
2708 3300 2802 3356 sui
2821 3299 3072 3356 luminis

447 3385 612 3457 Vesp.
651 3387 764 3457 fol.
785 3385 876 3443 54.
906 3385 1299 3456 Supplicatz'o,
1332 3389 1398 3440 ut
1419 3397 1627 3454 supra.
2367 3391 2600 3445 Eterno
2631 3387 2878 3446 serviret
2904 3388 3054 3460 regi.

506 3475 796 3549 Capitula.
835 3473 1102 3531 Christus
1133 3472 1236 3529 Dei
1268 3472 1459 3541 Filius,
1492 3469 1597 3544 qui
1619 3473 1674 3528 te
1694 3469 2080 3544 principium,
2436 3477 2697 3534 Herodes
2719 3482 2930 3536 natum
2958 3475 3170 3536 metuit

437 3563 600 3636 quod
632 3563 762 3634 ipse
783 3579 867 3627 es,
899 3562 961 3617 in
991 3576 1092 3618 ore
1120 3564 1238 3618 ate
1262 3557 1458 3616 dilecti
1482 3557 1756 3632 discipuli
1789 3561 1871 3617 ita
1893 3558 2080 3616 conﬁ-
2366 3566 2585 3636 Regem
2603 3566 2822 3622 Judagaa
2842 3565 3132 3632 debitum,

438 3652 548 3709 teri
579 3651 814 3718 dedisti,
838 3654 906 3707 ut
932 3650 1070 3706 illuc
1089 3665 1192 3706 cor
1215 3649 1344 3720 ejus
1359 3645 1854 3721 ascenderet,quo
1879 3647 2082 3704 nullus
2365 3655 2430 3712 In
2459 3669 2582 3725 qua
2607 3658 2886 3711 externus
2916 3668 3128 3723 genere

434 3737 588 3796 alius
609 3735 932 3805 valuisset,
957 3737 1050 3795 fac
1078 3753 1190 3794 nos
1210 3735 1295 3794 tui
1315 3737 1578 3794 muneris
1606 3740 1798 3810 gratia
1809 3753 1912 3793 cor
1929 3751 2082 3794 sem-
2368 3741 2612 3798 Succedi
2642 3741 2889 3798 timebat
2929 3741 3062 3797 sibi.

432 3843 540 3902 per
567 3829 629 3884 in
652 3828 924 3900 supernis
952 3827 1172 3884 habere
1196 3844 1208 3883 :
1232 3827 1535 3893 ut,exinde
1557 3827 1862 3899 capientes
1872 3826 2084 3883 verita-
2430 3830 2474 3888 E
2499 3831 2656 3888 dicto
2677 3829 2809 3886 omli
2840 3829 3053 3902 posito,

433 3915 506 3972 tis
535 3915 898 3974 omnimodae
937 3914 1344 3987 disciplinam,
1376 3917 1543 3988 quod
1575 3913 1672 3972 hic
1687 3913 1941 3988 professi
1956 3914 2081 3972 fue-
2363 3918 2549 3988 Magis
2577 3919 2638 3975 in
2660 3922 2880 3976 terram
2909 3916 3146 3974 territus

431 4006 620 4061 rimus
649 4021 720 4061 ex
745 4021 863 4074 ore,
889 4005 1088 4060 futuro
1113 4019 1556 4076 consequamur
1584 4004 1648 4060 in
1677 4018 1944 4062 munere.
2363 4007 2559 4065 Totius
2579 4023 2831 4066 causam
2865 4006 3064 4063 saaculi

499 4094 671 4150 Pater
701 4097 922 4150 noster.
953 4091 1206 4150 Liberati
1237 4107 1274 4150 a
1310 4092 1495 4149 malo.
1528 4092 1639 4161 fot.
1690 4093 1744 4145 2.
2363 4097 2566 4154 Caicus
2590 4096 2824 4166 ignorat
2851 4095 3146 4154 ambiens.

497 4183 725 4238 Lauda.
759 4181 1188 4238 Germinabunt
1211 4196 1349 4238 ossa
1369 4181 1862 4239 tua.Benedictio.
1881 4180 2072 4238 Chris-
2434 4184 2758 4256 Verbisque
2794 4185 2954 4242 mitis
2985 4184 3248 4256 primum

428 4271 524 4326 tus
551 4267 856 4336 Dominus,
895 4268 1000 4342 qui
1024 4269 1324 4327 dilectum.
1367 4269 1486 4340 fol.
1527 4270 1613 4326 54.
2363 4271 2632 4328 Gaudere
2653 4288 2783 4330 sese
2820 4272 3085 4343 simulat,

499 4361 563 4412 ln
585 4357 827 4414 nomine
856 4357 1108 4414 Domini.
2360 4359 2764 4418 Adoraturum
2805 4360 3093 4432 pollicens

435 4445 503 4501 ιη
559 4447 922 4504 ALLlSlONE
975 4443 1592 4545 §IVE
1658 4443 2076 4503 SANCTOBUM
2101 4483 2149 4545 Β
2360 4450 2577 4545 Natum
2601 4449 2851 4520 regressi
2881 4454 2945 4545 ut
2965 4447 3284 4545 prodeunt.

973 4533 1478 4592 lNNOCENTIUM.
2101 4533 2145 4545 "
2427 4535 2540 4592 Sed
2570 4538 3016 4609 postquamDeo
3046 4537 3277 4601 moniti,

1022 4622 1110 4679 Ad
1154 4619 1448 4693 Vesperos.
2355 4623 2516 4681 Dolis
2539 4629 2691 4682 terra
2720 4626 2962 4685 evanuit
2991 4644 3005 4682 :

495 4712 724 4770 Lauda.
766 4713 1044 4768 Exortum
1089 4715 1178 4768 est
1219 4711 1281 4767 in
1323 4708 1584 4766 tenebris
1633 4708 1838 4765 lumen
1895 4710 2070 4766 rectis
2358 4715 2623 4770 lmmane
2650 4718 2832 4770 tentat
2860 4711 3112 4782 facinus,

425 4803 638 4858 corde:
673 4801 1023 4868 misericors,
1061 4805 1117 4858 et
1145 4800 1456 4856 miserator
1499 4799 1808 4854 Dominus.
1853 4799 1920 4861 π.
1972 4799 2075 4858 Di-
2359 4801 2594 4858 Cunctis
2618 4802 2891 4872 ignotum
2923 4801 3176 4860 saeculis.

423 4893 645 4945 rectam
674 4889 807 4945 fecit
833 4891 994 4946 viam
1020 4890 1406 4961 justorum,et
1421 4887 1784 4961 praeparavit
1802 4886 1911 4944 iter
1931 4902 2064 4944 san-
2429 4890 2725 4948 Christum
2753 4889 3089 4948 Bethlehem
3125 4889 3398 4949 audierat

424 4981 680 5035 ciorum.
703 4981 759 5033 P.
793 4978 1134 5035 Misericors.
2357 4977 2568 5033 Divino
2599 4975 2763 5035 nasci
2790 4979 3050 5050 oraculo,

491 5066 664 5123 Dicat
694 5069 1021 5138 Presbyter.
1049 5065 1338 5122 Dominus
1371 5061 1451 5123 sit
1476 5063 1801 5136 semperJi’.
1821 5066 1887 5120 Et
1905 5079 2066 5122 cum.
2358 5063 2528 5118 Urbis
2553 5063 2758 5119 audito
2789 5063 3052 5131 nomine,

491 5156 646 5213 Sono
672 5157 982 5212 Justorum
1009 5155 1225 5210 animas
1250 5154 1311 5209 in
1339 5167 1527 5210 manu
1547 5151 1649 5208 Dei
1669 5155 1826 5222 sunt,
1857 5157 1915 5209 et
1943 5170 2069 5212 non
2353 5149 2604 5207 Parente
2629 5167 2751 5223 quo
2781 5151 3039 5206 nascitur
3062 5151 3324 5207 nescius.

419 5245 623 5316 tanget
647 5244 780 5300 illos
818 5247 1184 5300 tormentum
1232 5241 1460 5298 mortis.
1504 5240 1771 5297 Alleluia.
1823 5240 1886 5303 ἡ.
1947 5243 2065 5299 Visi
2441 5240 2745 5296 Nascentis
2771 5245 3006 5312 tempus
3044 5243 3426 5313 computans,

420 5338 555 5388 sunt
582 5331 640 5389 in
667 5331 855 5388 oculis
880 5328 1290 5400 insipientium
1312 5329 1483 5395 mori,
1512 5329 1802 5386 aestimata
1814 5336 1900 5387 est
1939 5345 2064 5388 ma—
2355 5323 2512 5384 infra
2531 5329 2826 5384 bimatum
2850 5344 3090 5400 pueros,

416 5417 1096 5477 litiaexitusillorumdlli
1124 5422 1321 5472 autem
1351 5422 1486 5472 sunt
1517 5419 1575 5472 in
1607 5418 2051 5489 pace.Allelula.
2353 5415 2601 5473 Matrum
2625 5423 2828 5489 raptos
2857 5419 2934 5473 ab
2965 5417 3267 5488 uberibus,

489 5511 666 5565 Dicat
691 5503 1317 5573 Presbyter-Dominus
1344 5505 1415 5560 sit
1445 5519 1699 5579 semper.
1719 5505 1783 5569 ἡ.
1816 5507 2059 5564 Etcum.
2352 5509 2570 5562 Necare
2591 5506 2761 5577 jubet
2799 5506 3043 5578 impius.

489 5597 670 5653 Sono.
692 5590 961 5650 Alleluia.
991 5593 1140 5650 Iusti
1164 5593 1226 5651 in
1253 5593 1618 5665 perpetuum.
2459 5597 2617 5660 Quos
2643 5599 2819 5652 testes
2849 5593 2959 5651 sibi
2989 5594 3275 5652 Dominus
