4076 6436
188 323 257 380 133
1416 342 1488 398 IN
1526 338 1748 399 Βεετο
1786 339 1876 398 ss

2000 338 2448 406 lNOCENTlUM.

326 456 516 514 Certo
552 474 900 531 passurus
930 465 1204 536 tempore,

334 545 494 602 Pius
527 550 944 624 Redemptor
969 556 1237 611 omnium

351 636 568 692 Laude
597 642 886 697 sacravit
910 644 1219 714 perpetim,

440 726 683 784 Dblatis
713 733 980 786 Matrum
1004 732 1257 798 fletibus,

382 817 730 872 Dstendens
755 821 881 874 seri
904 819 1256 891 lachrymis,

383 905 470 958 Ad
491 905 770 962 futuram
806 908 1063 977 gloriam

390 996 572 1050 Certis
607 1001 872 1052 metetur
900 997 1158 1065 gaudiis.

466 1086 763 1139 Memento
797 1086 1010 1140 salutis
1029 1087 1268 1153 Auctor,

390 1173 564 1236 Quod
592 1174 785 1229 nostri
805 1174 1121 1246 quondam
1150 1176 1415 1246 corporis

397 1269 483 1322 Ex
519 1261 757 1318 illibata
787 1263 1029 1332 Virgine

385 1353 707 1412 Nascendo
735 1352 999 1407 formam
1027 1351 1377 1423 sumpseris.

466 1442 666 1500 Gloria
695 1440 821 1509 tibi,
859 1439 1129 1504 Domine,

387 1532 500 1597 Qui
536 1535 718 1586 natus
740 1543 803 1584 es
823 1528 900 1583 de
922 1529 1172 1598 Virgine,
1199 1533 1311 1586 etc.

268 1620 684 1692 Supplicatio.
705 1619 958 1673 Oremus
980 1617 1432 1688 Redemptorem
1449 1615 1659 1672 mundi
1685 1617 1885 1674 Domi.

195 1726 341 1765 num
354 1715 639 1765 nostrum
653 1708 850 1761 Jesum
871 1706 1188 1773 Christum,
1215 1721 1353 1760 cum
1380 1706 1546 1760 omni
1585 1705 1878 1777 supplica-

3531 361 3636 422 134

1920 481 1967 534 Α
2067 466 2500 527 Oratio.Redde
2510 472 2685 528 nobis
2703 473 2946 531 aetitiam
2958 436 3231 536 salutaris
3245 482 3350 548 tui,
3363 484 3636 544 Domine:

1993 569 2181 625 quam
2203 558 2516 614 amisimus
2537 561 2737 632 inique
2760 564 3040 633 gerendo,
3070 566 3184 638 58
3199 573 3642 641 etpreetermisi-

1993 657 2129 696 mus
2142 645 2501 714 negligendo
2523 668 2533 706 :
2559 653 2620 704 tu
2631 665 2740 706 nos
2753 651 2830 706 ad
2841 667 2976 707 eam
2987 667 3220 718 revoca,
3236 661 3292 712 et
3307 673 3441 714 eam
3464 662 3640 718 nobis

1991 736 2260 788 restaura
2285 749 2297 786 :
2331 740 2395 789 ut
2416 740 2659 805 peccato
2689 738 2960 809 expulso,
2982 743 3264 800 succedat
3281 745 3512 814 justitia
3541 766 3555 814 ;
3585 754 3641 804 et

1993 820 2274 876 maestitia
2299 823 2557 893 repulsa,
2594 830 2814 881 aeterna
2846 827 3001 883 adsit
3028 829 3230 886 laetitia
3258 850 3276 901 ;
3304 832 3385 889 da
3408 849 3641 904 quasu-

1989 920 2148 973 mus,
2197 907 2354 964 hanc
2375 911 2824 981 jocunditatem,
2855 921 2919 970 ut
2967 919 3273 987 pervenire
3299 936 3638 980 mereamur

1987 992 2066 1047 ad
2089 997 2374 1051 aeternam
2401 999 2674 1055 salutem.
2705 1013 2767 1068 8;.
2791 1005 2998 1058 Amen.

2058 1082 2166 1135 Per
2188 1083 2660 1143 misericordiam
2699 1094 2885 1147 tuam.

2054 1172 2420 1238 Antiphona.
2460 1175 2636 1231 Sinite
2668 1178 2928 1236 Infantes
2973 1181 3173 1238 venire
3198 1183 3278 1239 ad
3301 1199 3398 1240 me
3432 1203 3445 1252 ;
3479 1187 3539 1240 P.
3574 1190 3641 1243 Et

1984 1257 2164 1312 nolite
2183 1260 2499 1328 prohibere
2520 1279 2623 1319 eos
2653 1282 2666 1319 :
2691 1266 2899 1322 talium
2927 1273 3014 1324 est
3033 1271 3194 1326 enim
3227 1286 3439 1342 regum
3467 1275 3641 1331 ccelo-

1985 1360 2120 1400 rum
2150 1346 2211 1405 if.
2235 1349 2507 1405 Accedite
2533 1352 2612 1406 ad
2639 1353 2847 1420 Deum,
2875 1362 2931 1410 et
2951 1356 3370 1416 illuminamini
3393 1378 3406 1416 :
3432 1366 3489 1418 et
3512 1363 3638 1418 vul-

1987 1436 2083 1487 tus
2105 1436 2284 1489 vestri
2328 1452 2448 1491 non
2475 1439 2852 1496 erubescant.
2892 1443 2954 1497 P.
2988 1447 3051 1498 Et
3077 1446 3261 1502 nolite
3298 1449 3636 1518 prohibere.

1987 1520 2049 1580 ἡ.
2076 1520 2292 1587 Gloria,
2316 1528 2371 1579 et
2392 1525 2586 1581 honor
2616 1531 2728 1583 etc.
2755 1530 2817 1584 P.
2843 1532 2911 1584 Et
2928 1531 3128 1588 nolite.

2064 1610 2288 1665 Oratio.
2318 1613 2563 1680 Christe,
2583 1615 2685 1669 Dei
2727 1616 2922 1683 Filius,
2941 1620 3044 1690 qui
3062 1622 3342 1691 parvulos
3359 1623 3437 1680 ad
3455 1626 3508 1679 te
3521 1639 3640 1680 cte-

1990 1696 2152 1752 lestis
2186 1699 2511 1767 magisterii
2538 1701 2808 1760 doctrina
2831 1705 3045 1762 invitas
3073 1726 3090 1777 ;
3125 1707 3221 1764 fac
3245 1724 3358 1766 nos
3406 1727 3642 1783 semper

198 1801 364 1854 tione
378 1814 704 1868 rogemus;
728 1801 790 1851 ut
806 1811 917 1850 nos
931 1811 1030 1866 per
1061 1795 1316 1864 gratiam
1334 1795 1653 1850 nativitatis
1676 1797 1806 1865 ejus
1827 1800 1881 1852 et
1911 1821 1954 1876 Β
1991 1800 2118 1839 esse
2149 1786 2380 1876 [Palma
2407 1791 2709 1858 ΡᾶΓνυῙοεν
2745 1797 2800 1848 et
2828 1795 3254 1852 mandatorum
3280 1801 3518 1856 tuorum
3538 1801 3643 1856 ob-

195 1886 832 1959 perintercessionem
849 1885 1200 1940 Sanctorum
1217 1883 1624 1938 Innocentium
1664 1898 1879 1955 parvu-

197 1978 404 2032 lorum
435 1981 781 2046 martyrum
813 1972 991 2028 nobis
1011 1971 1260 2027 salutem
1275 1971 1492 2027 anima:
1511 1977 1567 2027 et
1587 1973 1875 2043 corporis,

199 2070 258 2120 et
273 2063 716 2119 remissionem
756 2065 1138 2132 peccatorum
1168 2065 1448 2130 etpacem
1469 2060 1762 2133 propitius
1785 2061 1881 2116 tri-

198 2153 394 2209 buere
420 2153 725 2222 dignetur.
746 2161 808 2219 Βε.
825 2153 1288 2213 Prmsta,mterne
1305 2149 1684 2219 omnipotens
1705 2153 1875 2206 Deus.

272 2242 457 2314 Hyrie
497 2241 749 2296 eleison.
793 2249 854 2308 ﬁ.
881 2237 1107 2293 Christe
1143 2236 1386 2293 eleison.
1429 2238 1603 2308 Kyrie
1634 2238 1879 2296 eleison.

273 2329 586 2401 Capitula.
610 2326 1267 2397 Christe,inenarrabile
1297 2326 1502 2382 lumen
1529 2328 1760 2396 mundi,
1779 2328 1883 2400 qui

197 2420 401 2476 adhuc
417 2420 477 2474 in
492 2418 642 2490 ipsis
654 2415 971 2472 cunabulis
983 2415 1627 2483 constitutus,nondum
1639 2416 1881 2473 effectus

197 2515 462 2579 martyr,
479 2504 760 2576 martyrii
772 2505 978 2576 palma
999 2508 1264 2559 catervas
1279 2504 1598 2559 lnfantium
1615 2505 1882 2562 dedicas-

201 2597 273 2654 ti:
295 2597 427 2668 qui,
474 2611 589 2650 nec
626 2594 776 2649 dum
801 2592 965 2664 loqui
1000 2591 1286 2657 valentes,
1320 2591 1432 2646 sub
1463 2607 1747 2649 mucrone
1777 2609 1882 2650 ste-

205 2685 456 2740 vientim
477 2682 686 2738 varios
706 2680 893 2737 fecisti
907 2681 1170 2750 mugitus
1189 2680 1741 2752 emitterezquorum
1753 2682 1877 2737 ani-

209 2789 342 2828 mas
359 2773 439 2828 de
462 2771 690 2826 abditis
721 2770 1114 2836 infernarum,
1141 2773 1192 2824 te
1216 2773 1544 2839 spontanee
1571 2785 1674 2838 pro
1702 2770 1877 2825 nobis

209 2861 498 2916 omnibus
523 2858 838 2926 moriente,
863 2856 1125 2912 maluisti
1145 2856 1403 2927 eripere;
1430 2856 1661 2926 inspira
1677 2856 1779 2921 eis,
1804 2857 1876 2912 si-

206 2965 277 3006 ne
291 2947 747 3006 intermissione
764 2962 935 3002 orare
948 2961 1057 3018 pro
1077 2945 1372 3017 parvulis:
1392 2949 1472 3010 ut,
1497 2945 1602 3017 qui
1621 2946 1875 3017 propriis

209 3053 327 3094 non
338 3038 664 3094 valeamus
679 3035 1219 3108 supplicationibus
1232 3034 1546 3090 emundari
1561 3050 1595 3090 a
1609 3035 1876 3106 crimine,

210 3143 438 3197 eorum,
486 3127 594 3199 qui
645 3132 717 3190 te,
757 3139 1136 3197 quocumque
1165 3123 1322 3188 ieris,
1347 3138 1483 3180 cum
1516 3124 1781 3195 hymnis,
1821 3129 1879 3182 et

213 3217 457 3272 canticis
487 3216 923 3286 adsequentur,
946 3219 1002 3270 et
1021 3213 1117 3269 hic
1137 3214 1275 3270 etin
1305 3216 1593 3269 aeternum
1615 3212 1877 3285 postula-

213 3305 472 3361 tionibus
503 3304 842 3360 abluamur.

280 3395 454 3452 Pater
478 3400 705 3450 noster.
742 3391 995 3448 Liberati
1023 3407 1059 3448 a
1085 3389 1265 3449 malo.
1291 3392 1545 3463 Require
1560 3392 1673 3461 fol.
1697 3395 1750 3449 ἢ.

277 3484 598 3541 Humiliate
629 3499 738 3539 vos
787 3482 1208 3538 benedictioni.

277 3573 562 3630 Dominus
576 3573 650 3628 sit
662 3588 886 3644 semper
895 3571 1201 3627 vobiscum
1212 3581 1294 3640 .Bp.
1305 3572 1370 3626 Et
1382 3585 1512 3625 cum
1525 3570 1728 3641 spiritu
1746 3573 1870 3626 tuo.

275 3662 654 3719 Benedictio.
683 3660 1034 3730 Unigenitus
1062 3659 1164 3714 Dei
1190 3659 1368 3726 ﬁlius,
1395 3674 1517 3730 quo
1539 3663 1792 3714 nacente
1811 3658 1873 3712 in

213 3752 389 3816 terris,
424 3749 912 3805 Bethlehemitica
940 3763 1082 3804 rura
1111 3747 1444 3802 occisorum
1467 3761 1577 3816 pro
1599 3762 1661 3802 se
1684 3746 1875 3801 infan-

217 3839 349 3894 tium
377 3854 596 3894 cruore
625 3837 844 3893 infecta
867 3842 1023 3906 sunt,
1050 3836 1152 3892 det
1170 3835 1347 3890 nobis
1375 3834 1600 3889 habere
1633 3849 1875 3905 semper

216 3941 312 3998 pro
335 3945 397 3983 se
411 3926 683 4000 optabile
700 3931 905 3982 votum
917 3967 931 3994 ,
949 3930 1004 3981 et
1017 3923 1512 3981 remunerationis
1525 3921 1710 3993 parile
1729 3938 1875 3993 prae-

217 4018 416 4072 mium.
453 4029 520 4086 Rt.
549 4017 759 4072 Amen.
794 4017 1027 4087 Quique
1048 4014 1178 4069 illos
1198 4027 1321 4068 non
1351 4028 1425 4068 ex
1453 4015 1642 4075 aetate,
1674 4011 1774 4066 sed
1799 4011 1874 4067 de

217 4107 499 4175 sanguine
537 4105 790 4160 victores
811 4103 1022 4169 effecit,
1051 4102 1177 4174 ipse
1206 4115 1317 4156 nos
1349 4099 1718 4155 confessores
1748 4098 1874 4154 efﬁ-

217 4195 321 4250 ciat
342 4195 614 4251 criminis
636 4193 844 4249 nostri.
873 4205 934 4258 Βί.
953 4193 1241 4250 Amen.Ut
1260 4206 1399 4246 cum
1426 4190 1514 4244 his
1541 4203 1799 4261 quorum
1821 4193 1876 4244 et

216 4297 317 4340 vox
335 4283 656 4353 sanguinis
668 4283 748 4338 ad
763 4283 950 4338 Deum
965 4281 1186 4338 clamat
1205 4280 1280 4335 de
1299 4283 1469 4349 terra,
1489 4292 1875 4333 remuneran-

215 4372 286 4428 da
300 4373 675 4446 quandoque
692 4370 1045 4428 admittatur
1061 4385 1096 4427 a
1112 4369 1340 4427 Christo
1357 4365 1652 4424 confessio
1669 4370 1876 4423 nostra

216 4476 259 4514 ll.
286 4465 480 4518 Amen

276 4552 387 4608 Per
407 4549 913 4607 misericordiam.

275 4643 516 4700 Lauda.
545 4639 860 4697 Candidati
884 4642 1024 4693 sunt
1054 4635 1306 4692 nazaraei
1337 4635 1441 4698 tui,
1483 4633 1642 4698 Sion,
1692 4646 1874 4703 supra

215 4733 408 4790 nivem
439 4750 451 4788 :
488 4730 552 4785 P.
585 4727 929 4801 Comparati
961 4725 1204 4798 sapbiro
1243 4722 1611 4795 pulchriores
1648 4721 1874 4776 inventi

215 4828 363 4889 sunt,
397 4819 821 4891 dederuntque
842 4814 1096 4886 gloriam
1121 4813 1263 4869 Deo.
1301 4809 1565 4867 Alleluia.
1598 4810 1641 4869 ιγ
1659 4857 1666 4867 .
1701 4811 1876 4864 Acce-

213 4905 320 4963 dite
343 4907 425 4963 ad
442 4907 656 4967 Deum,
683 4910 740 4959 et
761 4901 1188 4958 illuminamini
1212 4920 1224 4970 ;
1255 4900 1524 4956 etvultus
1553 4897 1724 4953 vestri
1754 4913 1875 4953 non

215 4998 582 5052 erubescent.
648 4993 710 5047 P.
776 4991 1117 5062 Comparati
1173 4989 1414 5060 saphiro
1481 4985 1872 5059 pulchriores.

215 5087 268 5144 i’.
292 5087 509 5151 Gloria,
534 5090 592 5141 et
607 5083 806 5139 honor
827 5079 1009 5146 Patri,
1039 5083 1095 5135 et
1113 5078 1258 5142 ﬁlio,
1285 5079 1342 5133 et
1367 5073 1606 5149 Spiritui
1635 5077 1871 5132 Sancto.

214 5177 282 5231 P.
313 5173 662 5247 Comparati
679 5169 927 5243 saphiro
953 5167 1342 5240 pulchriores.

279 5268 506 5323 Oratio.
531 5263 783 5323 Christe,
813 5258 918 5314 Dei
941 5257 1124 5327 ﬁlius,
1148 5257 1253 5328 qui
1275 5253 1560 5327 parvulos
1589 5251 1670 5309 ad
1691 5255 1746 5308 te
1762 5267 1877 5309 ece-

218 5353 388 5413 lestis.
417 5352 860 5425 Requirein/ra
879 5347 946 5403 in
967 5343 1284 5402 Matutim's
1309 5344 1476 5400 istius
1499 5342 1661 5411 festi.

281 5445 372 5500 Ad
385 5444 781 5502 Matutinum.
803 5434 1172 5507 Antiphonti.
1195 5433 1283 5490 Da
1300 5432 1476 5489 nobis
1499 5429 1766 5489 laetitiam
1787 5445 1877 5486 sa-

222 5530 410 5590 lutaris
430 5535 513 5591 tui
537 5537 630 5590 :et
657 5528 877 5603 spiritu
896 5521 1216 5597 principali
1238 5521 1532 5586 conﬁrma
1543 5517 1877 5591 nos,Domi-

223 5636 305 5680 ne.
331 5626 601 5683 Psalmus
627 5641 681 5678 ιι.

1988 1874 2317 1958 servatione
2338 1877 2628 1947 perfectos
2649 1896 2662 1945 ;
2686 1884 2742 1935 et
2763 1882 2865 1951 qui
2892 1882 3098 1939 talium
3117 1899 3244 1940 esse
3257 1900 3510 1958 regnum
3527 1905 3642 1945 cce-

1985 1942 2180 2018 lorum
2231 1942 2605 2034 pronuntias,
2649 1942 2919 2025 nos-illis
2966 1988 3119 2042 quos
3156 1942 3359 2031 bono;
3381 1942 3639 2049 apud-tte

1986 2052 2362 2121 comprobes,
2402 2054 2526 2110 sine
2551 2056 2669 2111 ﬁne
2699 2058 3051 2129 conjungas.
3085 2072 3147 2130 Br.
3177 2065 3367 2119 Amen

2061 2139 2170 2194 Per
2193 2142 2664 2202 misericordiam
2689 2151 2878 2202 tuam.

2060 2229 2415 2297 Antiphona.
2468 2231 2688 2288 Vocem
2743 2235 3054 2304 sanguinis
3100 2237 3179 2293 ad
3224 2241 3280 2294 te
3305 2239 3637 2298 clamantis.

1991 2315 2054 2370 P.
2088 2317 2259 2383 Audi,
2285 2319 2532 2375 Domine
2560 2337 2572 2374 :
2607 2337 2942 2379 memorare
2970 2324 3391 2382 invictissimas
3421 2332 3642 2384 mortes

1991 2404 2401 2462 Innocentium
2453 2410 2849 2480 parvulorum
2879 2416 3139 2468 tuorum.
3170 2415 3233 2475 ἵ.
3297 2415 3644 2473 Effuderunt

1991 2495 2346 2563 sanguinem
2372 2496 2753 2554 innocentem
2779 2500 2842 2555 in
2879 2500 3131 2557 circuitu
3159 2502 3544 2569 Hierusalem,
3588 2507 3644 2560 et

1987 2597 2110 2638 non
2131 2589 2256 2640 erat
2282 2586 2387 2656 qui
2412 2587 2701 2657 sepeliret.
2734 2589 2797 2642 P.
2829 2590 2999 2655 Audi,
3019 2590 3287 2657 Domine,
3307 2607 3645 2650 memorare

1991 2668 2050 2728 llr.
2095 2670 2294 2728 Gloria
2338 2678 2394 2729 et
2444 2674 2637 2732 honor
2681 2676 2856 2742 Patri,
2909 2683 3019 2734 etc.
3070 2679 3134 2734 P.
3170 2681 3344 2752 Audi,
3387 2681 3642 2738 Domine

1987 2773 2342 2818 memorare.

2060 2848 2279 2902 Oratio.
2304 2851 2646 2919 Memorare,
2668 2852 2934 2918 Domine,
2953 2853 3481 2909 invictissimorum
3501 2871 3634 2926 par-

1985 2935 2254 2991 vulorum
2285 2942 2522 2992 tuorum
2574 2954 2684 3008 pro
2716 2943 2823 2994 tuo
2875 2941 3119 2996 nomine
3162 2945 3502 2998 occisorum
3533 2985 3546 3009 ,
3581 2948 3639 3000 et

1985 3027 2222 3096 praesta,
2253 3029 2313 3081 ut
2329 3040 2539 3080 vocem
2564 3028 2874 3097 sanguinis
2901 3043 3108 3084 eorum
3140 3045 3249 3101 pro
3279 3030 3454 3086 nobis
3479 3032 3560 3088 ad
3579 3035 3638 3088 te

1985 3113 2360 3185 clamantem,
2394 3115 2478 3170 sic
2502 3115 2820 3171 clementer
2848 3118 3135 3175 exaudias
3165 3135 3184 3185 ;
3218 3122 3281 3175 ut
3294 3118 3471 3175 nobis
3502 3133 3634 3177 om-

1979 3201 2160 3258 nibus
2186 3207 2431 3274 peccata
2459 3202 2741 3260 dimittas.
2774 3216 2839 3275 Β).
2870 3207 3076 3261 Amen.

2053 3291 2163 3346 Per
2190 3291 2682 3348 misericordiam.

2052 3380 2405 3450 Antiphona.
2439 3380 2741 3451 Sapientia
2769 3382 3001 3452 aperuit
3027 3396 3096 3438 os
3119 3385 3444 3448 mutorum,
3474 3383 3540 3442 P.
3567 3385 3633 3440 Et

1981 3467 2220 3536 linguas
2237 3467 2554 3524 infantium
2582 3467 2720 3523 fecit
2737 3468 3004 3526 disertas.
3032 3469 3095 3529 il.
3125 3469 3489 3526 invocabant
3517 3471 3633 3528 Do-

1982 3556 2236 3624 minum,
2267 3560 2322 3611 et
2342 3557 2506 3627 ispse
2529 3556 2889 3613 exaudiebat
2910 3573 3012 3614 eos
3036 3574 3049 3613 :
3072 3558 3133 3614 in
3155 3558 3435 3615 columna
3454 3559 3634 3615 nubis

1981 3642 2341 3715 loquebatur
2365 3644 2442 3699 ad
2469 3659 2589 3700 eos.
2620 3645 2677 3698 P.
2700 3645 3015 3715 Etlinguas
3046 3644 3383 3703 infantium.
3415 3647 3477 3708 ὴ.
3503 3647 3634 3703 Glo-

1983 3733 2086 3797 ria,
2119 3738 2173 3788 et
2208 3734 2400 3788 honor
2443 3733 2618 3799 Patri,
2651 3739 2762 3791 etc.
2797 3736 2868 3789 P.
2911 3737 2978 3790 Et
3003 3734 3244 3804 linguas
3291 3736 3630 3791 infantium.

2058 3822 2283 3877 Oratio.
2317 3820 2471 3876 Vera
2499 3821 2598 3876 Dei
2638 3823 2940 3894 Sapientia
2979 3823 3184 3890 Patris,
3212 3823 3317 3896 qui
3344 3840 3413 3879 os
3441 3827 3635 3880 muto-

1983 3924 2117 3964 rum
2139 3910 2354 3980 aperis,
2375 3914 2430 3964 et
2451 3908 2687 3978 linguas
2711 3910 3031 3966 infantium
3052 3911 3306 3968 disertas
3321 3911 3504 3967 efﬁcis
3523 3929 3537 3980 ;
3556 3910 3637 3968 da

1984 4006 2050 4062 in
2074 4021 2176 4061 ore
2203 4011 2410 4062 nostro
2433 4007 2755 4077 perfectam
2777 4007 2925 4076 legis
2949 4011 3064 4062 tute
3095 4008 3426 4065 custodiam
3453 4027 3466 4068 :
3493 4011 3638 4078 ut,te

1984 4095 2370 4150 immaculato
2416 4096 2593 4150 corde
2637 4099 2973 4166 sequentes,
3002 4096 3149 4151 illud
3187 4109 3422 4168 semper
3459 4096 3636 4151 labiis

1984 4183 2398 4256 prmdicemus,
2429 4188 2484 4238 et
2512 4198 2692 4254 opere
2721 4183 3081 4254 impleamus
3112 4199 3123 4239 :
3150 4184 3310 4240 unde
3336 4188 3411 4248 te,
3437 4184 3535 4255 qui
3571 4198 3636 4239 es

1981 4289 2124 4328 vera
2149 4272 2458 4343 sapientia,
2487 4272 2613 4327 sine
2641 4272 2760 4326 ﬁne
2779 4272 3115 4328 laudemus.
3169 4283 3231 4342 Π.
3261 4276 3473 4329 Amen.

2048 4362 2158 4417 Per
2186 4361 2657 4417 misericordiam
2687 4367 2855 4418 tuam

2056 4463 2124 4522 Bg.
2155 4451 2397 4515 Hisunt,
2422 4450 2524 4522 qui
2548 4466 2670 4507 non
2703 4451 3164 4522 inquinaverunt
3182 4453 3410 4508 vestem
3436 4466 3630 4524 suam,

1905 4520 1952 4587 Β
1983 4540 2044 4595 Ρ.
2079 4520 2215 4594 Cum
2263 4520 2505 4595 Domino
2543 4520 3005 4596 ambulaverunt
3046 4540 3110 4595 in
3152 4539 3315 4606 albis,
3344 4542 3636 4612 quoniam

1985 4627 2150 4697 digni
2167 4631 2305 4683 sunt
2329 4644 2340 4680 :
2366 4631 2421 4682 et
2441 4627 2808 4698 quicumque
2829 4627 3053 4694 vicerit,
3086 4627 3168 4682 sic
3189 4629 3468 4684 vestietur
3489 4644 3636 4685 can-

1984 4716 2128 4773 dida
2151 4722 2332 4772 veste.
2355 4715 2417 4775 V.
2448 4719 2788 4787 Sequuntur
2811 4729 3058 4784 agnum,
3087 4716 3633 4788 quocumqueierit,

1987 4811 2043 4862 et
2073 4805 2133 4860 in
2161 4820 2261 4861 ore
2286 4820 2484 4859 eorum
2513 4818 2634 4858 non
2661 4808 2748 4860 est
2773 4803 3082 4858 inventum
3120 4804 3525 4859 mendacium.
3567 4804 3635 4858 P.

1987 4896 2134 4949 Cum
2159 4892 2415 4948 Domino
2440 4891 2913 4947 ambulaverunt.
2937 4891 2997 4951 Ψ.
3028 4890 3225 4947 Gloria
3243 4895 3300 4948 et
3317 4891 3510 4948 honor
3533 4891 3638 4949 Pa-

1989 4984 2076 5053 tri,
2108 4987 2214 5038 etc.
2240 4981 2304 5037 P.
2335 4980 2484 5035 Cum
2515 4979 2769 5034 Domino
2795 4979 3276 5036 ambulaverunt.

2061 5070 2290 5132 Oratio.
2318 5068 2415 5124 Isti
2434 5072 2591 5133 sunt,
2609 5068 2877 5134 Domine,
2896 5069 2999 5140 qui
3016 5084 3138 5124 non
3151 5068 3490 5140 polluerunt
3509 5084 3636 5126 ves-

1987 5162 2232 5218 timenta
2252 5175 2381 5227 sua,
2413 5159 2634 5231 quibus
2650 5157 2814 5214 nulla
2842 5177 2854 5214 :
2881 5159 3084 5230 utique
3131 5159 3322 5230 potuit
3344 5158 3637 5230 peccandi

1989 5248 2244 5304 suboriri
2258 5247 2534 5303 illecebra
2552 5267 2563 5306 :
2585 5247 2843 5303 concede
2856 5262 2996 5317 ergo
3013 5246 3188 5303 nobis
3199 5262 3303 5318 per
3323 5246 3635 5315 indulgen-

1989 5338 2082 5395 tiae
2099 5337 2328 5393 donum
2339 5335 2451 5391 illis
2473 5351 2604 5391 esse
2621 5337 2955 5408 participes,
2968 5350 3123 5407 quos
3142 5335 3306 5408 apud
3318 5338 3371 5392 te
3383 5350 3493 5407 pro
3514 5349 3636 5390 me-

1987 5427 2111 5483 ritis
2134 5425 2436 5498 approbas
2465 5440 2596 5480 esse
2624 5423 2837 5480 felices.
2861 5434 2925 5496 1}.
2951 5426 3164 5480 Amen.

2063 5515 2175 5570 Per
2194 5513 2668 5570 misericordiam
2698 5516 2890 5570 tuam.

1991 5603 2076 5660 Ad
2097 5603 2424 5662 Canticum.
2450 5603 2824 5674 Antiphone.
2846 5600 3072 5658 Inﬁrmi
3094 5600 3306 5657 virtute
3328 5591 3630 5668 prwcmcti
