4076 6422
483 349 584 408 135
1427 388 1432 393 .
1600 269 1604 272 i
1764 295 2621 382 DREVARIUMGOTHICUM.
3821 309 3941 369 136

484 472 639 528 sunt.
680 470 811 525 Non
839 462 1121 536 glorietur
1147 457 1313 517 fortis
1339 456 1402 512 in
1423 452 1766 512 fortitudine
1807 462 1918 505 sua
1939 443 2059 536 sed_
2072 441 2136 497 in
2166 437 2213 491 A
2423 442 2506 536 lix
2525 439 2753 536 illibata
2774 439 3015 536 Yirgine
3347 523 3356 534 .

485 527 600 617 hoc
631 527 915 628 glorietur
947 568 959 606 :
985 551 1097 616 Qui
1122 545 1409 619 gloriatur
1432 543 1582 600 scire
1602 546 1660 599 et
1680 537 2002 608 intelligere
2025 530 2129 588 Do.
2423 527 3038 628 Nas‘cendo,‘ior'mam
3061 527 3416 597 sumpseris.

485 614 742 704 minum.
995 614 1023 616 7—
1127 614 1152 619 ⁷
2489 615 2683 673 Gloria
2716 614 2834 680 tibi,
2859 614 3124 676 Domine,

563 731 898 789 Canticum.
930 724 1357 784 Conﬁrmatnm
1386 725 1472 776 est
1500 733 1602 775 cor
1631 731 1853 773 meum.
1882 710 2136 782 Require
2420 703 2528 767 Qui
2549 707 2749 771 natus,
2775 706 2888 759 etc.

487 821 596 892 fol.
2310 790 2700 892 iupplicatio'.
2716 789 2962 892 orem-us
2977 787 3434 887 Redemptorem
3445 787 3688 892 mundi.
3696 789 3824 858 fol.
3848 791 3925 846 57

560 875 652 963 Ad
667 904 1046 963 Benedictus.
1066 897 1433 970 Antiphona.
1455 892 1651 952 Sancti
1667 887 1993 948 ethumiles
2008 900 2130 942 cor-
2314 878 2630 976 Capitula:
2659 877 2855 933 Turba
2879 877 3291 975 .lnnocefltium
3332 875 3923 976 Ρᾶζνωοΐιξαξηίῖυω

490 964 1778 1066 de,spiritusetanimaejustorum,benedicite
1793 975 2131 1032 Dominum.
2243 982 2350 1038 pro
2385 967 2478 1021 sui
2516 965 2924 1066 Redemptoris
2953 965 3195 1062 nomine
3225 964 3463 1036 proprio
3495 970 3586 1066 est
3625 964 3922 1024 delibuta

566 1051 901 1139 Canticum.
935 1051 1284 1134 Benedictus
1315 1089 1379 1129 es
1411 1071 1678 1134 Domine,
1714 1066 1868 1122 Deus
1894 1067 2133 1136 patrum
2241 1069 2468 1119 cruore,
2489 1070 2610 1110 non
2631 1058 2816 1109 cesset
2842 1053 3161 1109 Dominum
3181 1067 3290 1124 pro
3318 1051 3574 1108 servulis
3591 1068 3864 1112 exorare
3901 1073 3916 1111 :

494 1175 859 1228 nostrorum
890 1165 1144 1238 Regni“,
1172 1162 1279 1233 χοι,
1307 1166 1358 1217 6.
2241 1157 2377 1213 quo,
2397 1147 2449 1238 te
2478 1142 2846 1238 impetrante,
2869 1141 3004 1197 licet
3028 1139 3309 1196 immeriti
3335 1155 3471 1212 ,pro
3493 1141 3546 1211 ej
3558 1157 3625 1196 us
3647 1143 3921 1200 nomine

561 1258 737 1314 Sono.
769 1253 936 1311 Salus
950 1229 1575 1323 justorumaDomino
1597 1247 1702 1298 est.
1740 1240 1805 1297 P.
1847 1241 1914 1293 Et
1939 1235 2133 1323 salva-
2241 1235 2380 1323 Ρίξεῐ
2433 1229 2626 1323 11930⁵-
2655 1230 2789 1323 Vit?
2833 1245 3151 1323 excursu}?
3203 1233 3553 1323 εδηοίοΐξιω
3590 1246 3920 1302 quea-mus

490 1345 576 1401 bit
599 1359 723 1400 eos.
771 1316 1036 1396 Alleluia.
1071 1335 1336 1392 Alleluia.
1355 1333 1416 1393 νῖν.
1467 1331 1612 1396 Quia
1639 1328 2027 1400 speraverunt
2073 1321 2134 1377 in
2241 1317 2495 1374 adunari
2539 1317 2902 1380 cohortibus,
2953 1316 3204 1389 qualiter
3239 1332 3378 1372 cum
3418 1317 3504 1372 eis
3551 1321 3922 1390 perenniter

490 1431 678 1488 Deum
701 1430 926 1485 vivum.
959 1425 1021 1480 P.
1053 1427 1119 1480 Et
1143 1420 1396 1478 salvabit
1441 1434 1564 1475 eos.
2237 1405 2532 1477 hymnum
2561 1405 2878 1462 decantare
2902 1406 2964 1460 in
2989 1404 3181 1476 jubilo
3205 1420 3566 1461 mereamur.

557 1513 1051 1574 Lauda.Laudate
1065 1510 1387 1568 Dominum
1401 1508 1476 1564 de
1501 1500 1937 1562 coelis.Alleluia
1966 1498 2130 1556 :lau-
2311 1493 2484 1550 Pater
2514 1500 2734 1550 noster.
2767 1493 3019 1550 Liberati
3045 1509 3082 1550 a
3108 1492 3292 1550 malo.
3318 1493 3433 1562 fol.
3466 1498 3518 1549 2.

492 1605 627 1662 date
647 1619 785 1660 eum
808 1603 868 1658 in
889 1599 1158 1657 excelsis.
1181 1595 1449 1653 Alleluia.
1473 1594 1752 1649 Psalmut.
1772 1603 1998 1646 chvm.
2309 1582 2525 1639 Lauda.
2551 1582 2863 1639 Candidati
2893 1587 3030 1639 sunt
3045 1581 3318 1638 nazaraei.
3342 1581 3722 1640 Benedictio.
3775 1588 3926 1644 Uni-

555 1692 753 1749 Lectio
774 1689 920 1747 libri
938 1686 1251 1744 Hieremiae
1271 1683 1584 1753 Propheta?
1613 1679 1780 1752 (Cap.
1815 1677 1990 1747 χχχι).
2241 1671 2475 1741 genitus
2507 1671 2606 1726 Dei
2631 1671 2823 1726 Filius.
2855 1673 3064 1739 Quare
3083 1671 3197 1741 fol.
3225 1676 3310 1727 57.

555 1793 622 1851 1y.
644 1781 762 1836 Deo
781 1777 1020 1848 gratias.
1795 1855 1830 1858 __
2002 1856 2009 1858 _
2053 1851 2067 1858 _
2161 1803 2206 1858 Β
2313 1763 2377 1858 [τι
2403 1760 2644 1858 nom—ine
2674 1760 2908 1858 Domini

557 1847 691 1924 Haec
725 1847 868 1922 dicit
891 1863 1177 1920 Dominus
1207 1877 1220 1918 :
1247 1863 1372 1917 Vox
1396 1860 1456 1915 in
1478 1857 1670 1914 Rama
1696 1855 1901 1913 audita
1931 1856 2016 1908 est
2051 1851 2132 1908 la-
2161 1847 2205 1858 ”
2307 1848 2508 1904 Sancti
2525 1847 2753 1905 Thomas
2771 1847 3256 1921 Archiepiscopi,
3285 1857 3341 1907 et
3369 1853 3921 1925 Martyrisﬂmnia

489 1951 889 2022 mentationis,
913 1952 1108 2016 ﬂetus,
1134 1954 1192 2006 et
1221 1948 1401 2013 luctu,
1438 1947 1725 2019 ploratus,
1747 1947 1836 2000 est
1873 1940 2132 1997 ululatus
2240 1937 2524 1993 dicantur
2548 1941 2612 1992 ut
2633 1939 2695 1993 in
2722 1936 3018 1992 Communi
3041 1939 3211 1993 unius
3233 1939 3520 2011 Martyris
3546 1943 3918 2012 Pontiﬁcis.

489 2043 732 2100 multus.
764 2038 979 2097 Rachel
997 2037 1243 2112 plorans
1258 2035 1412 2092 ﬁlios
1432 2049 1594 2103 suos,
1620 2036 1677 2088 et
1701 2030 1892 2087 noluit
1911 2043 2130 2086 conso-
2310 2025 2379 2080 ΙΝ
2411 2025 2628 2082 FESTO
2652 2025 2904 2083 SANCTI
2933 2026 3172 2082 JACOBI
3196 2028 3563 2086 APOSTOLI.

491 2129 604 2188 lari
635 2143 814 2200 super
840 2142 961 2192 eos,
992 2124 1138 2198 quia
1162 2139 1282 2181 non
1313 2125 1470 2179 sunt.
1497 2124 1632 2178 Haec
1655 2118 1799 2175 dicit
1821 2116 2128 2174 Dominus:
2839 2112 2928 2168 Ad
2958 2115 3253 2185 Vesperos.

493 2217 766 2285 Quiescat
784 2231 899 2273 vox
922 2219 1026 2273 tua
1043 2229 1081 2272 a
1099 2212 1356 2286 ploratu,
1375 2217 1431 2267 et
1448 2209 1606 2268 oculi
1624 2209 1709 2265 tui
1728 2224 1765 2264 a
1782 2204 2129 2277 lachrymis:
2313 2201 2536 2257 Lauda.
2568 2200 2764 2256 Gloria
2787 2206 2843 2257 et
2880 2202 3107 2258 honore
3137 2205 3434 2261 coronasti
3461 2220 3624 2276 eum,
3679 2207 3753 2261 P.
3791 2209 3920 2264 Do-

489 2306 634 2379 quia
648 2308 738 2361 est
759 2318 984 2360 merces
1003 2301 1170 2374 operi
1195 2304 1318 2363 tuo,
1346 2300 1428 2356 ait
1449 2299 1736 2355 Dominus
1761 2301 1819 2351 et
1844 2297 2132 2351 reverten-
2241 2289 2420 2345 mine.
2452 2299 2516 2358 Bg.
2539 2287 2819 2359 Gloriam,
2841 2293 2898 2346 et
2922 2306 3213 2360 magnum
3241 2291 3530 2348 decorum
3555 2293 3926 2367 imposuisti

490 2377 586 2452 tur
603 2394 678 2450 de
705 2397 862 2450 terra
881 2389 1134 2448 inimici.
1155 2392 1222 2446 Et
1242 2388 1349 2445 erit
1374 2403 1510 2459 spes
1533 2384 1870 2443 novissimis
1890 2382 2024 2452 tuis,
2055 2379 2135 2438 ait
2244 2393 2426 2448 super
2455 2393 2616 2432 eum.
2646 2377 2716 2435 P.
2749 2378 3016 2434 Domine.

493 2481 778 2539 Dominus
803 2496 818 2534 :
841 2484 899 2536 et
922 2482 1290 2535 revertentur
1309 2475 1414 2532 ﬁlii
1433 2475 1520 2533 tui
1548 2475 1625 2531 ad
1651 2471 1936 2530 terminos
1970 2484 2128 2525 suos.
2313 2465 2482 2521 Sono.
2513 2464 2775 2522 Alleluia.
2810 2469 3017 2522 Beatus
3053 2467 3163 2537 vir,
3197 2467 3300 2540 qui
3331 2468 3495 2525 timet
3519 2471 3872 2532 Dominum
3907 2493 3920 2530 :

490 2570 749 2626 Audiens
767 2565 1262 2639 audiviEphraim
1276 2563 1801 2634 transmigrantem
1817 2578 1830 2616 :
1847 2557 2135 2629 Castigas-
2243 2552 2507 2610 Alleluia.
2531 2553 2593 2608 P.
2627 2557 2688 2608 In
2715 2554 3014 2610 mandatis
3040 2555 3168 2626 ejus
3189 2556 3384 2628 cupiet
3402 2557 3600 2614 nimis.
3623 2560 3921 2635 Alleluia,

490 2657 664 2722 time,
680 2661 734 2712 et
754 2655 1018 2712 eruditus
1046 2649 1744 2726 sum,quasijuvenculus
1769 2645 2092 2703 indomitus
2113 2662 2131 2698 :
2245 2641 2498 2699 alleluia.
2526 2641 2589 2701 i7.
2623 2641 2840 2708 Gloria,
2868 2647 2924 2698 et
2951 2642 3166 2700 divitiae
3204 2644 3264 2700 in
3294 2645 3478 2702 domo
3508 2647 3643 2718 ejus
3679 2667 3693 2705 :
3732 2657 3794 2707 et
3817 2653 3924 2724 ju-

491 2749 767 2801 converte
786 2747 976 2812 me,et
994 2746 1274 2798 revertar:
1295 2740 1439 2813 quia
1456 2743 1517 2796 tu
1530 2753 1593 2795 es
1611 2738 1764 2793 Deus
1777 2734 2136 2792 meus.Post—
2245 2730 2404 2786 stitia
2428 2730 2556 2801 ejus
2568 2736 2770 2787 manet
2799 2731 2860 2786 in
2890 2732 3175 2788 saeculum
3200 2733 3419 2790 saeculi.
3442 2735 3717 2794 Alleluia.

490 2846 674 2904 quam
689 2831 848 2886 enim
861 2828 1197 2885 convertisti
1214 2827 1428 2896 me,egi
1444 2823 1854 2898 paenitentiam
1873 2840 1891 2875 :
1909 2826 1966 2877 et
1978 2821 2135 2892 post-
2316 2819 2671 2890 Antiphona.
2703 2819 2919 2876 Oculus
2947 2819 3048 2876 Dei
3078 2819 3351 2893 adspexit
3369 2822 3603 2894 justum
3624 2826 3689 2881 in
3709 2826 3918 2887 bono.

493 2935 678 2992 quam
702 2916 1016 2974 ostendisti
1036 2916 1202 2981 mihi,
1228 2915 1496 2988 percussi
1519 2913 1715 2970 femur
1742 2925 1960 2967 meum.
1992 2909 2136 2964 Con-
2246 2908 2309 2964 P.
2340 2910 2402 2962 Et
2429 2907 2602 2978 elegit
2624 2907 2792 2963 illum
2823 2909 2900 2964 ad
2927 2908 3263 2995 humilitate
3283 2925 3396 2967 sua
3427 2928 3441 2966 :
3476 2913 3710 2971 audivit
3738 2931 3918 2984 eum,

494 3007 661 3063 fusus
682 3021 839 3070 sum,
859 3004 1160 3070 eterubui,
1183 3003 1463 3075 quoniam
1480 2999 1733 3057 sustinui
1751 2996 2138 3070 opprobrium
2247 3000 2303 3052 et
2328 3011 2531 3051 vocem
2561 2994 2776 3068 ipsius.
2811 2996 2871 3056 ἵ.
2908 2999 3114 3053 Beatus
3143 2997 3232 3054 vir
3255 2994 3360 3070 qui
3389 2999 3665 3071 intelligit
3721 3021 3924 3079 super

498 3092 913 3151 adolescentiae
943 3107 1112 3148 meas.
1147 3093 1205 3148 Si
1223 3091 1381 3146 ﬁlius
1405 3105 1575 3146 meus
1596 3085 1966 3144 honorabilis
1994 3085 2139 3141 mihi
2186 3153 2215 3157 _
2247 3099 2522 3154 egenum,
2551 3089 2607 3140 et
2639 3100 2967 3157 pauperem
3001 3102 3012 3140 :
3044 3085 3104 3140 in
3130 3085 3227 3142 die
3268 3087 3432 3144 mala
3455 3088 3744 3149 liberabit
3765 3111 3920 3153 eum

501 3180 1029 3252 Ephraim,sipuer
1045 3178 1522 3250 delicatus:quia
1536 3191 1742 3247 exquo
1763 3173 2139 3230 locutussum
2177 3153 2218 3210 C
2245 3153 2553 3229 Deminus.
2595 3153 2662 3229 P:
2703 3153 2779 3230 Et
2807 3173 2980 3244 elegit
3015 3173 3180 3230 illum
3210 3174 3271 3237 iv“.
3317 3176 3538 3243 Gloria,
3572 3186 3634 3236 et
3670 3181 3912 3243 honor.

501 3268 576 3324 de
600 3283 690 3334 eo,
725 3266 922 3323 adhuc
945 3265 1306 3322 recordabor
1335 3265 1482 3336 ejus.
1518 3265 1632 3337 59
1655 3261 1874 3318 idcirco
1905 3265 2139 3318 contur-
2248 3265 2306 3317 P.
2339 3265 2403 3318 Et
2425 3262 2615 3332 elegit.

498 3356 643 3412 bata
666 3359 803 3410 sunt
822 3355 1049 3411 viscera
1067 3369 1204 3410 mea
1230 3368 1411 3426 super
1433 3368 1591 3409 eum:
1620 3349 1944 3406 miserebor
1963 3351 2138 3407 mise-
2318 3353 2543 3407 Lauda.
2578 3351 2642 3405 In
2659 3350 2951 3408 memoria
2979 3355 3201 3408 aeterna
3232 3353 3338 3409 erit
3360 3355 3584 3426 justus.
3617 3359 3912 3422 Alleluia.

499 3457 642 3499 rans
683 3442 834 3512 ejus,
864 3439 948 3498 ait
974 3440 1264 3498 Dominus
1294 3439 1695 3511 omnipotens.
1752 3437 2137 3509 Respondeat'
2250 3439 2313 3493 P.
2347 3440 2434 3497 Ab
2465 3439 2673 3496 auditu
2700 3439 2861 3496 malo
2890 3455 3014 3497 non
3043 3441 3289 3499 timebit.
3328 3443 3602 3510 Alleluia,
3637 3448 3919 3520 alleluia,

501 3532 708 3589 Amen.
2249 3526 2502 3584 alleluia.
2535 3527 2597 3589 ἵ,
2631 3526 2845 3583 Potens
2868 3528 2929 3584 in
2959 3533 3115 3586 terra
3141 3530 3249 3587 erit
3277 3547 3483 3588 semen
3512 3534 3647 3606 ejus
3681 3554 3694 3592 :
3731 3555 3926 3610 gene-

1172 3617 1462 3689 Hymnus.
2248 3614 2399 3671 ratio
2425 3620 2720 3672 rectorum
2748 3615 3150 3674 benedicatur.
3179 3618 3245 3674 P.
3273 3619 3362 3677 Ab
3389 3622 3605 3680 auditu
3629 3627 3829 3686 malo.
3853 3631 3918 3694 ἲν.

757 3707 1271 3764 Catervamatrum
1295 3708 1608 3778 personat:
2251 3702 2468 3768 Gloria,
2503 3707 2557 3761 et
2576 3703 2788 3761 honor.
2819 3705 2879 3760 P.
2904 3705 2993 3762 Ab
3025 3707 3231 3764 auditu
3259 3709 3440 3768 malo.

681 3793 916 3851 Conlisa
934 3793 1120 3850 defert
1142 3793 1411 3866 pignora,
2931 3795 3216 3866 Hymnus.

680 3883 946 3949 Quarum
973 3887 1263 3954 tyrannus
1288 3881 1472 3938 millia
2429 3881 2596 3938 Clara
2619 3883 2970 3940 Sanctorum
3000 3900 3122 3941 una
3143 3886 3512 3952 Hierusalem

681 3970 906 4026 Christo
933 3970 1185 4027 sacravit
1208 3970 1467 4028 victima.
2427 3972 2603 4027 Mater
2631 3971 2931 4029 conlauda
2961 3989 2973 4028 :
3003 3974 3255 4031 nimium
3277 3975 3480 4035 laetare
3510 3995 3524 4046 ;

748 4057 1035 4116 Miraculis
1060 4057 1223 4114 dedit
1246 4057 1428 4114 ﬁdem
2429 4057 2553 4114 Filii
2578 4059 2748 4116 multi
2771 4061 2916 4132 quia
2937 4067 3075 4118 sunt
3090 4061 3357 4135 desertae,

677 4145 903 4202 Habere
924 4144 1203 4214 se_D_eum
1229 4147 1483 4211 Patrem,
2499 4147 2690 4212 Quam
2717 4148 2910 4204 virum
2939 4149 3189 4208 habens.

674 4233 916 4291 lnﬁrma
942 4250 1162 4292 sanans
1187 4250 1452 4307 corpora,
2496 4235 2775 4302 Iacobus,
2807 4237 2883 4294 ob
2911 4238 3044 4306 hoc,
3081 4245 3241 4310 tuus,
3271 4241 3470 4300 dictus
3497 4245 3714 4316 justus

676 4323 743 4378 Et
766 4323 1058 4379 suscitans
1077 4323 1386 4380 cadavera.
2428 4325 2671 4381 Sacram
2701 4328 3044 4384 conscendit
3072 4345 3260 4397 sacer,
3289 4337 3345 4387 et
3366 4335 3662 4393 sacerdos

751 4411 891 4467 Orat
905 4409 1155 4468 salutem
1178 4411 1414 4468 servulo
2427 4415 2605 4483 Intrat
2632 4415 2981 4471 Sanctorum
3009 4415 3168 4473 solus
3197 4418 3293 4475 hic
3324 4418 3386 4475 in
3417 4423 3671 4493 Sancta,

679 4497 860 4553 Nixus
882 4513 1039 4568 genu
1067 4500 1360 4566 Centurio,
2172 4498 2219 4556 D
2495 4502 2668 4572 Virgo
2693 4503 2856 4576 quod
2877 4508 3054 4561 extat.

678 4585 978 4642 Credentis
1002 4587 1178 4644 ardor
1195 4588 1489 4660 plurimus
2498 4591 2681 4647 Carne
2705 4592 2802 4648 hic
2831 4592 3008 4649 frater
3028 4594 3259 4651 Domini
3275 4603 3549 4669 vocatus,

678 4674 930 4731 Extinxit
955 4675 1123 4745 ignes
1147 4676 1419 4733 febrium.
2427 4677 2625 4735 Gratia
2652 4679 2836 4737 fretus
2862 4686 2919 4738 et
2946 4683 3300 4755 Apostolatu

751 4763 956 4820 Petrus
980 4781 1081 4836 per
1101 4766 1296 4822 undas
1323 4763 1591 4822 ambulat
2424 4767 2642 4824 lmbuit
2661 4769 2883 4841 plebes,
2918 4771 3021 4842 pia
3040 4773 3340 4831 custodire

682 4851 888 4908 Christi
910 4852 1140 4911 levatus
1159 4853 1432 4919 dextera;
2495 4857 2786 4926 Dogmata
2811 4858 3041 4916 Christi.

681 4941 898 4999 Natura
910 4958 1097 5014 quam
1112 4946 1455 5013 negaverat,
2497 4944 2695 5002 Ardua
2720 4951 2856 5018 post
2881 4947 3020 5003 hinc
3048 4949 3282 5021 positus
3305 4951 3364 5006 in
3389 4967 3528 5009 arce

681 5028 851 5084 Fides
879 5030 1111 5102 paravit
1137 5029 1431 5086 semitam.
2426 5037 2472 5088 A
2496 5033 2668 5090 malis
2696 5051 2708 5089 :
2743 5034 3058 5103 Christum,
3084 5041 3148 5094 ut
3175 5045 3351 5109 neget
3375 5042 3638 5102 venisse:

751 5119 949 5174 Honor
969 5118 1176 5174 matris
1200 5121 1256 5173 et
1281 5115 1591 5186 gaudium,
2429 5121 2705 5179 Confutat
2734 5125 2950 5194 dogma
2979 5124 3226 5183 disserte
3250 5127 3584 5201 impiorum

682 5207 980 5261 lmmensa
1000 5221 1138 5276 spes
1159 5203 1528 5260 credentium
2488 5210 2938 5268 Pharisaeorum.

684 5293 794 5349 Per
818 5299 948 5350 atra
973 5293 1179 5350 mortis
1208 5292 1425 5364 pocula
2430 5298 2518 5353 Ad
2543 5299 2658 5354 hoc
2682 5300 2980 5372 impulsus
3010 5303 3156 5366 solo,
3191 5311 3246 5360 et
3278 5307 3587 5378 projectus

682 5381 936 5439 Resolvit
954 5386 1157 5436 nostra
1179 5380 1447 5436 crimina.

2435 5388 2573 5452 Stat,
2596 5389 2701 5444 sed
2723 5389 2964 5447 inlzesus
2995 5398 3305 5461 memorat,
3339 5397 3503 5466 quod
3529 5403 3710 5471 prius
3737 5425 3750 5474 ;

752 5471 1041 5524 Memento
1062 5467 1266 5525 salutis
1286 5472 1511 5540 auctor,
2433 5477 2680 5548 Moxque
2700 5477 2993 5537 fullonum
3019 5498 3176 5538 unus
3203 5483 3355 5540 fuste
3377 5467 3628 5548 sacrum

685 5555 860 5622 Quod
882 5555 1071 5614 nostri
1089 5555 1403 5626 quondam
1427 5556 1689 5630 corporis
2505 5564 2822 5626 Cerebrum
2845 5570 3055 5641 quatit.
