4076 6414
156 213 235 268 137
1321 225 1391 280 ΙΝ
1437 223 1663 281 FESTO
1702 222 1767 280 S.
1805 219 2057 280 JACOBI
2098 227 2466 290 APOSTOLI.

373 341 736 400 Poscimus
769 345 993 413 moesti,
1017 345 1110 417 pie
1139 348 1195 405 et
1219 346 1479 418 benigne

311 431 564 504 Martyr
593 433 868 498 excelse,
887 432 1162 506 plebique
1192 451 1476 495 connexe:

325 521 508 578 Plebi
540 521 872 579 convulsae
898 522 1113 579 durum
1140 525 1353 596 jugum
1387 526 1539 599 pelle
1568 544 1580 582 :

783 611 939 668 Bella
965 628 1221 670 remove.

412 699 501 757 Sit
536 699 708 756 salus
751 699 958 770 aegris,
994 702 1064 758 sit
1091 703 1260 774 quies
1289 702 1613 763 defunctis:

343 789 431 846 Sit
454 788 635 859 vigor
663 789 866 858 fessis,
896 789 968 845 sit
995 796 1225 848 remota
1254 791 1440 864 pestis
1475 809 1486 848 :

341 878 509 934 Vitiis
533 877 744 951 pulsis,
780 877 1026 935 miseris
1067 881 1145 937 sit
1171 881 1332 938 caelis

784 966 995 1023 Aditus
1024 973 1254 1040 patens.

417 1057 506 1114 Sit
529 1055 652 1111 Deo
691 1055 826 1111 laus
847 1055 1028 1123 Patri,
1057 1063 1239 1130 atque
1269 1061 1444 1116 Nato:

340 1145 584 1218 Triplici
605 1145 802 1200 honor
833 1144 1087 1201 nimium
1109 1162 1248 1204 cum
1281 1149 1496 1205 Sancto
1527 1163 1540 1202 :

337 1233 586 1292 Nomini
607 1232 783 1289 Trino
815 1250 827 1287 :
865 1233 1070 1290 Deitati
1098 1234 1226 1291 soli.

709 1321 920 1379 Sidera
944 1321 1220 1380 clament.

230 1426 293 1481 1i.
326 1416 550 1468 Amen.

229 1500 611 1573 Supplicatio
637 1500 901 1566 dicatur,
929 1507 992 1555 ut
1019 1501 1079 1556 in
1129 1503 1278 1571 festo
1302 1503 1515 1559 Sancti
1537 1502 1830 1560 Johannis

163 1591 430 1662 Apostoli
462 1595 689 1645 mutato
719 1589 960 1645 nomine
982 1591 1091 1660 fol.
1126 1593 1212 1646 54.

231 1681 354 1750 60
393 1678 1095 1750 CapitulaDmnipotens
1125 1678 1316 1746 Pater,
1355 1680 1456 1752 qui
1481 1680 1830 1737 beatissimo

161 1767 449 1840 Apostolo
486 1773 544 1822 et
573 1767 823 1838 martyri
863 1772 965 1822 tuo
989 1768 1218 1824 Jacobo
1248 1769 1557 1840 praecipuo
1584 1783 1830 1824 munere

160 1856 518 1930 praestitisti,
548 1859 613 1912 ut
641 1871 748 1928 per
767 1861 818 1911 te
846 1857 1010 1911 ﬁeret
1029 1857 1102 1912 de
1133 1857 1534 1928 fragilifortis,
1561 1859 1636 1914 de
1659 1857 1830 1913 mini-

158 1961 256 2001 mo
289 1943 654 2015 grandis,de
668 1943 850 2000 milite
865 1944 1008 2014 dux,
1040 1945 1114 2000 de
1129 1961 1300 2001 servo
1331 1946 1580 2014 amicus,
1604 1946 1678 2001 de
1695 1960 1832 2016 sup-

158 2034 293 2106 plici
328 2033 634 2089 miriﬁcus
665 2033 999 2089 advocatus
1019 2039 1264 2106 ;preesta
1288 2034 1836 2106 placatus,utinter-

160 2129 341 2179 ventu
365 2123 587 2179 sedulo
615 2122 833 2178 iisdem
855 2138 1016 2178 nunc
1033 2124 1106 2180 de
1132 2124 1484 2196 quibusipse
1511 2125 1731 2180 electus
1753 2126 1841 2178 est

163 2211 483 2278 membris,
515 2211 798 2267 adhibeat
829 2211 1130 2282 fragilitati
1152 2214 1499 2285 potentiam,
1524 2211 1840 2268 humilitati

162 2302 443 2372 gloriam,
472 2301 706 2356 militia:
739 2299 1144 2372 disciplinam,
1177 2302 1440 2358 servituti
1483 2301 1839 2384 libertatem,

163 2391 519 2448 necessitati
544 2391 1028 2447 advocationem.

235 2483 417 2537 Pater
440 2487 668 2536 noster.
701 2480 956 2536 Liberati
1005 2496 1041 2537 a
1069 2480 1252 2538 malo.
1281 2483 1400 2552 fol.
1431 2486 1482 2536 2.

237 2570 568 2625 Humiliate
594 2585 705 2624 vos
737 2568 1155 2626 benedictioni.

235 2659 538 2714 Dominus
569 2658 645 2713 sit
665 2673 927 2730 semper.
957 2669 1019 2727 ἢ.
1046 2658 1111 2714 Et
1141 2675 1300 2715 cum.

236 2748 622 2805 Benedictio.
655 2747 983 2802 Beatissimi
1004 2748 1483 2820 JacobiApostoli
1510 2749 1840 2820 etMartyris

174 2838 256 2892 sui
285 2854 403 2893 nos
434 2836 736 2892 Dominus
763 2837 1185 2894 intercessione
1213 2837 1524 2894 custodiat.
1546 2850 1607 2907 Bg.
1628 2842 1836 2894 Amen.

171 2926 556 3000 Sperantium
589 2925 653 2980 in
675 2941 737 2981 se
767 2926 1152 2983 necessitates
1174 2927 1444 2999 placatus
1469 2927 1834 2994 intendant.

3491 254 3597 310 138

1866 346 1914 402 Α
2017 349 2236 446 Qratio.
2262 354 2463 446 Homo
2489 357 2599 415 iste
2623 359 3006 431 glorificatus,
3061 366 3321 427 Christus
3350 373 3591 446 exultat,

1943 437 2048 536 qui
2066 445 2490 536 Icognominari
2507 449 2832 519 promeruit
2840 450 3128 521 justus,ut
3157 460 3258 515 tua
3289 437 3594 532 promissa

1937 528 2110 617 justis
2124 534 2369 602 praemia
2395 537 2634 608 populis
2661 539 3010 610 praedicaret
3038 559 3054 597 :
3081 543 3259 617 hujus
3282 528 3343 604 in
3364 551 3591 610 honore

1941 615 2192 674 acclives
2224 624 2601 694 exposcimus
2624 626 2804 684 ﬂebili
2835 629 3118 703 oratione,
3144 615 3210 689 ut
3249 651 3455 707 preces
3483 655 3590 699 no-

1941 707 2062 759 tras
2092 708 2392 781 suscipere
2421 711 2685 784 digneris
2717 717 2876 773 mitis
2903 723 3081 791 atque
3097 720 3421 793 placabilis,
3456 743 3590 785 nos-

1936 807 2055 932 gae
2103 795 2218 850 tuis
2264 797 2450 857 facias
2508 819 2746 876 semper
2810 806 3097 865 inhaerere
3143 813 3468 872 mandatis.
3525 829 3590 887 Βτ.

1989 895 2146 932 men.

1989 895 2146 937 men.

2009 969 2121 1026 Per
2149 971 2624 1036 misericordiam
2651 987 2836 1037 tuam.

2006 1059 2365 1128 Antiphone.
2384 1065 2497 1122 Iste
2511 1072 2755 1126 sanctus
2787 1071 3087 1140 clamavit,
3112 1079 3170 1132 et
3191 1077 3481 1135 Dominus
3500 1095 3595 1138 ex-

1938 1145 2347 1240 audiviteum.
2379 1153 2530 1210 P.Et
2560 1172 2632 1212 ex
2646 1158 2926 1216 omnibus
2949 1161 3431 1222 tribulationibus
3460 1169 3592 1240 ejus

1937 1232 2208 1328 liberavit
2237 1254 2394 1328 eum.
2423 1241 2482 1302 γ.
2517 1243 2585 1300 Et
2615 1246 2698 1300 sic
2747 1247 3132 1307 benedicetur
3166 1253 3371 1320 homo,
3399 1232 3509 1328 qui
3530 1257 3594 1312 ti-

1937 1327 2060 1380 met
2088 1324 2434 1387 Dominum.
2467 1332 2527 1386 P.
2564 1333 2630 1388 Et
2681 1351 2752 1391 ex
2802 1339 3104 1395 omnibus.
3166 1343 3233 1401 if.
3276 1324 3492 1410 Gloria,
3539 1352 3595 1404 et

1937 1411 2150 1481 honor,
2183 1423 2292 1474 etc.
2324 1418 2381 1472 P.
2412 1419 2480 1476 Et
2513 1437 2584 1478 ex
2614 1425 2918 1482 omnibus.

2012 1503 2241 1561 Oratio.
2285 1508 2886 1586 Cognoscensitaque
2917 1517 3002 1573 vir
3054 1524 3299 1577 sanctus
3331 1524 3596 1581 Jacobus

1939 1593 2258 1685 Apostolus
2274 1601 2410 1652 tuus
2424 1599 2716 1658 malitiam
2742 1605 2985 1675 populil
2993 1607 3364 1678 udaeorum,a
3375 1614 3597 1685 quibus

1943 1681 2293 1740 sublimatas
2315 1685 2641 1757 pinnaculo
2693 1693 2917 1764 templi,
2950 1695 3151 1768 tuique
3181 1714 3290 1769 pro
3333 1681 3595 1758 nominis

1943 1770 2318 1830 confessione
2333 1776 2466 1831 inde
2478 1777 2567 1848 dej
2579 1781 3063 1852 ectus,lapidibus
3078 1786 3389 1857 impressus
3405 1791 3596 1845 obrui-

1943 1864 2040 1915 tur
2061 1875 2074 1913 :
2095 1861 2423 1920 advocatus
2437 1881 2723 1937 suprema
2741 1869 2890 1925 inter
2912 1873 3224 1945 supplicia,
3246 1892 3352 1947 per
3369 1877 3594 1934 miseri-

1945 1947 2212 2005 cordiam
2245 1955 2357 2007 tuae
2391 1954 2624 2024 pietatis
2636 1956 2882 2014 amicam
2903 1961 3140 2017 assistat
3159 1978 3267 2033 pro
3289 1965 3464 2020 nobis
3489 1966 3600 2020 mi-

1948 2037 2510 2111 serisinterpellator
2525 2045 3205 2116 assiduus,utmalorum
3239 2069 3275 2107 a
3303 2056 3597 2125 pressuris

1950 2128 2073 2182 erui
2095 2143 2435 2187 mereamur
2463 2139 2815 2192 contuentes
2834 2137 3089 2207 gloriam
3107 2148 3294 2199 tuam.
3318 2144 3596 2213 nuAmen.

2024 2216 2134 2272 Per
2159 2219 2631 2279 misericordiam
2663 2229 2846 2281 tuam.

2023 2304 2386 2378 Antiphona.
2417 2312 2639 2368 Stolam
2671 2314 2874 2384 glorise
2903 2316 3094 2376 induit
3116 2335 3254 2376 eum
3313 2321 3605 2378 Dominus

1956 2392 2459 2454 P.Jocunditatem
2485 2405 2540 2455 et
2553 2401 2978 2461 exultationem
2993 2407 3608 2482 thesaurizavitsuper

1954 2489 2179 2548 eum,et
2201 2487 2448 2543 nomine
2473 2495 2694 2546 aeterno
2723 2491 3078 2551 hereditavit
3110 2496 3607 2556 illum.1‘l.Potens

1953 2570 2013 2626 in
2035 2576 2189 2628 terra
2219 2576 2552 2633 eritsemen
2583 2578 2714 2648 ejus
2749 2599 2761 2648 ;
2791 2584 3093 2650 generatio
3106 2590 3402 2642 rectorum
3427 2585 3605 2642 bene-

1952 2659 2178 2716 dicetur
2198 2663 2256 2716 P.
2289 2665 2746 2723 Jocunditatem.
2785 2668 2847 2728 33".
2872 2670 3099 2740 Gloria,
3144 2677 3200 2728 et
3231 2673 3446 2742 honor,
3492 2678 3600 2730 etc.

1953 2747 2009 2801 P.
2039 2750 2505 2808 .locunditatem.

2024 2836 2245 2894 Oratio.
2275 2839 2556 2896 Exultans
2577 2843 2743 2914 plebs
2764 2846 2887 2912 tua,
2919 2846 3192 2916 Domine,
3219 2848 3278 2903 in
3298 2848 3416 2904 hoc
3453 2848 3601 2906 festo

1948 2924 2151 2980 Jacobi
2175 2925 2258 2981 tui
2273 2928 2539 2999 Apostoli
2553 2931 2785 2986 summis
2813 2936 2865 2987 te
2877 2933 3107 3004 ﬂagitat
3122 2935 3400 3006 precibus
3418 2936 3601 3005 idem,

170 2995 455 3072 Ainenlft
484 3016 619 3086 ejus
649 3015 834 3071 secuti
862 3015 1109 3086 vestigia
1133 2995 1211 3072 ad
1225 3016 1836 3088 cmiestiaregnaper-
1883 2995 1922 3051 Ο
1951 3013 2174 3070 utsicut
2195 3015 2273 3071 ab
2299 2995 2576 3074 omnibus
2593 2995 3052 3089 cognominatus
3069 2995 3156 3078 est
3169 2995 3603 3096 justus,itaque

174 3119 301 3174 gere
331 3104 672 3161 valeamus.
704 3116 767 3172 1r.
800 3105 1010 3160 Amen.

241 3195 349 3251 Per
380 3194 866 3250 misericordiam
900 3195 1111 3267 ipsius.

239 3284 685 3340 Lauda.Justus
719 3283 1002 3356 utpalma
1031 3284 1632 3341 ﬂorebit.Alleluia.P.
1675 3285 1840 3343 Sicut

179 3373 382 3428 cedrus
411 3373 626 3429 Libani
658 3373 1172 3446 multiplicabitur.
1198 3374 1472 3443 Alleluia,
1492 3377 1748 3433 alleluia.
1772 3376 1833 3435 if.

187 3460 390 3518 Potens
407 3463 467 3518 in
488 3462 983 3518 terraeritsemen
1017 3465 1179 3532 ejus:
1201 3465 1502 3534 generatio
1527 3471 1824 3521 rectorum

189 3548 589 3608 benedicetur.
623 3550 688 3606 P.
723 3551 887 3608 Sicut
905 3551 1136 3607 cedrus.
1167 3550 1228 3610 ἲν.
1300 3551 1515 3621 Gloria,
1545 3559 1600 3611 et
1622 3554 1834 3626 honor,

189 3643 290 3697 etc.
332 3641 398 3696 P.
431 3641 599 3697 Sicut
619 3639 854 3695 cedrus.

249 3729 472 3785 Oratio.
512 3731 704 3786 Homo
735 3728 846 3785 iste
873 3728 1257 3801 gloriﬁcatus,
1307 3731 1564 3802 Require
1593 3731 1757 3801 infra
1778 3732 1840 3788 in

183 3817 517 3876 Matutinis.

246 3910 343 3963 Ad
368 3908 760 3964 Matutinum.
790 3905 1161 3978 Antiphona.
1182 3907 1368 3964 Labia
1388 3924 1544 3976 mea,
1571 3908 1837 3982 Domine,

188 3997 410 4067 aperies
447 4015 462 4054 :
501 3995 569 4052 Et
609 4011 676 4051 os
708 4011 909 4052 meum
950 3996 1332 4054 annuntiabit
1362 3996 1606 4053 laudem
1654 4002 1838 4054 tuam.

186 4083 471 4142 Psalmus.
502 4102 552 4138 L.

253 4176 488 4232 Oratio.
507 4174 807 4238 Exultent.
843 4175 1115 4243 Domine,
1137 4176 1300 4233 labia
1323 4179 1526 4232 nostra
1542 4175 1843 4248 praeconio

189 4265 447 4320 veritatis
477 4269 580 4330 ;ut
607 4278 732 4320 non
758 4265 1134 4321 resolvantur
1148 4265 1498 4337 vaniloquio
1531 4264 1839 4331 falsitatis;

1947 3116 2058 3156 nos
2081 3104 2370 3175 appellari
2388 3122 2728 3164 mereamur
2755 3110 3016 3166 cultores
3035 3111 3366 3183 justitiae,et
3381 3112 3606 3170 miseri-

1947 3191 2164 3246 cordim
2212 3199 2556 3251 sectatores.
2593 3208 2657 3266 Ri.
2688 3198 2897 3254 Amen.

2018 3280 2126 3335 Per
2147 3281 2621 3340 misericordiam
2660 3289 2845 3343 tuam.

2015 3379 2083 3436 lt.
2126 3368 2741 3442 Justusjustiﬁcetur:
2799 3380 2856 3431 et
2907 3380 3149 3433 sanctus
3207 3376 3604 3434 sanctiﬁcatur

1947 3455 2165 3513 adhuc.
2201 3461 2432 3525 Beatus,
2455 3461 2559 3534 qui
2585 3461 2728 3519 lavit
2757 3463 2974 3521 stolam
3005 3481 3201 3522 suam.
3231 3466 3293 3521 P.
3329 3469 3396 3523 Ut
3417 3467 3464 3521 si
3493 3482 3603 3537 po-

1947 3547 2126 3603 testas
2151 3547 2280 3618 ejus
2310 3549 2370 3604 in
2404 3550 2568 3620 ligno
2598 3552 2753 3608 vitae.
2784 3552 2846 3613 ἲν.
2883 3556 2945 3610 Et
2973 3555 3344 3628 quicumque
3371 3555 3596 3622 vicerit,

1949 3634 2030 3690 sic
2049 3637 2331 3694 vestietur
2342 3639 2590 3697 candida
2605 3645 2981 3710 veste,etnon
2998 3643 3207 3702 delebo
3225 3660 3448 3701 nomen
3474 3643 3603 3716 ejus

1948 3723 2023 3781 de
2050 3724 2200 3782 libro
2225 3727 2378 3783 vitae.
2407 3728 2470 3784 P.
2506 3731 2575 3786 Ut
2604 3731 2678 3786 sit
2705 3736 2990 3804 potestas.
3045 3731 3110 3793 ἣν.
3139 3733 3354 3800 Gloria,
3407 3737 3464 3790 et
3499 3732 3606 3789 ho-

1949 3826 2079 3880 nor,
2115 3819 2224 3871 etc.
2257 3814 2602 3875 Reiteretur.
2633 3819 2742 3890 Βία]
2752 3825 2915 3878 ustus
2939 3822 3317 3891 justiticetur.

2586 3907 2658 3962 In
2690 3908 3000 3966 Laudibus.

2021 3990 2066 4045 A
2078 3990 2120 4044 d
2144 3989 2452 4049 Canticum
2463 3994 2528 4049 .A
2540 3996 2855 4064 ntiphona.
2877 4000 2959 4052 Tu
2973 3995 3135 4054 solus
3151 3996 3605 4070 Dominus,quia

1949 4092 2072 4134 non
2102 4083 2194 4136 est
2216 4079 2598 4154 alius,neque
2625 4083 3336 4158 justusprietertemeque
3359 4090 3601 4143 sanctus

1949 4172 2158 4241 praeter
2195 4169 2384 4225 Deum
2405 4176 2699 4227 nostrum.

2023 4257 2344 4313 Canticum.
2379 4258 2806 4317 Conﬁrmatum
2840 4265 2945 4318 est.
2983 4263 3193 4331 Quaere
3209 4263 3320 4332 fol.
3389 4268 3475 4321 55.

190 4354 389 4426 sicque
420 4353 634 4423 lingua
658 4357 868 4410 nostra
884 4354 1179 4424 judicium
1205 4353 1838 4426 veritatisloquatur,ui

2023 4345 2120 4401 Ad
2142 4346 2507 4403 Benedictus.
2531 4348 2903 4419 Antiphona.
2920 4351 3260 4408 Benedictio
3287 4351 3523 4410 Domini
3543 4352 3603 4408 in

191 4443 485 4499 Christum
502 4448 674 4498 tuum
697 4459 904 4499 verum
917 4445 1185 4515 judicem
1203 4444 1653 4518 promptissima
1667 4444 1846 4501 devo-

193 4533 341 4589 tione
364 4533 614 4589 laudet:
649 4537 829 4604 atque
854 4533 1247 4607 itapraecepta
1269 4539 1370 4590 tua
1390 4533 1632 4590 assidue
1660 4535 1714 4589 in
1743 4548 1846 4590 no-

1953 4435 2292 4491 mercedem
2308 4436 2452 4508 justi
2476 4438 2731 4496 festinat.

2026 4525 2343 4582 Canticum.
2382 4527 2730 4585 Benedictus
2778 4545 2866 4601 es,
2898 4530 3148 4587 Domine
3175 4531 3336 4589 Deus
3363 4536 3602 4605 patrum

192 4626 306 4679 stro
335 4623 522 4678 corde
551 4627 952 4689 versentur,ut
973 4638 1212 4693 gressus
1225 4623 1411 4679 nostri
1441 4622 1518 4678 ab
1541 4623 1845 4679 insidiosis
1952 4622 2319 4673 nostrorum.
2348 4617 2583 4688 Require
2599 4619 2712 4687 fol.
2745 4622 2797 4674 6.

192 4709 482 4786 decipulis
504 4710 758 4767 minime
784 4711 1264 4784 supplantantur.
1310 4724 1372 4782 Ir.
1401 4712 1611 4768 Amen.

250 4801 361 4858 Per
386 4801 867 4858 misericordiam
895 4806 1079 4859 tuam.

250 4890 630 4963 Antiphona.
667 4894 776 4947 lste
814 4891 1000 4948 homo
1021 4890 1447 4947 honoriﬁcaius
1477 4897 1568 4948 est
1590 4890 1848 4958 valde,et

190 4980 641 5052 confregitDeus
665 4979 851 5036 corda
875 4980 1253 5035 inimicorum
1276 4980 1422 5051 ejus.
1458 4982 1515 5036 P.
1549 4981 1616 5038 Et
1635 4996 1845 5052 prope-

191 5069 334 5125 ravit
369 5070 431 5124 in
463 5068 650 5124 domo
683 5068 920 5125 Domini
940 5069 1042 5124 Dei
1074 5068 1167 5123 sui
1192 5069 1452 5140 perfecto
1469 5069 1668 5137 corde,
1694 5070 1846 5125 etvi-

195 5150 400 5210 derunt
427 5169 643 5210 omnes
656 5169 793 5226 quae
814 5153 1138 5224 magniﬁca
1162 5153 1296 5208 fecit
1317 5154 1468 5209 Deus
1500 5171 1602 5226 per
1621 5153 1840 5226 ipsum.

195 5237 248 5295 ἲν.
278 5244 533 5300 Maxima
563 5247 653 5299 est
683 5242 877 5312 gloria
897 5243 1027 5313 ejus
1057 5242 1115 5296 in
1143 5242 1386 5298 salutari
1409 5248 1541 5301 tuo:
1570 5243 1838 5313 gloriam,

196 5333 242 5382 et
269 5347 556 5404 magnum
581 5331 864 5387 decorem
896 5329 1169 5403 impones
1189 5347 1536 5402 suppremi].
1559 5333 1690 5387 P.Et
1717 5348 1844 5404 pro-

199 5424 526 5488 peravitJ)’.
582 5422 805 5485 Gloria,
867 5427 922 5475 et
980 5421 1189 5489 honor,
1224 5429 1329 5476 etc.
1389 5422 1449 5479 P.
1505 5422 1568 5476 Et
1638 5439 1842 5495 prope-

199 5511 352 5569 ravit.

465 5602 715 5662 PATROL.
758 5597 1066 5658 LXXXVI.

2024 4709 2137 4778 61
2165 4707 2340 4762 Sono.
2367 4706 2631 4764 Alleluia.
2656 4710 2868 4764 Beatus
2893 4709 3108 4782 vir,qui
3131 4709 3317 4768 timet.
3354 4711 3609 4782 Require

1952 4796 2062 4865 fol.
2099 4800 2184 4851 59.

2025 4884 2258 4940 Lauda.
2282 4883 2542 4941 Laudate
2563 4885 2886 4942 Dominum
2897 4887 2972 4942 de
2984 4887 3165 4944 coelis.
3181 4887 3433 4945 Alleluia
3450 4906 3462 4945 :
3482 4889 3608 4947 lau-

1956 4973 2244 5030 dateeum
2272 4973 2334 5029 in
2382 4973 2647 5030 excelsis.
2708 4974 2980 5044 Alleluia,
3010 4976 3264 5035 alleluia.
3334 4979 3608 5037 Psalmus

1954 5079 2177 5122 CXLVIII.

2034 5153 2330 5222 Hymnus.
2372 5150 2540 5210 Clara
2561 5155 2919 5212 Sanctorum
2936 5171 3061 5213 una
3088 5156 3474 5214 Hierusalem.
3503 5156 3609 5214 Re-

1956 5244 2124 5314 quire
2146 5243 2252 5312 fol.
2282 5248 2368 5299 59.

2029 5333 2218 5387 Lectio
2255 5332 2395 5386 libri
2419 5332 2733 5400 Sapientia
2753 5333 3080 5390 Salomonis
3113 5335 3278 5405 (Cap.
3305 5334 3466 5403 xvm)

2023 5432 2086 5490 Βρ-
2119 5422 2233 5475 Deo
2264 5421 2506 5491 gratias.

2027 5511 2239 5579 Tetigit
2265 5511 2496 5581 justum
2535 5513 2777 5569 tentatio
2805 5514 3031 5582 mortis,
3062 5517 3118 5569 et
3169 5511 3491 5568 commotio
3544 5508 3602 5561 in

3295 5605 3324 5654 ὅ
