4076 6440
484 253 590 313 489
1724 223 2184 297 BREVIABIUM
2219 221 2625 291 GOTHICUM.
3801 233 3924 294 uo

475 392 683 436 eremo
696 377 852 432 facta
865 373 959 430 est
979 364 1403 434 multitudinis;
1435 364 1542 421 sed
1563 375 1688 422 non
1711 365 1818 421 diu
1843 372 2126 437 perman-
2154 357 2204 412 A
2304 358 2659 429 Antiphone.
2689 357 2969 414 Viderunt
2999 369 3214 413 omnes
3238 355 3390 413 ﬁnes
3418 359 3590 415 terrae
3620 359 3920 419 salutare

477 468 554 523 sit
579 467 670 523 ira
687 468 816 521 tua.
827 462 1171 531 Properans
1185 454 1346 511 enim
1371 455 1556 511 homo
1568 453 1695 510 sine
1723 451 1967 526 querela
1985 464 2127 524 pro-
2233 445 2335 503 Dei
2362 446 2569 503 nostri.
2602 447 2671 502 P.
2707 446 2960 503 Iubilate
2974 445 3093 502 Deo
3112 445 3397 503 universa
3413 449 3574 504 terra
3596 464 3612 504 :
3643 453 3917 507 cantate

477 553 788 628 pugnavit,
824 546 1132 622 proferens
1170 544 1459 600 servitutis
1478 559 1602 599 suae
1626 547 1882 608 scutum,
1913 539 2126 628 oratio-
2236 539 2293 590 et
2329 534 2583 628 ert-uitato
2609 534 2939 628 etpsallite.
2969 533 3031 594 ιιι.
3074 531 3616 628 Ρεαίίίῖθ-Ροωὶηο
3660 544 3918 603 nostro.

475 627 809 713 nem,etper
829 641 1136 694 incensum
1153 633 1633 705 deprecationem
1653 632 1936 700 allégans,
1966 627 2126 684 resti-

475 733 765 794 titirae,et
814 727 997 782 ﬁnem
1047 722 1335 794 imposuit
1392 720 1749 785 necessitati,
1805 716 2125 773 ostendens

473 818 917 893 quoniamtuus
948 817 1033 869 est
1059 809 1341 868 famulus.
1370 808 1515 864 Vicit
1531 814 1732 864 autem
1762 806 2124 893 turbas,non

476 890 688 964 virtute
705 902 992 976 corporis,
1014 915 1124 957 nec
1151 901 1457 955 armatura
1485 897 1783 969 potentiae,
1812 895 1916 950 sed
1947 890 2124 948 verbo

473 995 578 1051 Dei
611 997 956 1050 vexatorem
979 987 1248 1062 projecit,
1264 987 1936 1057 juramentaparentum
1968 994 2126 1035 com-

472 1095 840 1140 memorans.
877 1080 1028 1136 Cum
1051 1077 1213 1132 enim
1235 1075 1366 1146 jam
1395 1072 1745 1129 catervatim
1768 1069 2123 1126 cecidissent

473 1183 656 1244 super
685 1169 1035 1226 alterutrum
1067 1163 1305 1233 mortui,
1345 1159 1672 1225 interstetit,
1711 1163 1768 1213 et
1788 1153 2124 1244 amputavit

471 1242 786 1331 impetum,
812 1261 867 1313 et
919 1254 1118 1310 divisit
1136 1251 1322 1319 illam,
1372 1263 1508 1320 quae
1534 1246 1612 1302 ad
1649 1246 1817 1301 vivos
1865 1242 2124 1299 ducebat

469 1350 654 1404 viam.
689 1349 752 1401 In
781 1349 935 1400 veste
964 1341 1123 1398 enim
1146 1337 1410 1412 poderis,
1434 1351 1621 1408 quam
1650 1334 1934 1396 habebat,
1965 1337 2122 1387 totus

470 1435 633 1492 orbis
663 1438 973 1494 terrarum,
998 1433 1056 1485 et
1083 1429 1396 1499 parentum
1438 1421 1745 1493 magnalia
1780 1423 1840 1476 in
1861 1425 2122 1493 quatuor

466 1517 1041 1589 ordinibuslapidum
1058 1520 1228 1571 erant
1240 1513 1550 1584 sculpta,et
1565 1508 2006 1580 magniﬁcentia
2019 1512 2123 1563 tua

463 1610 526 1666 in
553 1609 896 1665 diademate
927 1605 1140 1676 capitis
1167 1603 1327 1658 illius
1356 1606 1481 1656 erat
1505 1600 1806 1670 inscripta.
1826 1600 2124 1668 mAmen-

2236 622 2464 694 psallite
2497 623 2757 694 ;psallite
2800 623 2920 693 regi
2955 625 3175 687 nostro,
3207 622 3463 694 psallite.
3489 624 3555 680 P.
3600 627 3916 686 Iubilate.

2235 709 2294 768 V.
2335 710 2546 775 Gloria,
2582 717 2637 766 et
2662 711 2872 776 honor,
2893 716 3000 765 etc.
3041 713 3098 764 P.
3124 710 3380 768 Iubilate
3412 710 3556 771 Deo.

2307 799 2994 872 0ratz'o.Domine,quem
3010 815 3082 855 ex
3102 798 3347 856 homine
3363 805 3576 859 natum
3597 803 3912 862 homines

2234 892 2689 958 conspexerunt,
2717 893 2773 944 et
2812 887 3167 960 praedictum
3195 888 3348 944 ﬁnes
3377 894 3549 947 terrae
3575 892 3910 961 viderunt,

2231 975 2340 1050 qui
2372 981 2507 1033 ante
2537 977 2738 1050 aliqua
2765 977 3365 1050 temporapraedictus
3393 995 3455 1036 es
3476 981 3740 1038 vocibus
3762 986 3916 1040 Pro-

2231 1065 2566 1137 phetarum,
2597 1072 2652 1121 et
2683 1065 2745 1121 in
2775 1069 3042 1138 tempore
3069 1067 3254 1130 visus,
3279 1070 3338 1124 et
3368 1066 3741 1138 gloriﬁcatus
3769 1087 3918 1129 mo-

2231 1154 2386 1210 dulis
2403 1153 2800 1227 populorum:
2829 1155 3092 1212 concede
3121 1157 3394 1229 proptius
3447 1173 3597 1217 vasa
3627 1175 3748 1218 nos
3795 1165 3916 1220 tua

2233 1243 2339 1300 tibi
2365 1259 2717 1316 permanere
2747 1245 3238 1315 mundissima,ut
3266 1245 3417 1303 lucis
3448 1253 3664 1306 auctor
3690 1266 3814 1306 nos
3843 1256 3910 1308 et

2226 1333 2445 1404 jugiter
2473 1332 2743 1399 illustres,
2758 1339 2815 1389 et
2842 1333 3566 1393 indesinenterinhabites.
3590 1349 3658 1409 Bt.
3677 1340 3917 1398 Amen.

2232 1424 2338 1476 Per
2365 1421 2836 1478 misericordiam
2859 1428 3048 1480 tuam.

2301 1509 2954 1580 Antiphona.Viderunt
2969 1510 3124 1567 oculi
3147 1511 3253 1568 mei
3281 1512 3552 1571 salutare
3573 1515 3921 1585 tuum,Do—

2231 1599 2578 1670 mine,quod
2604 1599 2825 1670 parasti
2847 1600 2905 1654 in
2937 1605 3260 1672 conspectu
3313 1603 3920 1674 populorum.P.Lu—

547 1697 923 1767 Supplicatio.
955 1695 1205 1750 Oremus
1223 1690 1677 1760 Redemptorem
1699 1687 1907 1742 mundi
1930 1685 2126 1740 Domi-
2154 1703 2196 1756 Β
2232 1703 2369 1743 men
2389 1689 2464 1743 ad
2497 1687 2916 1744 revelationem
2954 1690 3248 1756 Gentium,
3302 1697 3358 1746 et
3386 1692 3644 1762 gloriam
3694 1693 3918 1766 plebis

461 1801 614 1844 num
640 1791 912 1841 nostrum
944 1786 1145 1838 Jesum
1168 1781 1631 1846 Christum,cum
1647 1778 1808 1832 omni
1825 1775 2122 1847 supplica-

477 1878 638 1934 tione
666 1888 949 1942 rogemus
984 1876 1079 1937 ;ut
1092 1885 1200 1926 nos
1222 1869 1443 1939 gratias
1467 1865 1789 1923 nativitatis
1802 1870 2122 1934 suae,etper

465 1963 959 2021 intercessionem
976 1961 1172 2016 Sancti
1188 1957 1399 2013 Jacobi
1417 1955 1681 2027 Apostoli
1715 1954 1809 2009 sui
1838 1953 2012 2009 nobis
2030 1968 2122 2009 sa-

462 2049 650 2110 lutem
682 2053 898 2108 animus
928 2053 984 2106 et
1010 2049 1360 2121 corporis,et
1375 2045 1797 2101 remissionem
1845 2046 2122 2115 peccato-

463 2156 618 2206 rum,
632 2145 690 2197 et
703 2155 918 2213 pacem
947 2137 1240 2211 propitius
1257 2135 1515 2192 tribuere
1559 2134 1928 2203 digneturJy.
1968 2132 2118 2187 Prm-

466 2235 562 2288 sta
590 2235 807 2287 aeterne
867 2227 1249 2298 omnipotens
1306 2223 1478 2280 Deus.
1529 2222 1703 2296 Kyrie
1748 2221 1994 2289 eleison,
2050 2232 2116 2293 ἢ.

464 2318 696 2377 Christe
724 2316 970 2374 eleison.
1011 2315 1184 2387 Kyrie
1238 2313 1484 2370 eleison.

531 2406 820 2478 Capitula.
851 2407 1014 2462 Iuste
1032 2403 1345 2474 Domine,a
1369 2417 1490 2475 quo
1517 2400 1698 2473 justis
1720 2399 1934 2456 merito
1944 2397 2119 2471 justi-

459 2494 543 2554 tia
553 2494 738 2552 teneri
756 2491 1239 2564 conceditur,qui
1255 2506 1362 2563 per
1377 2495 1430 2547 te
1445 2490 1604 2561 juste
1616 2489 1810 2546 vivere
1849 2488 2112 2561 cupiunt,

467 2583 546 2640 da
565 2583 878 2656 justitiam,
909 2595 1100 2654 quam
1133 2578 1392 2636 retinent
1443 2582 1664 2642 mente,
1715 2576 2031 2633 ostendant
2053 2577 2116 2632 in

468 2685 669 2744 opere,
697 2685 764 2728 ex
787 2685 909 2744 quo
940 2675 1216 2725 sanctum
1244 2666 1594 2739 Apostolum
1621 2670 1796 2721 tuum
1817 2666 2112 2721 Iacobum

457 2763 615 2816 recte
637 2760 873 2831 justum
894 2757 1266 2814 abomnibus
1298 2755 1728 2825 cognoscimus
1752 2755 2072 2810 vocitatum
2096 2768 2109 2821 ;

457 2847 630 2918 cujus
655 2847 819 2917 justa
835 2844 1076 2918 eloquia
1093 2843 1491 2916 reproborum
1508 2841 1840 2899 confutavit
1861 2841 2114 2898 malitia-

457 2950 598 2991 cum
614 2934 696 2991 illi
711 2949 852 2990 cum
874 2932 1404 3004 fallacianequitiaa
1420 2947 1565 3001 suae,
1591 2936 1647 2986 et
1653 2931 1886 3002 justum
1912 2929 2106 3003 appel,

452 3021 1313 3093 larcnt,etinjustitiamdocere
1338 3023 1618 3092 optarent
1643 3034 1657 3073 :
1685 3019 1766 3074 ob
1782 3018 1897 3075 hoc
1938 3020 2114 3092 quip-
2145 3046 2186 3102 ρ

451 3123 530 3182 pe
559 3124 700 3165 eum
727 3109 791 3164 in
815 3107 1056 3164 sublimi
1081 3108 1220 3163 loco
1267 3107 1618 3163 arcessitum
1659 3112 2010 3171 statuerunt,
2048 3113 2111 3162 ut

458 3197 638 3267 longe
656 3198 895 3270 lateque
913 3195 1042 3267 ejus
1063 3194 1410 3266 praedicatio
1421 3200 1938 3266 resonaret,quam
1966 3211 2110 3252 vera

455 3284 799 3358 loquentem
820 3283 1084 3356 recipere
1113 3281 1455 3347 nolunt,sed
1475 3297 1616 3338 mox
1646 3282 2106 3354 praecipitatum,

455 3377 636 3445 atque
653 3370 1003 3430 decoratum
1035 3370 1320 3443 passione
1344 3368 1607 3426 efﬁciunt
1633 3387 1647 3426 :
1680 3370 1774 3427 fac
1833 3386 1946 3427 nos
1977 3371 2108 3442 ejus

455 3461 703 3525 meritis,
734 3466 789 3517 et
811 3459 1107 3532 justitiam
1137 3463 1332 3516 tenere
1361 3458 1422 3513 in
1451 3465 1666 3524 mente,
1715 3463 1772 3514 et
1805 3475 1938 3515 eam
1964 3475 2108 3530 prae-

453 3547 960 3620 dicarelabenter;
974 3551 1042 3604 ut
1071 3546 1222 3603 sicut
1245 3547 1343 3602 ille
1372 3546 1681 3619 operando
1691 3547 2109 3618 justitiam,Ju-

449 3635 749 3694 stiﬁcatus
777 3637 857 3693 ad
880 3641 938 3693 te
953 3635 1218 3709 pervenit
1255 3650 1362 3708 per
1389 3635 1658 3707 martyrii
1701 3634 1975 3706 gloriam,
2024 3635 2107 3694 ita

451 3735 566 3782 nos
593 3725 727 3796 ejus
751 3723 1048 3796 suffragiis
1060 3739 1165 3797 per
1193 3725 1440 3795 dignam
1469 3725 1881 3796 pcenitentiam
1898 3739 2106 3796 perve-

453 3813 582 3872 nire
609 3828 950 3872 mereamur
973 3813 1054 3871 ad
1067 3813 1555 3886 consequendam
1574 3812 2028 3884 indulgentiam.

525 3902 700 3961 Pater
717 3907 940 3961 noster.

521 3990 779 4049 Liberati
807 4007 844 4049 a
868 3991 1050 4057 malo,
1077 3990 1188 4062 fol.
1209 3995 1270 4048 2.

517 4081 749 4141 Lauda.
785 4081 990 4139 Justus
1009 4085 1074 4138 ut
1088 4081 1295 4154 palma
1317 4079 1561 4139 ﬂorebit.
1583 4079 1936 4138 Benedictio.
1959 4082 2097 4138 Bea-

446 4166 656 4229 tissimi
678 4169 904 4227 Jacobi.
939 4171 1138 4236 Quwre
1157 4169 1271 4240 fol.
1304 4173 1392 4226 60.

543 4259 611 4316 IN
633 4257 849 4316 FESTO
883 4259 1434 4316 CIRCUMCISIONIS
1465 4257 1712 4317 DOMINI
1743 4259 1993 4315 NOSTRI

1025 4347 1186 4405 JESU
1224 4348 1516 4404 CHRISTI.

1082 4437 1175 4494 Ad
1213 4437 1504 4509 Vesperos.

514 4517 747 4584 Lauda.
765 4524 1180 4584 Laudaverunt
1203 4530 1280 4592 te,
1339 4523 1610 4593 Domine,
1641 4537 1856 4582 omnes
1882 4523 2092 4596 Angeli

443 4610 549 4679 lui,
571 4618 630 4671 et
655 4615 992 4673 cecinerunt
1008 4618 1352 4687 Hymmum,
1384 4613 1533 4670 dum
1560 4613 1875 4685 perﬁceres
1903 4611 2090 4669 fabri-

439 4715 578 4760 cam
600 4703 774 4762 caeli:
806 4709 942 4762 tuus
965 4703 1220 4766 estdies.
1248 4707 1308 4760 et
1329 4706 1435 4759 tua
1490 4705 1581 4758 est
1603 4717 1744 4757 nox.
1778 4701 1842 4758 P.
1874 4703 1958 4756 Tu
2007 4701 2092 4757 fe-

441 4791 574 4848 cisti
603 4793 810 4860 solem,
842 4798 898 4852 et
922 4793 1152 4852 lunam.
1182 4792 1246 4855 ἲν.
1272 4795 1356 4848 Tu
1381 4791 1749 4848 conﬁrmasti
1776 4789 1840 4846 in
1874 4789 2090 4847 virtute

438 4882 542 4936 tua
583 4879 1186 4954 mare,contribulasti
1241 4880 1440 4953 capita
1493 4877 1828 4936 draconum
1903 4893 2086 4952 super

440 4979 652 5040 aquas.
673 4968 741 5030 P.
766 4973 849 5028 Tu
872 4970 1084 5028 fecisti.

519 5060 678 5120 Sono.
711 5060 978 5118 Alleluia.
1010 5057 1244 5116 Iustitia
1270 5057 1449 5130 plena
1472 5058 1561 5113 est
1575 5056 1818 5115 dextera
1837 5059 2090 5116 tuame-

436 5157 590 5212 tetur
617 5167 796 5210 mons
828 5150 988 5221 Sion,
1009 5153 1065 5206 et
1086 5146 1349 5204 exultent
1369 5145 1511 5202 ﬁliae
1526 5145 1711 5202 Iudae.
1734 5146 1798 5204 P.
1840 5147 2087 5221 Propter

432 5241 659 5314 judicia
679 5246 803 5298 tua.
825 5238 1094 5301 Alleluia,
1114 5234 1366 5292 alleluia.
1388 5235 1456 5296 if.
1530 5235 1794 5294 Alleluia.
1839 5240 2091 5310 Magnus

439 5332 746 5398 Dominus,
774 5333 830 5386 et
862 5323 1183 5384 laudabilis
1203 5325 1378 5381 valde
1407 5325 1467 5381 in
1498 5325 1729 5384 civitate
1753 5326 1853 5384 Dei
1874 5328 2096 5410 nostri,

434 5421 498 5478 in
525 5423 729 5479 monte
756 5418 962 5474 sancto
978 5413 1106 5484 ejus
1129 5429 1142 5468 :
1164 5413 1425 5472 Dilatans
1437 5414 1826 5476 exultationes
1841 5417 2056 5476 univer
2069 5444 2090 5461 -

438 5523 524 5567 sae
547 5513 740 5568 tem.
766 5503 834 5559 P.
861 5504 1109 5574 Propter
1129 5501 1374 5574 judicia.

2230 1780 2348 1831 tuae
2370 1776 2571 1831 Israel.
2605 1775 2924 1837 V.Domine
2943 1778 3228 1834 Dominus
3240 1786 3441 1836 noster
3467 1798 3652 1854 quam
3700 1783 3923 1842 admi-

2227 1864 2413 1921 rabile
2431 1871 2518 1920 est
2549 1879 2771 1921 nomen
2805 1871 2974 1922 tuum
2990 1867 3050 1922 in
3073 1868 3351 1926 universa
3367 1874 3544 1928 terra.
3569 1871 3916 1933 P.Lumen

2230 1953 2309 2010 ad
2335 1954 2778 2010 revelationem.
2806 1953 2868 2016 ῒ.
2913 1955 3128 2022 Gloria,
3171 1961 3230 2014 et
3251 1957 3465 2024 honor,
3516 1963 3628 2017 etc.
3666 1960 3738 2020 P.
3784 1964 3914 2020 Lu-

2229 2059 2382 2098 men.

2298 2132 2528 2189 Lauda.
2558 2134 2772 2189 Notum
2792 2131 2928 2189 fecit
2957 2133 3242 2191 Dominus
3253 2133 3516 2192 salutare
3531 2145 3907 2210 suum,unte

2227 2225 2611 2294 conspectum
2641 2221 2909 2291 gentium
2929 2223 3214 2280 revelavit
3233 2223 3527 2295 justitiam
3557 2231 3909 2304 suam.62

2225 2310 2489 2376 Alleluia,
2545 2310 2800 2368 alleluia.
2829 2310 2895 2373 ῒ.
2927 2312 3150 2368 Memor
3171 2311 3282 2370 fuit
3309 2313 3744 2375 misericordiae
3767 2336 3912 2380 sum

2224 2401 2428 2464 Iacob,
2462 2406 2514 2454 et
2539 2399 2801 2456 veritatis
2825 2415 2950 2456 suae
2971 2399 3178 2456 domui
3221 2402 3419 2458 Israel.
3443 2403 3509 2459 P.
3551 2405 3708 2463 Ante
3750 2423 3916 2467 con-

2227 2493 2514 2560 spectum.
2545 2487 2609 2550 ἲν.
2643 2487 2859 2556 Gloria,
2905 2492 2963 2545 et
3007 2488 3219 2554 honor,
3271 2493 3382 2548 etc.
3438 2491 3508 2552 P.
3543 2493 3699 2554 Ante
3749 2513 3908 2558 con-

2226 2584 2516 2651 spectum.

2937 2665 3234 2737 Hymnus.

2542 2757 2718 2812 Sacer
2736 2769 3070 2812 OCTAVARUM
3099 2756 3226 2812 dies

2466 2844 2799 2902 Hodiernus
2837 2845 3058 2914 rutilat,

2395 2935 2526 3001 Quo
2547 2933 2895 2990 saecundum
2924 2949 3170 2991 carnem
3195 2935 3465 2995 Christus

2397 3022 2791 3079 Circumcisus
2819 3022 3107 3079 traditur:

2397 3111 2574 3178 Patri,
2607 3125 2730 3166 non
2760 3110 3102 3183 adoptione,

2397 3198 2510 3254 Sed
2537 3204 2865 3254 coaeternus
2894 3213 3126 3268 genere.

2469 3285 2687 3358 Spiritu
2714 3287 3047 3357 completur
3066 3286 3240 3344 alvus

2393 3378 2734 3446 Incorrupta
2759 3375 3034 3446 Virginis,

2393 3465 2538 3529 Quae
2555 3463 2797 3535 pariens
2825 3464 3044 3520 mansit
3078 3464 3296 3522 caelebs

2390 3551 2585 3621 Virgo,
2608 3565 2792 3622 quam
2821 3566 3168 3624 puerperam

2393 3640 2704 3697 lnlibatam
2736 3641 3088 3698 Genitricem

2389 3728 2588 3785 Proles
2613 3733 2840 3785 castam
2871 3728 3074 3800 elegit:

2459 3817 2601 3874 Inde
2633 3819 2872 3876 Simeon
2901 3818 3260 3889 grandaevus

2388 3908 2588 3965 Ovans
2609 3907 2766 3964 ulnis
2785 3906 3025 3978 accipit,

2383 3995 2866 4068 Amplexansque
2893 3996 3212 4054 videbatur

2387 4085 2653 4144 Salutare
2683 4085 2936 4142 Domini:

2381 4175 2623 4232 Resolve
2647 4175 2777 4247 jam
2800 4189 2962 4231 nunc
2988 4173 3053 4230 in
3082 4189 3230 4247 pace

2381 4267 2552 4320 Arius
2574 4263 2723 4320 istos
2743 4261 3014 4333 fragiles.

2453 4351 2567 4410 Sed
2593 4366 2704 4408 nec
2737 4351 2838 4409 illa
2863 4352 3064 4424 impar
3087 4352 3264 4410 Anna

2379 4441 2751 4498 Continentia
2777 4440 3078 4511 gradiens.

2377 4531 2571 4596 Quam
2594 4530 2658 4586 in
2685 4529 2831 4586 ﬂore
2855 4529 3178 4601 juventutis

2376 4619 2606 4690 Conjux
2624 4617 2974 4675 viduaverat

2375 4707 2719 4778 Vagientem
2749 4706 3061 4763 conﬁtetur

2376 4797 2518 4852 Fore
2542 4795 2756 4852 mundi
2777 4794 3130 4867 Principem.

2445 4887 2606 4941 Tunc
2620 4884 2960 4942 veneranda
2987 4899 3062 4942 ex
3077 4883 3210 4956 lege

2375 4973 2712 5032 Oﬂeruntur
2734 4987 2986 5030 munera

2372 5064 2706 5128 Turturum,
2729 5062 3271 5137 columbarumque

2319 5197 2321 5199 .
2375 5152 2522 5208 Bina
2547 5152 2608 5207 in
2635 5151 2952 5219 sacriﬁcia;

2376 5243 2518 5306 Quae
2548 5241 2834 5312 corporis,
2866 5240 3202 5315 animaeque

2377 5329 2694 5384 Puritatem
2719 5327 3018 5387 docerent.

2444 5415 2692 5489 Impleta
2718 5421 2807 5474 est
2827 5418 3036 5490 priscae
3063 5419 3124 5476 in

2378 5505 2545 5576 Legis
2571 5505 2976 5567 Circumcisio:
