4076 6418
580 316 681 373 143
1828 300 2171 361 BHEVIARI

2334 298 2715 360 GOTHICUM.
3862 313 3948 368 (44

574 437 926 495 nedictionis
954 434 1376 507 multiplicetur
1402 432 1464 488 in
1494 430 1863 488 abundantia
1890 426 2081 501 pacis.
2142 436 2213 495 13;.
2252 426 2301 480 A
2332 422 2394 478 in
2419 426 2704 499 tempore,
2736 427 2885 485 dum
2919 428 3116 487 octavi
3162 426 3278 484 diei
3329 426 3717 485 ministerium
3766 445 3947 492 conse-

478 583 489 589 ,
576 528 791 583 Amen.
829 526 939 580 Per
968 521 1460 579 misericordiam.
2330 526 2506 568 crans
2537 514 2597 570 in
2633 516 2893 585 gloriosa
2912 531 3089 573 carne
3115 521 3237 587 tua,
3282 518 3337 571 et
3383 515 3822 576 circumcisione
3863 537 3943 579 ve-

646 615 1003 685 Antiphona.
1040 613 1278 667 Simeon
1299 610 1360 665 in
1397 608 1624 681 templo
1644 605 1893 664 elevavit
1916 618 2126 661 vocem
2141 601 2223 658 di-
2330 604 2421 654 tus
2439 602 2815 671 signaculum
2845 604 3089 677 excipis,
3121 607 3179 661 et
3201 618 3422 661 nomen
3450 603 3555 660 tibi
3618 608 3941 667 nunciatum

583 719 745 761 cens.
774 702 840 758 P.
874 704 1041 758 Nunc
1072 699 1341 767 dimittis,
1370 697 1642 764 Domine,
1671 711 1909 752 servum
1942 698 2108 749 tuum
2158 692 2220 746 in
2328 687 2404 744 ab
2428 691 2652 760 Angelo
2677 692 2897 766 accipis
2918 693 3161 766 :largire
3189 692 3365 750 nobis
3391 692 3675 765 indignis,
3737 701 3796 754 ut
3822 713 3941 757 cum

581 808 730 863 pace
764 807 775 846 :
805 790 946 863 quia
970 788 1247 845 viderunt
1266 786 1425 844 oculi
1451 785 1569 841 mei
1596 783 1853 841 salutare
1874 780 2083 855 populi
2109 779 2216 847 tui,
2325 774 2452 833 haec
2470 782 2572 835 tua
2604 781 2890 853 mysteria
2933 782 3361 839 lncarnationis
3404 781 3582 855 plena
3622 784 3940 845 credulitate

578 879 642 939 )7.
668 878 919 935 Domine
939 877 1095 933 Deus
1115 873 1561 946 virtutum,quis
1589 870 1796 928 similis
1834 869 1978 927 tibi?
2008 872 2217 939 potens
2324 867 2972 942 suscepimus,pleniori
2994 874 3047 927 te
3067 870 3281 928 affectu
3308 870 3602 928 mentium
3626 872 3936 945 diligamus:

578 983 660 1033 es,
698 966 965 1030 Domine,
989 969 1045 1021 et
1070 964 1281 1020 veritas
1301 968 1404 1019 tua
1423 962 1484 1018 in
1513 960 1760 1017 circuitu
1791 962 1912 1016 tuo.
1956 956 2018 1011 P.
2052 958 2216 1012 Nunc
2325 958 2463 1011 etut
2490 956 2551 1011 in
2579 961 2632 1013 te
2660 973 2902 1031 quoque
2920 959 3460 1031 secundumlegem
3506 961 3739 1018 Domini
3759 963 3937 1021 salutis

575 1054 842 1111 dimittis.
869 1054 933 1114 γ.
966 1052 1183 1110 Gloria.
1224 1051 1285 1105 P.
1320 1053 1504 1106 Nunc.
2325 1050 2542 1101 nostrae
2563 1048 2847 1119 mysteria
2870 1048 3148 1106 universa
3168 1048 3427 1122 perfecta
3446 1054 3602 1120 sunt,
3637 1050 3721 1107 sic
3757 1052 3935 1110 creda-

648 1144 870 1199 Oratio.
897 1138 1601 1210 Beatam,Domine,illam
1624 1137 1768 1208 justi
1796 1134 1879 1191 tui
1927 1131 2217 1190 Simeonis
2325 1148 2480 1197 mus,
2512 1134 2594 1190 sic
2616 1136 2998 1201 amemus,sic
3027 1152 3277 1210 operum
3316 1136 3691 1195 efﬁcientiam
3714 1140 3935 1213 implea-

575 1245 786 1287 vocem
807 1230 900 1285 fac
925 1229 985 1283 in
1010 1227 1185 1284 nobis
1214 1226 1344 1297 pari
1390 1223 1693 1293 diligentia
1754 1233 2118 1293 personare:
2151 1222 2217 1275 ut
2324 1222 2638 1280 mus:utde
2655 1222 3012 1293 perfectione
3063 1229 3302 1282 tuorum
3353 1226 3775 1284 mandatorum
3807 1228 3932 1285 etin

576 1318 719 1389 quia
744 1317 1035 1380 videmus,
1070 1319 1126 1370 et
1155 1313 1453 1369 credimus
1484 1311 1737 1367 salutare
1754 1313 1946 1378 tuum;
1965 1308 2024 1363 in
2042 1321 2210 1380 pace,
2319 1306 2433 1364 hac
2454 1310 2927 1381 peregrinatione
2951 1312 3352 1371 consistamus
3373 1314 3688 1371 indemnes
3717 1320 3771 1373 et
3794 1315 3864 1373 ad
3890 1322 3933 1373 te

572 1419 709 1461 cum
735 1403 1005 1476 jusseris,
1034 1401 1581 1457 dimittamurmon
1611 1414 1788 1471 quoa
1824 1402 1879 1453 te
1929 1396 2213 1453 dimissos
2320 1402 2455 1468 post
2497 1399 2809 1455 transitum
2858 1416 3196 1459 mereamur
3252 1402 3557 1475 pervenire
3618 1403 3825 1461 felices.
3868 1416 3925 1473 It.

566 1492 700 1547 ﬁnis
728 1492 861 1547 vitae
889 1489 1176 1562 accipiat;
1210 1488 1317 1545 sed
1344 1492 1509 1559 perte
1537 1486 1899 1543 absolutosa
1923 1483 2211 1552 debito,in

562 1581 682 1636 ﬁne
700 1596 823 1653 pax
840 1578 1205 1651 sempiterna
1234 1575 1623 1649 possideatur.
1655 1576 1868 1632 Amen.
1893 1574 2001 1630 Per
2029 1572 2211 1629 mise-
2936 1578 3010 1633 In
3044 1578 3343 1635 laudibus.

569 1664 892 1725 ricordiam
932 1672 1117 1722 tuam.
2385 1662 2484 1717 Ad
2508 1664 3593 1736 CanticumAntip/tona.Lastabuntur
3608 1668 3926 1742 omnes,qui

636 1756 1009 1825 Antiphona.
1036 1752 1307 1808 Vidimus
1359 1751 1610 1822 gloriam
1645 1750 1900 1817 Domini,
1954 1748 2208 1821 gloriam
2236 1753 2281 1809 Β
2315 1756 2453 1807 sunt
2482 1767 2664 1823 super
2692 1758 2911 1809 terram
2938 1770 2949 1809 :
2974 1769 3071 1810 ros
3097 1755 3258 1811 enim
3280 1756 3384 1828 qui
3406 1756 3518 1813 abs
3540 1760 3593 1814 te
3615 1757 3923 1823 est,sanitas

2312 1842 2400 1895 est
2422 1838 2613 1895 nobis.
2646 1840 2707 1901 7V.
2736 1843 2815 1897 De
2834 1846 3007 1898 nocte
3034 1842 3241 1913 vigilat
3264 1843 3507 1915 spiritus
3530 1861 3712 1902 meus.

2761 1930 3073 1987 Canticum
3099 1931 3504 2004 (Isaiw,xxvr).

2381 2016 2461 2069 De
2496 2019 2669 2071 nocte
2699 2016 2899 2087 vigilat
2954 2018 3197 2090 spiritus
3249 2035 3421 2076 meus
3457 2022 3539 2078 ad
3591 2026 3666 2089 te,
3710 2024 3875 2079 Deus:
3906 2022 3921 2042 ⁶

2305 2100 2449 2172 quia
2473 2101 2576 2157 lux
2595 2108 2893 2176 praecepta
2916 2107 3019 2161 tua
3045 2111 3184 2163 sunt
3205 2122 3385 2178 super
3404 2112 3645 2165 terram.

2374 2188 2671 2246 Justitiam
2687 2190 2917 2261 discite,
2948 2194 3053 2264 qui
3072 2192 3353 2252 habitatis
3377 2200 3598 2253 terram
3625 2214 3636 2252 :
3655 2199 3670 2214 '
3691 2194 3917 2252 cessabit

2304 2276 2464 2332 enim
2485 2277 2724 2349 impius.

2375 2366 2579 2422 Omnis
2611 2368 2791 2434 enim,
2824 2369 2929 2440 qui
2958 2385 3081 2426 non
3102 2370 3373 2430 didicerit
3407 2373 3699 2445 justitiam
3762 2384 3913 2443 super

2303 2457 2540 2522 terram,
2576 2456 2879 2513 veritatem
2895 2473 3018 2514 non
3048 2458 3221 2516 faciet
3250 2462 3269 2480 '
3302 2460 3539 2519 tollatur
3578 2462 3807 2534 impius,
3850 2473 3909 2514 ne

2300 2541 2499 2599 videat
2517 2544 2894 2615 majestatem
2918 2547 3173 2605 Domini.

2372 2630 2620 2688 Domine
2648 2632 2950 2689 excelsum
2978 2640 3065 2690 est
3086 2635 3402 2695 brachium
3428 2644 3619 2708 tuum,
3648 2644 3702 2695 et
3717 2640 3906 2694 nescie-

2299 2724 2472 2776 runt:
2501 2736 2639 2777 cum
2664 2726 2865 2779 autem
2896 2726 3299 2793 cognoverint,
3342 2728 3800 2785 confundantur:

2319 1489 2525 1543 Amen.
2560 1488 2669 1543 Per
2698 1488 3194 1546 misericordiam.
3212 1490 3506 1548 Dominus
3538 1492 3921 1563 sit.Iy.Etcum.

559 1844 737 1917 quasi
763 1840 1059 1912 Unigeniti
1098 1856 1135 1896 a
1164 1840 1357 1895 Patre.
1382 1839 1446 1893 P.
1479 1838 1723 1895 Plenum
1742 1838 1952 1908 gratia,
1984 1842 2041 1894 et
2057 1837 2206 1893 veri-

560 1938 701 1992 tate.
738 1932 803 1992 ἲν.
828 1930 993 1987 Sicut
1019 1928 1383 1994 audivimus,
1409 1928 1490 1984 ita
1504 1930 1563 1983 et
1579 1927 1838 1983 vidimus
1860 1927 1922 1983 in
1972 1926 2202 1983 civitate

561 2020 797 2078 Domini
816 2020 1123 2081 virtutum,
1152 2018 1215 2073 in
1236 2017 1467 2073 civitate
1493 2014 1596 2071 Dei
1627 2015 1860 2073 nostri:
1884 2016 2037 2071 Deus
2064 2015 2200 2071 fun-

555 2109 718 2165 davit
737 2123 873 2163 eam
894 2108 955 2163 in
983 2110 1291 2162 aeternum.
1320 2105 1383 2159 P.
1415 2104 1664 2160 Plenum
1708 2104 1914 2174 gratia.
1948 2103 2011 2163 ἲν.
2068 2103 2199 2161 Glo-

552 2198 661 2264 ria,
692 2200 750 2253 et
784 2196 999 2265 honor,
1030 2198 1139 2251 etc.
1173 2194 1237 2249 P.
1260 2193 1527 2249 Plenum.

627 2282 1135 2342 Oratio.Vidimus
1155 2282 1408 2353 gloriam
1426 2287 1610 2350 tuam,
1644 2282 1912 2345 Domine,
1944 2280 2195 2352 gloriam

556 2374 734 2446 quasi
761 2371 1055 2442 Unigeniti
1084 2386 1120 2427 a
1136 2371 1794 2442 Patre,primogenitum
1816 2369 2059 2438 Deitate,
2082 2369 2196 2441 pri-

561 2462 935 2533 mogenitum
957 2474 1206 2517 munere
1238 2476 1255 2514 :
1288 2458 1405 2515 illic
1422 2460 1666 2517 unicum
1684 2458 1995 2525 Patris,hic
2012 2459 2194 2531 praeci

545 2565 738 2622 puum
758 2549 910 2604 inter
938 2548 1148 2603 fratres
1173 2564 1189 2601 :
1217 2546 1301 2602 ibi
1353 2562 1492 2603 cum
1526 2548 1697 2605 Patre
1733 2563 1944 2612 unum,
2010 2546 2107 2602 hic
2130 2546 2193 2603 in

542 2636 826 2694 fratribus
846 2636 1107 2709 primum
1142 2652 1161 2707 ;
1187 2635 1307 2691 illic
1331 2636 1638 2709 aequaliter
1670 2636 2109 2703 subsistentem,
2136 2635 2194 2691 et

538 2726 601 2783 in
624 2726 758 2782 sinu
780 2725 969 2782 Patris
998 2729 1365 2791 manentem,
1419 2724 1517 2782 hic
1540 2728 1735 2782 socios
1782 2739 1904 2781 non
1946 2723 2193 2780 derelin-

541 2818 825 2887 quentem
849 2832 863 2873 :
890 2812 1105 2883 largire
1135 2827 1279 2883 ergo
1332 2817 1432 2869 tuo
1467 2812 1594 2869 ﬁeri
1616 2813 1935 2885 participes
1978 2826 2187 2881 regno,

531 2900 753 2974 quibus
784 2917 846 2956 es
867 2900 1221 2972 propitiatus
1246 2900 1306 2955 in
1334 2899 1562 2956 mundo
1593 2918 1612 2966 ;
1640 2899 1981 2973 quibusque
2010 2900 2191 2956 adve-

530 2990 669 3046 nisti
691 2989 858 3060 prius
877 2987 1446 3059 Redemptor,existe
1462 2988 1523 3043 in
1538 2988 1736 3045 futuro
1750 2991 2183 3044 remunerator.

532 3089 599 3145 Bg.
624 3077 832 3132 Amen.
867 3078 972 3131 Per
1000 3075 1477 3131 misericordiam
1525 3081 1723 3132 tuam.
1775 3088 1836 3143 BI.
1892 3078 2024 3144 lste,
2078 3076 2183 3147 qui
2215 3096 2262 3159 α
2293 3074 2453 3129 enim
2486 3075 2699 3131 dedisti
2728 3075 2924 3133 nobis.

530 3167 809 3222 natusest
827 3164 1173 3235 Redemptio
1212 3169 1435 3231 nostra,
1464 3169 1521 3220 et
1580 3164 1892 3227 Dominus,
1941 3168 1997 3220 et
2019 3164 2174 3220 Deus

2294 2910 2456 2953 nunc
2484 2899 2639 2968 ignis
2667 2899 3043 2957 adversarios
3067 2905 3389 2962 consumit.

523 3341 730 3399 labore
750 3341 812 3397 in
842 3344 997 3396 terra
1030 3338 1391 3411 captivitatis
1412 3338 1531 3411 64
1555 3340 1862 3399 nostrain
1888 3340 2176 3397 Parvulus
2284 3337 2577 3395 cabimus.

524 3435 701 3487 natus
722 3432 812 3486 est
843 3427 1040 3496 nobis,
1071 3426 1230 3482 ﬁlius
1254 3426 1433 3483 datus
1465 3430 1553 3482 est
1572 3428 1767 3491 nobis,
1802 3433 1856 3483 et
1876 3427 2065 3484 factus
2083 3432 2174 3487 est

521 3516 893 3590 principatus
916 3516 1047 3586 ejus
1077 3530 1259 3587 super
1276 3514 1559 3571 humeros
1581 3515 1632 3586 ej
1643 3516 1938 3588 us.P.lpse
1961 3532 2171 3575 conso-

519 3602 760 3661 labitur.
781 3603 842 3663 ὴ.
877 3602 1089 3667 Gloria,
1122 3607 1179 3659 et
1202 3602 1413 3671 honor,
1441 3605 1551 3659 etc.
1606 3603 1667 3659 P.
1715 3606 1847 3676 Ipse
1892 3606 2171 3664 consola-

520 3685 823 3833 ngam.
850 3774 1100 3831 Domine
1120 3776 1257 3831 Jesu
1278 3774 1522 3839 Christe,
1563 3776 1661 3846 qui
1698 3791 1761 3831 es
1822 3777 2168 3850 Redemptio

517 3867 744 3929 nostra,
775 3868 833 3921 et
852 3862 1011 3920 salus
1036 3868 1262 3929 nostra,
1306 3878 1456 3920 sana
1515 3864 1759 3941 plagam
1803 3866 2167 3923 contritionis

515 3952 867 4025 nostrm,qui
884 3951 1200 4024 suscepisti
1227 3966 1469 4008 carnem
1494 3951 1825 4024 fragilitatis
1848 3953 2161 4025 humanm;

517 4040 704 4113 et,qui
731 4040 980 4097 veniens
1005 4056 1189 4097 onera
1213 4044 1416 4097 nostra
1446 4040 1759 4098 sublevare
1775 4042 2058 4114 dignatus
2075 4059 2159 4110 es,

2281 3516 2397 3573 dici
2428 3516 2850 3574 exuscitabunt
2879 3537 2892 3577 :

2277 3694 2621 3750 masculum
2640 3710 2867 3753 eorum.

2276 3874 2465 3929 terrae.

2344 3962 2616 4033 Domine,
2648 3962 3098 4023 intribulatione
3127 3968 3367 4027 modica
3412 3984 3648 4028 memor
3665 3967 3741 4025 fui
3762 3982 3775 4032 ;
3800 3966 3813 3981 '
3838 3960 3885 4016 in

2270 4050 2649 4109 tribulatione
2678 4053 2920 4111 modica
2946 4054 3104 4111 facta
3131 4060 3219 4113 est
3247 4058 3443 4115 nobis.

509 4143 880 4204 quaesumus,
930 4135 1059 4185 uta
1088 4128 1261 4185 malis
1322 4128 1604 4202 operibus
1655 4135 1891 4188 nostros
1928 4132 2159 4189 labores

510 4231 783 4285 evacues,
810 4222 1135 4291 nostraque
1153 4218 1350 4276 studia
1379 4219 1515 4291 pius
1546 4219 1606 4276 in
1630 4219 1793 4278 bono
1814 4222 2155 4279 conﬁrmes.

510 4316 581 4374 at.
623 4307 831 4363 Amen.
865 4307 975 4362 Per
1009 4307 1477 4365 misericordiam
1507 4312 1700 4367 tuam.

582 4393 1251 4494 Antiphontapostquam
1276 4397 1677 4494 consunmmati
1698 4396 1977 4454 suntdies
1992 4402 2148 4471 octo,
2181 4440 2228 4494 Β

506 4486 574 4540 ut
597 4483 1112 4542 circumcideretur
1128 4486 1802 4543 Dominus.P.Vocatum
1819 4491 1907 4543 est
1923 4502 2146 4545 nomen

503 4571 637 4645 ejus
656 4573 1018 4646 Jesus,quod
1031 4578 1311 4632 vocatum
1330 4579 1419 4631 est
1437 4574 1518 4631 ab
1536 4573 2141 4648 Angelo,priusquam

501 4660 911 4734 conciperetur
925 4662 987 4719 in
1014 4663 1487 4721 utero.Tulerunt
1518 4666 1719 4719 autem
1744 4661 1912 4720 illum
1930 4663 1993 4720 in
2018 4665 2142 4723 Hie-

499 4748 843 4823 rusalem,et
870 4755 935 4808 ut
948 4752 1321 4825 perfecerunt
1343 4750 1549 4808 omnia
1578 4750 1910 4808 secundum
1946 4751 2141 4824 legem

500 4838 1088 4897 Dominizcrescebat
1112 4856 1279 4913 puer,
1327 4844 1384 4896 et
1429 4836 1877 4896 confortabatur
1928 4840 2143 4913 plenus

498 4926 806 5000 sapientia,
871 4935 928 4987 et
950 4930 1140 5001 gratia
1189 4929 1290 4985 Dei
1310 4932 1438 4985 erat
1473 4926 1535 4983 in
1596 4926 1716 4984 illo.
1742 4927 1807 4989 ἲν.
1846 4930 2143 4995 Quoniam

494 5028 631 5072 ecce
652 5031 822 5089 reges
844 5023 1013 5075 terrm
1039 5016 1383 5087 congregati
1405 5018 1629 5083 sunt,et
1648 5022 2054 5076 convenerunt
2082 5018 2145 5076 in

492 5117 703 5161 unum.
741 5107 804 5161 P.
841 5108 1125 5163 Vocatum
1148 5108 1261 5160 est.
1298 5103 1365 5162 i7.
1402 5102 1615 5165 Gloria,
1670 5107 1724 5159 et
1753 5104 1966 5174 honor,
2021 5112 2137 5165 etc.

489 5194 559 5255 P.
592 5197 880 5255 Vocatum
932 5196 1043 5250 est.

564 5286 790 5343 Oratio.
821 5282 1069 5347 Christe,
1101 5279 1206 5337 Dei
1235 5278 1540 5353 Filius,qui
1563 5282 1740 5337 natus
1760 5296 1831 5337 ex
1874 5282 2141 5356 muliere,

485 5373 679 5431 factus
704 5370 819 5426 sub
846 5369 975 5440 lege
1002 5367 1081 5425 ad
1109 5365 1560 5423 conﬁrmandas
1578 5368 2006 5440 promissiones
2035 5373 2142 5431 Pa-

483 5466 667 5529 trum,
696 5458 965 5515 minister
1020 5455 1490 5512 circumcisionis
1539 5471 1603 5512 es
1648 5456 1881 5526 factus;
1912 5462 1995 5526 ut,
2034 5462 2139 5534 qui

483 5548 814 5625 promissus
831 5546 1029 5605 fueras
1046 5560 1121 5603 ex
1134 5543 1594 5618 lege,plenitudo
1612 5544 1793 5618 ipsius
1812 5546 1961 5621 legis
1975 5564 2137 5610 esses

2339 4139 2498 4195 Sicut
2521 4142 2855 4211 parturiens
2885 4143 3161 4214 proxima
3190 4151 3280 4203 est
3300 4150 3523 4219 partui,
3551 4147 3684 4205 etin
3710 4140 3882 4200 dolore

2265 4242 2378 4284 suo
2409 4227 2627 4285 clamat
2649 4246 2667 4283 :
2700 4230 2719 4251 ‘
2748 4229 2830 4287 ita
2852 4230 2990 4287 facti
3021 4249 3234 4290 sumus
3269 4235 3513 4294 delicto:

2333 4318 2574 4387 Propter
2594 4316 2871 4375 timorem
2902 4324 3090 4389 tuum,
3137 4322 3411 4394 Domine,
3462 4325 3525 4382 in
3556 4327 3722 4381 utero
3747 4328 3881 4375 acce-

2261 4402 2483 4475 pimus,
2514 4406 2537 4427 '
2565 4406 3071 4478 etparturivimus
3119 4410 3395 4482 spiritum
3448 4412 3676 4475 salutis,
3722 4414 3879 4480 quem

2255 4491 2444 4551 fecisti
2467 4510 2643 4566 super
2665 4500 2905 4553 terram.

2324 4583 2627 4653 Exurgant
2650 4584 2889 4649 mortui,
2909 4588 2966 4642 et
2992 4591 3306 4658 resurgant
3337 4590 3446 4662 qui
3466 4590 3531 4647 in
3557 4592 3878 4646 monumen-

2249 4668 2322 4749 tis
2346 4673 2488 4725 sunt
2519 4686 2531 4725 :
2558 4670 2573 4687 '
2601 4674 2658 4728 et
2675 4670 3047 4731 laetabuntur
3093 4690 3341 4749 omnes,
3370 4677 3476 4750 qui
3534 4680 3672 4735 sunt
3728 4678 3877 4741 super

2249 4766 2471 4820 terram
2492 4774 2504 4814 :

2322 4848 2439 4902 Bos
2465 4861 2605 4903 eum
2626 4847 2729 4920 qui
2776 4848 2887 4905 abs
2928 4854 2982 4907 te
3002 4856 3110 4919 est,
3152 4853 3378 4911 sanitas
3425 4857 3516 4912 est
3534 4853 3683 4921 illis;
3708 4852 3722 4871 '
3748 4852 3877 4906 terra

2250 4948 2394 4991 vero
2416 4934 2737 5007 impiorum
2764 4937 2994 5010 peribit.

2332 5023 2591 5082 Ambula
2616 5025 2837 5099 popule
2892 5043 3079 5100 meus,
3122 5034 3179 5086 et
3234 5031 3389 5090 intra
3454 5045 3724 5090 recessus
3769 5027 3877 5081 tuas

2256 5111 2566 5170 absconde
2594 5114 2882 5187 pusillum
2912 5117 3375 5190 aliquantulum,
3401 5121 3629 5181 'donec
3654 5110 3878 5177 ιηωεεαί

2256 5201 2347 5257 ira
2380 5202 2635 5258 Domini.

2322 5292 2381 5345 P.
2414 5291 2494 5345 De
2524 5295 2695 5347 nocte
2736 5293 2959 5365 vigilat.

2321 5378 2534 5446 Gloria,
2576 5384 2632 5436 et
2658 5380 2852 5438 honor
2889 5384 3069 5454 Patri,
3094 5389 3202 5442 etc.

2318 5468 2379 5520 P.
2415 5468 2797 5527 Laetabuntur
2823 5486 3055 5530 omnes.

2316 5554 2833 5634 0ratio.Deus,qui
2858 5566 3067 5621 notum
3088 5563 3277 5623 fecisti
3300 5566 3362 5625 in
3381 5565 3627 5641 populis
3637 5563 3863 5625 salutare

2368 2808 2535 2865 Zelus
2587 2810 2983 2883 apprehendit
3033 2813 3327 2885 populum
3384 2816 3815 2873 ineruditum:'
3861 2816 3906 2866 et
3996 2834 4001 2841 ε

2366 2987 2613 3043 Domine
2638 2990 2795 3044 Deus
2824 2993 3043 3055 noster,
3085 3006 3299 3062 pacem
3330 2993 3408 3050 da
3436 2994 3615 3052 nobis
3642 3008 3654 3049 :
3692 2996 3708 3017 ‘
3729 2988 3902 3048 omnia
3998 3012 3999 3015 η

2363 3161 2614 3218 Domine
2660 3163 2814 3219 Deus
2874 3169 3090 3237 noster,
3148 3169 3396 3239 posside
3444 3167 3897 3227 nos:‘Domine,
3992 3164 4001 3201 ἓ

528 3258 635 3309 est.
659 3252 724 3307 P.
755 3256 885 3325 lpse
910 3250 1318 3307 consolabitur
1373 3267 1483 3307 nos
1516 3268 1553 3307 a
1591 3252 1769 3322 plaga
1798 3256 2017 3320 nostra,
2050 3257 2106 3308 et
2143 3269 2180 3310 a
2287 3255 2499 3318 praeter
2524 3255 2578 3307 te
2607 3251 2792 3307 alium
2821 3268 2945 3309 non
2974 3255 3289 3312 novimus:
3325 3273 3552 3317 nomen
3582 3264 3744 3316 tuum
3763 3256 3899 3312 invoo

2356 3428 2564 3484 Mortui
2585 3432 2785 3485 autem
2811 3430 2995 3486 vitam
3039 3446 3161 3489 non
3214 3433 3522 3501 videbunt,
3550 3440 3567 3457 '
3589 3449 3773 3508 neque
3799 3444 3896 3487 me-
3992 3458 3995 3467 ·

2350 3606 2488 3661 ldeo
2505 3620 2685 3678 super
2704 3605 3013 3679 induxisli,
3032 3610 3046 3625 '
3068 3613 3123 3666 et
3143 3610 3454 3682 perdidisti
3476 3618 3534 3672 et
3552 3611 3726 3671 tulisti
3741 3620 3889 3667 omne
3989 3624 3991 3645 ι

2346 3783 2513 3841 Adde
2539 3784 2676 3855 illis,
2707 3786 2976 3854 Domine,
3006 3788 3187 3858 mala,
3221 3792 3240 3811 '
3267 3791 3424 3848 adde
3454 3794 3619 3851 mala
3655 3782 3887 3863 gloriosis
3985 3790 3987 3825 ξ
