4076 6404
196 292 282 351 145
1226 293 1575 352 DOMINICA
1613 292 1800 348 ANTE
1839 290 2298 356 EPIPHANIAM
2338 301 2622 360 DOMINI.

3543 298 3647 353 146

206 429 359 475 tuum
386 418 531 472 ante
583 421 1005 490 conspectum
1037 417 1330 490 Gentium,
1374 418 1694 476 revelando
1713 417 1885 490 justi-
1915 415 1962 471 A
1997 420 2067 478 IN
2106 424 2446 484 DOMINICO
2486 427 2667 483 ANTE
2734 425 3183 492 EPIPIIANIAM,
3245 422 3394 482 SIVE
3434 421 3643 478 APPA-

211 509 338 567 tiam
369 511 563 571 tuam,
614 506 1090 564 miserationum
1135 511 1372 565 tuarum
1427 507 1602 564 nobis
1647 508 1886 580 copiam

207 595 540 659 manifesta,
572 599 660 664 ut,
707 596 819 667 qui
854 595 1132 652 salutaris
1178 598 1260 654 tui
1290 597 1500 654 notitia
1529 597 1882 674 I‘elevamur,

201 684 556 744 revelatione
569 683 822 754 justitiee
843 684 1246 743 consolemur.
1272 690 1553 756 IpAmen.
1575 687 1685 742 Per
1713 685 1886 743 mise-

200 773 526 832 ricordiam
557 775 750 829 tuam.

267 863 353 919 Ad
379 862 770 918 Benedictus.
805 862 1171 933 Antiphone.
1204 863 1331 919 Tibi
1373 863 1483 920 soli
1516 863 1636 919 Deo
1666 863 1882 926 honor,

201 956 254 1008 et
282 951 501 1021 gloria,
531 951 738 1014 virtus,
759 954 818 1006 et
852 954 1117 1023 potestas
1146 952 1208 1007 in
1250 951 1471 1010 smeula
1503 951 1882 1008 saeculorum.

267 1042 576 1098 Psalmus.
613 1039 970 1096 Benedictus
1011 1057 1074 1096 es
1118 1041 1407 1099 Dominus
1462 1042 1616 1099 Deus
1641 1047 1880 1114 patrum

200 1135 578 1188 nostrorum.
624 1129 820 1194 Quare
844 1129 960 1199 fol.
991 1134 1042 1185 6.

265 1221 456 1276 Sono.
491 1217 766 1274 Alleluia.
801 1217 1040 1275 Justitia
1072 1219 1277 1293 plena.
1321 1221 1512 1286 Quare
1538 1221 1650 1290 fol.
1681 1224 1767 1275 6t.

263 1307 506 1363 Lauda.
542 1305 808 1362 Laudate
822 1305 1146 1363 Dominum
1169 1307 1243 1363 de
1266 1307 1876 1374 coelis..~\lleluia,alle-

185 1395 331 1459 luia,
386 1393 656 1450 alleluia.
707 1393 971 1449 Laudate
1011 1410 1149 1451 eum
1179 1395 1241 1452 in
1273 1395 1539 1453 excelsis.
1582 1397 1698 1467 65
1730 1395 1877 1451 Alle-

183 1484 339 1542 luia.
404 1483 672 1539 Laudate
719 1499 861 1539 eum
915 1498 1130 1540 omnes
1169 1484 1376 1555 Angeli
1413 1485 1544 1555 ejus
1577 1502 1589 1541 :
1623 1485 1868 1542 laudate

184 1588 330 1628 eum
413 1587 632 1627 omnes
707 1571 954 1628 virtutes
1033 1573 1184 1644 ejus.
1250 1572 1521 1630 Alleluia.
1604 1574 1876 1631 Psalmus

186 1676 441 1719 CXLVIII.
475 1667 540 1716 ut
565 1675 770 1732 supra.

324 1749 538 1804 Lectio
573 1749 718 1804 libri
741 1748 939 1805 Esaiae
961 1749 1297 1820 ProphetiaD
1318 1750 1480 1821 (Cap.
1503 1751 1730 1823 XLVIII).

258 1849 324 1907 ﬁ.
353 1839 481 1894 Deo
515 1837 766 1906 gratias.

258 1928 401 1982 Haec
441 1924 595 1982 dicit
637 1926 928 1982 Dominus
961 1943 973 1981 :
1021 1925 1176 1984 Audi
1207 1942 1306 1983 me
1334 1928 1545 1994 Jacob,
1587 1933 1642 1984 et
1671 1929 1869 1993 Israel,

184 2029 375 2087 quem
403 2028 522 2084 ego
545 2028 696 2070 voco
726 2031 738 2069 :
772 2028 886 2084 ego
920 2014 1069 2087 ipse,
1102 2029 1215 2086 ego
1244 2015 1502 2088 primus,
1544 2019 1599 2073 et
1625 2031 1735 2086 ego
1775 2031 1874 2073 no-

187 2103 509 2160 vissimus.
542 2105 753 2159 Manus
780 2118 1026 2176 quoque
1069 2118 1210 2160 mea
1245 2103 1517 2162 fundavit
1543 2109 1784 2171 terram,
1818 2123 1876 2177 et

190 2192 450 2250 dextera
482 2208 624 2248 mea
642 2207 856 2249 mensa
876 2196 962 2249 est
988 2193 1172 2250 caelos
1195 2212 1209 2262 ;
1227 2209 1340 2265 ego
1360 2209 1511 2251 voco
1533 2210 1655 2262 eos,
1680 2198 1736 2251 et
1760 2198 1875 2254 sta-

180 2282 339 2338 bunt
376 2279 582 2338 simul.
621 2281 1085 2350 Congregamini
1132 2297 1345 2338 omnes
1379 2298 1506 2350 vos,
1541 2286 1598 2340 et
1621 2283 1872 2340 audiet:

186 2370 328 2444 quis
353 2369 446 2425 eis
479 2369 865 2426 annuntiavit
891 2369 1020 2426 hinc
1036 2370 1063 2424 ‘?
1085 2370 1373 2427 Dominus
1391 2371 1597 2429 dilexit
1615 2373 1872 2439 eum,fa-

178 2458 294 2515 ciet
305 2457 694 2514 voluntatem
711 2473 890 2514 suam
907 2458 968 2514 in
983 2457 1369 2531 Babylone,et
1381 2459 1685 2517 brachium
1703 2477 1871 2517 suum

176 2547 238 2604 in
269 2546 602 2602 Cbaldaais.
645 2549 768 2617 Ego
798 2546 1032 2603 locutus
1071 2553 1290 2614 sum,et
1317 2550 1520 2605 vocavi
1547 2565 1686 2605 eum
1721 2566 1732 2605 :
1760 2549 1864 2606 ad-

175 2635 322 2692 duxi
362 2652 532 2706 eum,
570 2639 629 2691 et
659 2634 884 2692 directa
911 2640 1000 2692 est
1026 2637 1122 2693 via
1151 2638 1300 2708 ejus.
1328 2637 1604 2695 Accedite
1631 2639 1710 2695 ad
1743 2654 1858 2706 me,

179 2728 234 2781 et
248 2725 459 2782 audite
487 2725 607 2779 hoc
632 2741 642 2779 :
672 2739 795 2780 non
813 2741 848 2779 a
869 2725 1164 2796 principio
1183 2725 1244 2782 id
1259 2725 1614 2783 abscondito
1628 2727 1864 2785 locutus

179 2831 312 2870 sum
347 2834 359 2872 :
415 2829 494 2870 ex
538 2817 808 2886 tempore
860 2817 1188 2886 antequam
1227 2814 1409 2881 ﬁeret,
1444 2815 1527 2872 ibi
1563 2831 1727 2872 eram
1763 2835 1774 2869 :
1809 2821 1863 2873 et

176 2917 336 2958 nunc
365 2902 663 2958 Dominus
699 2904 854 2958 Deus
887 2903 1050 2960 misit
1069 2919 1185 2970 me,
1209 2907 1266 2960 et
1291 2905 1530 2976 spiritus
1554 2905 1698 2976 ejus.
1720 2905 1861 2962 Haec

177 2990 318 3047 dicit
347 2991 649 3048 Dominus
673 2990 1032 3064 Redemptor
1053 2997 1190 3048 tuus
1211 2997 1452 3049 sanctus
1481 2994 1660 3050 Israel
1691 3011 1702 3049 :
1738 2997 1860 3064 Ego

177 3079 478 3137 Dominus
514 3082 669 3135 Deus
703 3083 843 3135 tuus
868 3078 1092 3136 docens
1120 3084 1172 3135 te
1200 3081 1388 3147 utilia,
1420 3081 1765 3152 gubernans
1797 3087 1850 3139 te

182 3169 240 3224 in
261 3168 383 3238 via,
409 3183 601 3239 quam
624 3167 925 3224 ambulas.
949 3168 1183 3225 Utinam
1201 3169 1551 3226 attendisses
1571 3171 1863 3229 mandata

176 3273 315 3314 mea
355 3269 371 3319 :
404 3257 567 3313 facta
597 3256 804 3313 fuisset
823 3257 998 3328 quasi
1023 3256 1248 3315 ﬂumen
1270 3274 1390 3331 pax
1416 3262 1536 3324 tua,
1561 3265 1618 3316 et
1637 3260 1863 3331 justitia

173 3349 273 3402 tua
295 3346 453 3401 sicut
484 3345 752 3416 gurgites
777 3345 982 3400 maris.
1021 3347 1087 3400 Et
1117 3345 1327 3402 fuisset
1357 3347 1533 3418 quasi
1564 3363 1747 3404 arena
1773 3363 1862 3405 se-

172 3451 311 3492 men
345 3440 544 3502 tuum,
578 3439 635 3490 et
659 3435 838 3506 stirps
864 3434 1017 3491 uteri
1048 3435 1155 3506 tui,
1195 3439 1260 3491 ut
1305 3435 1494 3509 lapilli
1526 3437 1654 3508 ejus
1689 3455 1702 3493 :
1738 3453 1862 3495 non

173 3525 542 3592 interissent,
573 3528 630 3580 et
663 3538 786 3579 non
816 3523 1068 3580 fuissent
1093 3539 1317 3580 nomen
1357 3526 1486 3596 ejus
1518 3527 1785 3583 attritum
1827 3543 1863 3585 a

172 3614 319 3670 facie
347 3628 510 3670 mea.
544 3610 912 3683 Egredimini
938 3627 974 3669 a
1018 3612 1346 3684 Babylone,
1395 3613 1577 3684 fugite
1620 3631 1657 3672 a
1687 3615 1862 3672 Chal-

173 3701 340 3773 daeis,
369 3702 434 3758 in
473 3716 614 3757 voce
644 3700 1028 3758 exultationis
1060 3701 1414 3759 annuntiate
1444 3718 1455 3758 :
1503 3708 1558 3759 et
1587 3703 1860 3761 auditum

173 3790 344 3850 facite
374 3791 518 3861 hoc,
540 3795 599 3846 et
628 3789 768 3847 ferte
798 3788 944 3845 illud
968 3805 1162 3863 usque
1178 3791 1258 3847 ad
1280 3795 1624 3849 extremum
1647 3797 1813 3849 terra!
1843 3819 1860 3860 ε

173 3884 225 3935 et
253 3879 435 3936 dicite
471 3899 482 3934 :
515 3877 786 3934 Redemit
826 3877 1116 3934 Dominus
1159 3894 1400 3936 servum
1441 3895 1619 3936 suum
1642 3881 1851 3940 Jacob.
1939 3953 1941 3956 ι

173 3972 538 4128 ἢίἓῖιῗγῖιλε.
602 4057 780 4112 Sacer
831 4058 1181 4113 octavarum
1225 4055 1375 4112 dies.
1449 4056 1858 4132 Supplicatio.

172 4148 424 4203 Oremus
468 4144 937 4217 Redemptorem
963 4145 1195 4201 mundi.
1213 4146 1326 4215 fol.
1352 4149 1439 4202 6f.

243 4235 564 4305 Capitula.
609 4237 827 4290 Notum
873 4234 1098 4290 factum
1150 4238 1239 4291 est
1279 4233 1557 4299 salutare,
1607 4235 1857 4292 Domine

172 4325 461 4380 virtutum
484 4323 1228 4395 ;factumest,przedictum
1245 4323 1677 4395 Prophetarum
1701 4340 1856 4396 pras-

167 4414 341 4470 conio
365 4432 380 4482 ;
412 4411 738 4484 visumque
764 4411 1132 4484 populorum
1149 4416 1392 4484 aspectu
1418 4429 1431 4477 ;
1450 4412 1597 4468 dum
1615 4415 1856 4471 Simeon

168 4503 322 4559 ulnis
343 4501 608 4573 gestavit
630 4501 1006 4573 senex,quod
1023 4503 1194 4558 Vates
1212 4501 1554 4559 cecinerunt
1577 4502 1809 4575 priores
1835 4523 1848 4563 :

166 4607 272 4664 pro
301 4607 428 4665 quo
464 4594 522 4646 et
562 4590 858 4661 promissa
888 4596 945 4646 et
983 4591 1262 4648 inchoata
1290 4591 1675 4661 cognoscitur
1714 4607 1851 4664 pro-

167 4679 870 4752 phetia,utrequiesceret
888 4679 948 4735 in
967 4680 1281 4751 pace,dum
1301 4683 1589 4753 aspiceret
1599 4697 1812 4754 pacem
1835 4701 1848 4743 :

167 4774 218 4826 et
243 4772 420 4826 Jesus
457 4769 750 4824 Dominus
781 4769 989 4825 lumen
1014 4769 1076 4826 in
1098 4769 1337 4827 revelati
1350 4785 1530 4826 onem
1559 4771 1846 4836 Gentium,

166 4863 216 4916 et
239 4859 504 4931 gloriam
536 4856 729 4930 plebis
748 4861 864 4914 tum
887 4859 1087 4922 Israel,
1122 4864 1180 4916 et
1208 4860 1544 4932 promissus
1567 4859 1848 4932 prodiret,

165 4953 220 5007 et
242 4949 539 5022 prodiens
571 4951 929 5020 appareret:
973 4947 1300 5021 lumenque
1331 4949 1461 5019 ejus
1490 4949 1852 5021 praeveniret

169 5054 206 5095 n
232 5037 477 5106 saeculo,
517 5052 680 5110 quos
703 5036 946 5093 caecitas
964 5041 1343 5110 oppresserat
1365 5037 1750 5094 tenebrarum
1773 5039 1836 5094 in

170 5128 430 5197 mundo;
455 5130 680 5184 Praasta
705 5124 962 5198 proinde
994 5126 1273 5198 precibus
1306 5125 1579 5182 Ecclesiae
1606 5131 1741 5192 tuae,
1775 5132 1842 5184 ut

171 5233 315 5291 quos
359 5217 673 5276 mirabilia
717 5215 850 5270 haec
881 5215 1068 5273 fecisti
1087 5231 1436 5287 agnoscere,
1469 5215 1550 5273 ad
1578 5219 1634 5272 te
1657 5215 1843 5273 facias

178 5307 234 5363 in
261 5324 405 5380 pace
436 5305 791 5382 pervenire.

237 5400 398 5456 Pater
417 5401 651 5455 noster.
679 5391 941 5450 Liberali
973 5408 1008 5448 a
1042 5393 1218 5449 malo.
1249 5394 1364 5462 fol.
1397 5397 1452 5447 2.

234 5489 464 5546 Lauda.
498 5481 920 5542 Annuntietur
967 5480 1028 5536 in
1064 5481 1221 5539 Sion.
1259 5481 1608 5539 Benedictio.
1641 5483 1842 5539 Domi-

167 5593 268 5635 nus
295 5583 469 5639 Jesus
499 5574 815 5636 Christus.
867 5570 973 5643 fol.
1016 5575 1102 5626 62.
1136 5575 1200 5628 In
1227 5571 1472 5628 nomine
1515 5572 1768 5630 Domini.

2491 517 2821 573 RITIONEM
2879 514 3141 570 DOMINI.

2607 605 2703 659 Ad
2743 605 3030 674 Vesperos.

2065 691 2297 750 Lauda.
2332 693 2752 749 Laudaverunt
2783 697 2854 758 te,
2887 690 3160 747 Domine.
3191 689 3298 757 fol.
3326 689 3414 743 61.

2064 779 2247 840 Sono.
2279 782 2540 852 Intende,
2569 781 2836 837 Domine.
2863 779 2923 832 P.
2953 777 3225 844 Procede,
3254 785 3308 831 et
3333 791 3536 846 regna.
3556 775 3644 830 Al-

1994 866 2192 934 leluia,
2227 870 2482 941 alleluia,
2535 870 2787 926 alleluia.
2830 869 2889 930 ιίτ.
2942 867 3240 924 Eructavit
3290 882 3390 922 cor
3441 880 3643 920 meum

1991 956 2244 1014 verbum
2274 959 2502 1016 bonum
2535 976 2551 1012 :
2582 958 2716 1016 dico
2742 972 2852 1028 ego
2869 972 3055 1028 opera
3077 971 3212 1012 mea
3237 953 3380 1023 regi.
3414 954 3474 1008 P.
3508 953 3646 1008 Pro-

1991 1046 2149 1101 cede.

2057 1135 2426 1205 Anliphona.
2452 1137 2690 1203 Laetare,
2723 1134 2943 1197 laetare,
2974 1132 3342 1187 Hierusalem
3375 1148 3386 1182 :
3414 1132 3466 1185 et
3489 1129 3644 1184 diem

1984 1214 2202 1278 festum
2228 1223 2403 1293 agite,
2461 1238 2672 1279 omnes
2703 1221 2806 1294 qui
2832 1220 3075 1289 diligitis
3105 1235 3261 1276 eam.
3289 1219 3350 1271 P.
3382 1216 3643 1273 Gaudete

1984 1311 2207 1382 gaudio
2241 1327 2464 1382 magno
2491 1327 2723 1378 omnes,
2755 1309 2859 1380 qui
2886 1308 3179 1377 lugebatis
3206 1323 3386 1379 super
3417 1305 3640 1363 camﬁ’.

1987 1400 2189 1457 Lauda
2213 1401 2567 1457 Hierusalem
2620 1398 2939 1454 Dominum
2980 1414 2990 1451 :
3038 1401 3092 1452 et
3130 1397 3406 1452 collauda
3454 1397 3639 1448 Deum

1984 1493 2152 1545 tuum
2179 1489 2337 1546 Sion.
2365 1489 2426 1543 P.
2460 1487 2720 1543 Gaudete
2746 1485 2992 1557 gaudio.
3025 1484 3084 1544 i’.
3113 1485 3326 1549 Gloria,
3348 1488 3400 1538 et
3424 1483 3635 1551 honor,

1985 1582 2094 1634 etc.
2126 1577 2188 1632 P.
2224 1577 2505 1633 Gaudete.

2055 1666 2281 1723 Lauda.
2322 1664 2592 1722 Alleluia.
2626 1662 2891 1718 Visitavit
2922 1677 3033 1718 nos
3063 1661 3257 1716 oriens
3284 1676 3356 1715 ex
3387 1660 3531 1715 alto.
3573 1659 3636 1712 P.

1908 1763 1953 1820 Β
1983 1755 2058 1811 Ut
2085 1754 2306 1812 luceret
2326 1753 2431 1818 eis,
2473 1753 2576 1826 qui
2603 1752 2662 1808 in
2700 1751 2955 1808 tenebris
2987 1755 3126 1805 sunt
3154 1766 3163 1802 :
3191 1749 3267 1805 ad
3296 1748 3640 1819 dirigendos

1982 1843 2167 1916 pedes
2197 1848 2431 1901 nostros
2457 1842 2518 1897 in
2548 1841 2708 1897 viam
2736 1839 2922 1913 pacis.
2950 1838 3216 1906 Alleluia,
3240 1835 3640 1900 alleluia,alle-

1980 1931 2120 1989 luia.
2155 1931 2216 1992 ἰν.
2252 1931 2410 1988 Sicut
2433 1929 2798 1994 audivimus,
2829 1927 2913 1983 ita
2942 1932 2998 1982 et
3027 1925 3286 1981 vidimus
3317 1925 3378 1979 in
3409 1925 3639 1980 civitate

1983 2020 2217 2077 Domini
2247 2020 2546 2086 virtutum,
2581 2017 2641 2073 in
2673 2016 2905 2072 civitate
2940 2015 3036 2070 Dei
3065 2013 3253 2070 nostri
3282 2030 3293 2069 :
3332 2015 3483 2068 Deus
3508 2013 3639 2067 fun-

1983 2109 2145 2167 davit
2167 2123 2302 2166 eam
2323 2108 2386 2165 in
2410 2111 2728 2163 aeternum.
2769 2108 2827 2160 P.
2869 2107 2938 2161 Ut
2966 2104 3212 2160 luceret.
3242 2103 3304 2163 Ψ.
3330 2101 3541 2166 Gloria,
3585 2103 3641 2156 et

1981 2199 2193 2265 honor,
2222 2201 2333 2255 etc.
2374 2199 2432 2252 P.
2470 2199 2538 2253 [7t
2568 2195 2807 2250 luceret.

2665 2283 2950 2353 Hymnus.

2231 2373 2381 2445 Agni
2408 2373 2638 2444 genitor
2665 2372 2915 2428 Domine
2946 2389 2958 2423 :

2158 2465 2417 2521 Verbum
2449 2466 2658 2518 natum
2684 2461 2759 2516 de
2795 2460 3044 2531 Virgine,

2158 2557 2525 2626 Conceptum
2551 2551 2678 2606 sine
2709 2550 2957 2619 semine,

2155 2642 2286 2698 Dux
2313 2639 2581 2709 luminis,
2605 2643 2662 2695 et
2688 2637 2822 2694 fons
2850 2637 2985 2692 vitaa
3015 2652 3028 2692 :

2225 2729 2362 2785 Esto
2393 2727 2571 2783 nobis
2601 2727 2661 2782 in
2692 2725 2947 2782 salutem

2154 2817 2332 2873 Filius
2363 2816 2465 2871 Dei
2491 2815 2663 2871 unice
2694 2831 2706 2870 :

2152 2905 2526 2961 Gubernator
2551 2904 2708 2975 {Jesu
2739 2901 2958 2957 Christe

2150 2993 2242 3049 Ad
2267 3008 2504 3066 precem
2533 2995 2802 3048 nostram
2834 2991 3058 3062 aspice.

2225 3088 2287 3139 In
2313 3081 2610 3137 mundum
2639 3080 2814 3136 nobis
2837 3081 3058 3134 missus
3079 3093 3139 3134 es

2152 3171 2431 3245 Captivos
2452 3173 2896 3242 repraesentare,

2147 3262 2376 3316 Lumen
2406 3259 2576 3315 caecis
2601 3258 2942 3322 reformare,

2150 3349 2452 3404 Mutorum
2477 3346 2715 3417 linguas
2752 3345 2996 3401 solvere.

2222 3439 2302 3492 Ne
2327 3451 2438 3492 nos
2468 3435 2792 3508 relinquas,
2826 3432 3076 3489 Domine

2152 3525 2433 3582 Omnium
2464 3523 2736 3580 conditor
2763 3523 2881 3595 pie,

2150 3614 2446 3685 Propitius
2473 3613 2771 3683 miserere,

2150 3703 2259 3770 Qui
2286 3702 2518 3758 nullum
2540 3703 2709 3776 cupis
2734 3701 2984 3775 perdere
3013 3717 3026 3756 :

2218 3793 2546 3865 Rectorque
2579 3791 2793 3848 mundi
2822 3788 3072 3847 Domine

2150 3881 2415 3939 Salvator
2464 3881 2789 3950 Unigenite,

2147 3972 2232 4026 Tu
2251 3983 2362 4024 nos
2383 3985 2420 4026 a
2444 3973 2633 4025 morte
2662 3972 2909 4041 protege

2151 4059 2221 4113 Ut
2250 4056 2405 4127 capti
2440 4056 2598 4112 dulci
2621 4072 2820 4129 opere.

2217 4145 2480 4200 Christus
2521 4145 2810 4200 Dominus
2837 4144 3054 4215 vigilet,

2148 4231 2436 4305 Fidesque
2462 4238 2667 4290 nostra
2692 4233 2999 4303 germinet,

2145 4319 2348 4377 Zabuli
2369 4321 2636 4377 discedat
2663 4321 2996 4389 munimen,

2145 4411 2273 4465 Non
2301 4410 2493 4467 valeat
2522 4411 2865 4484 subrepere.

2213 4498 2323 4554 Per
2350 4500 2555 4556 Jesum
2587 4499 2883 4556 Christum
2910 4498 3252 4563 Dominum,

2125 4589 2235 4653 Qui
2263 4593 2474 4661 regnat
2513 4605 2650 4645 cum
2682 4589 2800 4644 Deo
2830 4588 3020 4661 Patre,

2143 4681 2209 4738 Et
2238 4694 2350 4735 nos
2379 4677 2650 4748 dignavit
2678 4675 2915 4741 docere,

2139 4768 2461 4825 Credamus
2490 4765 2552 4820 in
2575 4765 2872 4821 Trinitate.

2210 4857 2329 4929 66
2360 4853 2534 4911 Trino
2565 4854 2704 4921 Deo,
2734 4869 2805 4911 ac
2832 4853 3085 4910 Domino

2141 4949 2361 5004 Omnes
2389 4943 2663 5000 dicamus
2693 4943 2944 5015 gloriam
2978 4959 2991 5000 :

2145 5035 2295 5102 Quia
2320 5033 2491 5089 Pater
2514 5032 2575 5088 in
2605 5032 2893 5105 principio

2139 5127 2384 5196 Semper
2411 5121 2520 5177 fuit
2540 5137 2678 5177 eum
2711 5121 2868 5178 Filio.
2903 5122 3118 5178 Amen.

2029 5214 2423 5286 Supplicatio.
2449 5213 2696 5268 Oremus
2718 5211 3167 5283 Redemptorem
3193 5210 3608 5267 mundiDomi-

1959 5321 2107 5362 num
2124 5307 2398 5359 nostrum
2415 5303 2620 5357 Jesum
2638 5300 2952 5371 Christum,
2980 5315 3116 5355 cum
3133 5300 3298 5354 omni
3321 5299 3618 5371 supplica-

1958 5395 2118 5452 tione
2143 5407 2461 5463 rogemus;
2489 5394 2554 5446 ut
2582 5390 2852 5446 Ecclesiae
2897 5405 3020 5444 suae
3050 5394 3270 5445 sanctas
3310 5387 3613 5442 catholica:

1960 5483 2146 5539 ﬁdem
2189 5485 2424 5551 augeat,
2459 5483 2514 5535 et
2559 5494 2773 5551 pacem
2807 5478 3048 5549 tribuat,
3087 5476 3613 5543 defensionemque

1957 5569 2264 5631 concedat.
2298 5568 2363 5628 ιῖῖ.
2396 5567 2620 5625 Praesta
2649 5571 2865 5624 teterne
2897 5566 3276 5638 omnipotens
3307 5563 3479 5616 Deus.
