4076 6418
461 323 566 380 147

1721 313 2170 380 BREVIARTUM
2210 309 2598 372 GOTHICUM.

3790 304 3908 361 148

536 447 838 518 Capitula.
868 449 1022 506 Deus
1051 449 1179 508 sine
1207 450 1522 519 initio,sine
1548 450 1732 519 ﬂne,a
1758 464 1880 523 quo
1909 450 1994 503 est
2022 448 2112 501 to-
2145 441 2192 497 Α
2219 439 2391 496 Patre
2419 435 2602 494 fuisse
2627 435 3240 523 testaris,priusquam
3261 432 3480 488 terram
3502 429 3909 523 faceretaaut

464 537 580 593 tius
600 538 926 594 mundanae
941 543 1227 596 creatures
1249 539 1515 610 initium;
1531 539 1611 596 da
1630 538 1828 606 nobis,
1848 542 1911 594 ut
1932 540 2113 592 extre-

461 641 585 696 ma,
610 625 706 682 vel
720 627 921 684 media
944 629 1084 685 anni
1101 628 1280 701 hujus
1311 645 1448 684 cum
1469 629 1683 700 placita
1703 628 1803 684 tibi
1820 624 2116 701 prosperi-

463 718 582 770 tate
607 713 927 782 ducamus,
956 717 1061 790 qui
1087 717 1253 774 initia
1287 719 1337 789 ej
1349 734 1415 774 us
1444 717 1543 772 tibi
1573 716 1904 774 dedicanda
1926 713 2112 787 porri-

466 800 686 871 gimus,
719 807 783 860 ut
829 807 884 860 et
930 805 1271 862 substantiis
1310 805 1709 877 abundemus,
1744 808 1801 862 et
1833 802 2112 876 operibus

468 891 792 947 sanctitatis
829 891 1186 962 fulgeamus.

542 979 715 1036 Pater
743 986 961 1038 noster.
997 982 1244 1039 Liberati
1269 999 1305 1039 a
1334 983 1517 1041 malo.
1541 984 1658 1054 fol.
1696 987 1750 1038 2.

541 1071 902 1128 Benedictio.
938 1073 1225 1129 Dominus
1252 1077 1454 1129 noster
1479 1074 1650 1129 Jesus
1693 1071 1976 1136 Christus,
2011 1068 2118 1140 qui

469 1163 560 1216 est
589 1175 811 1216 corona
836 1161 1013 1217 totius
1040 1177 1076 1217 a
1097 1176 1161 1217 se
1181 1160 1448 1217 formatae
1488 1161 1783 1225 Ecclesiae,
1816 1159 1916 1214 det
1942 1157 2116 1214 nobis

468 1247 630 1304 hunc
655 1263 882 1304 annum
922 1249 1268 1320 placabilem
1291 1250 1528 1306 ducere.
1563 1260 1625 1318 131.
1650 1251 1858 1304 Amen.
1889 1247 2116 1303 Conso--

469 1339 623 1393 tetur
638 1351 748 1392 nos
767 1337 1057 1408 frugibus,
1081 1341 1136 1394 et
1153 1337 1431 1408 dignetur
1446 1351 1762 1393 munerare
1782 1335 2116 1392 virtutibus.

470 1436 537 1494 Βι.
577 1427 783 1481 Amen.
825 1427 893 1482 Ut
948 1426 1336 1498 prosperitate
1367 1425 1482 1481 sibi
1522 1425 1739 1498 placita
1767 1422 2118 1492 laetabundi,

472 1512 651 1570 totius
711 1512 854 1569 anni
908 1514 1100 1585 spatia
1150 1529 1492 1571 mereamur
1545 1513 1901 1586 pertransire
1934 1510 2118 1579 illaesi,

469 1612 531 1672 Βι.
559 1603 766 1656 Amen.
801 1603 906 1657 Per
925 1602 1398 1659 misericordiam
1433 1601 1645 1674 ipsius.

543 1691 769 1747 Lauda.
797 1689 1060 1747 Alleluia.
1084 1691 1404 1748 Laetabitur
1424 1691 1739 1756 deserta,et
1757 1683 1938 1746 invia.
1967 1688 2035 1745 P.
2056 1688 2127 1744 Et

2223 525 2458 584 excelsa
2487 526 2783 582 montium
2827 523 3133 588 stabiliret,
3167 521 3314 576 dum
3351 524 3405 576 te
3437 523 3574 575 ante
3601 518 3908 575 omnium

2224 616 2588 673 creationem
2613 613 2854 670 collium
2884 613 3214 685 generaret,
3233 615 3288 666 te
3319 612 3769 681 quaesumus,te
3793 622 3909 664 ro-

2224 719 2459 776 gamus,
2499 707 2582 768 ut,
2627 701 2731 774 qui
2766 701 2950 773 hujus
2995 700 3352 772 incorrupta
3405 696 3737 754 nativitatis
3771 699 3908 752 tum

2225 791 2446 864 gaudia
2457 790 2828 847 celebramus
2849 788 3188 853 ovando,ad
3210 791 3265 843 te
3287 784 3737 842 remuneraturi
3754 799 3910 858 per-

2221 879 2537 936 veniamus
2564 877 2863 935 credendo
2897 895 2910 934 :
2946 880 3029 947 ut,
3052 875 3156 948 qui
3183 880 3319 932 ante
3341 873 3645 930 montium
3677 872 3911 930 condi-

2200 968 2449 1025 ‘tionem
2470 982 2542 1024 ex
2563 966 2733 1024 Patre
2763 965 3044 1033 nasceris,
3076 968 3131 1022 et
3159 965 3220 1021 in
3255 961 3626 1037 plenitudine
3657 965 3909 1034 tempo-

2223 1057 2305 1113 ris
2333 1058 2510 1113 natus
2531 1055 2604 1112 de
2637 1059 2803 1111 utero
2827 1053 3100 1125 Virginis,
3135 1052 3220 1109 sic
3247 1051 3310 1109 in
3339 1055 3394 1108 te
3422 1050 3740 1107 credentes
3758 1065 3910 1108 san-

2226 1145 2464 1207 ctiﬁces,
2497 1148 2562 1200 ut
2593 1143 2994 1200 sanctiﬁcatos
3020 1142 3207 1213 gloria
3235 1140 3579 1196 aeternitatis
3609 1153 3912 1196 remune-

2225 1248 2339 1289 res.
2373 1243 2436 1303 nu
2470 1234 2676 1288 Amen.
2721 1231 2833 1288 Per
2860 1229 3335 1288 misericordiam
3357 1234 3546 1285 tuam.

2297 1321 2652 1392 Antiphona.
2681 1320 2966 1393 Populus,
2991 1320 3092 1392 qui
3119 1317 3368 1375 sedebat
3393 1317 3456 1374 in
3483 1314 3782 1374 tenebris.
3820 1317 3905 1374 P.

2228 1409 2380 1465 Vidit
2403 1409 2597 1466 lucem
2629 1424 2916 1480 magnam
2950 1427 2962 1467 :
2995 1407 3402 1464 habitantibus
3417 1406 3478 1460 in
3495 1405 3750 1476 regione
3769 1420 3904 1461 um-

2229 1497 2355 1554 brae
2383 1498 2609 1568 mortis,
2641 1497 2744 1553 lux
2762 1497 2922 1554 clara
2945 1499 3074 1552 orta
3099 1500 3185 1552 est
3211 1495 3411 1565 εἰς.ιῖ
3437 1495 3662 1551 Omnes
3687 1496 3916 1564 gentes

2231 1584 2500 1658 plaudite
2527 1585 2808 1643 manibus
2842 1601 2855 1642 :
2884 1584 3131 1656 jubilate
3159 1584 3280 1640 Deo
3311 1583 3371 1639 in
3395 1597 3544 1639 voce
3567 1581 3914 1638 exultatio-

2235 1673 2349 1732 nis.
2379 1674 2441 1730 P.
2476 1674 2632 1730 Vidit
2654 1674 2848 1730 lucem
2887 1688 3192 1745 magnam.
3225 1672 3286 1734 it.
3322 1669 3538 1738 Gloria,
3573 1675 3633 1727 et
3672 1670 3914 1738 honor,

479 1778 769 1836 exultabit
799 1778 1142 1845 solitudo,et
1161 1779 1393 1836 ﬂorebit
1411 1779 1588 1852 quasi
1616 1778 1828 1834 lilium.
1859 1777 2126 1844 Alleluia,
2162 1785 2206 1840 Β
2236 1767 2347 1852 ϐίος
2379 1762 2442 1818 Po
2474 1761 2630 1852 Vidi?
2675 1761 2891 1852 lucem-

470 1867 726 1924 aJleluia.
759 1878 826 1937 It.
855 1867 1151 1924 Jubilitate
1178 1869 1297 1924 Deo
1326 1867 1524 1923 omnis
1550 1872 1704 1924 terra
1736 1883 1748 1922 :
1783 1865 1992 1923 servite
2020 1867 2130 1924 Do-

470 1955 636 2012 mino
663 1956 726 2011 in
761 1954 979 2014 laetitia.
1013 1955 1076 2010 P.
1105 1958 1170 2012 Et
1197 1955 1506 2013 exultabit.
1562 1955 1622 2016 )7.
1661 1954 1875 2025 Gloria,
1925 1959 1982 2012 et
2020 1954 2127 2012 ho-

470 2061 604 2115 nor,
630 2049 745 2102 etc.
785 2044 849 2101 P.
879 2046 944 2101 Et
973 2045 1278 2102 exultabit.

545 2133 771 2190 Oratio.
806 2133 1037 2189 Discute
1062 2149 1099 2190 a
1121 2132 1296 2190 nobis
1323 2133 1651 2205 Unigenite.
1685 2133 1933 2206 chuire
1958 2133 2127 2202 infra

473 2222 538 2277 in
567 2221 904 2277 Matutim's.

542 2311 826 2379 Hymnus.
848 2313 1076 2366 Eterne
1099 2325 1298 2366 rerum
1325 2308 1624 2368 Conditor.
1655 2311 1906 2383 Require
1926 2311 2040 2378 fol.
2075 2313 2130 2366 3.

552 2399 786 2455 Oratio.
827 2399 1216 2472 Omnipotens
1246 2403 1459 2455 aeterne
1489 2399 1662 2466 Deus,
1690 2404 1745 2454 et
1767 2399 2126 2455 misericors»

473 2487 577 2559 qui
607 2491 945 2560 temporum
971 2487 1082 2544 das
1108 2491 1398 2560 tempora,
1432 2491 1489 2544 et
1507 2489 1610 2560 qui
1634 2487 1879 2558 singulis
1902 2493 2130 2560 tempo-

472 2575 640 2632 ribus
696 2576 806 2633 das
846 2577 1119 2648 gratiam,
1183 2593 1368 2650 quam
1415 2576 1877 2632 administrent:
1931 2581 2012 2642 tu,
2054 2593 2129 2633 ne

476 2680 646 2722 mens
674 2665 1004 2738 prolixitate
1060 2664 1441 2722 tenebrarum
1476 2668 1770 2731 exaestuet,
1815 2665 1970 2738 gallo
2015 2681 2126 2721 nos

476 2753 804 2810 consolaris
826 2759 1073 2811 canente
1098 2775 1110 2822 ;
1134 2757 1197 2809 ut
1218 2753 1364 2809 dum
1387 2769 1584 2826 praeco
1599 2753 1713 2810 diei
1734 2754 2130 2821 sonat,diurni

473 2843 668 2914 operis
685 2842 997 2899 meditatio
1007 2843 1318 2899 reviviscat
1334 2857 1346 2896 :
1371 2841 1592 2914 respice
1606 2857 1747 2912 ergo
1769 2859 1878 2898 nos
1885 2843 2126 2915 jugiter,

473 2935 530 2988 et
557 2930 796 3002 instiga,
820 2947 895 2988 ne
917 2930 1227 3004 profundae
1257 2930 1450 2986 noctis
1481 2945 1676 2987 errore
1706 2932 1983 3003 persuasi
2014 2931 2132 2988 diei

476 3018 903 3076 obliviscamur
957 3020 1270 3093 perennis;
1325 3017 1429 3074 sed
1454 3018 1723 3075 labentes
1761 3019 1822 3074 in
1870 3019 2131 3076 tenebris

2311 1850 2540 1906 Oratio.
2582 1850 2888 1921 Unigenite
2906 1849 3017 1909 Dei
3048 1848 3242 1915 Filius,
3265 1845 3831 1922 qui,habitantibus
3855 1847 3923 1903 in

2235 1940 2477 2012 regione
2492 1937 2724 1995 umbrae
2746 1938 2952 1995 mortis
2981 1937 3187 1994 lumen
3207 1935 3409 1994 videre
3435 1935 3660 2008 fecisti;
3691 1935 3811 2010 qui
3832 1937 3927 1994 lu-

2237 2043 2377 2083 men
2402 2043 2509 2100 per
2533 2030 2820 2099 susceptae
2836 2026 3264 2084 lncarnationis
3287 2025 3634 2099 Mysterium
3658 2023 3928 2081 claruis-

2239 2117 2280 2172 ti
2309 2133 2320 2172 :
2337 2115 2417 2172 da
2427 2113 2602 2171 nobis
2615 2117 2668 2171 te
2682 2114 3013 2172 illustrante
3038 2113 3306 2185 deﬁgi,ut
3323 2113 3429 2187 qui
3443 2112 3778 2170 nativitatis
3795 2115 3924 2170 tuae

2239 2204 2399 2261 diem
2412 2202 2652 2260 ovando
2668 2202 3390 2276 suscepimus,divinitatis
3411 2205 3523 2258 tum
3541 2202 3924 2258 muneribus

2211 2279 2638 2351 :consolemur.
2664 2303 2727 2362 Β).
2755 2295 2962 2348 Amen.
2988 2291 3099 2348 Per
3131 2291 3609 2349 misericordiam
3637 2295 3846 2348 tuam.

2311 2399 2424 2472 67
2444 2397 3074 2468 Antiphonaﬂisitavit
3090 2399 3377 2455 Dominus
3394 2397 3792 2472 omnipotens
3811 2413 3924 2472 po-

2239 2487 2450 2562 pulum
2477 2504 2654 2543 suum
2683 2487 3591 2545 domumJuda.P.Etconstituet
3617 2485 3800 2543 illum
3838 2487 3925 2544 si-

2239 2580 2339 2633 cut
2367 2592 2590 2650 equum
2620 2577 2964 2650 speciosum
2980 2576 3042 2632 in
3061 2577 3398 2633 certamine.
3431 2577 3493 2638 ὴ.
3531 2574 3699 2632 Sicut
3726 2574 3922 2633 audi-

2238 2664 2461 2730 vimus,
2496 2665 2577 2723 ita
2606 2667 2662 2719 et
2692 2663 2952 2721 vidimus
2983 2664 3041 2720 in
3065 2665 3299 2722 civitate
3319 2664 3556 2721 Domini
3583 2664 3923 2729 virtutum,

2238 2753 2299 2809 in
2339 2753 2571 2810 civitate
2594 2753 2694 2809 Dei
2723 2753 2912 2810 nostri
2950 2772 2961 2809 :
3006 2756 3160 2810 Deus
3180 2753 3451 2810 fundavit
3479 2769 3616 2811 eam
3645 2752 3712 2809 in
3745 2756 3925 2809 aeter-

2238 2858 2406 2899 num.
2438 2841 2504 2898 P.
2542 2843 2607 2898 Et
2643 2844 2961 2898 constituet
3005 2842 3192 2900 illum.
3238 2843 3300 2904 ἣν.
3332 2841 3547 2910 Gloria,
3581 2846 3641 2899 et
3683 2842 3919 2910 honor,

2243 2935 2350 2988 etc.
2377 2930 2442 2987 P.
2474 2933 2539 2986 Et
2569 2931 2908 2988 constituet.

2316 3019 2541 3076 Oratio.
2583 3019 2830 3076 Domine
2857 3020 3257 3094 omnipotens,
3289 3019 3394 3092 qui
3418 3019 3675 3078 visitasti
3709 3036 3926 3094 popu-

482 3107 667 3177 erige,
699 3111 756 3164 et
777 3107 1037 3164 videndo
1066 3123 1177 3164 nos
1208 3106 1458 3178 corrige,
1487 3109 1554 3162 ut
1600 3122 1736 3162 cum
1785 3106 1957 3164 Petro
1996 3109 2138 3164 resi-
2173 3133 2214 3191 ρ
2243 3106 2370 3164 lum
2400 3112 2571 3164 tuum
2601 3107 2852 3165 domum
2879 3108 3064 3178 Juda;
3093 3109 3264 3166 visita
3289 3123 3399 3164 nos
3431 3125 3468 3165 a
3507 3124 3732 3166 somno
3765 3109 3926 3167 faci-

476 3195 782 3266 piscamur
810 3198 1022 3262 errata,
1055 3197 1112 3251 et
1135 3193 1378 3266 paribus
1402 3193 1728 3266 lachrymis
1761 3194 2014 3252 crimina
2033 3196 2134 3252 de-

476 3282 730 3339 ﬂeamus
756 3282 1098 3341 commissa.
1128 3291 1195 3355 3;.
1226 3285 1432 3338 Amen.
1474 3281 1583 3338 Per
1627 3282 2127 3344 misericordiam.

508 3388 672 3430 nam.

553 3460 927 3532 Antiphona.
951 3461 1000 3516 1.
1030 3459 1200 3517 Salus
1220 3459 1612 3528 tua,Domine,
1643 3475 1822 3534 super
1840 3462 2136 3536 populum

483 3553 674 3615 tuum,
709 3553 767 3606 et
790 3549 1149 3606 benedictio.
1177 3549 1481 3606 Psalmus.
1523 3564 1605 3604 ιιι.

552 3636 921 3707 Antiphona.
963 3641 1016 3693 2.
1048 3636 1206 3703 Dele,
1226 3635 1495 3705 Domine,
1513 3637 1854 3710 iniquitates
1866 3643 2103 3697 nostras
2125 3640 2138 3680 τ

483 3729 540 3783 et
586 3742 624 3782 a
657 3726 911 3797 peccatis
965 3727 1181 3784 nostris
1209 3725 1441 3784 munda
1500 3741 1602 3782 cor
1639 3729 1930 3785 nostrum.
1981 3729 2146 3786 Psal-

480 3830 612 3871 mus
643 3833 695 3870 ι.

550 3903 905 3974 Antiphona
935 3907 988 3960 3.
1035 3903 1320 3961 Glamabo
1361 3903 1439 3960 ad
1488 3903 1677 3960 Deum
1727 3903 2088 3964 altissimum
2125 3924 2141 3968 :

482 3992 670 4048 Deum
719 3992 1088 4049 conditorem
1131 3993 1426 4062 omnium,
1485 3991 1591 4066 qui
1630 3991 1920 4053 benefecit
1969 3995 2138 4052 mihi.

478 4081 759 4136 Psalmus
786 4096 900 4138 va.

554 4169 778 4226 Oratio.
810 4169 1044 4226 Discute
1074 4185 1110 4226 a
1134 4167 1307 4226 nobis
1339 4168 1646 4240 Unigenite
1673 4168 1921 4242 ingeniti
1947 4172 2138 4230 Patris

484 4272 771 4315 somnum
791 4258 1089 4330 corporis;
1109 4262 1163 4314 et
1179 4257 1438 4314 clemens
1449 4257 1718 4330 placatus
1737 4259 1953 4317 nostris
1966 4277 2139 4334 parce

484 4345 733 4416 piaculis
764 4361 776 4401 :
813 4351 879 4404 ut
900 4346 1029 4402 inte
1059 4346 1506 4420 redemptorum
1524 4348 1695 4422 copia
1715 4350 1831 4424 piis
1854 4349 2137 4423 frequen-

2245 3212 2460 3254 norum
2491 3214 2504 3252 :
2536 3199 2618 3264 ut,
2651 3195 2801 3254 dum
2828 3195 3056 3269 fulgore
3078 3201 3177 3254 tuo
3206 3201 3593 3271 peccatorum
3620 3198 3925 3255 tenebras

2247 3284 2601 3356 eﬂ‘ugamus,
2622 3286 2836 3342 virtute
2867 3290 2968 3344 tua
2991 3286 3196 3343 mortis
3217 3290 3577 3360 potestatem
3608 3299 3885 3344 evacues
3909 3307 3922 3347 :

2247 3389 2369 3446 quo
2401 3373 2484 3429 sic
2501 3378 2554 3432 te
2578 3389 2740 3430 nunc
2757 3377 3082 3448 apparente
3103 3373 3488 3442 illustremur,
3507 3377 3595 3445 ut,
3619 3379 3674 3431 te
3692 3391 3928 3449 repug-

2247 3466 2450 3530 nante,
2483 3480 2519 3521 a
2545 3465 2750 3520 mortis
2778 3465 3032 3537 imperio
3060 3463 3405 3522 liberemur.
3446 3475 3512 3538 It.
3546 3465 3770 3521 Amen.
3808 3466 3927 3525 Per

2249 3551 2721 3609 misericordiam
2760 3557 2949 3610 tuam.

2322 3650 2386 3711 ἢ.
2427 3643 2624 3696 Justus
2651 3656 2822 3698 meus
2845 3640 2942 3697 hic
2985 3645 3075 3699 est
3117 3641 3381 3700 Salvator
3407 3657 3606 3698 meus.
3660 3639 3732 3697 P.
3784 3644 3931 3716 Ipse

2220 3805 2228 3813 .
2251 3728 2524 3788 liberavit
2551 3729 2847 3786 civitatem
2871 3745 3042 3786 suam
3066 3747 3076 3787 :
3107 3733 3164 3788 et
3183 3735 3430 3805 peccata
3444 3729 3669 3803 populo
3694 3746 3815 3788 suo
3841 3729 3930 3790 di-

2218 3819 2458 3891 ‘mittet,
2490 3833 2611 3874 non
2651 3819 2709 3874 in
2741 3819 2941 3892 pretio,
2974 3833 3084 3876 nec
3121 3820 3181 3878 in
3209 3823 3448 3892 quaestu
3504 3819 3810 3894 pecunias.
3853 3851 3930 3863 —

2252 3907 2465 3964 Levate
2489 3907 2551 3963 in
2564 3906 2782 3963 coelum
2803 3907 3008 3966 oculos
3027 3912 3273 3979 vestros,
3295 3912 3351 3965 et
3369 3908 3565 3965 videte
3587 3908 3730 3983 quis
3755 3925 3933 3967 crea-

2250 3997 2334 4054 vit
2363 3997 2511 4053 hsec.
2541 3997 2829 4053 Dominus
2846 3999 3020 4064 Deus,
3047 3997 3151 4071 qui
3163 3997 3382 4054 creavit
3399 3996 3692 4054 terminos
3714 4001 3923 4055 terrae.

2249 4086 2312 4141 P.
2347 4086 2474 4157 Ipse
2502 4083 2796 4141 liberavit.
2842 4085 2904 4146 ἵ.
2941 4085 3154 4154 Gloria,
3183 4090 3239 4144 et
3261 4086 3475 4151 honor,
3504 4090 3613 4143 etc.
3669 4085 3743 4142 P.
3786 4089 3927 4161 Ipse

2248 4173 2544 4231 liberavit.

2321 4279 2551 4337 Oratio.
2577 4280 2677 4336 Hic
2701 4285 2788 4337 est
2809 4281 3004 4353 justus
3032 4280 3245 4350 honor,
3267 4282 3330 4339 in
3357 4297 3481 4356 quo
3503 4282 3927 4356 sperabamus

2246 4367 2387 4439 ﬁde,
2415 4369 2774 4441 praecinente
2805 4369 3118 4442 Propheta,
3134 4373 3191 4428 et
3210 4371 3290 4429 ad
3309 4386 3493 4444 quem
3514 4373 3925 4444 pervenimus

481 4437 636 4531 ῑεξιιΐ
680 4433 913 4538 vigiliis:
942 4434 1176 4509 “lisque
1207 4434 1703 4538 Ιξξλῴθίιίξιεξϋεηδ
1719 4437 2027 4538 (ῗδξυίίιῗξξὲ
2041 4455 2136 4496 8³⁸
2167 4482 2213 4538 D
2248 4433 2637 4530 apparentem
2668 4474 2773 4532 per
2798 4433 3052 4530 gratiam
3084 4433 3382 4533 {proinde
3423 4433 3765 4533 poscamus
3806 4463 3927 4520 cle-

483 4521 598 4577 cris
631 4537 644 4576 :
678 4526 736 4578 et
757 4523 916 4595 quod
937 4539 1097 4580 nunc
1129 4525 1265 4580 serit
1288 4525 1567 4596 ignobilis
1585 4529 1779 4583 carnis
1805 4527 2134 4609 fragilitas;

481 4609 804 4669 divinitatis
854 4617 970 4668 tuae
999 4612 1160 4670 dono
1214 4618 1418 4684 surgat
1463 4614 1523 4670 in
1568 4615 1796 4686 gloria:
1851 4619 1913 4670 tu
1940 4615 2133 4685 igitur,

480 4701 748 4767 Domine,
779 4702 1009 4758 cunctis
1037 4701 1098 4758 in
1137 4706 1190 4759 te
1229 4701 1662 4761 contidentibus
1704 4705 1998 4776 juvamen
2023 4704 2136 4762 lar-
2228 4711 2234 4716 ’

482 4805 627 4860 gum
641 4791 922 4863 impende
941 4809 954 4860 ;
970 4794 1026 4848 et
1045 4791 1122 4848 ad
1143 4808 1467 4866 supernam
1488 4791 1744 4868 patriam
1763 4792 1994 4850 alarum
2013 4797 2136 4852 tua-

479 4891 615 4933 rum
644 4877 1102 4946 obumbratione
1145 4895 1257 4936 nos
1286 4879 1510 4938 atrahe.
1553 4891 1617 4950 11'.
1647 4881 1853 4936 Amen.
1894 4880 2004 4938 Per
2030 4883 2136 4939 mi-

490 4965 875 5023 sericordiam
904 4966 1092 5023 tuam.

553 5054 908 5124 Antiphona.
965 5057 1252 5115 Dominus
1301 5055 1566 5129 possedit
1617 5073 1735 5127 me,
1785 5057 2137 5130 priusquam

484 5147 705 5200 terram
727 5143 961 5202 faceret.
986 5143 1049 5202 P.
1071 5147 1407 5218 Antequam
1428 5147 1663 5204 montes
1686 5145 2089 5205 stabilirentur
2120 5162 2132 5204 :

481 5234 617 5288 ante
646 5236 847 5289 autem
877 5248 1087 5289 omnes
1124 5232 1304 5290 colles
1345 5233 1550 5303 genuit
1580 5249 1695 5292 me.
1751 5234 1812 5295 Ψ.
1842 5236 2137 5292 Eructavit

482 5335 584 5378 cor
612 5336 817 5378 meum
860 5323 1112 5378 verbum
1154 5321 1386 5378 bonum
1414 5336 1428 5377 :
1461 5321 1595 5380 dico
1643 5339 1753 5396 ego
1789 5341 1972 5398 opera
1999 5342 2136 5384 mea

479 5409 624 5480 regi.
653 5409 715 5465 P.
744 5410 1092 5482 Antequam.
1121 5409 1183 5471 tu
1234 5408 1447 5481 Gloria,
1475 5415 1529 5468 et
1555 5426 1744 5483 gonor
1774 5416 1881 5470 etc.
1925 5414 1986 5469 P.
2021 5415 2134 5472 An~

481 5501 738 5570 tequam.

553 5585 774 5642 Oratio.
801 5585 1101 5643 Cozeterna
1125 5585 1227 5642 Dei
1257 5586 1543 5658 sapientia
1566 5589 1769 5663 Patrsi,
1791 5591 1892 5664 qui
1915 5594 1968 5649 te
1994 5607 2132 5649 cum

2247 4547 2532 4604 mentiam
2562 4547 2712 4619 ejus,
2760 4552 2824 4606 ut
2849 4547 3058 4605 liberet
3110 4564 3240 4616 nos,
3275 4553 3332 4606 et
3373 4553 3627 4622 peccata
3675 4551 3922 4623 populo

2248 4649 2356 4690 suo
2387 4633 2663 4700 dimittat,
2695 4635 2800 4707 qui
2817 4634 2992 4692 nobis
3020 4635 3282 4706 impendi
3303 4636 3590 4707 dignatus
3611 4640 3704 4694 est
3727 4639 3920 4696 totus.

2248 4733 2310 4796 ηε.
2341 4726 2547 4780 Amen.
2578 4726 2683 4781 Per
2712 4723 3185 4782 misericordiam
3213 4729 3400 4782 tuam.

2849 4832 2920 4886 In
2963 4831 3289 4889 Laudibus.

2317 4937 2415 4992 Ad
2453 4938 2782 4995 Canticum.
2815 4939 3184 5008 Antiphone.
3224 4937 3399 4995 Filius
3425 4953 3813 5008 accrescens,
3859 4949 3921 5000 et

2246 5026 2496 5083 decorus
2527 5031 2771 5098 aspectu
2797 5043 2810 5082 :
2842 5027 2968 5100 ipse
2993 5032 3102 5095 est,
3135 5031 3190 5085 et
3210 5029 3364 5086 dans
3385 5027 3628 5102 eloquia
3641 5032 3924 5104 pulchri-

2245 5114 2488 5171 tudinis.

2317 5221 2654 5277 Canticum.
2692 5221 2928 5279 Vocavit
2952 5223 3135 5281 lacob
3161 5224 3314 5280 ﬁlios
3356 5238 3522 5280 suos.
3544 5226 3660 5295 fol.
3709 5231 3802 5283 50.

2315 5330 2412 5384 Ad
2439 5329 2814 5387 Benedictus.
2862 5331 3232 5402 Antz'phona.
3268 5331 3620 5390 Benedictus
3675 5351 3763 5404 es,
3803 5339 3923 5396 Do-

2244 5416 2430 5487 mine,
2455 5422 2509 5472 et
2533 5417 2914 5474 benedictum
2940 5436 3161 5477 nomen
3180 5420 3382 5490 gloria:
3411 5425 3544 5478 tute.
3572 5422 3641 5478 P.
3662 5423 3923 5482 Benedi-

2243 5505 2352 5559 cite
2366 5505 2685 5562 Dominum
2699 5523 2906 5564 omnes
2925 5509 3090 5566 electi
3104 5510 3232 5582 ejus
3253 5527 3264 5563 :
3283 5509 3353 5564 sit
3375 5525 3602 5568 nomen
3625 5521 3796 5571 sanet
3810 5533 3919 5572 um

2241 5592 2430 5665 ipsius
2461 5593 2843 5654 benedictum
2865 5598 2925 5653 in
2955 5596 3162 5654 omnia
3191 5596 3409 5654 saecula
3438 5600 3835 5659 saeculorum.
