4076 6432
186 349 272 410 ὶιῦ
1210 361 1279 420 ΙΝ
1318 360 1552 419 PRIMO
1590 357 1713 418 DIE
1748 356 1885 418 JEJI

2004 357 2195 418 DBUM
2235 362 2399 420 KAL.
2437 362 2735 418 JANUAR.
3557 369 3662 426 150

261 482 1020 542 Canticum.Benedictus
1042 499 1121 554 es,
1148 487 1414 544 Domine.
1446 487 1556 557 fol.
1572 492 1626 546 6.
1927 484 1974 540 A

275 577 439 631 Sono.
469 573 745 630 intende
785 574 1071 645 Domine,
1098 577 1365 647 procede.
1392 576 1608 645 fol.65.

286 664 815 722 Lauda.Laudate
851 665 1174 722 Dominum
1186 666 1260 722 de
1272 666 1435 722 calls
1466 665 1733 724 :laudate
1758 680 1896 722 eum

230 756 283 812 in
304 754 578 812 excelsis.
613 754 906 810 Psalmus
932 769 1114 812 cxuu.

290 845 491 901 Lectio
527 843 676 900 libri
704 842 1168 902 Proverbiorum
1195 843 1530 904 Salomonis
1559 844 1728 916 (Cap.
1775 843 1892 912 vui)

290 935 353 990 Β.
383 934 508 989 Deo
563 931 818 1002 gratias.

289 1021 588 1078 Dominus
608 1019 892 1092 possedit
920 1021 984 1077 in
1023 1020 1188 1079 initio
1214 1023 1451 1081 viarum
1481 1039 1752 1094 suarum,
1787 1039 1892 1082 an-

212 1115 460 1183 tequam
483 1109 832 1183 quicquam
845 1109 1068 1168 faceret
1083 1112 1441 1185 aprincipio.
1458 1114 1676 1169 Unctus
1702 1128 1838 1170 sum
1853 1129 1892 1170 a

211 1199 466 1270 saculo,
503 1203 846 1272 antequam
867 1202 1080 1256 terram
1121 1201 1360 1258 faceret.
1413 1204 1530 1258 Nec
1549 1201 1696 1258 dum
1722 1206 1891 1259 erant

207 1291 448 1363 abyssi,
464 1293 684 1361 etergo
697 1290 829 1360 jam
852 1295 1177 1362 conceptus
1207 1307 1401 1348 eram:
1426 1293 1686 1349 necdum
1698 1292 1889 1350 fontes

211 1394 533 1453 aquarum
565 1381 898 1451 eruperant
927 1395 939 1434 :
967 1379 1230 1436 necdum
1273 1385 1508 1438 montes
1537 1381 1703 1451 gravi
1730 1381 1888 1440 mole

201 1469 630 1525 constiterant:
655 1472 988 1540 antequam
1011 1468 1189 1525 colles
1221 1484 1333 1540 ego
1357 1471 1759 1543 partuirebar:
1784 1471 1884 1528 ad-

197 1556 326 1613 huc
350 1561 584 1612 terram
609 1570 737 1612 non
757 1555 1000 1625 fecerat,
1041 1561 1096 1613 et
1120 1556 1391 1625 ﬂumina,
1419 1563 1476 1616 et
1501 1560 1768 1616 cardines
1788 1575 1884 1617 or-
2064 1555 2161 1612 Ad
2188 1556 2577 1612 Matutinum.
2609 1555 2976 1626 Antiphona.
3006 1558 3091 1613 Tu
3119 1560 3340 1625 autem,
3381 1559 3642 1628 Domine,

194 1645 301 1702 bis
371 1649 577 1701 terra.
632 1644 889 1712 Quando
937 1647 1322 1718 praeparabat
1365 1649 1569 1718 caios,
1614 1649 1880 1707 aderam.
1995 1647 2304 1716 susceptor
2323 1659 2515 1711 meus,
2555 1647 2612 1700 et
2667 1643 2856 1712 gloria
2875 1659 3031 1710 mea,
3080 1648 3139 1702 et
3165 1645 3435 1705 exaltans
3465 1651 3648 1720 caput

196 1733 806 1806 quandocertalege,
841 1737 899 1790 et
918 1749 1069 1805 gyro
1085 1735 1886 1809 vallabatabyssoszquando
1992 1749 2218 1790 meum.
2247 1732 2524 1789 Psatmus
2565 1748 2644 1789 ω.

194 1822 1560 1890 atheraﬁrmabatsursum,etlibrabatfontes
1574 1841 1882 1899 aquarum:
1917 1827 1960 1893 Β
2066 1823 2290 1879 Oratio.
2308 1821 2609 1891 Quamvis,
2629 1820 3646 1894 Domine,plurimamalignantium

193 1911 467 1984 quando
482 1909 1076 1968 circumdabatmari
1101 1914 1409 1986 terminos,
1425 1917 1480 1971 et
1497 1914 1691 1988 legem
1705 1931 1886 1987 pone-
1993 1911 2312 1966 multitudo
2329 1909 2586 1981 abneget
2601 1909 2856 1967 salutem
2907 1913 3177 1968 nostram
3197 1922 3330 1967 esse
3356 1911 3420 1969 in
3449 1915 3504 1971 te
3533 1913 3645 1970 Do-

194 2001 311 2057 bat
327 1999 1130 2075 aquis,netransirentﬁnes
1177 2017 1350 2059 suos:
1376 2005 1625 2075 quando
1657 2020 1883 2077 appen-

196 2090 400 2146 debat
418 2089 827 2146 fundamenta
839 2093 1028 2144 terra.
1046 2091 1193 2146 Cum
1224 2105 1294 2146 eo
1306 2107 1471 2149 eram
1495 2097 1710 2150 cuncta
1724 2108 1884 2151 com-

195 2193 452 2252 ponens
485 2177 936 2234 :etdelectabar
964 2193 1073 2250 per
1093 2179 1362 2250 singulos
1388 2181 1532 2251 dies,
1557 2182 1771 2238 ludens
1784 2197 1882 2242 co-

195 2283 341 2324 ram
371 2283 447 2324 eo
468 2267 534 2322 in
565 2266 780 2322 orbem
809 2270 1103 2322 terrarum
1135 2281 1148 2322 :
1180 2272 1233 2324 et
1260 2269 1477 2324 delitia
1533 2287 1682 2327 mea
1712 2275 1881 2329 erant

2150 491 2276 546 Una
2295 505 2435 547 cum
2466 491 2672 547 sancto
2704 487 2922 560 Spiritu

2146 578 2211 633 In
2243 578 2608 651 sempiterna
2665 575 2907 634 sacula.

2148 670 2356 723 Amen.

2073 754 2194 825 68
2220 755 2522 826 Capitula.
2538 756 2692 812 Deus
2704 755 2832 811 sine
2847 754 3032 812 initio.
3052 754 3124 813 Et
3137 756 3362 815 Lauda.
3383 758 3651 818 Alleluia.

2002 841 2586 902 Latabiturdeserta.
2614 845 2693 900 Et
2729 844 3079 902 Benedictio.
3111 845 3422 904 Dominus.
3458 853 3656 908 noster

1998 931 2168 987 Jesus
2197 932 2480 990 Christus.
2529 934 2644 1004 fol.
2680 936 2764 990 66.
2819 935 2885 989 In
2908 932 3156 991 nomine
3207 934 3443 992 Domini
3468 937 3655 996 nostri

1997 1021 2136 1076 Iesu
2160 1021 2392 1078 Christi.

1996 1107 2243 1167 INCIPIT
2302 1112 2628 1170 OFFICIUM
2711 1112 3136 1170 JEJUNIORUM
3187 1115 3255 1170 IN
3308 1114 3654 1176 KALENDIS

2655 1201 2976 1257 JANUARII

2069 1288 2646 1346 Observaturtribus
2699 1289 2904 1347 diebus
2929 1295 3070 1350 ante
3126 1290 3350 1360 festum
3393 1291 3652 1365 Epipha-

1997 1377 2131 1444 niae,
2158 1385 2336 1449 prout
2393 1379 2687 1450 sequitur.

2618 1481 2789 1522 PRIMO
2819 1481 2928 1522 DIE.

1993 2000 2158 2055 mino
2180 2001 2300 2055 Deo
2321 2003 2566 2067 nostro;
2591 1998 2767 2055 nobis
2802 2001 3010 2056 tamen
3045 1998 3126 2055 ob
3153 1999 3270 2056 hoc
3298 2000 3484 2058 robur
3513 2001 3645 2072 spei

1993 2089 2250 2145 multum
2277 2092 2547 2159 augetur,
2566 2088 2710 2160 quia
2741 2091 2803 2144 tu
2827 2092 3138 2160 susceptor
3165 2092 3368 2146 noster
3392 2104 3524 2146 esse
3557 2089 3643 2147 di-

1994 2181 2209 2248 gnatus
2219 2194 2311 2235 es:
2331 2176 2890 2249 obstruaturitaque
2915 2192 2985 2233 os
3005 2176 3373 2249 loquentium
3411 2177 3638 2250 iniqua,

1993 2283 2132 2324 cum
2162 2270 2464 2339 sperantes
2491 2267 2555 2321 in
2593 2269 2649 2322 te
2675 2265 3084 2323 misericordia
3129 2266 3464 2325 circumdat
3499 2267 3644 2325 assi-

199 2373 348 2413 cum
361 2356 509 2412 ﬁliis
525 2355 870 2412 hominum.
889 2358 1055 2412 Nunc
1068 2371 1210 2427 ergo
1222 2357 1327 2414 ﬁlii
1348 2359 1547 2416 audite
1565 2375 1661 2416 me
1677 2360 1877 2428 :Beati,

200 2446 312 2518 qui
365 2445 727 2501 custodiunt
766 2444 900 2501 vias
932 2459 1100 2502 meas
1122 2487 1135 2501 .
1163 2447 1374 2504 Audite
1412 2449 1804 2520 disciplinam,
1825 2453 1880 2508 et

203 2538 401 2592 estote
433 2534 766 2606 sapientes,
802 2537 860 2589 et
881 2533 1064 2590 nolite
1099 2534 1360 2606 abjicere
1386 2552 1542 2595 eam.
1573 2540 1637 2595 R.
1669 2540 1878 2597 Amen.

903 2625 1193 2694 Hymnus.

435 2710 740 2783 Splendor
763 2712 1029 2768 Paterna
1075 2712 1276 2782 gloria

353 2801 444 2856 De
470 2799 628 2868 luce,
663 2801 870 2856 lumen
912 2800 1239 2872 proferens,

353 2889 486 2944 Lux
506 2887 684 2955 lucis,
719 2893 775 2945 et
812 2889 948 2945 fons
993 2889 1236 2946 luminis

353 2975 497 3032 Dies
520 2975 685 3032 diem
713 2975 1082 3033 illuminans.

431 3067 746 3139 Verusque
793 3065 883 3122 sol
923 3065 1209 3133 inlabere,

356 3154 590 3212 Micans
621 3155 815 3212 nitore
852 3157 1080 3228 perpeti
1115 3175 1128 3216 :

345 3243 668 3316 Jubarque
693 3244 893 3300 Sancti
939 3244 1190 3316 Spiritus

353 3332 619 3389 lnfunde
651 3333 871 3388 nostris
902 3333 1197 3389 sensibus.

430 3421 597 3478 Votis
625 3437 911 3478 vocemus
935 3425 993 3478 et
1034 3422 1285 3487 Patrem,

357 3513 607 3569 Patrem
628 3511 909 3583 perennis
960 3510 1160 3582 gloria
1186 3529 1199 3567 :

359 3602 536 3658 Pater
569 3600 832 3672 potentis
875 3600 1078 3670 gratia

358 3689 620 3762 Culpam
652 3693 873 3759 releget
918 3689 1234 3746 lubricam.

433 3778 727 3836 Informet
767 3783 936 3836 actus
975 3783 1270 3847 strenuos,

353 3870 615 3925 Dentem
656 3868 937 3926 retundat
966 3868 1170 3939 invidi,

357 3961 551 4016 Casus
585 3959 874 4015 secundet
897 3973 1162 4030 asperos,

357 4050 555 4106 Donet
606 4048 850 4118 gerendi
888 4049 1162 4117 gratiam.

431 4140 691 4196 Mentem
735 4138 1026 4210 gubernet
1056 4143 1112 4195 et
1153 4141 1338 4210 regat,

360 4229 564 4296 Casto,
591 4226 752 4283 fideli
815 4242 1062 4299 corpore
1088 4243 1101 4284 :

362 4316 543 4373 Fides
599 4314 796 4372 calore
829 4314 1072 4385 ferveat,

364 4405 624 4462 Fraudis
649 4419 884 4462 venena
931 4406 1155 4462 nesciat
1185 4454 1198 4466 .

438 4495 824 4566 Christusque
846 4494 1022 4550 nobis
1054 4496 1124 4551 sit
1153 4496 1341 4566 cibus,

359 4585 667 4655 Potusque
700 4587 901 4639 noster
949 4584 1024 4638 sit
1042 4583 1191 4640 ﬁdes
1220 4601 1233 4642 :

353 4673 502 4729 Lati
523 4672 812 4728 bibamus
859 4672 1127 4729 sobriam

351 4763 720 4818 Ebrietatem
781 4761 1044 4834 spiritus.

425 4852 624 4907 Laetus
640 4850 768 4907 dies
789 4851 886 4906 hic
938 4855 1218 4908 transeat.

349 4936 559 4993 Pudor
587 4936 680 5000 sit,
714 4940 781 4992 ut
831 4934 1206 5004 diluculum;

352 5027 550 5092 Fines,
584 5025 749 5082 velut
795 5024 1078 5081 meridies
1110 5041 1123 5078 :

348 5116 790 5188 Crepusculum
839 5129 1012 5169 mens
1034 5112 1283 5172 nesciat.

423 5208 657 5263 Aurora
685 5219 906 5261 cursus
955 5202 1245 5274 provehit,

349 5298 577 5354 Aurora
605 5302 769 5354 totus
820 5291 1050 5359 fulgeat
1079 5308 1094 5346 :

349 5390 406 5444 In
442 5389 611 5446 Patre
644 5391 816 5443 totus
876 5381 1057 5446 ﬁlius,

337 5483 404 5539 Et
443 5486 602 5538 totus
632 5478 696 5534 in
729 5472 931 5528 Verbo
987 5471 1178 5527 Pater.

333 5573 534 5632 Gloria
565 5565 736 5626 Patri
793 5559 1070 5630 ingenito

323 5665 526 5726 Gloria
580 5650 943 5726 Unisenitoy

1991 2358 2132 2414 dua.
2173 2360 2450 2426 mAmen.
2483 2355 3076 2413 Permisericordiam
3101 2358 3292 2413 tuam.

2061 2445 2419 2516 Antiphona
2453 2450 2502 2500 1.
2534 2446 2675 2510 Quis
2705 2447 2860 2501 Deus
2892 2450 3105 2516 prater
3133 2444 3499 2502 Dominum?
3536 2447 3642 2504 aut

1992 2537 2128 2609 quis
2146 2541 2298 2593 Deus
2339 2538 2554 2608 prater
2595 2536 2785 2590 Deum
2827 2535 3149 2591 nostrum?
3168 2535 3470 2593 Psalmus.
3499 2534 3638 2592 nni.

2065 2628 2287 2686 Oratio.
2303 2622 2610 2680 Fortitudo
2627 2627 2852 2686 nostra,
2865 2622 3030 2680 dona
3049 2621 3227 2679 nobis
3256 2622 3640 2680 dilectionem

1992 2719 2075 2776 tui
2091 2714 2352 2774 nominis
2365 2711 2658 2783 perpetim
2671 2710 2973 2779 possidere
2993 2727 3008 2767 :
3027 2709 3278 2781 dignare
3288 2725 3418 2769 esse
3429 2713 3639 2768 nostra

1991 2809 2197 2863 contra
2226 2802 2616 2857 adversantes
2666 2800 2854 2854 virtus
2885 2814 2899 2854 :
2929 2797 3381 2856 ﬁrmamentum
3428 2802 3639 2856 contra

1989 2894 2414 2966 impugnantes
2439 2903 2451 2942 :
2475 2887 2814 2943 liberatora
2842 2885 3339 2956 [captivantibus;
3385 2890 3472 2955 ut,
3519 2887 3634 2945 tuis

1989 3000 2063 3040 ex
2073 2985 2194 3038 toto
2206 2975 2604 3034 defensaculis
2617 2974 3044 3039 circumcincti,
3075 2973 3161 3030 sic
3177 2973 3438 3032 adversa
3461 2989 3637 3032 mun-

1988 3073 2045 3128 di
2075 3085 2244 3128 mens
2261 3069 2465 3123 nostra
2482 3079 2605 3121 non
2633 3067 2876 3129 metuat,
2910 3068 2974 3119 ut
3028 3062 3257 3120 blanda
3278 3077 3403 3121 non
3441 3063 3637 3136 requi-

1912 3183 1956 3243 C
1984 3165 2078 3220 rat
2094 3178 2106 3217 :
2123 3164 2225 3215 tua
2240 3170 2478 3227 semper
2489 3153 2679 3243 gratia
2694 3155 2972 3243 contenta
2982 3151 3331 3208 muneribus
3349 3151 3633 3223 gaudeat.

2059 3261 2124 3318 ﬁ.
2141 3250 2349 3302 Amen.
2370 3245 2480 3298 Per
2509 3239 2988 3298 misericordiam
2999 3245 3188 3297 tuam.

2057 3335 2420 3407 Antiphona.
2448 3337 2504 3389 2.
2537 3331 2774 3395 Delicta,
2806 3330 2910 3403 qui
2929 3329 3094 3386 solus
3111 3328 3390 3402 intelligis
3413 3343 3637 3402 :apec-

1987 3425 2132 3484 catis
2151 3423 2373 3480 nostris
2404 3421 2636 3479 munda
2663 3435 2795 3483 nos,
2852 3418 3122 3476 Domine.
3169 3419 3440 3475 Psatmus
3469 3420 3634 3476 xviii.

2058 3514 2284 3572 Oratio.
2315 3511 2405 3566 Ab
2442 3510 2655 3567 ocultis
2679 3508 2902 3565 nostris
2939 3507 3171 3564 munda
3188 3523 3323 3576 nos,
3364 3506 3636 3572 Domine,

1987 3601 2304 3678 purgando
2315 3598 2904 3670 conscientiam,qua
2924 3596 3168 3655 internis
3185 3611 3256 3652 ac
3270 3595 3528 3668 propriis
3552 3596 3642 3651 in-

1985 3693 2183 3749 ﬁcitur
2193 3689 2442 3747 maculis
2457 3705 2470 3743 :
2487 3687 2566 3743 ab
2578 3686 2783 3743 alienis
2795 3700 3038 3758 quoque
3070 3700 3252 3756 parce
3285 3685 3473 3742 servis
3501 3683 3636 3751 tuis,

1986 3786 2053 3839 ut
2079 3796 2152 3838 ea
2179 3779 2662 3848 indulgeas,qua
2675 3775 2770 3831 vel
2785 3775 3083 3832 malorum
3117 3773 3408 3846 exemplis
3439 3771 3638 3829 addis-

1987 3867 2548 3939 cimus,ve1|pravis
2578 3864 2776 3922 inlecti
2821 3864 3311 3936 persuasionibus
3339 3868 3638 3935 perpetra-

1987 3977 2122 4016 mus
2147 3980 2160 4029 ;
2175 3958 2352 4030 utqui
2364 3961 2418 4013 te
2432 3955 2743 4028 proprium
2759 3955 3145 4024 agnoscimus
3157 3954 3639 4025 Dominum,pec-

1989 4051 2260 4105 catorum
2291 4059 2680 4116 nequaquam
2711 4042 3038 4098 sentiamus
3080 4040 3330 4097 ulterius
3359 4040 3632 4098 domina-

1989 4141 2137 4194 tum.
2160 4147 2223 4204 B1.
2251 4137 2459 4188 Amen.
2493 4133 2601 4187 Per
2633 4131 3108 4187 misericordiam
3133 4133 3324 4186 tuam.
3349 4129 3639 4198 Antipho-

1988 4241 2068 4283 na
2089 4226 2143 4281 3.
2170 4221 2397 4279 Exaudi
2419 4237 2528 4277 nos
2557 4220 2885 4291 indie,qua
2912 4217 3392 4275 invocaverimus
3419 4219 3492 4283 te,
3526 4217 3638 4272 Do-

1989 4314 2152 4370 mine
2181 4314 2336 4368 Deus
2370 4314 2589 4366 noster.
2648 4309 2925 4364 Psatmus
2951 4323 3065 4363 χιχ.

2060 4405 2280 4461 Oratio.
2303 4399 2735 4456 Tribulationes
2790 4396 2989 4454 cordis
3032 4395 3242 4464 nostri,
3273 4410 3429 4468 quas
3444 4395 3637 4468 poeni-

1990 4493 2170 4548 tendo
2182 4490 2517 4548 facinorum
2530 4489 2608 4544 ob
2622 4492 2849 4543 metum
2861 4485 3157 4557 judicium
3173 4484 3520 4556 pandit,per
3531 4482 3641 4540 mi-

1993 4579 2380 4638 sericordiam
2391 4585 2581 4643 tuam,
2597 4575 2952 4643 Domine,ad
2963 4573 3352 4645 indulgentia
3369 4573 3639 4632 latitiam

1992 4671 2239 4729 adtrahe
2272 4687 2286 4725 :
2344 4669 2504 4725 mitte
2542 4668 2741 4739 itaque
2786 4665 2958 4721 nobis
2987 4664 3276 4721 auxilium
3295 4663 3371 4719 de
3394 4667 3636 4731 sancto;

1993 4766 2048 4816 et
2085 4765 2431 4816 nostrorum
2474 4754 3097 4813 mastitias'cordium
3131 4753 3354 4824 pingue
3403 4751 3510 4808 tibi
3548 4749 3638 4806 fa—

1993 4850 2110 4906 cito
2131 4848 2590 4903 holaucaustum
2626 4862 2638 4900 :
2675 4849 2735 4899 ut
2765 4843 3068 4899 mentibus
3093 4840 3316 4897 nostris
3347 4843 3406 4895 et
3440 4839 3640 4896 conci-

1990 4939 2147 5004 lium,
2181 4953 2298 5007 quo
2329 4933 2919 5004 delecteris,inspires
2941 4935 3026 4999 ;et
3042 4945 3347 5002 opus,quo
3363 4929 3637 5002 placeris,

1989 5028 2290 5084 insinues:
2320 5023 2630 5095 petitiones
2661 5026 2897 5078 nostras
2924 5021 3007 5077 ita
3024 5018 3332 5092 suppleas,
3350 5023 3416 5075 ut
3430 5032 3642 5092 pecca-

1989 5122 2052 5173 ta
2075 5115 2310 5172 deleas:
2345 5119 2401 5170 et
2421 5113 2500 5170 ad
2527 5113 2691 5168 illam
2727 5111 3036 5181 regionem
3065 5109 3168 5166 ubi
3199 5109 3326 5166 sine
3361 5109 3638 5176 termino,

1987 5207 2220 5268 vivitur,
2245 5203 2542 5277 propitius
2561 5201 2937 5258 intromittas.
2963 5212 3028 5272 Βι.
3050 5202 3259 5256 Amen.
3291 5199 3397 5255 Per
3415 5197 3644 5256 miseri-

1988 5294 2256 5352 cordiam
2311 5299 2496 5349 tuam.

2061 5395 2122 5450 Βί.
2143 5383 2480 5437 Adveniens
2498 5381 2784 5436 Dominus
2800 5378 3301 5434 abstulitomnem
3322 5375 3640 5447 caliginem

1987 5474 2200 5535 noctis,
2237 5472 2332 5526 ubi
2379 5487 2498 5527 non
2531 5475 2658 5526 erat
2705 5470 2828 5534 lux,
2867 5469 3021 5523 facta
3052 5472 3142 5523 est
3189 5467 3446 5522 claritas.
3481 5467 3540 5518 P.
3574 5467 3640 5518 Et

1987 5561 2267 5633 apparuit
2293 5561 2438 5615 dies.
2463 5560 2527 5620 ἲν.
2555 5558 2837 5629 Populus,
2864 5557 2967 5628 qui
2999 5555 3245 5612 sedebat
3272 5555 3334 5610 in
3363 5551 3633 5614 tenebris,

1984 5649 2350 5707 viditlumen
2363 5664 2683 5720 magnum:
2702 5645 3115 5706 habitantibus
3146 5645 3208 5700 in
3240 5641 3479 5711 regione
3503 5649 3633 5694 um-
