4076 6420
423 341 531 401 151
1695 334 2151 398 BREVIARIUM

2190 337 2583 401 GOTHICUM.
3750 345 3876 400 152

429 463 549 520 bra:
592 462 803 519 mortis
850 461 953 518 lux
1005 466 1135 521 orta
1163 469 1253 522 est
1302 466 1403 524 eis.
1438 466 1500 521 P.
1550 468 1614 523 Et
1657 462 1947 538 apparuit.
2006 491 2074 502 —
2106 460 2153 515 Α
2181 463 2397 521 animis
2417 466 2751 533 hominum,
2770 464 3531 538 etinmuscipulispedibus
3550 466 3871 541 insipien-

426 550 639 616 Gloria,
669 553 726 606 et
747 549 962 613 honor,
980 554 1090 606 etc.
1126 550 1189 605 P.
1223 554 1290 608 Et
1345 554 1637 626 apparuit.

996 640 1069 694 In
1094 641 1418 698 Laudibus.

500 729 1080 800 Antiphona.Averte
1094 732 1307 787 faciem
1322 736 1489 788 tuam
1502 747 1537 788 a
1549 731 1810 804 peccatis
1826 728 2044 787 nostris
2062 742 2075 782 :

432 822 491 874 et
510 831 722 873 omnes
762 817 1103 890 iniquitates
1136 824 1373 879 nostras
1393 820 1525 877 dele
1554 836 1568 876 :
1592 820 1865 877 Psatmus
1897 836 1949 875 ι.

506 906 728 963 Oratio.
764 908 972 962 Averte
1000 906 1216 965 faciem
1273 912 1428 966 tuam
1465 924 1503 965 a
1558 909 1818 981 peccatis
1842 906 2078 970 nostris,

437 995 685 1052 Domine
705 1014 717 1064 ;
734 996 1363 1070 etomnesiniquitates
1392 1000 1631 1055 nostras
1644 997 1773 1053 dele
1801 1014 1814 1052 :
1840 1008 2081 1053 remove

437 1083 518 1142 ab
542 1083 729 1141 oculis
739 1085 853 1140 tuis
871 1084 1170 1143 malarum
1186 1091 1530 1143 nostrarum
1545 1085 1779 1143 facinus
1806 1084 2081 1156 volupta-

439 1176 569 1230 tum
594 1176 963 1246 ;nostrasque
983 1174 1343 1231 confessioni
1364 1176 1689 1232 clementer
1710 1177 1877 1229 tuum
1900 1186 2087 1242 appo-

439 1274 516 1318 ne
538 1260 846 1317 auditum:
878 1261 1173 1331 miserere,
1192 1278 1563 1334 quaesumus,
1596 1260 1950 1330 rogantibus
1982 1275 2086 1314 no-

442 1349 556 1415 bis,
588 1348 692 1421 qui
718 1349 1008 1421 propitius
1032 1350 1282 1420 respicis
1314 1351 1372 1405 in
1402 1350 1688 1411 adversis,
1723 1352 1779 1403 et
1819 1348 1924 1419 qui
1954 1347 2087 1402 des-

443 1438 772 1509 peratiscor
793 1437 1085 1508 paenitens
1106 1438 1336 1502 tribuis,
1366 1436 1847 1493 confessionibus
1871 1436 2089 1491 nostris

442 1525 644 1597 glorias
671 1528 781 1581 ture
804 1529 1021 1597 praesta.
1037 1526 1398 1582 subsidium.
1430 1526 1543 1581 Sed
1562 1527 1707 1598 quia
1732 1524 2092 1596 publicanus

444 1629 481 1672 ε.
508 1614 686 1683 longe
712 1618 901 1681 stans,
919 1614 1317 1685 etpercutiens
1343 1620 1551 1685 pectus
1578 1628 1775 1681 suum,
1798 1611 1927 1667 sola
1954 1627 2095 1666 con-

444 1700 702 1757 fessione
725 1706 1016 1771 purgatus
1046 1705 1163 1771 est;
1207 1700 1497 1766 similiter,
1532 1704 1589 1756 et
1613 1716 1723 1755 nos
1751 1704 2097 1771 peccatores

446 1788 665 1846 exaudi
696 1790 795 1843 :ut
813 1788 962 1844 sicut
984 1788 1064 1843 illi
1092 1789 1333 1845 meritos
1386 1788 1687 1860 petitionis
1718 1804 1841 1843 suae
1871 1787 2096 1843 fructus
2132 1778 2175 1833 Β

449 1876 709 1939 donasti,
734 1876 819 1933 ita
842 1881 897 1931 et
918 1876 1092 1932 nobis
1118 1876 1593 1950 supplicantibus
1620 1875 1882 1945 indignis
1908 1874 2096 1931 servis

450 1965 567 2022 tuis
588 1964 827 2020 veniam
857 1964 1121 2034 digneris
1139 1964 1407 2038 impendi
1435 1964 1708 2038 peccatis.
1767 1976 1833 2033 Bg.
1876 1964 2095 2022 Amen.

452 2052 564 2108 Per
623 2052 1097 2109 misericordiam
1165 2057 1355 2110 tuam.

523 2140 624 2197 Ad
645 2139 976 2198 Canticum.
1006 2142 1639 2212 Antiphona.Exurge,
1658 2140 1906 2197 Domine
1922 2141 2098 2207 Deus,

454 2228 706 2287 etlibera
728 2228 966 2301 plebem
996 2233 1160 2286 tuam
1188 2247 1204 2285 :
1234 2228 1557 2303 nequando
1582 2229 1780 2286 dicant
1818 2228 2099 2285 adversa-

454 2318 526 2374 rii
559 2334 570 2374 :
596 2320 800 2376 Manus
814 2318 1264 2375 nostraexcelsa
1292 2323 1400 2385 est,
1433 2323 1489 2376 et
1518 2320 1800 2376 nonDeus
1820 2317 1955 2375 fecit
1973 2317 2103 2375 hac

456 2406 689 2465 omnia.

529 2495 863 2552 Canticum.
896 2495 1143 2553 Attende
1165 2495 1399 2559 calum,
1459 2500 1517 2553 et
1543 2496 1779 2568 loquar.
1802 2495 1913 2564 fol.
1939 2497 1995 2551 4.

529 2584 858 2641 Reiteretur
884 2584 1245 2656 Antiphona.
1292 2587 1540 2657 Exurge,
1573 2583 1843 2641 Domine.

531 2673 758 2729 Oratio.
789 2675 1007 2729 Montes
1033 2676 1269 2729 cantent
1313 2672 1510 2741 nobis,
1556 2676 1613 2729 et
1656 2677 1811 2728 terra
1854 2670 2098 2729 audiat:

458 2760 799 2833 sicutMoysi
820 2760 1158 2817 famulotuo
1183 2760 1245 2816 in
1275 2760 1710 2817 confessionem
1737 2759 2102 2816 mirabilium

457 2854 512 2907 et
540 2854 975 2923 praeceptorum
996 2844 1235 2906 tuorum
1267 2867 1279 2906 :
1313 2854 1368 2905 et
1394 2849 1721 2906 descendat
1749 2864 1927 2921 super
1967 2864 2102 2920 nos,

459 2938 726 3003 Domine,
763 2940 952 3008 gratia
976 2938 1405 3010 {misericordiae
1437 2937 1673 2995 Domini
1724 2938 1909 2993 nostri
1963 2939 2105 2993 Jesu

456 3027 665 3084 Christi
688 3026 793 3082 filii
821 3027 925 3093 tui,
948 3028 1098 3082 sicut
1124 3042 1223 3083 ros
1251 3042 1431 3098 super
1456 3032 1695 3087 terram,
1745 3030 1801 3081 et
1822 3024 1976 3081 sicut
1996 3024 2105 3081 im-

458 3115 565 3171 ber
582 3128 759 3185 super
783 3128 1054 3182 gramen,
1088 3117 1147 3170 et
1175 3113 1328 3169 sicut
1351 3114 1452 3170 nix
1466 3128 1649 3185 supra
1669 3114 1897 3169 foenum
1923 3128 1935 3167 :
1965 3128 2100 3184 quae
2140 3124 2186 3183 ο

460 3218 572 3258 nos
599 3203 719 3274 69
758 3201 1180 3258 insensibiliter
1209 3201 1287 3257 ab
1316 3205 1441 3257 arte
1464 3200 1788 3273 impietatis
1818 3200 2105 3258 emundet

461 3290 597 3357 illic,
619 3289 724 3347 ubi
744 3294 1123 3363 peccatorum
1135 3293 1479 3347 nostrorum
1509 3288 1914 3345 numerositas
1943 3288 2106 3346 nulla

460 3378 649 3452 pessit
682 3378 1081 3436 satisfactione
1136 3377 1397 3451 pensari.
1436 3380 1520 3434 Tu
1560 3382 1780 3443 autem,
1831 3376 2101 3445 Domine,

458 3468 561 3540 qui
580 3482 646 3524 es
665 3482 962 3525 caecorum
1013 3466 1239 3534 lumen,
1254 3466 1581 3523 errantium
1598 3465 1713 3535 via,
1760 3466 2108 3524 resurrectio

459 3559 855 3625 mortuorum,
881 3560 1162 3627 respectu
1189 3554 1516 3612 clementia
1583 3558 1697 3611 tute
1729 3554 2106 3612 conscientiae

460 3646 681 3700 nostra
708 3644 985 3700 tenebras
998 3643 1329 3709 inlumina;
1366 3648 1687 3716 peccantes
1719 3642 1798 3699 ad
1814 3643 2109 3715 poeniten-

462 3732 609 3790 tiam
639 3748 875 3797 revoca,
921 3733 1347 3805 pcenitentibus
1375 3732 1616 3789 veniam
1654 3736 1906 3804 pompta
1940 3732 2002 3788 in
2054 3736 2109 3788 te

464 3836 707 3893 semper
726 3821 1109 3877 miseratione
1127 3820 1362 3890 largire.
1394 3832 1456 3889 ἢ.
1508 3822 1715 3877 Amen.
1753 3821 1861 3876 Per
1886 3819 2112 3877 miseri-

466 3909 735 3965 cordiam
756 3912 939 3965 tuam.

536 3997 1000 4055 Matutinarium
1011 3997 1363 4068 Antiphona.
1376 3999 1646 4053 Exortum
1664 4001 1750 4053 est
1762 3996 1822 4052 in
1854 3995 2113 4053 tenebris

463 4086 668 4143 lumen
697 4085 870 4143 rectis
887 4086 1087 4144 corde.
1132 4085 1191 4138 P.
1228 4085 1571 4151 Misericors,
1601 4091 1658 4142 et
1693 4085 2027 4151 miserator,
2055 4091 2113 4141 et

460 4175 661 4246 justus
689 4174 995 4230 Dominus.
1022 4174 1088 4234 ν.
1130 4176 1194 4229 Et
1218 4174 1629 4231 clamaverunt
1662 4174 1739 4231 ad
1767 4174 2109 4239 Dominum,

467 4278 607 4319 cum
625 4261 1045 4319 tribularentur
1072 4278 1084 4318 :
1109 4267 1166 4319 et
1189 4262 1263 4318 de
1286 4262 1733 4321 necessitatibus
1747 4279 1957 4320 eorum
1971 4261 2114 4318 libe-

468 4350 618 4407 ravit
637 4366 759 4406 eos.
788 4350 851 4406 P.
883 4350 1219 4407 Misericors.
1252 4351 1314 4411 )7.
1342 4352 1556 4418 Gloria,
1590 4356 1647 4408 et
1666 4352 1880 4418 honor,
1914 4351 2109 4407 etc.P.

472 4439 815 4496 Misericors.

543 4528 769 4584 Lauda.
804 4530 867 4583 in
885 4528 1104 4584 sanctis
1131 4529 1259 4600 ejus
1289 4529 1528 4587 laudate
1572 4545 1711 4587 eum
1741 4532 1801 4585 in
1832 4528 2102 4586 excelsis.

472 4616 741 4671 Psaimus
795 4632 998 4672 chvm

448 4734 453 4737 »
541 4706 735 4760 Lectio
765 4705 903 4760 libri
941 4703 1254 4776 Sapientiae
1297 4706 1627 4764 Salomonis
1676 4704 1845 4775 (Cad.
1884 4708 2110 4777 x1v,xv)

446 4822 457 4825 -
545 4804 609 4862 ἢ.
636 4794 752 4848 Deo
778 4794 1019 4865 gratias.

448 4924 449 4927 η
544 4881 1059 4945 Fili,beuedictum
1084 4888 1171 4939 est
1190 4884 1441 4954 lignum,
1466 4882 1744 4954 perquod
1778 4882 2106 4953 titjustitia.

476 4969 801 5025 Permanus
816 4976 1027 5039 autem,
1060 4972 1552 5044 quodtitidolum,
1580 4970 1942 5027 maledictum
1959 4976 2119 5027 estet

475 5057 756 5128 ipsum,et
784 5060 885 5130 qui
901 5060 1036 5116 fecit
1062 5059 1206 5116 illud
1236 5080 1247 5118 :
1282 5058 1531 5132 quiaille
1549 5059 1795 5130 quidem
1830 5063 2113 5130 operatus

477 5149 568 5202 est
591 5161 602 5201 :
624 5145 768 5202 illud
796 5153 995 5205 autem
1027 5164 1165 5204 cum
1194 5154 1347 5203 esset
1379 5147 1602 5215 fragile.
1629 5148 1785 5201 Deus
1817 5162 2119 5216 cognomi-

474 5238 650 5291 natus
679 5241 783 5291 est.
807 5236 1083 5292 Similiter
1097 5240 1297 5291 autem
1323 5236 1461 5290 odio
1484 5240 1621 5292 sunt
1642 5235 2017 5306 Deoimpius,
2062 5240 2120 5292 et

475 5322 754 5395 impietas
767 5324 915 5395 ejus.
932 5323 1157 5379 Etenim
1182 5321 1348 5395 quod
1373 5322 1595 5379 factum
1607 5326 1857 5389 est,cum
1873 5322 1993 5392 illo,
2016 5323 2120 5396 qui

476 5410 633 5477 fecit,
658 5415 957 5468 tormenta
984 5410 1251 5481 patietur.
1285 5409 1532 5483 Propter
1577 5410 1711 5478 hoc,
1738 5415 1795 5467 et
1844 5411 1906 5467 in
1944 5411 2119 5467 idolis

476 5498 782 5555 rationum
812 5498 920 5553 erit
948 5511 1071 5553 non
1124 5503 1469 5572 respectus:
1512 5500 1803 5572 quoniam
1836 5504 2119 5556 creature

480 5584 1361 5647 Deiinabominationemfactse
1398 5593 1557 5656 sunt,
1590 5592 1649 5646 et
1665 5588 2122 5649 intentationem

2184 550 2352 607 tium.
2387 554 2623 611 Initium
2640 554 3044 611 fornicationis
3061 560 3149 609 est
3174 554 3495 625 exquisitio
3508 554 3837 613 idolorum
3849 600 3865 625 ,

2187 642 2243 694 et
2272 639 2611 697 adinventio
2656 640 2895 697 illorum
2920 641 3217 712 corruptio
3256 640 3415 697 vitae.
3445 641 3868 700 lnfandorum

2188 726 2349 782 enim
2372 727 2670 785 idolorum
2695 729 2924 785 cultura
2946 729 3140 785 omnis
3157 729 3301 785 mali
3325 745 3512 788 causa
3540 737 3647 795 est,
3666 731 3874 788 etini-

2188 814 2359 885 tium,
2388 821 2447 873 et
2473 817 2624 874 ﬁnis.
2653 823 2767 875 Aut
2802 819 2962 875 enim
2986 817 3133 874 dum
3162 817 3456 886 laetantur,
3488 820 3867 877 insaniunt:

2190 907 2292 961 aut
2310 905 2706 963 vaticinantur
2729 906 2899 973 falsa,
2920 910 3024 963 aut
3034 906 3244 963 vivunt
3261 906 3343 978 inj
3355 911 3504 973 uste,
3529 909 3847 981 autperju
3861 941 3879 952 -

2192 996 2328 1048 rant
2356 992 2489 1050 cito.
2526 994 2679 1050 Dum
2722 994 3033 1051 conﬁdunt
3063 994 3123 1051 in
3152 994 3344 1063 idolis,
3376 1010 3513 1067 quae
3545 1001 3694 1053 sunt
3726 997 3876 1055 sine

2194 1080 2577 1147 anima,male
2589 1083 2609 1153 j
2620 1089 2858 1140 urantes
2872 1082 3071 1139 noceri
3095 1097 3158 1139 se
3174 1097 3297 1139 non
3314 1088 3575 1156 sperant.
3587 1087 3876 1159 Utraque

2195 1184 2337 1238 ergo
2360 1169 2473 1225 illis
2502 1171 2928 1241 venieutjuste,
2947 1170 3238 1244 quoniam
3259 1172 3418 1229 male
3435 1178 3767 1231 senserunt
3787 1174 3878 1231 de

2199 1259 2334 1325 Deo,
2363 1258 2733 1315 attendentes
2763 1260 2822 1314 in
2849 1258 3042 1324 idolis,
3070 1263 3126 1315 et
3155 1259 3371 1328 injuste
3397 1260 3880 1331 juraverunt,in

2199 1343 2357 1400 idolo
2384 1350 2831 1403 contemnentes
2857 1346 3158 1417 justitiam.
3190 1350 3309 1402 Non
3323 1348 3486 1405 enim
3506 1350 3881 1419 juratorum

2199 1433 2611 1499 estvirtus,sed
2637 1436 3008 1506 peccantium
3027 1451 3206 1507 poena
3220 1437 3599 1506 perambulat
3616 1455 3885 1512 semper

2202 1537 2380 1591 super
2408 1522 2767 1591 injustorum
2794 1523 3364 1594 praevaricationem.
3396 1527 3481 1581 Tu
3510 1530 3722 1583 autem
3758 1530 3886 1586 Do-

2204 1624 2363 1664 mine
2392 1611 2543 1664 Deus
2572 1614 2791 1676 noster,
2825 1611 3042 1675 suavis,
3076 1616 3133 1667 et
3164 1626 3337 1667 verus
3365 1618 3472 1679 est,
3502 1614 3779 1687 patiens,
3819 1623 3888 1674 et

2204 1695 2266 1751 in
2297 1695 2982 1767 misericordiadisponis
2999 1698 3221 1754 omnia.
3245 1699 3473 1755 Etenim
3514 1700 3565 1755 si
3591 1704 3893 1773 peccavi-

2204 1782 2408 1849 rimus,
2438 1784 2523 1839 tui
2552 1800 2781 1849 sumus,
2798 1784 3049 1840 scientes
3070 1786 3551 1855 magnitudinem
3578 1792 3796 1846 tuam:
3830 1799 3896 1851 et

2206 1872 2252 1926 si
2287 1886 2409 1927 non
2461 1872 2930 1943 peccaverimus,
2972 1873 3191 1929 scimus
3244 1876 3537 1946 quoniam
3598 1878 3778 1950 apud
3834 1884 3895 1938 te

2204 1959 2774 2031 computatisumus.
2807 1961 2988 2017 Nosse
3018 1963 3177 2018 enim
3206 1967 3278 2029 te,
3306 1971 3737 2024 consummata
3746 1968 3898 2038 jus-

2207 2046 2335 2104 titia
2364 2052 2452 2102 est
2472 2062 2484 2102 :
2504 2051 2561 2103 et
2585 2048 2729 2103 scire
2738 2048 3053 2119 justitiam,
3084 2054 3142 2107 et
3152 2050 3680 2123 veritatem,tuam,
3696 2056 3895 2115 radix

2208 2140 2298 2193 est
2325 2135 2701 2193 immortatis.
2727 2147 2793 2206 ιν.
2829 2138 3037 2194 Amen.

2916 2228 3192 2297 Hymnus.

2422 2312 2812 2383 Benignitatis
2836 2313 2971 2370 fons
3003 2315 3176 2384 Deus,

2352 2401 2460 2465 Qui
2488 2415 2611 2457 non
2639 2401 2867 2460 habens
2899 2403 3079 2460 tinem
3103 2402 3250 2461 boni

2354 2491 2541 2561 Super
2562 2489 2789 2548 malum
2810 2490 3176 2559 scelestium,

2354 2579 2594 2650 Semper
2625 2581 2777 2651 pius,
2838 2595 3075 2651 semper
3101 2581 3323 2639 bonus.

2422 2670 2689 2726 Moestum
2704 2670 2846 2726 satis
2881 2686 2983 2727 cor
3014 2670 3327 2741 caadimus,

2354 2760 2420 2813 Et
2451 2758 2611 2814 triste
2649 2763 2854 2831 pectus
2922 2759 3247 2830 tundimus,

2353 2850 2554 2919 Aquas
2593 2846 2837 2919 pupillae
2879 2847 3213 2917 fundimus,

2355 2937 2587 2991 Maastas
2642 2951 2829 3006 genas
2888 2935 3251 2992 inducimus.

2424 3024 2628 3094 Egisse
2654 3024 2909 3080 multum
2948 3024 3217 3097 pmnitet.

2357 3114 2630 3182 Horrens,
2687 3116 2924 3181 tetrum,
2984 3113 3078 3169 vel
3135 3114 3512 3185 pessimum;

2356 3200 2808 3274 Turpissimum,
2840 3202 2919 3259 ad
2996 3201 3309 3259 sordidum

2361 3291 2634 3346 Fatemur
2671 3304 2851 3345 omne
2906 3290 3181 3347 noxium.

2431 3377 2594 3434 Elata
2619 3393 2737 3434 vox
2763 3382 2815 3436 te
2876 3378 3159 3449 postulat,

2357 3468 2440 3523 'l‘u
2467 3481 2665 3539 parce,
2722 3465 2883 3531 dicit,
2936 3467 3237 3535 Conditor,

2358 3556 2489 3612 Jam
2528 3568 2705 3625 parce
2726 3553 2945 3611 clamat
3003 3554 3352 3627 obsecrans,

2360 3644 2605 3714 Ignosce
2633 3641 2799 3715 quod
2854 3644 3290 3701 commisimus.

2469 3734 2595 3788 Non
2623 3732 2711 3788 ira
2735 3737 2982 3789 mmstos
3014 3733 3271 3799 sorbeat,

2361 3825 2490 3879 Non
2512 3836 2691 3894 pcena
2738 3820 2930 3877 fessos
2960 3828 3260 3879 conterat:

2364 3908 2563 3967 Solare
2586 3909 2868 3967 contritos
2926 3909 3061 3976 cito,

2364 4000 2429 4054 Et
2455 3997 2746 4067 gaudium
2804 3996 2981 4053 nobis
3026 3998 3189 4054 dato.

2434 4086 2673 4155 Praesta,
2704 4086 2873 4141 Pater
2919 4086 3201 4158 piissime,

2366 4173 2639 4245 Patrique
2687 4189 2935 4245 compar
2976 4173 3192 4243 Unice,

2366 4264 2512 4317 Cum
2546 4261 2763 4333 Spiritu
2805 4262 3117 4319 Paraclito.

2364 4352 2638 4421 Regnans
2664 4366 2768 4422 per
2814 4367 2994 4407 omne
3023 4352 3333 4409 saeculum.

2436 4441 2643 4494 Amen.

2290 4524 2667 4598 Supplicatio.
2692 4529 2940 4584 Oremus
2954 4528 3409 4603 Redemptorem
3448 4536 3671 4592 mundi
3686 4538 3914 4596 Domi-

2220 4631 2366 4672 num
2383 4619 2860 4672 nostrumJesum
2882 4617 3199 4688 Christum,
3213 4636 3351 4677 cum
3367 4624 3536 4679 omni
3571 4626 3913 4700 supplica-

2220 4705 2376 4761 tione
2404 4720 2685 4775 rogemus
2710 4722 2722 4771 ;
2751 4714 2938 4762 utnos
2953 4707 3363 4781 gratiaipsius,
3394 4715 3452 4766 et
3474 4713 3916 4783 perinterces-

2221 4792 2451 4849 sionem
2480 4794 2705 4849 Sanctae
2737 4794 2925 4849 Mariae
2958 4796 3206 4865 Virginis
3224 4798 3532 4854 Genitricis
3564 4818 3698 4859 sum
3721 4804 3791 4861 in
3813 4823 3915 4864 sa-

2220 4897 2321 4936 cro
2361 4887 2569 4937 sancto
2600 4882 2830 4952 jejunio
2870 4884 3277 4941 remissionem
3317 4893 3738 4957 peccatorum.
3793 4911 3915 4969 pa-

2222 4985 2472 5042 cemque
2484 4970 2657 5026 nobis
2671 4972 2961 5043 propitius
2987 4972 3213 5029 donare
3231 4974 3534 5045 dignetur.
3558 4980 3916 5050 mPressta,

2223 5064 2456 5115 internas
2469 5060 2845 5131 omnipotens
2864 5062 3038 5116 Deus.
3062 5063 3256 5133 Kyrie,
3276 5064 3533 5123 Eleison.
3555 5069 3918 5143 mChriste,

2224 5145 2463 5202 eleison.
2522 5149 2713 5218 Kyrie,
2769 5148 3014 5204 eleison.

2297 5234 2585 5305 Capitula.
2614 5235 2985 5293 Dilectissimi
3026 5237 3256 5308 fratres,
3306 5241 3412 5313 qui
3454 5245 3668 5301 omnia
3725 5248 3921 5310 idola

2226 5322 2496 5393 gentium
2514 5339 2650 5379 cum
2666 5324 2977 5382 Psalmista
2990 5326 3298 5384 dmmonia
3312 5344 3441 5386 esse
3462 5332 3709 5391 creditis
3737 5340 3927 5409 gillo-

2225 5426 2380 5477 rum,
2409 5426 2636 5483 quaeso,
2658 5417 2719 5468 ut
2743 5413 2885 5469 ritus
2903 5419 2959 5470 et
2977 5421 3317 5473 monstruos
3334 5422 3505 5475 actus
3524 5424 3927 5489 omnimodo

2227 5514 2587 5571 respuamus
2620 5516 2631 5553 :
2658 5506 2711 5557 et
2730 5502 2779 5557 si
2804 5502 3063 5575 aliquem
3078 5520 3148 5559 ex
3172 5505 3435 5563 Ecclesiae
3457 5508 3599 5565 filiis
3614 5513 3928 5583 talia,aut

2230 5602 2404 5662 agere
2425 5593 2527 5648 aut
2550 5588 2829 5649 delectari
2858 5593 3215 5667 prospicitis,
3246 5600 3447 5658 vestra
3466 5599 3927 5667 admonitione
