4076 6412
188 268 266 322 ttit
1132 272 1204 327 ΙΝ
1242 271 1572 329 SECUNDO
1613 271 1732 327 DIE
1769 269 2219 331 JEJUNIOBUM
2259 277 2419 336 KAL.
2459 279 2764 338 JANUAB.

3513 300 3618 358 162

255 394 414 449 Pater
429 394 677 492 ‘nester.
706 394 778 448 Et
810 407 889 450 ne
917 407 1045 463 nos,
1077 398 1184 452 etc.
1208 397 1253 452 Α
1282 396 1445 454 malo
1469 412 1582 454 nos
1636 396 1846 454 libera.
1889 398 1936 453 A
1978 399 2155 492 solet
2183 401 2329 459 luna
2359 418 2482 459 non
2511 404 2806 461 deﬁcient.
2835 407 2913 464 P.
2944 409 3008 465 In
3040 415 3327 472 aeternum
3373 421 3616 492 tempus

201 483 390 549 Qutere
411 481 535 551 fol.
580 481 673 537 10.

792 571 890 627 Ad
941 574 1268 644 Vesperum.

259 661 502 718 Lauda.
529 662 815 732 Vespere,
849 667 1108 732 mane,et
1141 663 1388 720 meridie
1417 667 1472 720 te
1515 663 1858 730 laudamus,

198 748 443 806 Domine
456 791 469 804 .

259 839 646 908 Antiphona.
681 837 864 894 Salva
907 837 1141 910 plebem
1162 844 1348 913 tuam,
1383 841 1728 907 Domine,et
1761 839 1863 897 be-

191 926 364 984 nedic
392 925 794 983 hereditatem
823 929 1012 982 tuam.
1041 930 1308 985 Psalmus
1348 945 1517 986 xxvii.

257 1015 500 1072 Lauda.
529 1014 739 1070 Veniat
765 1030 952 1086 super
980 1032 1108 1083 nos,
1143 1017 1412 1083 Domine,
1457 1016 1864 1074 misericordia

189 1108 290 1160 tua
324 1123 336 1161 :
369 1109 429 1161 et
452 1103 720 1160 salutare
763 1108 963 1170 tuum,
992 1108 1048 1160 et
1075 1105 1384 1177 eloquium
1434 1111 1627 1162 tuum.
1680 1106 1748 1166 IV.
1797 1109 1864 1161 Et

187 1191 580 1265 respondebo
608 1191 1116 1263 exprobrantibus
1137 1194 1284 1249 mihi
1308 1194 1722 1267 verbumzquia
1738 1207 1866 1266 spe-

185 1281 321 1338 ravi
346 1281 412 1336 in
446 1279 836 1336 sermonibus
876 1282 1012 1336 tuis.
1045 1281 1108 1336 P.
1144 1285 1210 1338 Et
1238 1283 1546 1355 eloquium
1570 1289 1756 1338 tuum.
1799 1281 1860 1342 ν.

184 1369 413 1436 Gloria,
449 1373 507 1424 et
536 1369 733 1425 honor
761 1369 945 1435 Patri,
979 1373 1088 1426 etc.
1123 1371 1186 1426 P.
1221 1373 1288 1427 Et
1310 1371 1617 1444 eloquium
1656 1375 1854 1426 tuum.

255 1458 962 1529 Hymnus.Benignitatis
989 1459 1124 1516 fons
1151 1462 1866 1530 Deus.Supplicatio.0re-

1969 487 2036 547 ν.
2079 489 2448 547 Hierusalem
2513 507 2639 548 non
2673 494 3004 552 erittibisol
3050 503 3309 572 amplius
3337 487 3604 565 adlucen

1968 577 2114 634 dum
2137 595 2244 651 per
2271 580 2444 649 diem,
2477 596 2586 636 nec
2617 583 2894 654 splendor
2911 585 3066 642 lunae
3086 588 3446 649 illuminabit
3474 601 3530 652 te
3554 598 3618 652 in

1969 671 2144 723 nocte
2168 685 2181 734 ;
2217 669 2323 724 sed
2345 669 2940 729 erittibiDominusin
2961 674 3182 732 luce.P.
3221 682 3281 734 In
3305 685 3614 751 aeternum,

2559 760 2630 815 [η
2695 762 3024 822 Laudibus.

2041 842 2421 914 Antiphona.
2451 847 2661 904 Averte
2689 849 2908 907 faciem
2927 856 3140 911 tuama
3166 856 3425 928 peccatis
3450 859 3620 916 meis:

1972 934 2029 988 et
2061 946 2272 988 omnes
2301 933 2643 1006 iniquitates
2673 952 2840 994 meas
2861 938 3012 997 dele.
3045 943 3324 1001 Psalmus
3344 963 3394 1004 L.

2046 1018 2274 1076 Oratio.
2307 1026 2513 1078 Averte
2543 1023 2760 1080 faciem
2791 1031 2976 1084 tuam.
3015 1030 3266 1100 Require
3287 1035 3506 1103 fot.68.

2043 1106 2141 1160 Ad
2171 1106 2514 1165 Canticum.
2544 1110 2907 1181 Antiphona.
2954 1118 3081 1172 Non
3130 1122 3217 1173 est
3276 1122 3430 1176 Deus
3473 1122 3626 1178 sicut

1972 1192 2176 1260 homo,
2221 1199 2284 1250 ut
2309 1196 2667 1253 mentiatur:
2699 1215 2807 1256 nec
2839 1207 2903 1258 ut
2936 1202 3092 1259 ﬁlius
3120 1204 3399 1278 hominis,
3422 1213 3487 1264 ut
3509 1209 3620 1265 im-

1974 1285 2254 1337 mutetur.

2309 1368 2619 1428 Canticum
2670 1373 2923 1432 Numeri
2945 1378 3122 1448 (Cap.
3151 1387 3334 1448 xxm).

2047 1461 2124 1513 De
2154 1467 2331 1514 Aram
2358 1459 2610 1517 adduxit
2636 1478 2733 1518 me
2766 1464 2938 1521 Balac
2966 1482 3070 1523 rex
3099 1469 3509 1543 Moabitarum,
3548 1473 3623 1529 de

183 1565 328 1604 mus
356 1547 827 1619 Redemptorem
853 1547 1089 1604 mundi.
1145 1550 1441 1620 Capitula.
1493 1548 1865 1605 Dilectissimi
1976 1548 2280 1603 montibus
2305 1548 2556 1604 Orientis
2590 1569 2603 1604 :
2638 1551 2794 1618 veni,
2823 1553 3031 1625 inquit,
3057 1561 3113 1612 et
3132 1558 3387 1616 maledic
3409 1559 3618 1618 Jacob:

185 1638 428 1694 fratres.
462 1637 1112 1693 Benedictio.Christus
1135 1638 1557 1710 Dominus,qui
1586 1653 1723 1694 cum
1762 1638 1868 1694 Pa-

1976 1633 1996 1655 '
2012 1639 2350 1707 propera,et
2378 1635 2673 1693 detestare
2694 1641 3218 1707 Israel.Quomodo
3238 1647 3618 1714 maledicam,

184 1724 1148 1782 tre.Lauda.Alleluia.Laetabitur
1170 1726 1640 1783 deserta.0mnia
1687 1741 1868 1798 supra
1904 1743 1948 1798 Β
1978 1723 2073 1779 cui
2101 1738 2222 1779 non
2248 1722 2554 1779 maledixit
2583 1728 2736 1782 Deus
2764 1729 2786 1781 Ρ

187 1815 359 1871 dicta
385 1814 636 1885 require
663 1814 774 1883 fol.
803 1818 895 1882 69,
921 1813 1009 1869 70.
1041 1814 1271 1870 Oratio.
1328 1816 1596 1885 Domine,
1651 1815 1868 1872 exaudi

189 1903 537 1960 orationem
554 1906 856 1959 nostram.
887 1902 1140 1974 Require
1161 1904 1224 1958 in
1247 1905 1358 1959 isto
1413 1905 1581 1974 folio.

813 2007 868 2046 IN
900 2007 1141 2047 sscunno
1181 2008 1271 2046 me
1393 2047 1416 2069 ο

780 2080 869 2134 Ad
916 2081 1310 2138 Matutinum.

257 2169 648 2239 Antiphona.
676 2170 759 2223 Tu
792 2172 996 2224 autem
1023 2169 1277 2224 Domine
1325 2171 1639 2241 susceptor
1695 2182 1868 2224 meus

191 2258 477 2330 es,gloria
502 2263 728 2325 mea,et
756 2256 1024 2312 exaltans
1037 2263 1219 2329 caput
1237 2273 1461 2316 meum.
1487 2260 1751 2316 Psalmus
1785 2273 1863 2314 ιιι.

263 2347 504 2404 Oratio.
531 2345 820 2412 Quamvis
847 2345 1118 2402 Domine.
1153 2347 1356 2412 Quare
1375 2347 1483 2416 fol.
1517 2348 1602 2404 68.

262 2435 611 2506 Antiphona
647 2440 694 2488 l.
727 2437 977 2503 Magnus
1006 2435 1318 2504 Dominus,
1346 2438 1402 2492 et
1421 2434 1742 2492 laudabilis
1781 2435 1867 2492 ni-

193 2525 328 2581 mis.
357 2525 630 2580 Psalmus
645 2565 657 2578 .
703 2539 878 2579 XLVII.

2050 1813 2181 1876 Qua
2208 1811 2442 1868 ratione
2471 1812 2745 1881 detester,
2789 1818 2805 1833 '
2833 1832 3016 1888 quem
3046 1822 3197 1877 Deus
3226 1837 3348 1879 non
3372 1824 3625 1882 detesta-

1979 1902 2069 1955 tur
2096 1900 2124 1955 ?

2050 1991 2128 2044 De
2150 1990 2402 2046 summis
2440 1991 2706 2048 silicibus
2724 1993 2943 2051 videbo
2966 2011 3124 2060 eum,
3150 2001 3169 2022 '
3195 2001 3251 2056 et
3270 1999 3345 2055 de
3373 2001 3625 2066 collibus

1979 2077 2375 2135 considerabo
2405 2079 2595 2136 illum.

2047 2167 2309 2237 Populus
2340 2167 2501 2224 solus
2555 2169 2865 2237 habitabit,
2930 2177 2988 2229 et
3039 2173 3189 2230 inter
3237 2181 3440 2246 gentes
3504 2193 3628 2234 non

1975 2254 2367 2326 reputabitur.

2047 2343 2190 2408 Quis
2211 2342 2591 2401 dinumerare
2604 2347 2793 2417 possit
2811 2348 3116 2419 pulverem
3135 2352 3364 2417 Jacob,‘
3384 2356 3628 2411 etnosse

1975 2446 2295 2488 numerum
2317 2433 2514 2504 stirpis
2536 2434 2713 2491 israel
2739 2437 2768 2491 ?

2048 2519 2325 2576 Moriatur
2351 2521 2557 2577 anima
2614 2538 2751 2580 mea
2802 2529 2990 2582 morte
3039 2527 3626 2601 justorum,'et76

268 2613 726 2682 Oratio.Magne
744 2611 993 2668 Domine
1019 2611 1314 2684 valdeque
1338 2611 1867 2682 laudabilis,dilata
1975 2607 2124 2663 ﬁant
2151 2608 2483 2666 novissima
2502 2625 2638 2666 mea
2664 2612 2880 2666 horum
2912 2613 3145 2669 similia.

199 2703 255 2758 in
285 2717 507 2758 omnes
530 2699 717 2756 ﬁdem
747 2699 1018 2756 Ecclesiae
1044 2705 1251 2759 tuaszut
1280 2700 1341 2756 in
1381 2701 1552 2772 cujus
1582 2701 1868 2771 gradibus

199 2793 348 2847 Deus
370 2789 818 2861 agnosceris;in
849 2804 921 2845 ea
949 2789 1127 2846 etiam
1159 2789 1339 2860 plena
1372 2788 1643 2845 ﬁdelium
1693 2789 1868 2846 devo-

199 2880 354 2936 tione
384 2878 658 2935 lauderis
689 2895 706 2932 :
732 2878 986 2949 ejusque
1021 2893 1228 2949 preces
1252 2877 1548 2950 propitius
1589 2879 1825 2951 suscipe
1852 2897 1867 2946 ;

198 2973 249 3025 et
274 2968 430 3024 inter
466 2967 674 3024 saeculi
702 2965 1001 3038 procellas
1033 2965 1312 3023 sollicitos
1348 2966 1717 3037 gubernator
1742 2983 1871 3023 cus-

2052 2697 2150 2751 Sta
2176 2695 2350 2752 Balac
2383 2702 2440 2752 et
2467 2698 2758 2763 ausculta,
2790 2701 2809 2720 ⁶
2849 2701 2992 2756 audi
3017 2701 3098 2756 ﬁli
3127 2703 3383 2774 Sepnor:

2050 2786 2176 2839 Non
2205 2787 2292 2838 est
2321 2787 2474 2840 Deus
2505 2785 2656 2841 sicut
2678 2787 2885 2852 homo,
2922 2791 2984 2844 ut
3009 2790 3362 2846 mentiatur:
3389 2794 3523 2847 'nec
3567 2796 3630 2848 ut

1977 2870 2133 2926 ﬁlius
2158 2871 2440 2935 hominis,
2469 2877 2532 2928 ut
2567 2873 2933 2930 immutetur.

2051 2959 2198 3015 Dixit
2227 2975 2389 3029 ergo,
2421 2965 2477 3016 et
2505 2975 2625 3018 non
2672 2960 2845 3018 faciet
2875 2963 2944 3016 ?"
2972 2961 3206 3020 locutus
3246 2969 3356 3033 est,
3394 2970 3451 3022 et
3508 2983 3626 3024 non

199 3055 314 3113 lodi
342 3078 354 3115 :
392 3061 462 3112 ut
490 3055 1015 3127 civitatem,quam
1045 3054 1309 3112 fundasti
1335 3055 1396 3111 in
1422 3056 1664 3127 saecula,
1697 3057 1870 3112 mise-
1903 3086 1947 3144 ο
1980 3048 2372 3144 adimplebit‘f

198 3145 456 3201 ricordia
480 3147 590 3200 tua
620 3145 1009 3211 introeuntes,
1036 3144 1436 3216 suscipiamur
1460 3144 1522 3199 in
1584 3144 1705 3213 illa,
1740 3161 1871 3202 nar-

201 3238 393 3290 rantes
422 3233 488 3288 in
520 3232 787 3289 turribus
809 3231 1114 3289 mirabilia
1140 3237 1260 3288 tua.
1298 3244 1361 3301 tr.
1403 3233 1611 3289 Amen.

270 3322 378 3378 Per
409 3319 902 3377 misericordiam
932 3324 1120 3387 tuam,
1152 3325 1261 3377 etc.

271 3408 634 3480 Antiphona
651 3411 708 3463 2.
740 3411 1031 3465 Memento
1063 3409 1567 3478 congregationis,
1599 3410 1869 3478 Domine,

208 3513 390 3569 quam
424 3497 646 3553 creasti
668 3496 749 3554 ab
777 3496 962 3553 initio.
993 3497 1258 3554 Psalmus
1293 3513 1483 3553 LXXIII.

273 3588 502 3646 Oratio.
545 3588 843 3642 Memento
897 3585 1146 3642 Domine
1200 3586 1682 3657 congregationis
1737 3591 1866 3652 tuae,

210 3691 386 3746 quam
414 3675 498 3731 ab
529 3674 702 3731 initio
735 3675 972 3743 creasti,
1035 3689 1346 3747 quamque
1395 3675 1747 3732 mirabiliter
1806 3692 1875 3733 ac

2051 3138 2138 3194 Ad
2182 3138 2662 3194 benedicendum
2708 3139 3003 3197 adductus
3053 3157 3209 3207 sum,
3243 3143 3633 3202 'benedictio-

1982 3242 2118 3282 nem
2139 3227 2453 3300 prohibere
2473 3242 2596 3283 non
2629 3228 2817 3284 valeo.

2052 3319 2180 3372 Non
2213 3320 2301 3372 est
2329 3316 2558 3372 idolum
2579 3317 2640 3373 in
2665 3318 2868 3384 Jacob,
2897 3321 2915 3340 ‘
2939 3333 3048 3375 nec
3092 3319 3322 3377 videtur
3391 3323 3632 3380 simula—

1981 3421 2150 3462 crum
2190 3407 2252 3462 in
2276 3407 2480 3463 Israel.

2055 3496 2341 3552 Dominus
2375 3499 2527 3552 Deus
2556 3497 2686 3568 ejus
2704 3511 2842 3553 cum
2872 3511 2943 3553 eo
2967 3498 3098 3564 est,‘
3123 3501 3178 3554 et
3197 3499 3442 3570 clangor
3456 3502 3636 3559 victo-

1982 3584 2083 3641 riae
2113 3585 2269 3654 regis
2308 3584 2370 3640 in
2396 3584 2519 3641 illo.

2054 3673 2209 3729 Deus
2235 3673 2438 3729 eduxit
2468 3690 2606 3730 eum
2627 3673 2700 3730 de
2729 3673 3039 3747 Egypto,‘
3060 3676 3230 3748 cujus
3253 3675 3530 3735 fortitudo
3561 3678 3636 3734 si-

214 3763 676 3821 misericorditer
696 3763 780 3819 tui
811 3763 1125 3834 sanguinis
1164 3764 1356 3836 pretio
1404 3763 1707 3820 redemisti
1736 3783 1749 3833 ;
1774 3766 1875 3838 qui
1985 3761 2141 3819 milis
2176 3765 2261 3818 est
2281 3762 2656 3820 rhinoceroti.

213 3851 363 3909 hanc
396 3853 604 3925 ipsam
634 3853 697 3907 in
743 3852 1193 3924 possessionem
1240 3856 1408 3908 tuam
1463 3851 1538 3908 de
1595 3853 1878 3910 Gentibus

215 3941 687 4013 elegisti.Libera
713 3957 857 4014 ergo
881 3941 1115 4012 virgam
1127 3941 1477 3997 hereditatis
1508 3945 1623 3997 tuae
1649 3959 1686 3999 a
1743 3959 1878 4016 sup-

215 4030 569 4103 plantatoris
591 4030 954 4089 incursibus:
985 4045 1056 4086 ac
1081 4031 1166 4086 sic
1185 4045 1319 4086 eam
1335 4043 1472 4100 rege
1491 4029 1879 4100 justiﬁcando

216 4119 494 4190 praesenti
520 4118 585 4174 in
617 4118 862 4186 smeulo,
895 4123 959 4174 ut
983 4119 1183 4191 ipsam
1211 4117 1518 4174 haereditet
1562 4118 1624 4175 in
1662 4119 1881 4176 saeculo

219 4214 348 4279 post
367 4207 618 4265 futuro:
652 4213 857 4279 etquae
889 4221 1145 4278 regnum
1167 4213 1338 4263 tuum
1359 4207 1640 4263 advenire
1678 4209 1883 4266 divina

217 4296 531 4352 traditione
561 4296 878 4355 exoratzad
908 4295 1067 4352 idem
1095 4311 1352 4366 regnum
1380 4295 1610 4353 indulto
1641 4298 1878 4369 piaculo

216 4385 584 4442 hereditaria
625 4384 1004 4442 successione
1029 4384 1428 4458 perveniatdt’.
1458 4385 1666 4443 Amen.

285 4475 398 4531 Per
426 4474 908 4531 misericordiam
931 4478 1119 4542 tuam,
1169 4479 1279 4533 etc.

286 4562 649 4633 Antiphona
677 4562 1189 4620 3.01amornoster
1215 4562 1295 4619 ad
1321 4566 1374 4618 te
1396 4563 1787 4635 perveniat;et
1809 4579 1883 4621 ne

222 4656 456 4708 avertas
483 4649 705 4707 faciem
725 4655 890 4708 tuam
919 4667 956 4708 a
987 4666 1105 4708 me.
1137 4652 1401 4708 Psalmus
1442 4667 1514 4708 οι.

289 4741 518 4797 Oratio.
555 4738 828 4808 Domine,
859 4739 1078 4796 exaudi
1108 4740 1444 4797 orationem
1488 4745 1754 4798 nostram
1789 4759 1802 4807 ;
1830 4747 1886 4799 et

219 4829 448 4887 clamor
473 4833 680 4885 noster
709 4829 788 4886 ad
821 4833 875 4885 te
929 4835 1161 4886 remoto
1210 4828 1641 4901 impedimento
1681 4845 1885 4902 perve-

214 4919 762 4993 niatzquocumque
791 4921 996 4975 autem
1025 4917 1121 4974 die
1145 4923 1198 4973 te
1222 4918 1885 4986 invocamus,velociter

218 5007 309 5064 tibi
339 5013 556 5065 nostra
581 5011 852 5080 patescat
870 5008 1197 5064 oratioznec
1218 5009 1452 5063 avertas
1477 5007 1689 5064 faciem
1716 5013 1884 5066 tuam

214 5112 248 5154 a
273 5098 647 5170 gemitibus;
681 5113 794 5153 nec
838 5096 1337 5169 gubernationem
1380 5101 1545 5153 tuam
1573 5111 1610 5154 a
1667 5097 1884 5155 nostris

214 5189 495 5246 cohibens
517 5186 891 5244 moribusmt
917 5185 1290 5256 gratulemur
1314 5184 1568 5257 adipisci
1625 5186 1885 5257 postula-

216 5278 533 5347 ta;dumad
562 5282 619 5334 te
646 5278 863 5331 nostra
876 5274 1257 5346 pervenerint
1280 5273 1883 5335 desideria.v.Amen.

282 5366 389 5423 Per
406 5363 902 5423 misericordiam
937 5367 1124 5427 tuam,
1157 5367 1265 5418 etc.

283 5467 343 5525 It.
377 5454 762 5514 Hierusalem
789 5452 897 5507 erit
927 5451 1030 5507 tibi
1059 5451 1344 5507 Dominus
1408 5450 1512 5507 lux
1553 5456 1792 5519 aeterna,
1833 5456 1890 5510 et

2058 3854 2185 3906 Non
2217 3856 2308 3908 est
2381 3851 2701 3922 augurium
2732 3853 2794 3908 in
2818 3853 3024 3921 Iacob,
3065 3854 3086 3876 "
3123 3869 3233 3911 nec
3255 3855 3541 3913 divinatio
3579 3856 3639 3913 in

1987 3936 2187 3996 Israel.

2058 4021 2452 4099 Temporibus
2482 4028 2606 4083 suis
2651 4027 2879 4083 dicetur
2908 4028 3091 4086 Jacob
3155 4033 3210 4086 et
3259 4031 3643 4102 Israel'quid

1990 4119 2273 4191 operatus
2304 4120 2395 4171 est
2436 4116 2612 4171 Deus.

2065 4204 2324 4279 Populus
2374 4218 2507 4259 ecce
2554 4207 2617 4261 ut
2659 4203 2848 4260 leaena
2905 4205 3225 4276 consurgit,
3268 4208 3368 4262 'et
3391 4205 3483 4262 leo
3531 4204 3648 4262 eri-

1992 4295 2168 4368 gitur.

2065 4387 2192 4440 Non
2214 4381 2551 4446 accubabit,
2586 4381 2777 4438 donec
2803 4381 3045 4439 devoret
3065 4382 3380 4456 praedam,‘
3405 4387 3461 4441 et
3492 4383 3646 4440 occi-

1996 4488 2203 4530 sorum
2241 4472 2598 4541 sanguinem
2629 4471 2814 4527 bibat.

2066 4563 2290 4620 Oratio.
2319 4563 2402 4617 Tu
2424 4576 2504 4627 es,
2546 4561 2814 4628 Domine,
2869 4558 3035 4618 stella
3071 4561 3334 4619 veritatis
3361 4562 3557 4619 oriens
3583 4577 3650 4619 ex

1993 4653 2196 4719 Jacob,
2224 4652 2530 4723 homoque
2548 4665 2917 4721 consurgens
2943 4665 3014 4706 ex
3034 4651 3210 4707 Israel
3239 4669 3252 4706 :
3277 4659 3332 4706 et
3378 4665 3535 4707 novo
3575 4650 3647 4707 si-

1995 4742 2134 4798 dere
2157 4738 2488 4797 ostenderis
2515 4740 2690 4811 Deus,
2720 4739 3081 4811 etpraesepio
3131 4739 3358 4812 positus
3411 4740 3565 4795 Deus
3595 4743 3653 4795 et

1993 4829 2364 4896 homo,unus
2386 4826 2645 4884 crederis
2666 4828 3497 4899 Christuszproptermagnam
3511 4843 3651 4899 ergo

1994 4917 2460 4975 misericordiam
2494 4922 2683 4986 tuam,
2713 4915 2962 4972 visionis
2979 4921 3094 4974 tum
3135 4916 3353 4973 horum
3393 4933 3654 4990 proroga

1994 5008 2290 5077 gratiam:
2327 5009 2391 5062 ut
2422 5009 2712 5077 appareat
2741 5003 2798 5060 in
2823 5020 2935 5061 nos
2984 5005 3132 5061 lucis
3186 5011 3302 5062 tuae
3362 5005 3652 5063 radiabile

1993 5097 2254 5167 signum,
2288 5095 2452 5168 quod
2485 5093 2740 5167 expellat
2771 5109 2980 5150 omnes
3011 5095 3288 5151 tenebras
3325 5095 3606 5151 vitiorum
3638 5111 3650 5150 :

1994 5189 2048 5242 et
2077 5185 2179 5258 qui
2208 5184 2454 5240 visionis
2507 5188 2619 5240 tuae
2657 5183 2953 5240 desiderio
3004 5184 3362 5240 anhelamus
3413 5183 3655 5240 visionis

1994 5278 2108 5330 tuae
2142 5273 2392 5346 praemio
2422 5272 2825 5330 consolemur.
2857 5281 2918 5342 Br.
2952 5276 3164 5328 Amen.

2066 5366 2172 5419 Per
2203 5362 2678 5418 misericordiam
2704 5367 2870 5418 tuam
2911 5365 3064 5418 Deus
3094 5366 3317 5419 noster.

2067 5451 2525 5508 Matutinarium
2573 5451 2936 5521 Antiphona.
2989 5453 3111 5506 Lux
3170 5465 3402 5507 aurorae
3433 5447 3654 5504 oriente

218 5544 368 5604 Deus
397 5547 605 5606 honor
635 5548 781 5601 tuus
813 5555 940 5599 non
958 5539 1122 5597 enim
1146 5537 1209 5596 in
1227 5539 1343 5598 hoc
1369 5555 1518 5598 casu
1544 5540 1654 5598 tibi
1671 5541 1888 5612 veniet,
2001 5540 2130 5598 sole
2159 5556 2340 5600 mane
2357 5544 2419 5598 P.
2444 5540 2691 5612 Absque
2706 5539 2973 5598 nubibus
3009 5539 3227 5597 rutilat.
3258 5539 3320 5598 ι.
3371 5538 3522 5592 Deus
3546 5531 3654 5587 mi-
