4076 6430
163 251 246 312 165

1088 263 1156 321 IN
1197 265 1520 325 SECUNDO
1560 269 1678 325 DIE
1716 258 2162 330 JEJUNIORUM
2203 275 2365 336 KAL.
2405 281 2712 339 JANUAR.

3505 294 3612 350 166

175 385 633 482 nouacceperit:
661 386 1086 482 abiniquitate
1100 391 1657 482 averteritanimam
1674 409 1848 451 suam
1879 394 1926 450 Α
1955 396 2218 456 Verbum
2265 403 2392 474 ejus
2421 407 2708 476 processit
2736 405 2798 462 in
2821 407 2970 464 fines
2998 411 3186 482 terrae,
3214 414 3489 473 clamate.
3541 419 3608 472 Ρ.

185 474 451 547 judicium
490 491 727 531 verum
757 476 969 532 fecerit
1008 476 1156 534 inter
1207 477 1404 535 virum
1435 485 1491 537 et
1519 482 1753 547 virum;
1787 483 1847 538 in

191 562 478 638 praeceptis
510 564 674 619 meis
704 564 1132 634 ambulaverit,
1166 572 1222 622 et
1241 567 1467 636 judicia
1493 585 1628 626 mea
1654 576 1848 627 custo-

197 647 357 720 dierit,
379 657 448 708 ut
472 652 666 709 faciat
684 653 1007 709 veritatem
1030 672 1042 707 :
1065 654 1161 709 hic
1183 655 1379 724 justus
1399 662 1506 725 est,
1538 663 1594 713 et
1617 659 1736 715 vita
1755 658 1847 714 vi—

193 747 270 798 vet
295 749 346 798 et
374 757 502 798 non
533 742 856 809 morietur,
893 741 975 799 ait
1009 743 1295 800 Dominus
1327 746 1734 817 Omnipotens.
1770 759 1839 818 nr.

192 834 382 888 Amen.

252 922 570 992 Sequentia
594 920 889 989 Epistolas
907 919 1085 976 Pauli
1114 920 1383 991 Apostoli
1418 922 1492 979 ad
1519 924 1848 981 Corinthios

703 1010 920 1080 prima?
942 1009 1112 1080 (Cap.
1139 1010 1258 1079 vm)

248 1100 503 1164 Fratres,
523 1097 728 1167 cogito
759 1096 928 1170 quod
956 1112 1067 1167 ego
1099 1098 1374 1169 spiritum
1400 1100 1502 1156 Dei
1528 1100 1742 1158 habeo.
1767 1105 1847 1158 De

175 1187 265 1243 his
298 1190 677 1259 autem,quae
698 1186 873 1242 idolis
887 1187 1544 1254 sacriﬁcantur,seimus
1557 1191 1847 1261 quoniam

173 1291 386 1332 omnes
427 1276 796 1347 sapientiam
829 1274 1149 1331 habemus.
1169 1276 1628 1344 Scientiatintla,
1663 1280 1845 1334 chari-

172 1369 257 1420 tas
286 1364 726 1420 veroeediﬁcat.
771 1363 826 1419 Si
848 1363 984 1435 quis
1013 1379 1074 1419 se
1098 1364 1393 1421 existimat
1414 1367 1563 1421 scire
1594 1367 1844 1438 aliquid,

171 1453 451 1508 nondum
469 1453 756 1523 cognovit
771 1451 1290 1524 quemadmodum
1305 1459 1572 1525 oporteat
1587 1471 1725 1510 eum
1743 1457 1850 1510 sci-

167 1558 246 1598 re.
275 1543 335 1598 Si
360 1541 504 1615 quis
526 1541 725 1612 diligit
756 1542 966 1605 Deum,
995 1541 1088 1596 hic
1119 1543 1394 1611 cognitus
1425 1549 1512 1598 est
1541 1544 1617 1599 ab
1644 1560 1736 1600 eo.
1768 1545 1846 1600 De

169 1633 319 1686 escis
341 1637 577 1695 autem,
623 1645 757 1702 quae
774 1629 948 1686 idolis
986 1630 1394 1696 immolantur,
1446 1633 1671 1688 scimus
1701 1633 1848 1705 quia

1957 484 2068 541 Per
2095 489 2357 546 civitates
2383 494 2412 547 J
2420 494 2538 550 uda
2579 509 2713 550 ecce
2747 496 3016 552 Salvator
3041 500 3281 557 advenit
3311 504 3372 559 in
3405 510 3608 562 monte

1959 575 2113 630 Sion.
2149 577 2208 637 tr.
2245 581 2508 637 Exultate
2539 583 2600 638 in
2647 584 2849 641 laetitia
2879 587 3080 653 Jacob,
3148 593 3202 645 et
3233 591 3371 647 inite
3401 599 3609 651 contra

1955 669 2134 734 caput
2163 665 2440 724 Gentium
2488 677 2823 741 personate,
2865 675 3055 730 canite
3087 680 3141 732 et
3171 677 3369 735 dicite.
3402 681 3464 736 P.
3499 683 3609 739 Per

1955 751 2241 817 civitates,
2282 759 2394 812 etc.
2427 758 2488 819 ir.
2524 758 2740 828 Gloria,
2769 767 2879 819 etc.
2905 766 2964 820 P.
2991 764 3100 820 Per
3116 766 3403 825 civitates.

2016 838 2240 898 Preces.
2296 844 2638 904 Clamamus
2687 850 2765 906 ad
2812 855 2870 906 te
2923 853 3193 920 Domine,
3233 857 3298 910 tu
3327 855 3609 914 miserere

1953 927 2152 984 nobis.
2187 931 2252 987 P.
2294 936 2359 990 Et
2389 935 2550 992 dona
2582 936 3038 1008 indulgentiam.
3072 942 3136 1003 Ψ.
3171 945 3291 999 Rex
3322 944 3610 1002 altissime

1954 1020 2010 1072 et
2033 1021 2310 1090 perennis
2357 1024 2628 1094 Domine,
2673 1043 2934 1099 precem,
2989 1045 3174 1102 quam
3219 1033 3607 1101 effundimus,

1954 1106 2176 1178 accipe.
2226 1109 2286 1164 P.
2344 1114 2406 1167 Et
2436 1113 2615 1171 dona.
2650 1115 2695 1176 V
2733 1117 2943 1188 lEgros
2997 1119 3172 1177 visita
3228 1125 3284 1177 et
3339 1124 3610 1194 captivos

1951 1209 2186 1263 revoca,
2221 1199 2476 1270 pupillos
2505 1206 2563 1259 et
2617 1203 2832 1262 viduas
2860 1207 3102 1277 adjuva.
3136 1209 3202 1263 P.
3250 1212 3314 1264 Et
3343 1209 3518 1267 dona.
3544 1212 3607 1272 ἲν.

1954 1285 2070 1337 Nos
2101 1286 2471 1354 peccavimus
2502 1293 2558 1345 et
2586 1306 2622 1347 a
2657 1295 2709 1346 te
2739 1294 3108 1362 recessimus,
3158 1300 3221 1352 tu
3254 1297 3608 1370 Redemptor

1953 1372 2224 1429 omnium
2255 1375 2419 1431 salva
2453 1392 2583 1433 nos.
2614 1378 2687 1436 P.
2720 1383 2786 1436 Et
2835 1381 3015 1440 dona.
3049 1383 3115 1443 γ.
3170 1385 3607 1443 Poenitentibus

1953 1459 2241 1598 Ettisgrere,
2296 1464 2554 1532 Domine,
2610 1471 2668 1524 et
2691 1471 2920 1540 peccati
2950 1471 3210 1529 maculas
3262 1473 3467 1532 ablue.
3539 1475 3604 1531 P.

2094 1563 2230 1598 ona.

2001 1550 2021 1601 t
2052 1547 2230 1604 dona.

2028 1635 2252 1692 Oratio.
2295 1639 2542 1696 Laumus
2568 1645 2641 1708 te,
2677 1644 2934 1711 Domine,
2973 1647 3115 1718 quia
3151 1647 3469 1719 benignus,
3536 1666 3608 1708 ac

165 1720 316 1774 nihil
347 1725 442 1775 est
459 1718 701 1773 idolum
719 1719 783 1773 in
802 1718 1052 1782 mundo,
1067 1725 1123 1774 et
1142 1719 1308 1791 quod
1322 1719 1519 1775 nullus
1537 1722 1711 1785 Deus,
1731 1721 1845 1776 nisi
1873 1736 1920 1794 Β
1957 1726 2155 1779 suavis
2170 1741 2232 1781 es
2258 1744 2276 1779 :
2308 1734 2529 1798 prtesta
2555 1730 2778 1803 itaque,
2812 1738 2876 1789 ut
2895 1734 3032 1789 dum
3056 1737 3117 1791 in
3135 1741 3238 1793 tua
3261 1718 3607 1796 laudatione

163 1823 346 1862 unus.
384 1810 542 1863 Nam
567 1806 677 1861 etsi
705 1812 842 1862 sunt
863 1805 970 1878 qui
990 1805 1272 1862 dicuntur
1291 1807 1391 1873 dii,
1427 1807 1550 1864 sive
1580 1809 1640 1864 in
1671 1809 1840 1876 creto,

163 1897 284 1951 sive
327 1899 393 1950 in
427 1901 591 1951 terra
634 1895 967 1967 (siquidem
1001 1901 1140 1951 sunt
1170 1895 1270 1965 dii,
1304 1895 1493 1961 multi,
1522 1901 1578 1951 et
1615 1896 1844 1952 domini

159 1984 362 2055 multi)
395 2000 408 2038 :
446 1984 636 2041 Nobis
661 1989 867 2038 autem
893 1999 1052 2038 unus
1077 1987 1446 2052 Deus,Pater,
1476 1999 1547 2040 ex
1575 2001 1697 2058 quo
1723 2001 1848 2043 om-

162 2074 264 2130 nia
290 2078 351 2129 et
377 2089 496 2128 nos
521 2072 827 2129 illuminat
858 2088 1014 2128 unus
1048 2073 1336 2128 Dominus
1364 2075 1534 2128 Iesus
1564 2075 1844 2146 Christus,

163 2177 268 2235 per
291 2178 488 2235 quem
516 2161 747 2226 omnia,
773 2165 830 2217 et
845 2176 956 2217 nos
981 2177 1086 2233 per
1104 2161 1323 2234 ipsum.
1347 2161 1462 2217 Sed
1483 2177 1605 2218 non
1637 2163 1699 2218 in
1725 2180 1846 2219 om-

164 2252 348 2307 nibus
371 2254 465 2307 est
506 2251 779 2306 scientia.
807 2249 1062 2313 Quidam
1088 2255 1286 2306 autem
1319 2266 1458 2306 cum
1494 2251 1736 2308 scientia
1758 2269 1846 2307 us-

165 2355 282 2411 que
322 2354 498 2395 nunc
552 2337 719 2403 idoli,
768 2337 945 2410 quasi
993 2337 1396 2410 idolothytum
1431 2339 1844 2396 manducant:

170 2433 222 2484 et
251 2427 640 2484 conscientia
668 2427 942 2498 ipsorum
974 2442 1111 2482 cum
1138 2427 1209 2482 sit
1239 2426 1496 2492 inﬁrma,
1527 2427 1836 2499 polluitur.

169 2518 319 2574 Esca
339 2521 556 2573 autem
578 2531 694 2571 nos
718 2531 842 2572 non
869 2516 1255 2573 commendat
1286 2517 1423 2572 Deo.
1461 2519 1661 2588 Neque
1683 2517 1844 2574 enim

171 2609 219 2662 si
233 2623 362 2663 non
377 2605 984 2672 manducaverimus,
1001 2605 1349 2661 deﬁciemus
1368 2623 1383 2659 ε
1399 2621 1595 2678 neque
1609 2606 1658 2660 si
1676 2621 1845 2663 man-

171 2696 629 2763 ducaverimns,
649 2693 1123 2750 abundabimus.
1147 2694 1353 2750 Videte
1375 2699 1577 2751 autem
1594 2711 1668 2750 ne
1697 2694 1844 2750 forte

169 2784 293 2841 haec
317 2786 572 2840 licentia
603 2787 800 2840 vestra
831 2781 1258 2839 oﬂ'endieulum
1283 2783 1388 2838 ﬁat
1443 2781 1721 2840 inﬁrmis.
1785 2782 1843 2839 Si

173 2880 371 2930 autem
402 2875 548 2946 quis
608 2872 823 2928 viderit
867 2887 1027 2938 eum,
1071 2872 1176 2944 qui
1206 2872 1389 2928 habet
1431 2873 1760 2937 scientiam,
1783 2872 1845 2926 in

174 2963 349 3019 idolio
379 2961 848 3019 recumbentem
880 2981 898 3015 :
924 2977 1124 3016 nonne
1157 2961 1519 3016 conscientia
1548 2961 1675 3031 ejus
1705 2976 1844 3015 cum

1954 1812 2305 1881 insistimus,
2339 1816 2429 1871 vel
2453 1820 2717 1874 amundi
2743 1836 2855 1877 nos
2886 1822 3177 1881 illecebris
3206 1827 3485 1895 advoces,
3515 1827 3606 1884 vel

1954 1900 2352 1971 perfectorum
2393 1906 2658 1964 societati
2695 1909 3099 1980 adglomeres.

2026 1989 2197 2046 Pater
2225 1997 2418 2050 noter.

2584 2086 2676 2142 Ad
2699 2087 2964 2146 Sextam.

2152 2169 2354 2226 Lectio
2382 2171 2552 2228 Libri
2578 2175 2774 2233 Esaiae
2802 2177 3116 2247 Propheta
3142 2179 3316 2253 (Cap.
3345 2182 3485 2254 xxx).

2025 2283 2095 2336 BI.
2135 2276 2255 2331 Deo
2289 2278 2529 2346 gratias.

2024 2363 2169 2418 Ecce
2200 2363 2487 2421 Dominus
2516 2370 2796 2427 ascendet
2830 2388 3008 2446 super
3030 2374 3254 2431 nubem
3299 2374 3514 2448 levem,
3548 2378 3611 2434 et

1951 2449 2313 2520 ingredietur
2348 2453 2693 2528 Egyptum,
2737 2463 2792 2516 et
2830 2461 3231 2519 movebuntur
3285 2465 3603 2520 simulacra

1952 2538 2190 2611 ngypti
2220 2556 2256 2596 a
2281 2541 2428 2598 facie
2451 2545 2599 2614 ejus,
2620 2551 2675 2602 et
2699 2563 2800 2604 cor
2818 2549 3057 2622 Egypti
3095 2551 3361 2608 tabescet
3399 2553 3460 2608 in
3487 2568 3610 2608 me-

1952 2626 2053 2681 dio
2083 2627 2238 2697 ejus.
2269 2628 2336 2685 Et
2362 2647 2714 2690 concurrere
2739 2635 2956 2692 faciam
2975 2637 3287 2711 Egyptios
3315 2640 3607 2697 adversus

1953 2713 2306 2786 Egyptios:
2339 2722 2393 2773 et
2421 2722 2716 2791 pugnabit
2761 2724 2846 2777 vir
2889 2730 3096 2782 contra
3128 2726 3372 2783 fratrem
3404 2745 3607 2799 suum,

1953 2806 2007 2858 et
2034 2806 2126 2858 vir
2149 2810 2355 2862 contra
2376 2810 2636 2863 amicum
2666 2826 2865 2878 suum,
2899 2817 2956 2867 et
2985 2813 3187 2868 civitas
3220 2815 3509 2870 adversus
3533 2817 3612 2870 ci-

1952 2890 2208 2954 vitatem,
2240 2897 2294 2948 et
2317 2909 2570 2964 regnum
2589 2896 2875 2952 adversus
2897 2899 3257 2969 regnum.Et
3275 2901 3610 2974 disrumpe-

1953 2982 2048 3035 tur
2077 2980 2316 3052 spiritus
2337 2981 2649 3054 Egyptiin
2679 2986 3009 3042 visceribus
3031 2987 3178 3059 ejus,
3212 2993 3267 3044 et
3292 2990 3607 3046 consilium

178 3048 1846 3144 sitinﬁrma-aediﬁcant!“admaqduqanfiumidOIOmyta?
1881 3079 1925 3138 ρ
1955 3069 2085 3140 ejus
2108 3048 2507 3142 praecipitabo
2533 3091 2545 3129 :
2567 3077 2623 3129 et
2646 3048 3095 3144 interrogabun't
3125 3048 3447 3134 simulacra
3479 3093 3610 3142 sua,

262 3141 483 3233 Peribit
527 3139 808 3233 inﬁrmus
838 3139 1027 3233 in_t1_1_a
1048 3139 1297 3194 εοίθοῒίᾶ
1321 3138 1847 3233 ἷΐᾶίθΓῃΡθιῖίῐιξιξι
1959 3138 2014 3214 et
2039 3138 2274 3214 divinos
2301 3138 2470 3229 suos,
2507 3165 2563 3216 et
2609 3138 2906 3233 pythones
2931 3167 2988 3219 et
3015 3163 3253 3220 ariolos.
3285 3164 3351 3221 Et
3375 3138 3612 3222 tradam

187 3228 446 3285 Christus
471 3232 754 3284 mortuus
799 3228 922 3284 est?
944 3227 1035 3283 Sic
1067 3233 1270 3283 autem
1294 3231 1610 3300 peccantes
1636 3229 1698 3282 in
1727 3228 1848 3297 78

184 3316 414 3384 fratres,
461 3322 518 3373 et
563 3317 964 3389 percutientes
994 3316 1420 3372 conscientiam
1467 3332 1664 3372 eorum
1693 3316 1850 3372 inﬁr-

185 3422 368 3471 mam,
394 3407 461 3462 in
494 3406 728 3462 Christo
753 3403 1041 3478 peccatis.
1062 3406 1435 3476 Quapropter
1451 3405 1498 3460 si
1525 3421 1662 3461 esca
1684 3420 1852 3460 scan-

183 3495 387 3552 dalizat
405 3495 660 3552 fratrem
681 3510 879 3550 meum
902 3513 920 3549 :
943 3509 1067 3549 non
1102 3493 1486 3550 manducabo
1513 3508 1756 3550 carnem
1788 3495 1850 3549 in

187 3589 498 3652 aeternum,
522 3599 601 3639 ne
622 3583 868 3640 fratrem
898 3582 1319 3639 scandalizem.
1347 3585 1475 3637 Non
1500 3598 1634 3637 sum
1665 3583 1851 3640 liber?

187 3676 306 3730 Non
331 3690 474 3729 sum
493 3672 818 3745 Apostolus
837 3674 870 3728 ?
891 3675 1095 3728 Nonne
1117 3671 1413 3728 Christum
1431 3673 1459 3725 J
1465 3688 1637 3728 esum
1655 3672 1852 3728 Domi-

189 3778 326 3818 num
358 3767 649 3819 nostrum
671 3761 795 3818 vidi
819 3763 846 3816 ‘I
874 3764 1081 3818 Nonne
1101 3777 1254 3833 opus
1270 3776 1476 3817 meum
1494 3777 1604 3818 vos
1626 3761 1766 3816 estis
1791 3761 1852 3816 in

192 3851 441 3908 Domino
471 3851 503 3906 ?
527 3853 596 3907 Et
622 3850 670 3905 si
692 3849 822 3906 aliis
843 3866 966 3906 non
989 3866 1124 3906 sum
1153 3850 1497 3923 Apostolus,
1529 3852 1634 3907 sed
1662 3855 1854 3907 tamen

192 3941 351 3996 vobis
386 3956 532 3996 sum
566 3960 584 3995 :
616 3955 762 3997 nam
793 3938 1174 4010 signaculum
1202 3938 1582 4010 Apostolatus
1611 3940 1731 3994 mei
1750 3953 1855 3996 vos

200 4031 328 4085 estis
352 4030 415 4085 in
437 4029 730 4085 Domino.
767 4040 833 4100 ne.
867 4030 1080 4084 Amen.

263 4118 616 4191 Antiphona
648 4116 871 4174 LIdola
893 4116 1168 4173 Gentium
1195 4117 1325 4188 jam
1345 4119 1644 4173 nouerunt
1662 4115 1859 4172 afacie

203 4208 429 4264 timoris
473 4207 733 4270 Domini,
770 4212 825 4263 et
857 4223 893 4263 a
921 4207 1232 4278 majestate
1261 4206 1498 4262 virtutis
1526 4205 1676 4277 ejus,
1707 4221 1861 4279 quo-

206 4296 362 4353 niam
389 4298 576 4354 venit.
610 4298 880 4354 Psalmus
900 4311 1058 4354 CXIII.

274 4387 502 4443 Oratio.
536 4386 810 4453 Domine,
839 4386 944 4458 qui
973 4400 1211 4441 sursum
1236 4385 1298 4441 in
1330 4385 1666 4443 coelestibus
1685 4384 1864 4444 habi-

206 4478 319 4533 tas.
361 4476 616 4548 Require
635 4477 750 4544 fol.
783 4479 880 4532 7'2.

269 4567 636 4637 Antiphona
652 4570 706 4622 2.
727 4565 933 4622 Omnis
949 4569 1105 4622 terra
1120 4565 1328 4622 adoret
1343 4567 1415 4637 te,
1437 4566 1616 4633 Deus,
1641 4568 1697 4622 et
1715 4565 1871 4638 psal-

206 4654 283 4712 lat
318 4657 428 4713 tibi
466 4673 481 4713 :
515 4661 574 4712 et
603 4657 910 4728 psalmum
936 4655 1097 4713 dicat
1125 4655 1355 4713 nomini
1383 4660 1504 4713 tuo.
1538 4654 1861 4715 Altissime.

209 4745 470 4803 Psalmus
502 4761 640 4804 va.

277 4835 510 4894 Oratio.
558 4835 765 4892 Omnis
797 4838 955 4892 terra
981 4834 1187 4891 adoret
1234 4837 1306 4898 te,
1355 4833 1642 4900 Domine;
1679 4838 1734 4890 et
1763 4832 1869 4889 tibi

210 4925 419 4996 psallat
457 4925 599 4982 vitae
644 4925 960 4998 participio
995 4925 1397 4997 incorruptae:
1442 4927 1503 4979 ut
1539 4923 1692 4980 sicut
1731 4927 1870 4980 sunt

213 5017 411 5072 omnia
435 5018 547 5072 tuo
577 5014 839 5073 formata
859 5013 1117 5087 opiﬁeio,
1150 5013 1233 5071 ita
1265 5017 1480 5078 cuncta
1507 5017 1609 5070 tuo
1647 5011 1870 5086 pariter

215 5104 548 5163 subdantur
576 5104 858 5178 imperio.
882 5115 953 5176 It.
991 5105 1202 5160 Amen.

280 5193 406 5260 Per,
441 5202 555 5253 etc.

281 5285 623 5359 Antz‘phona
649 5290 702 5343 3.
727 5287 854 5355 Ego
885 5280 1140 5354 cognovi
1165 5281 1330 5354 quod
1357 5293 1616 5352 magnus
1644 5283 1734 5336 est
1759 5283 1873 5335 Do-

221 5373 422 5444 minus,
456 5383 513 5436 et
541 5380 706 5435 Deus
734 5377 947 5432 noster
971 5389 1096 5446 prae
1126 5372 1401 5428 omnibus
1431 5371 1563 5427 diis.
1588 5372 1875 5429 Psalmus-

220 5475 430 5527 CXXXIV.

280 5567 340 5628 Bg.
376 5559 752 5635 Sapientiam
797 5567 979 5612 suam
999 5551 1157 5608 Deus
1176 5549 1458 5610 revelavit
1486 5549 1713 5623 populo
1742 5565 1875 5626 suo,

1956 3250 2276 3325 [Egyptum
2311 3248 2373 3304 in
2403 3265 2590 3304 manu
2617 3250 3006 3306 dominorum
3039 3251 3390 3318 crudelium,
3425 3258 3481 3310 et
3509 3270 3615 3311 rex

1957 3337 2123 3392 fortis
2155 3337 2564 3396 dominabitur
2609 3339 2716 3407 eis,
2748 3340 2829 3397 ait
2859 3341 3151 3398 Dominus
3198 3342 3611 3416 Omnipotens.

1960 3436 2025 3496 It.
2055 3428 2263 3482 Amen.

2028 3533 2403 3602 Antiphona.
2436 3538 2484 3589 l.
2512 3534 2784 3606 Laqueus
2817 3537 3104 3594 contritus
3124 3539 3230 3606 est,
3263 3538 3321 3595 et
3345 3549 3456 3595 nos
3471 3534 3614 3597 libe-

1958 3621 2069 3678 rati
2099 3637 2326 3678 sumus.
2358 3623 2632 3679 Psalmus
2663 3641 2851 3682 cxxm.

2035 3727 2256 3784 Oratio.
2287 3729 2419 3785 Esto
2440 3729 2502 3785 in
2520 3730 2695 3786 nobis
2717 3732 2965 3788 Domine
2988 3732 3142 3790 Deus
3165 3733 3344 3791 Israel
3369 3749 3380 3789 ε
3416 3739 3471 3790 et
3490 3750 3616 3792 ma-

1961 3815 2155 3873 lorum
2185 3817 2642 3890 infestationem,
2677 3835 2752 3875 ne
2789 3819 3215 3890 deglutiamur,
3247 3838 3285 3879 a
3321 3823 3497 3880 nobis
3523 3838 3620 3880 re-

1963 3905 2114 3977 pelle
2157 3922 2168 3962 :
2205 3907 2603 3979 nocivamque
2636 3908 3034 3980 iracundiam,
3069 3926 3146 3967 ne
3175 3911 3619 3969 obsorbeamur

1967 3996 2296 4066 comprime
2321 4011 2331 4049 :
2362 3995 2565 4067 sicque
2591 3996 2651 4051 in
2677 3995 2853 4052 nobis
2876 4001 3106 4054 torrens
3142 4004 3260 4055 tum
3291 4000 3616 4072 voluptatis

1965 4083 2277 4151 redundet,
2317 4090 2380 4139 ut
2407 4084 2687 4141 vitiorum
2721 4091 3036 4142 torrentem
3084 4087 3288 4144 anima
3324 4095 3528 4144 nostra
3557 4103 3620 4144 se

1970 4173 2096 4229 sine
2145 4172 2486 4230 discrimine
2524 4175 2919 4246 pertransisse
2950 4176 3168 4232 exultet
3196 4192 3386 4248 neque
3425 4177 3621 4233 inimi-

1972 4277 2180 4319 corum
2204 4261 2485 4318 dentibus
2512 4261 2806 4319 laniemur
2831 4280 2845 4330 ;
2873 4265 2979 4321 sed
3010 4272 3242 4338 ereptos
3271 4281 3385 4322 nos
3415 4266 3491 4321 de
3528 4280 3622 4321 ve-

1971 4351 2243 4407 nantium
2285 4350 2519 4424 laqueis
2550 4352 2916 4421 gratulemur
2955 4373 2972 4410 :
3000 4361 3055 4410 et
3082 4358 3145 4411 tu
3173 4354 3409 4426 adjutor
3423 4358 3624 4412 noster

1897 4434 1943 4490 D
1973 4441 2242 4498 heredita
2257 4455 2367 4496 nos
2384 4439 2446 4497 in
2458 4441 2837 4513 possessione
2862 4447 3103 4516 aeterna;
3123 4445 3246 4517 qui,
3265 4447 3625 4517 cooperante

1978 4530 2174 4587 Verbo
2199 4537 2302 4587 tuo
2334 4530 2668 4604 Sancteque
2701 4533 2939 4605 Spiritu,
2971 4532 3159 4591 fecisti
3185 4533 3404 4591 coelum
3436 4537 3494 4591 et
3515 4537 3627 4591 ter-

1977 4637 2130 4680 ram.
2162 4632 2224 4691 Βτ.
2259 4623 2468 4677 Amen.

2049 4729 2159 4785 Per
2187 4727 2677 4785 misericordiam.

2048 4835 2402 4904 Antiphona
2431 4840 2484 4889 2.
2529 4836 2809 4891 Converte
2828 4835 3073 4892 Domine
3099 4834 3498 4908 captivitatem
3519 4852 3629 4895 no-

1977 4927 2185 4993 stram,
2222 4923 2371 4978 sicut
2399 4926 2628 4979 torrens
2656 4923 2719 4978 in
2749 4927 2970 4980 austro.
3002 4925 3280 4981 Psalmus

2053 5011 2280 5070 Oratio.
2347 5013 2694 5068 Convertere
2759 5013 3011 5070 Domine
3061 5015 3466 5086 captivitatem
3523 5031 3628 5072 no-

1982 5109 2187 5166 stram,
2216 5101 2295 5159 ad
2315 5101 2696 5159 inlecebrosis
2743 5102 2968 5158 inimici
2999 5103 3449 5161 seductionibus
3477 5105 3632 5162 redi-

1981 5193 2202 5249 mendo
2233 5211 2250 5246 :
2284 5195 2340 5248 et
2396 5191 2557 5265 reple
2597 5192 3004 5250 consolatione
3032 5193 3436 5263 indulgentiae,
3475 5210 3632 5267 quos

1982 5282 2280 5340 desolatos
2312 5281 2601 5354 prospicis
2627 5281 2706 5339 ob
2738 5283 3165 5340 admissionem
3195 5283 3472 5354 nequitiae
3504 5299 3522 5338 :
3552 5283 3633 5339 da

1981 5372 2179 5443 nobis,
2204 5389 2571 5444 quaesumus,
2599 5372 2832 5429 contriti
2849 5373 3043 5429 cordis
3059 5373 3450 5429 humilitatem
3471 5387 3630 5443 qure-

1983 5477 2111 5520 rere
2134 5479 2152 5534 ;
2179 5467 2234 5518 et
2261 5462 2736 5535 inquinamenta,
2770 5475 2906 5536 quae
2932 5478 3043 5520 nos
3073 5462 3366 5536 polluunt.
3389 5457 3630 5515 ﬂuentis

1983 5549 2437 5623 lachrymarum
2465 5550 2709 5611 abluere
2740 5570 2758 5608 :
2789 5550 2875 5609 sic
2905 5551 3089 5609 etiam
3115 5546 3501 5607 confessionis
3537 5558 3630 5619 reg
