4160 6410
580 264 678 317 167

1811 239 2263 306 BREVIAHIUM
2301 236 2696 297 GOTHICUM.
3283 199 3290 208 ’
3855 244 3944 298 168

576 381 777 440 media
789 391 1061 436 seramus
1076 376 1136 432 in
1153 373 1498 446 lachrymis,
1513 375 1582 432 ut
1597 372 1978 444 indulgentiae
1999 370 2224 427 fructus
2254 374 2302 428 A
2330 366 2437 429 ter,
2455 378 2530 419 ne
2545 362 2912 420 obliviscaris
2931 361 3273 425 Dominum,
3301 357 3404 432 qui
3424 357 3626 446 eduxit
3640 360 3693 416 te
3719 359 3790 417 de
3808 364 3944 424 terra

583 475 880 527 metamus
904 468 966 524 in
997 464 1256 537 gaudiis.
1285 475 1349 533 Βτ.
1376 464 1585 520 Amen.

644 559 771 614 Per.

643 644 991 714 Antiphona
1011 646 1063 698 3.
1084 639 1242 697 Beati
1261 654 1494 705 omnes,
1521 638 1627 710 qui
1646 637 1852 694 timent
1873 636 2215 698 Dominum,

578 735 682 806 qui
709 731 1025 789 ambulant
1047 731 1110 786 in
1135 729 1245 785 viis
1269 729 1420 800 ejus.
1451 728 1723 785 Psalmus
1747 743 1951 782 cxxvn.

651 834 715 891 ﬁ.
757 820 1024 877 Miserere
1066 816 1264 887 nobis,
1299 815 1567 873 Domine.
1615 817 1678 870 P.
1713 815 1982 872 Miserere
2023 811 2216 870 nobis.

577 911 639 970 γ.
668 909 757 966 Ad
785 913 843 966 te
870 908 1141 964 levamus
1195 903 1400 962 oculos
1442 908 1700 969 nostros,
1729 903 1835 975 qui
1878 901 2115 960 habitas
2160 899 2221 956 in

580 996 769 1054 caelis.
821 996 885 1051 P.
919 995 1188 1053 Miserere
1237 992 1430 1049 nobis.
1458 992 1521 1054 ἡ.
1555 991 1772 1062 Gloria,
1803 995 1859 1048 et
1886 991 2080 1047 honor
2119 991 2220 1044 Pa-

580 1087 670 1150 tri,
715 1089 822 1139 etc.
869 1084 933 1138 P.
971 1083 1239 1140 Miserere
1268 1079 1469 1137 nobis.

654 1170 772 1241 79
801 1171 1027 1226 Preces.
1057 1169 1394 1227 Clamemus
1425 1181 1634 1223 omnes
1659 1180 1781 1221 una
1799 1179 1966 1221 voce.
1990 1165 2059 1218 P.
2112 1164 2220 1218 Do-

581 1257 741 1313 mine
765 1257 1061 1314 miserere.
1094 1255 1155 1317 ὴ.
1182 1257 1401 1310 Amara
1425 1253 1602 1309 nobis
1627 1256 1715 1308 est
1749 1250 1874 1308 vita
1902 1254 2130 1307 nostra.
2152 1249 2215 1303 Ρ·

580 1347 829 1402 Domine
848 1347 1145 1401 miserere.
1165 1345 1224 1404 v.
1260 1342 1482 1398 Delicta
1506 1341 1656 1406 delc,
1678 1356 1888 1412 pacem
1920 1339 2206 1396 concede.

578 1433 635 1486 Ρ.
663 1433 910 1488 Domine
951 1431 1248 1488 miserere.
1294 1430 1357 1489 v.
1409 1428 1637 1485 Inclina
1687 1443 1895 1484 aurem
1944 1432 2110 1483 tuam
2139 1427 2218 1482 ad

573 1535 810 1593 precem
839 1523 1129 1576 nostram.
1157 1522 1216 1574 P.
1239 1517 1488 1574 Domine
1507 1516 1806 1572 miserere.
1829 1514 1892 1575 ἲν.
1914 1517 2095 1572 Parce
2120 1515 2219 1572 de-

573 1609 751 1665 lictis.
789 1613 846 1664 et
869 1607 1118 1664 subveni
1143 1605 1217 1662 de
1243 1605 1424 1661 caelis.
1454 1605 1516 1658 P.
1538 1604 1776 1660 Domine
1805 1603 2106 1660 miserere.

649 1698 874 1752 Oratio.
904 1696 1079 1759 Deus,
1113 1695 1218 1766 qui
1247 1694 1518 1750 timentes
1545 1697 1618 1759 te,
1650 1692 1860 1748 beatos
1889 1691 2218 1764 prophetali

2326 451 2584 524 IEgypti,
2630 455 2685 508 et
2712 450 2787 508 de
2836 451 3020 508 domo
3051 447 3368 506 servitutis.
3427 445 3746 504 Dominum
3773 449 3942 510 Deum

2326 545 2497 597 tuum
2513 539 2762 606 timebis,
2778 543 2833 596 et
2857 540 2969 612 ipsi
2989 538 3233 606 servies,
3258 551 3327 593 ac
3348 550 3450 608 per
3466 550 3682 592 nomen
3699 536 3843 594 illius
3857 541 3944 612 ju-

2325 629 2509 685 rabis.
2534 630 2662 685 Non
2687 628 2840 684 ibitis
2868 633 3006 700 post
3026 627 3171 683 deos
3193 625 3419 683 alienos
3442 629 3784 682 cunctarum
3815 643 3944 698 gen-

2327 716 2495 782 tium,
2526 732 2660 788 quae
2686 716 2748 771 in
2768 715 3019 772 circuitu
3048 719 3246 771 vestro
3279 717 3419 769 sunt
3452 732 3464 772 :
3495 713 3778 786 quoniam
3806 715 3943 772 Deus

2327 803 2655 869 aemulator,
2684 803 2969 860 Dominus
2998 803 3154 858 Deus
3175 801 3234 856 in
3263 799 3463 857 medio
3491 802 3574 856 tui
3605 817 3618 866 ;
3646 802 3942 874 nequando

2326 891 2617 948 irascatur
2643 891 2807 948 furor
2834 889 3071 948 Domini
3098 889 3200 945 Dei
3228 888 3310 946 tui
3335 892 3542 946 contra
3566 892 3638 956 te,
3661 893 3717 946 et
3742 889 3942 948 auferat

2326 983 2384 1035 te
2409 979 2664 1050 desuper
2726 977 2938 1035 faciem
2977 983 3176 1034 terrae.
3204 979 3333 1032 Non
3360 975 3616 1032 tentabis
3648 976 3940 1034 Dominum

2328 1067 2512 1122 Deum
2528 1066 2872 1134 tuum,sicut
2884 1065 3121 1122 tentasti
3139 1063 3344 1120 inloco
3359 1063 3944 1121 tentationis.Custodi

2329 1159 2620 1226 prmoepta
2647 1154 2881 1210 Domini
2897 1154 3200 1219 Deitui,ac
3229 1153 3568 1209 testimonia
3601 1157 3657 1208 et
3695 1153 3938 1210 cmrimo-

2327 1242 2475 1308 nias,
2508 1258 2658 1314 quas
2685 1243 2967 1315 praecepit
2994 1241 3099 1298 tibi
3115 1246 3171 1298 et
3195 1241 3292 1298 fac
3319 1241 3484 1312 quod
3507 1240 3786 1314 placitum
3803 1245 3942 1298 estet

2325 1329 2556 1386 bonum
2593 1331 2652 1386 in
2682 1335 3004 1403 conspectu
3037 1329 3294 1394 Domini,
3324 1333 3388 1385 ut
3431 1328 3584 1386 bene
3633 1331 3705 1386 sit
3728 1329 3827 1386 tibi
3855 1347 3870 1384 :
3896 1334 3943 1385 et

2326 1418 2626 1489 ingressus
2655 1419 2962 1492 possideas
3007 1426 3242 1485 terram,
3277 1433 3465 1489 quam
3507 1417 3787 1474 Dominus
3813 1419 3943 1474 Deus

2327 1510 2468 1562 tuus
2499 1507 2747 1563 daturus
2775 1511 2862 1562 est
2887 1506 3010 1563 tibi.
3040 1518 3103 1576 BI.
3134 1508 3335 1562 Amen.

2537 1596 2734 1651 Lectio
2761 1595 2902 1650 libri
2929 1593 3127 1652 Esaia:
3146 1594 3463 1666 Propheta
3484 1594 3649 1666 (Cap.
3677 1595 3850 1665 XLIX).

2401 1694 2466 1750 ﬁ.
2495 1682 2616 1738 Deo
2647 1683 2887 1753 gratias.

652 1741 711 1752 ν.
733 1741 874 1752 ...ω
904 1741 1079 1759 ---η
1162 1741 1218 1749 _-
1249 1741 1516 1750 --_-...__
1548 1741 1618 1759 η,
1650 1741 1857 1748 ___-__
1892 1741 2218 1764 νην---τη
2425 1741 2442 1750 π
2647 1741 2682 1753 ν

574 1799 719 1840 voce
749 1741 1249 1857 pronuntias:da
1272 1782 1333 1837 in
1359 1780 1536 1836 nobis
1571 1781 1653 1836 tui
1674 1779 1902 1836 timoris
1929 1779 2222 1852 obsequia
2255 1741 2295 1798 Β
2397 1769 2534 1824 Haec
2556 1769 2695 1825 dicit
2717 1769 3003 1825 Dominus
3029 1787 3042 1824 :
3070 1771 3222 1826 Leva
3241 1769 3303 1825 in
3324 1769 3578 1826 circuitu
3595 1769 3792 1826 oculos
3817 1773 3944 1833 tuos,

575 1872 950 1944 beneplacita
981 1889 995 1938 ;
1030 1878 1090 1926 ut
1129 1885 1201 1926 ex
1226 1870 1341 1926 hoc
1379 1869 1442 1924 in
1487 1869 1595 1925 viis
1621 1868 1739 1924 tuis
1771 1868 2082 1924 ambulare
2109 1884 2220 1925 nos
2328 1862 2382 1914 et
2412 1857 2564 1922 Vide,
2590 1873 2798 1914 omnes
2827 1857 2922 1913 ίεῑί
2948 1857 3290 1927 congregati
3317 1862 3476 1923 sunt.
3506 1863 3790 1915 Venerunt
3813 1857 3904 1914 tibi
3933 1874 3943 1911 ε

572 1960 758 2016 facias
783 1977 800 2012 ε
832 1959 1042 2030 sitque,
1060 1963 1114 2014 te
1131 1957 1521 2026 gubernante,
1538 1956 1709 2013 labor
1728 1961 1928 2012 noster
1949 1957 2062 2012 tuis
2077 1973 2219 2012 ocu-

575 2046 649 2102 lis
680 2045 960 2118 placitus;
989 2046 1160 2116 cujus
1189 2044 1415 2101 fructus
1438 2049 1707 2116 tempore
1721 2044 2220 2100 remunerationis

579 2132 869 2188 efﬁciatur
887 2132 1278 2188 suavissimus
1291 2152 1310 2187 ι
1321 2147 1392 2188 ac
1407 2131 1491 2186 sic
1507 2130 1682 2187 labor
1697 2130 1827 2203 ipse
1848 2130 1922 2187 de
1937 2130 2220 2188 charitate

577 2221 901 2284 studeatur,
928 2225 993 2278 ut
1011 2220 1177 2294 apud
1197 2225 1251 2278 te
1271 2220 1471 2290 fruges
1501 2218 1624 2292 ejus
1653 2219 1714 2275 in
1741 2218 2105 2276 beatitudine
2130 2235 2221 2276 re-

573 2309 964 2366 condeantur.

643 2396 814 2454 Pater
854 2400 1074 2461 noster,
1107 2394 1175 2452 Et
1199 2410 1275 2452 ne
1307 2411 1435 2460 nos,
1465 2397 1574 2452 etc.

1127 2484 1230 2540 Ad
1245 2483 1494 2541 Nonam.

851 2570 1304 2629 Proverbiorum
1328 2572 1652 2629 Salomonis
1673 2571 1839 2644 (Cap.
1862 2571 2004 2644 xxx).

644 2672 713 2730 Βι.
756 2660 876 2718 Deo
897 2661 1137 2728 gratias.

640 2747 760 2812 Fili,
782 2747 1155 2820 quicustodit
1170 2764 1237 2804 os
1256 2747 1797 2816 suum,etlinguam
1817 2749 2214 2814 suam,custo.

565 2833 648 2891 dit
661 2834 738 2892 ab
751 2837 1041 2907 angustiis
1059 2835 1324 2892 animam
1339 2835 1840 2907 suam.Superbus
1859 2839 2214 2905 etarrogans

567 2930 813 2980 vocatur
828 2924 1122 2992 indoctus,
1134 2924 1239 2998 qui
1250 2923 1310 2980 in
1323 2923 1411 2979 ira
1422 2928 1700 2995 operatur
1715 2922 2083 2996 superbiam.
2108 2923 2213 2978 De-

562 3011 717 3067 sidia
732 3011 948 3068 occidit
963 3012 1224 3083 pigrum:
1241 3010 1557 3066 noluerunt
1571 3011 1730 3067 enim
1744 3012 2072 3083 quicquam
2087 3027 2209 3068 ma-

2326 1945 2460 2000 vivo
2477 1959 2612 2014 ego,
2633 1944 2775 2000 dicit
2789 1945 3104 2011 Dominus,
3126 1945 3270 2016 quia
3288 1945 3572 2001 omnibus
3597 1945 3688 2002 his
3707 1945 3853 2002 velut
3869 1961 3945 2000 or-

2327 2037 2610 2090 namento
2646 2033 2932 2090 vestieris.
2970 2035 3102 2088 Haec
3133 2033 3276 2088 dicit
3320 2033 3613 2090 Dominus
3635 2053 3652 2087 :
3702 2037 3836 2091 Ecce
3855 2048 3949 2102 ego

2325 2119 2458 2178 levo
2471 2121 2548 2176 ad
2579 2126 2782 2190 gentes
2817 2137 3067 2178 manum
3097 2135 3318 2186 meam,
3347 2122 3518 2187 et,ad
3547 2121 3791 2194 populos
3812 2121 3950 2177 exal-

2327 2207 2460 2264 tabo
2475 2209 2711 2279 signum
2729 2225 2956 2265 meum.
2987 2211 3053 2264 Et
3072 2205 3317 2264 afferent
3334 2207 3490 2265 ﬁlios
3507 2211 3714 2268 tuosin
3729 2210 3888 2274 ulnis,
3904 2211 3949 2264 et

2325 2296 2481 2354 ﬁlias
2495 2301 2628 2353 tuas
2654 2313 2832 2370 super
2850 2297 3134 2353 humeros
3158 2296 3506 2369 portabunt.
3527 2297 3595 2355 Et
3615 2302 3781 2354 erunt
3803 2311 3945 2368 reges

2327 2385 2668 2449 nutritiitui,
2706 2389 2762 2440 et
2793 2384 3282 2454 reginaanutrices
3315 2391 3429 2440 tuae
3455 2402 3474 2444 :
3497 2386 3666 2442 vultu
3683 2386 3741 2442 in
3759 2390 3944 2441 terram

2327 2473 2581 2531 dimisso
2605 2472 2944 2530 adorabunt
2963 2477 3035 2537 te,
3056 2477 3114 2528 et
3132 2473 3437 2546 pulverem
3471 2474 3702 2547 pedum
3736 2479 3944 2530 tuorum

2323 2562 2568 2634 lingent.
2601 2563 2669 2618 Et
2697 2562 2846 2618 scies
2877 2562 3020 2633 quia
3049 2576 3159 2631 ego
3182 2561 3493 2632 Dominus,
3513 2579 3694 2636 super
3712 2578 3826 2634 quo
3844 2576 3945 2617 non

2326 2648 3207 2721 cunfundenturquiexpectant
3232 2666 3390 2705 eum.
3417 2651 3718 2724 Numquid
3742 2649 3946 2706 tolletur

2324 2755 2360 2796 a
2374 2738 2506 2795 forti
2524 2737 2766 2810 praeda?
2785 2738 2898 2792 Aut
2912 2736 3078 2808 quod
3093 2743 3336 2809 captum
3350 2737 3528 2795 fuerit
3543 2755 3580 2795 a
3597 2735 3946 2804 robusto,sal-

2321 2853 2466 2892 vum
2478 2851 2608 2890 esse
2621 2833 3160 2906 poterit?Quiaheec
3185 2835 3663 2892 dicitDominus:
3690 2834 3946 2908 Equidem

2321 2928 2376 2980 et
2397 2925 2661 2995 captivas
2683 2939 2719 2978 a
2744 2923 2880 2979 forti
2919 2921 3190 2978 tolletur:
3230 2927 3286 2979 et
3310 2925 3479 2996 quod
3505 2924 3773 2982 ablatum
3799 2921 3947 2978 fuerit

2318 3026 2354 3067 a
2368 3010 2635 3080 robusto,
2656 3009 2999 3066 salvabitur.
3024 3009 3138 3066 Eos
3156 3027 3319 3076 vero,
3343 3013 3450 3084 qui
3464 3013 3866 3084 judicaverunt
3885 3016 3943 3071 te,

562 3113 677 3153 nus
706 3099 834 3168 ejus
855 3080 1114 3170 operari:
1143 3102 1267 3154 tota
1285 3097 1383 3153 die
1405 3080 2162 3169 concupiscit—etdesiderat
2190 3117 2207 3152 :
2245 3080 2287 3138 Ο
2318 3115 2427 3171 ego
2449 3097 2756 3170 judicabo,
2789 3103 2845 3153 et
2868 3097 3020 3154 ﬁlios
3060 3104 3191 3155 tuos
3215 3115 3328 3170 ego
3355 3080 3630 3158 salvabo.
3659 3101 3721 3158 Et
3753 3097 3941 3156 cibabo

559 3185 663 3257 qui
688 3189 887 3242 autem
901 3185 1103 3256 justus
1133 3191 1237 3249 est,
1272 3185 1504 3250 tribuet,
1529 3190 1585 3241 et
1612 3201 1736 3241 non
1766 3185 2028 3242 cessabit
2062 3229 2073 3240 .
2099 3189 2208 3244 Ho-

2315 3189 2512 3245 hostes
2525 3192 2658 3243 tuos
2672 3202 2782 3256 ego
2797 3187 3135 3243 carnalibus
3158 3189 3281 3244 suis
3310 3205 3321 3242 :
3348 3193 3405 3245 et
3417 3207 3456 3263 q
3467 3191 3597 3247 uasi
3612 3194 3818 3254 musto,
3833 3201 3944 3242 san°

559 3273 684 3329 stiae
721 3273 1042 3346 impiorum
1094 3273 1546 3336 abominabiles,
1587 3273 1734 3344 quia
1771 3271 2099 3330 offeruntur
2136 3290 2208 3331 ex
2315 3273 2492 3342 guine
2514 3287 2619 3328 suo
2642 3270 3128 3328 inebriabuntur:
3164 3277 3220 3328 et
3245 3272 3390 3329 sciet
3417 3275 3622 3332 omnis
3651 3289 3804 3344 caro,
3831 3269 3945 3343 quia

561 3361 800 3418 scelere.
815 3362 998 3418 Testis
1013 3361 1274 3418 mendax
1287 3359 1528 3433 peribit:
1544 3361 1629 3415 vir
1639 3359 1926 3417 obediens
1949 3361 2209 3434 loquitur
2314 3377 2423 3434 ego
2438 3365 2592 3416 Deus
2606 3359 2843 3417 salvans
2857 3363 2990 3431 te,et
3001 3361 3354 3434 Redemptor
3368 3367 3509 3420 tuus
3522 3369 3758 3421 sanctus
3772 3357 3942 3420 lsrael,

563 3449 888 3507 victoriam.
920 3450 1019 3506 Vir
1047 3450 1268 3522 impius
1299 3449 1626 3521 procaciter
1655 3448 1936 3506 obﬁrmat
1976 3449 2207 3507 vultum
2316 3457 2379 3514 Βι.
2415 3449 2626 3500 Amen.

563 3554 746 3594 suum
779 3555 792 3593 :
819 3538 924 3612 qui
949 3542 1150 3594 autem
1181 3541 1374 3594 rectus
1391 3541 1498 3606 est,
1529 3537 1765 3609 corrigit
1793 3537 1954 3594 viam
1999 3555 2197 3595 suam.

563 3630 690 3684 Non
706 3632 796 3684 est
831 3627 1137 3700 sapientia,
1164 3643 1359 3700 neque
1376 3626 1566 3699 prude
1581 3627 1723 3692 ntia,
1759 3642 1880 3684 non
1897 3632 1983 3686 est
2015 3628 2207 3684 consi‘

558 3714 706 3772 lium
751 3721 961 3773 contra
1004 3714 1332 3772 Dominum.
1383 3717 1582 3788 Equus
1628 3720 1870 3788 paratus
1915 3718 1996 3773 ad
2044 3718 2204 3774 diem

553 3803 693 3861 belli
726 3822 738 3861 :
770 3805 1058 3862 Dominus
1085 3810 1285 3862 autem
1307 3803 1793 3862 salutemtribuit.
1817 3816 1878 3874 ny.
1909 3806 2121 3864 Amen.

800 3894 999 3952 Lectio
1023 3892 1160 3950 libri
1183 3894 1626 3951 Denteronomii
1654 3894 1825 3965 (Cap.
1858 3900 1960 3962 v1).

630 3992 692 4052 n.
727 3982 848 4039 Deo
877 3981 1116 4054 gratias.

2383 3533 2693 3604 Sequentia
2715 3532 3006 3603 Epistula!
3025 3533 3202 3590 Pauli
3223 3533 3506 3605 Apostoli
3525 3536 3596 3592 ad
3617 3532 3887 3604 Ephesios

2988 3621 3163 3695 (Cap.
3187 3625 3287 3694 iv).

2384 3723 2447 3779 BI.
2483 3712 2602 3766 Deo
2637 3707 2877 3782 gratias.

2380 3801 2630 3869 Fratres,
2655 3798 2769 3854 hoc
2789 3796 2944 3863 dico,
2979 3803 3035 3855 et
3065 3795 3342 3858 testiﬁcor
3366 3799 3431 3859 in
3455 3800 3733 3868 Domino,
3759 3802 3819 3857 ut
3842 3809 3943 3854 non

2305 3887 2433 3960 jam
2454 3888 2788 3952 ambuletis,
2812 3891 2960 3944 sicut
2982 3890 3188 3946 Gentes
3211 3890 3620 3950 ambulabant
3641 3893 3704 3949 in
3719 3887 3945 3948 vanitate

2309 3993 2520 4034 sensus
2554 3978 2665 4046 sui,
2695 3975 2950 4034 tenebris
2975 3977 3365 4036 obscuratum
3391 3981 3691 4040 habentes
3710 3977 3945 4037 intellec-

624 4075 688 4128 ln
719 4071 836 4128 illis
876 4071 1091 4128 diebus
1123 4089 1140 4126 ι
1171 4073 1420 4128 Locutus
1456 4075 1543 4128 est
1572 4074 1798 4145 Moyses
1828 4071 1907 4129 ad
1957 4087 2199 4129 omnem
2307 4067 2756 4136 tum,alienatia
2778 4066 2898 4123 vita
2916 4067 3018 4124 Dei
3037 4069 3557 4141 perignorantiam
3576 4088 3713 4144 quae
3733 4067 3882 4127 estin
3896 4060 3946 4119 il-

554 4166 775 4218 coetum
799 4161 1058 4218 ﬁliorum
1089 4160 1284 4226 Israel,
1309 4164 1366 4216 et
1388 4160 1534 4218 dixit
1554 4161 1632 4218 ad
1660 4177 1759 4218 eos
1783 4179 1799 4215 ε
1823 4161 1972 4217 Audi
2001 4161 2196 4230 Israel,

557 4247 847 4306 Dominus
874 4249 1028 4305 Deus
1043 4254 1256 4315 vester,
1277 4252 1429 4305 Deus
1453 4265 1610 4306 unus
1633 4255 1741 4309 est.
1765 4249 1985 4320 Diliges
2002 4249 2196 4306 Domi-

550 4351 698 4395 num
726 4338 914 4395 Deum
934 4342 1104 4395 tuum
1131 4354 1202 4396 ex
1224 4344 1344 4397 toto
1374 4339 1553 4397 corde
1575 4346 1693 4404 tuo,
1718 4343 1776 4395 et
1801 4354 1868 4394 ex
1895 4342 2019 4394 tota
2037 4337 2196 4394 forti-

2305 4156 2376 4214 lis
2398 4162 2637 4230 prapter
2655 4156 2977 4213 caecitatem
2999 4158 3195 4214 cordis
3211 4159 3636 4234 ipsorum,80
3654 4159 3946 4234 quidespe-

2303 4250 2521 4314 rantes,
2543 4247 2895 4319 semetipsos
2925 4245 3299 4305 tradiderunt
3321 4249 3803 4324 impudicitiae,in
3826 4257 3943 4317 ope-

2302 4336 2595 4392 rationem
2633 4335 3028 4393 immunditiae
3077 4337 3294 4404 omnis,
3353 4339 3416 4396 in
3482 4339 3816 4396 avaritiam.
3848 4335 3940 4388 Vos

552 4426 755 4482 tudine
776 4429 898 4484 tua.
922 4429 1212 4502 Eruntque
1230 4429 1411 4485 verba
1430 4428 1580 4497 htBC,
1619 4443 1755 4500 quae
1778 4441 1892 4498 ego
1913 4425 2196 4498 praecipio
2227 4428 2272 4484 D
2303 4431 2502 4482 autem
2518 4425 2598 4481 ita
2609 4439 2731 4481 non
2745 4423 3036 4480 didicistis
3053 4424 3370 4492 Christum,
3387 4427 3440 4483 si
3456 4433 3663 4486 tamen
3678 4427 3838 4484 illum
3855 4436 3942 4478 au-

545 4513 655 4570 tibi
677 4513 874 4583 hodie,
900 4515 961 4573 in
986 4516 1163 4574 corde
1195 4522 1296 4574 tuo
1330 4531 1341 4572 :
1374 4521 1431 4572 et
1453 4515 1729 4572 narrabis
1771 4530 1844 4571 ea
1890 4514 2024 4571 ﬁliis
2055 4515 2193 4585 tuis,

549 4609 605 4661 et
626 4604 996 4662 meditaberis
1019 4607 1232 4663 sedens
1253 4607 1313 4662 in
1339 4605 1524 4661 domo
1551 4609 1674 4674 tua,
1707 4609 1764 4660 et
1788 4602 2108 4660 ambulans
2133 4603 2195 4660 in

549 4692 756 4750 itinere
785 4694 1090 4751 dormiens
1120 4700 1300 4767 atque
1329 4706 1718 4762 consurgens.
1751 4690 1817 4746 Et
1869 4689 2083 4761 ligabis
2124 4709 2196 4750 ea

549 4783 723 4855 quasi
744 4783 980 4854 signum
1001 4784 1058 4840 in
1086 4799 1270 4839 manu
1291 4787 1708 4852 tua,eruntque
1725 4783 1780 4834 et
1797 4779 2196 4857 movebuntur

546 4872 701 4929 inter
735 4873 942 4930 oculos
970 4877 1122 4941 tuos,
1153 4871 1497 4943 scribesque
1527 4886 1596 4926 ea
1626 4870 1684 4925 in
1713 4869 1916 4925 limine
1944 4875 1999 4926 et
2024 4871 2194 4928 ostiis

547 4959 766 5018 domus
790 4967 923 5018 tum.
949 4964 1219 5032 Cumque
1253 4958 1643 5015 introduxerit
1660 4962 1712 5013 te
1729 4957 2020 5014 Dominus
2041 4959 2195 5015 Deus

541 5051 757 5106 tuusin
787 5058 1022 5115 terram,
1053 5065 1162 5121 pro
1183 5063 1306 5120 qua
1330 5046 1549 5118 juravit
1574 5046 1835 5119 patribus
1856 5047 1989 5113 tuis,
2013 5048 2194 5106 Abra-

540 5137 710 5209 ham,
736 5142 924 5207 Isaac,
949 5143 1006 5193 et
1051 5135 1234 5193 Jacob
1269 5151 1280 5190 :
1312 5139 1370 5191 et
1389 5133 1616 5190 dederit
1643 5135 1745 5192 tibi
1767 5135 2033 5193 civitates
2068 5153 2193 5194 ma-

2301 4511 2490 4581 distis,
2543 4515 2602 4567 et
2622 4511 2683 4567 in
2706 4511 2833 4583 ipso
2863 4511 3055 4568 edocti
3090 4514 3249 4581 estis,
3300 4515 3456 4572 sicut
3506 4524 3597 4573 est
3651 4515 3856 4572 veritas
3893 4506 3942 4563 in

2302 4603 2471 4668 Jesu;
2496 4601 2792 4674 deponere
2813 4617 2916 4658 vos
2947 4602 3279 4659 secundum
3299 4603 3630 4676 pristinam
3650 4611 3939 4663 conversa-

2303 4690 2525 4747 tionem
2555 4695 2813 4746 veterem
2840 4688 3148 4746 hominem
3179 4691 3284 4765 qui
3313 4696 3731 4768 corrumpitur
3760 4701 3944 4748 secun-

2302 4779 2450 4836 dum
2475 4778 2768 4836 desideria
2795 4778 3026 4835 erroris.
3064 4782 3458 4838 Renovamini
3493 4783 3712 4857 spiritu
3755 4772 3944 4837 mentis

2302 4873 2530 4933 vestrm,
2564 4873 2620 4924 et
2639 4867 2865 4925 induite
2894 4883 3119 4925 novum
3134 4870 3464 4944 hominem,
3498 4874 3609 4946 qui
3637 4867 3945 4930 secundum

2303 4958 2488 5013 Deum
2522 4962 2758 5014 creatus
2785 4962 2874 5014 est
2893 4957 2952 5014 in
2971 4956 3218 5029 justitia,
3252 4965 3310 5017 et
3335 4964 3663 5021 sanctitate
3692 4955 3942 5019 veritatis.

2304 5057 2366 5116 BI.
2396 5051 2602 5102 Amen.

2371 5135 2708 5206 Αηιίρὴοηα
2728 5138 2781 5192 1.
2807 5137 2957 5190 Deus
2975 5138 3173 5192 autem
3187 5142 3389 5194 noster
3411 5136 3475 5195 in
3495 5139 3653 5197 coelo
3667 5143 3946 5198 etsursum

540 5242 698 5297 gnas
726 5231 781 5281 et
809 5226 1249 5297 optimas,quas
1269 5239 1386 5279 non
1409 5222 1730 5296 mdifinasti,
1750 5223 1964 5282 domos
1983 5225 2192 5297 plenas
2299 5222 2360 5279 in
2387 5223 2555 5289 c0210,
2581 5228 2636 5278 ct
2657 5222 2716 5279 in
2736 5229 2906 5290 terra,
2932 5226 3136 5282 omnia
3155 5242 3569 5302 qumcumque
3589 5228 3796 5293 voluit,
3815 5222 3944 5282 fecit.

541 5319 894 5368 cunctarum
936 5328 1142 5384 opum,
1183 5329 1336 5385 quas
1369 5328 1487 5368 non
1519 5313 1844 5384 extruxisti,
1879 5315 2190 5385 cisternas,

546 5415 701 5472 quas
718 5415 839 5455 non
862 5399 1082 5467 fodisti,
1104 5401 1300 5458 vineta
1320 5409 1373 5456 et
1391 5401 1623 5474 oliveta,
1651 5419 1787 5476 quas
1808 5417 1933 5460 non
1960 5401 2188 5474 planta-

537 5489 634 5553 sti,
661 5491 720 5546 et
744 5488 1094 5556 comederis,
1126 5493 1184 5548 et
1207 5494 1506 5552 saturatus
1531 5490 1709 5550 fueris
1734 5507 1745 5547 :
1773 5506 1913 5549 cave
1933 5489 2186 5564 diligen-

2313 5315 2583 5369 Psalmus
2614 5329 2858 5371 cxxxrv.

2373 5400 2598 5458 Oratio.
2624 5401 2967 5458 Laudamus
3006 5407 3079 5469 te,
3107 5403 3374 5469 Domine,
3399 5407 3555 5479 quia
3588 5405 3881 5477 benignus
3903 5403 3946 5453 et

2277 5504 2564 5588 (magnus
2595 5506 2658 5547 es
2685 5508 2702 5544 :
2733 5491 2904 5563 cujus
2935 5492 3416 5562 magnitudinem
3467 5502 3530 5553 et
3555 5497 3880 5555 bonitatem
3901 5492 3946 5544 et
