4160 6438
217 298 288 361 ιω

1192 313 1260 369 ΙΝ
1302 312 1563 371 TERTIO
1604 313 1722 370 DIE
1760 310 2209 371 JUJENIORUM
2246 314 2406 373 KAL.
2446 318 2745 378 JANUAR.

3564 340 3671 397 170

231 429 497 527 mirabilia
513 436 887 527 testantur,
917 440 979 494 et
1001 452 1176 509 opera
1198 453 1495 527 :magnus
1519 453 1581 495 es
1600 438 1915 527 igitur,Do-
1948 436 1994 491 A
2025 437 2260 495 tabitur.
2306 441 2420 510 fol.
2467 447 2533 499 69
2582 447 2638 501 et
2681 445 2770 500 70.
2823 445 3046 504 Oratio.
3096 452 3175 506 Ne
3226 456 3507 527 projicias
3542 476 3680 519 nos.

237 522 376 590 mine,
397 526 455 580 te
474 538 559 579 ex
574 525 791 582 nihilo
811 531 957 583 tam
979 526 1274 597 stupenda
1304 531 1545 598 tamque
1565 525 1915 598 multiplicia

247 629 401 672 creare
426 630 443 679 ς
463 613 800 685 benignus
824 621 1061 682 autem,
1085 614 1229 670 dum
1249 620 1598 687 pereuntem
1624 614 1912 671 mundum

251 703 522 763 Christitui
544 704 870 774 sanguine
891 719 1141 776 reparas
1164 720 1180 760 :
1212 719 1486 773 magnus,
1511 703 1659 759 dum
1681 719 1911 760 exmor-

254 794 658 852 tuiscadavera
670 792 965 859 suscitas;
981 792 1445 863 benignus,cum
1460 791 1724 848 excitatis
1736 792 1912 849 vitam

251 880 749 940 interminabilem
761 880 994 937 donas:
1017 880 1228 936 Tribue
1252 881 1627 951 omnipotens
1641 882 1792 935 Deus
1809 896 1912 937 no-

250 972 330 1028 bis
341 969 727 1044 supplicibus
742 969 860 1025 tuis
872 972 930 1024 et
941 971 1122 1025 tantae
1136 968 1566 1039 magnitudinis
1590 967 1911 1038 intelligere

242 1064 621 1133 potestatem,
659 1062 721 1114 et
756 1057 1151 1128 benignitatis
1186 1061 1300 1113 tum
1339 1056 1639 1129 suscipere
1674 1072 1906 1129 pacem.

238 1160 300 1213 Ir.
329 1152 546 1204 Amen.

302 1240 410 1293 Per
435 1234 927 1293 misericordiam
953 1238 1135 1299 tuam,
1164 1233 1320 1290 Deus
1346 1240 1565 1301 noster,
1597 1237 1706 1291 etc.

299 1325 607 1383 Dominus
651 1324 729 1380 sit
778 1337 1022 1395 semper
1058 1321 1390 1378 vobiscum.
1421 1334 1483 1393 ἢ.
1510 1321 1577 1378 Et
1605 1338 1745 1379 cum
1798 1324 1912 1396 spi-

221 1415 368 1471 ritu.

290 1502 663 1573 Antiphona
704 1504 759 1556 2.
800 1500 978 1565 Deus,
1010 1499 1144 1572 quis
1168 1498 1380 1554 similis
1419 1498 1567 1555 tibi?
1592 1514 1667 1555 ne
1688 1502 1906 1568 taceas,

212 1607 427 1665 neque
458 1590 666 1654 sileas,
701 1591 880 1644 Deus.
905 1588 1175 1643 Psalmus
1200 1603 1409 1644 Lxxm.

292 1681 539 1736 Oratio.
557 1680 741 1743 Deus,
756 1676 890 1749 quis
916 1672 1117 1730 similis
1139 1674 1242 1730 tibi
1256 1675 1443 1732 tamin
1454 1675 1719 1733 bonitate
1732 1692 1908 1749 quam

2097 527 2307 594 Quaere
2327 532 2493 599 m/ra
2516 534 2577 587 in
2597 534 2913 590 Matuttnis
2933 541 3317 608 sequentibus.

2447 656 2536 712 De
2553 658 2787 727 jejunio
2816 660 3203 733 Epiphaniae.

2096 774 2305 833 Omnes
2333 780 2667 849 jejunemus
2694 783 2776 839 ad
2797 786 3165 843 exorandum
3204 788 3518 848 Dominum
3552 810 3681 851 nos-

2022 868 2183 920 trum
2211 865 2407 921 Iesum
2433 868 2739 926 Christum
2761 888 2866 943 pro
2884 877 3142 942 peccatis
3172 878 3406 945 nostris,
3439 896 3512 938 ac
3536 898 3683 951 pace

2021 952 2533 1026 impetranda;vel
2564 958 2645 1015 ad
2666 974 2869 1017 sacras
2904 963 3178 1021 lectiones
3206 966 3536 1026 audiendas
3564 970 3681 1026 Ec-

2022 1040 2261 1097 clesium
2282 1044 2520 1101 Domini
2540 1046 3000 1119 frequentemus.

2091 1178 2285 1221 TERTIO
2342 1183 2429 1224 υιε
2490 1184 2635 1232 QUOD
2708 1187 2799 1227 εει·
2856 1188 3067 1230 νιαιιιΑ
3098 1191 3401 1235 ΕΡΙΡΗΛΝΙΑΕ
3468 1195 3677 1237 ΒΟΙΙΜ.

2627 1293 2728 1348 Ad
2752 1294 3133 1353 Hatutinum.
3360 1290 3367 1295 ’

2090 1410 2457 1480 Antiphona.
2481 1415 2562 1469 Tu
2582 1419 2784 1472 autem
2805 1417 3055 1474 Domine
3076 1425 3384 1494 susceptor
3400 1438 3569 1480 meus
3590 1440 3673 1490 es,

2018 1498 2207 1567 gloria
2230 1514 2384 1564 mea,
2417 1505 2473 1557 et
2498 1502 2765 1560 exaltans
2792 1510 2966 1576 caput
2998 1522 3226 1565 meum.
3259 1510 3548 1566 Psalmus
3578 1527 3665 1568 ιιι.

2091 1586 2314 1643 Oratio.
2348 1590 2653 1656 Quamvis,
2684 1592 2950 1648 Domine.
2982 1595 3237 1665 Require
3254 1598 3367 1667 fol.
3398 1602 3484 1653 68.

2089 1676 2136 1729 A
2148 1681 2211 1730 nt
2220 1676 2444 1745 iphona
2466 1682 2514 1732 1.
2532 1680 2682 1734 Bene
2695 1681 2963 1737 nuntiate
2976 1682 3049 1737 de
3065 1681 3160 1739 die
3174 1683 3234 1739 in
3247 1684 3406 1742 diem
3420 1685 3676 1743 salutare

208 1770 277 1825 in
314 1770 553 1824 virtute
584 1767 613 1821 ?
638 1765 747 1838 qui
773 1768 1015 1821 sanctos
1040 1769 1171 1819 tuos
1197 1769 1254 1819 et
1302 1763 1564 1819 bonitate
1603 1765 1821 1829 erudis,
1855 1768 1911 1821 et
1944 1771 1988 1826 Β
2019 1764 2172 1834 ejus.
2203 1765 2482 1821 Psalmus
2520 1782 2679 1823 xcxv.

206 1857 450 1913 virtute
466 1853 781 1910 defendis:
800 1853 904 1924 qui
919 1851 1301 1907 inimicorum
1319 1867 1425 1907 ora
1443 1851 1523 1907 fre
1532 1852 1752 1908 mentia
1763 1868 1911 1909 com-

2093 1851 2316 1909 Oratio.
2346 1852 2553 1911 Cantet
2588 1855 2693 1911 tibi
2724 1870 2941 1912 novum
2971 1858 3258 1915 canticum
3285 1862 3677 1919 numerositas

206 1945 469 2019 primis,
502 1947 567 1999 et
590 1947 833 1999 tuorum
860 1940 1302 1997 obsecrationes
1320 1940 1598 2011 agnoscis
1619 1940 1721 1996 :da
1737 1941 1912 1998 nobis

208 2035 291 2091 de
316 2040 437 2091 tua
450 2032 728 2089 bonitate
740 2028 1183 2086 conﬁdentibus
1196 2044 1449 2100 operum
1464 2029 1766 2085 bonorum
1780 2045 1911 2102 par-

208 2123 502 2192 ticulam,
538 2136 675 2194 quae
704 2134 817 2175 nos
848 2118 927 2174 ab
952 2116 1178 2172 inimici
1206 2114 1459 2173 consilio
1488 2122 1643 2172 tutos
1666 2116 1905 2189 eﬂiciat,

201 2217 263 2269 et
291 2210 647 2269 mundatos
679 2224 716 2265 a
744 2207 996 2262 crimine
1016 2206 1119 2261 tibi
1148 2205 1384 2277 placere
1407 2206 1684 2263 ostendat
1731 2224 1743 2261 :
1768 2212 1825 2263 et
1850 2212 1913 2264 tu

209 2318 331 2358 nos
359 2299 678 2374 perducas
707 2295 789 2353 ad
814 2295 1073 2365 gloriam
1095 2300 1402 2357 aeternam.
1431 2295 1533 2365 qui
1564 2296 1730 2351 solus
1750 2312 1811 2351 es
1826 2296 1916 2352 A1-

213 2391 503 2448 tissimus
528 2401 718 2457 super
737 2400 987 2439 omnem
1012 2388 1248 2438 terram.
1275 2396 1341 2451 BI.
1367 2386 1574 2438 Amen.

2018 1939 2463 2011 redemptorum
2491 1958 2503 1997 :
2526 1957 2684 1999 nova
2701 1943 2886 2000 fecisti
2905 1946 3213 2003 miracula:
3235 1963 3460 2004 novum
3474 1949 3679 2005 lumen

2020 2033 2216 2084 ortum
2232 2043 2304 2083 ex
2332 2028 2583 2099 Virgine,
2612 2032 2778 2103 quod
2810 2037 3009 2090 tamen
3034 2034 3242 2091 Dietati
3272 2052 3396 2092 non
3424 2042 3549 2093 erat
3579 2053 3681 2093 no-

2020 2132 2185 2179 vum,
2200 2116 2305 2172 sed
2326 2132 2553 2174 novum
2573 2120 2906 2177 estinsolito
2925 2127 3256 2179 monstrato
3276 2124 3565 2181 miraculo
3578 2140 3682 2181 no-

2022 2220 2157 2259 vum
2169 2206 2631 2275 regenerationis
2648 2209 2705 2278 8
2718 2210 2759 2279 ι
2775 2211 3135 2281 mysterium;
3162 2211 3222 2266 in
3243 2228 3364 2285 quo
3386 2217 3577 2268 totum
3596 2213 3683 2268 in-

2024 2307 2214 2349 novas
2235 2295 2533 2351 mundum
2553 2314 2565 2351 :
2586 2312 2747 2353 nova
2768 2312 2985 2367 genera
3004 2300 3280 2355 virtutum
3306 2300 3366 2356 in
3379 2302 3683 2357 curatione

2025 2397 2324 2451 aegrorum
2361 2403 2373 2437 :
2407 2398 2634 2439 novum
2664 2384 3404 2460 humilitatisacpatientia:
3429 2388 3683 2444 modum

288 2481 408 2535 Per
437 2473 926 2532 misericordiam
958 2476 1145 2543 tuam,
1179 2474 1332 2526 Deus
1357 2476 1577 2537 noster,
1612 2474 1725 2531 etc.
2026 2469 2087 2525 in
2110 2471 2393 2542 superbia
2406 2474 2895 2543 persequentium
2921 2491 3179 2532 :novum
3197 2476 3684 2548 stupendumque

299 2565 612 2623 Dominus
641 2563 718 2618 sit
741 2577 981 2633 semper
1018 2559 1359 2617 vobiscum.
1401 2572 1463 2627 at.
1513 2563 1764 2629 Etcum,
1806 2566 1915 2618 etc.
2029 2575 2220 2630 genus
2261 2561 2490 2617 virtutis
2512 2562 2571 2617 in
2590 2562 2778 2633 gloria
2806 2566 3185 2634 resurgentis:
3220 2582 3375 2622 nova
3404 2564 3685 2621 humanis

296 2652 1147 2723 Antiphona3.Surge,Deus,
1160 2648 1598 2719 judicatcrram
1618 2665 1630 2705 :
1647 2651 1920 2722 quoniam
2029 2648 2257 2703 visibus
2278 2654 2393 2705 tum
2418 2650 2750 2707 ostenditur
2768 2653 3095 2723 majestatis
3123 2658 3405 2724 potestas;
3443 2670 3575 2709 cum
3597 2668 3690 2708 ve-

237 2754 297 2799 tn
308 2742 654 2801 dominaris
672 2739 949 2796 omnibus
968 2737 1280 2793 Gentibus.
1295 2736 1562 2794 Psalmus
1585 2744 1777 2794 Lxxxi.
2030 2752 2164 2791 rum
2180 2735 2492 2792 hominem
2513 2738 2590 2793 ad
2613 2739 2899 2794 caelorum
2924 2740 3349 2795 sublimitatem
3374 2740 3649 2812 deportas
3674 2755 3685 2792 :

260 2884 263 2885 ν
308 2835 557 2890 Preces.
584 2828 679 2885 Ad
701 2835 758 2884 te
780 2828 1136 2894 clamamus,
1174 2826 1443 2893 Domine,
1485 2843 1812 2900 precamur.
1860 2831 1920 2883 P.
2034 2824 2303 2880 Concede
2331 2841 2440 2896 pro
2477 2826 2701 2896 quibus
2735 2832 2857 2882 tam
2886 2843 3046 2882 nova
3068 2826 3361 2883 miracula
3391 2828 3691 2897 gloriosus

249 2926 314 2979 Ut
336 2919 663 2979 exaudias.
688 2917 751 2977 37.
778 2916 1009 2974 Christe
1032 2915 1390 2986 Redemptor
1414 2916 1687 2971 omnium
1709 2914 1927 2972 exaudi
2035 2914 2526 2985 opifexindidisti,
2542 2913 2652 2969 hos
2667 2919 2723 2970 et
2738 2915 3363 2986 vestigiorumtuorum
3377 2932 3688 2989 sequaces,

252 3026 455 3084 preces
488 3007 863 3080 supplicum.
894 3006 953 3059 P.
993 3005 1061 3059 Ut
1090 3002 1394 3059 exaudias.
1428 3003 1489 3063 ἡ.
1528 3005 1799 3060 Concede
1826 3019 1926 3059 no-

2036 3007 2092 3059 et
2120 3002 2321 3073 gloriae
2344 3001 2528 3059 facias
2559 3002 2903 3069 coheredes;
2937 3010 3114 3076 atque
3137 3004 3459 3061 melodiam
3481 3005 3691 3060 carmi-

254 3099 341 3155 bis
377 3100 618 3154 donum
664 3094 892 3165 gratiae,
923 3097 981 3147 et
1014 3091 1272 3147 fructum
1320 3093 1703 3164 poenitentiae.
1757 3094 1817 3147 P.
1862 3094 1930 3148 Ut
1968 3115 2008 3171 ο
2036 3090 2150 3157 nis,
2171 3108 2281 3147 nec
2318 3107 2440 3147 non
2465 3091 2616 3147 inter
2651 3095 3007 3148 Sanctorum
3048 3094 3336 3163 fragores,
3378 3098 3434 3151 et
3457 3097 3692 3150 nostras

260 3187 570 3245 exaudias.
634 3183 699 3244 Ῡ.
739 3186 999 3239 Remove
1049 3196 1086 3237 a
1125 3180 1302 3236 nobis
1351 3182 1637 3250 gladium,
1682 3182 1925 3246 famem,

259 3281 309 3333 et
325 3275 757 3349 pestilentiam.
780 3272 843 3325 P.
867 3273 937 3327 Ut
956 3268 1273 3327 exaudias.
1302 3268 1364 3329 ἲν.
1392 3270 1558 3326 Solve
1588 3270 1782 3326 delicti
1806 3270 1929 3343 pia.

258 3365 475 3431 culum,
507 3370 569 3419 et
599 3362 767 3418 dona
792 3358 1261 3427 indulgentiam.
1292 3359 1354 3413 P.
1389 3360 1457 3414 Ut
1483 3359 1783 3416 exaudias.

326 3453 645 3524 Capitula.
683 3451 934 3519 Exurge,
988 3447 1162 3512 Deus,
1194 3447 1301 3519 qui
1321 3447 1558 3518 judicas
1584 3454 1801 3505 terram
1834 3450 1932 3504 :et

260 3543 507 3600 brachio
541 3538 918 3596 fortitudinis
950 3552 1108 3607 rege,
1140 3552 1295 3608 quos
1328 3537 1594 3609 trophmo
1623 3538 1825 3595 Crucis
1846 3536 1929 3593 di—

263 3639 475 3703 gnatus
493 3646 563 3686 es
580 3642 936 3700 comparare
961 3641 973 3681 :
992 3642 1061 3681 ac
1074 3641 1183 3698 pro
1195 3625 1415 3697 quibus
1428 3624 1453 3680 Ι
1456 3625 1585 3681 usio
1617 3626 1771 3682 sacri
1797 3641 1930 3682 san-

264 3720 456 3791 guinis
478 3722 649 3776 extat
676 3716 1034 3787 redemptio,
1063 3714 1140 3771 ab
1163 3715 1256 3770 his
1284 3713 1389 3770 tibi
1414 3714 1710 3771 deferatur
1729 3716 1932 3772 votiva

264 3808 558 3871 confessio
586 3827 604 3861 :
640 3810 700 3861 et
733 3805 837 3877 qui
876 3803 1223 3875 passionem
1256 3803 1683 3874 redemptionis
1711 3808 1929 3860 nostrae

267 3898 589 3963 credimus,
612 3894 943 3965 gloriosam
958 3892 1450 3949 resurrectionem
1470 3892 1738 3957 fatemur,
1754 3898 1931 3964 atque

269 4001 581 4043 ascensum
600 3982 675 4039 ad
689 3982 913 4039 aethera
932 3981 1359 4053 prmdicamus,
1380 3980 1755 4053 reditumque
1774 3986 1932 4036 tuum

270 4073 509 4132 terribili
527 4088 781 4130 recursu
809 4072 1091 4127 timemus
1112 4089 1127 4140 ;
1149 4070 1226 4126 ad
1240 4085 1451 4127 vocem
1466 4069 1622 4125 tubae
1636 4086 1773 4125 cum
1788 4086 1933 4142 prae-

270 4162 592 4228 conaverit,
609 4160 950 4234 gaudentes
964 4160 1025 4216 in
1039 4158 1353 4217 adventum
1371 4164 1523 4215 tuum
1537 4174 1929 4232 properemus:

269 4252 332 4311 Et
349 4260 427 4322 tu,
454 4250 931 4309 clementissime
955 4248 1222 4314 Domine,
1250 4265 1405 4322 quos
1424 4249 1722 4322 conspicis
1742 4249 1822 4306 ita
1842 4264 1935 4304 so-

266 4343 489 4400 lemnia
517 4341 739 4407 colere,
768 4338 877 4395 hos
908 4338 982 4395 de
1014 4337 1302 4409 gehennaa
1327 4338 1643 4395 ardoribus
1668 4354 1807 4395 erue
1834 4354 1847 4405 ;
1881 4338 1938 4393 et

270 4429 546 4503 gloriosae
578 4428 1039 4486 resurrectionis
1068 4426 1193 4482 ﬁeri
1217 4432 1432 4497 praesta
1463 4432 1791 4486 consortes.

334 4522 511 4577 Pater
536 4521 768 4574 noster.

880 4601 980 4659 Ad
1024 4602 1335 4674 Vesperum

334 4697 579 4755 Lauda.
598 4694 698 4753 Sol
716 4694 1262 4767 agnovitoccasum
1279 4710 1478 4750 suum.
1506 4691 1758 4751 Posuisti
1776 4698 1935 4751 tene-

268 4784 423 4854 bras,
458 4784 694 4843 etfacta
716 4789 807 4840 est
831 4800 965 4840 nox.

332 4875 723 4942 Antiphona.
782 4873 1119 4945 Disrumpe,
1182 4870 1429 4930 Domine
1470 4876 1648 4943 Deus,
1702 4871 1938 4929 vincula

268 4971 663 5037 peccatorum
692 4980 706 5018 :
779 4965 845 5018 ut
875 4960 1281 5019 sacriﬁcemus
1302 4958 1405 5019 tibi
1430 4961 1690 5019 hostiam
1718 4960 1936 5018 laudis.

269 5052 543 5112 Psalmus
584 5068 720 5110 ειν.

337 5145 569 5201 Lauda.
598 5145 680 5198 Tu
704 5137 999 5198 mandasti
1024 5138 1302 5195 mandata
1324 5143 1425 5196 tua
1451 5138 1748 5195 custodire
1770 5138 1939 5195 nimis

272 5231 327 5290 Ῡ.
387 5236 629 5291 Utinam
681 5230 1026 5301 dirigantur
1065 5228 1175 5283 vim
1206 5245 1375 5298 meae,
1417 5229 1495 5286 ad
1516 5228 1939 5285 custodiendas

268 5318 723 5389 justiﬁcationes
766 5324 921 5375 tuas.

334 5414 622 5483 Hymnus.
646 5406 1189 5479 Benignitatisfons
1205 5410 1376 5463 Deus.
1393 5407 1785 5476 Supplicatio.
1809 5410 1943 5463 Ore-

267 5515 391 5558 mus
425 5504 928 5575 Redemptorem.
964 5496 1267 5565 Capitula.
1302 5496 1674 5551 Dilectissimi
1710 5496 1939 5553 fratres.

264 5591 620 5652 Benedictio.
649 5588 935 5650 Christus
952 5585 1262 5642 Dominus.
1288 5586 1514 5644 Lauda.
1530 5583 1796 5642 Alleluia.
1819 5588 1939 5643 Lm-

608 5685 873 5741 PATROL.
933 5672 1203 5733 LXXXVI.

2038 3196 2212 3237 voces
2242 3179 2580 3236 admisceas
2610 3184 3065 3253 perstrepentes.
3110 3193 3172 3251 Ba.
3214 3186 3424 3238 Amen.

2113 3269 2222 3324 Per
2249 3267 2727 3325 misericordiam
2758 3274 2941 3325 tuam.

2110 3358 2454 3428 Antiphona
2473 3362 2525 3413 2.
2564 3359 2851 3414 Dominus
2877 3359 2938 3415 in
2962 3360 3100 3417 Sion
3120 3374 3381 3429 magnus
3406 3375 3417 3414 :
3446 3360 3503 3415 et
3532 3357 3696 3416 excel

2043 3464 2144 3504 sus
2159 3464 2339 3521 super
2363 3464 2574 3504 omnes
2600 3448 2877 3521 populos.
2906 3450 3187 3506 Psalmus
3212 3465 3406 3505 xcvm.

2114 3538 2341 3594 Oratio.
2386 3538 2740 3609 Redemptor
2803 3542 3023 3609 noster,
3067 3537 3335 3605 Domine,
3379 3537 3481 3609 qui
3511 3553 3691 3611 super

2041 3642 2286 3682 omnem
2309 3624 2681 3682 altitudinem
2710 3626 2994 3703 excelsus,
3025 3631 3081 3683 et
3105 3626 3166 3682 in
3196 3626 3335 3684 Sion
3357 3626 3698 3697 agnosceris

2042 3732 2302 3785 magnus
2328 3732 2342 3782 ;
2371 3715 2779 3772 credulitatem
2808 3716 3080 3772 Ecclesiae
3100 3722 3214 3772 tute
3246 3717 3306 3772 in
3330 3723 3381 3773 te
3402 3716 3701 3788 amplians

2041 3804 2260 3877 perﬁce
2292 3821 2305 3870 ;
2335 3810 2391 3861 et
2411 3804 2669 3876 populos
2697 3805 2757 3861 in
2787 3806 2916 3877 ejus
2944 3806 3275 3862 sinceritate
3296 3806 3388 3862 fac
3408 3805 3698 3862 coalesce-

2042 3908 2105 3950 re
2134 3910 2145 3948 ε
2169 3898 2468 3949 utnomen
2492 3897 2682 3959 tuum,
2709 3894 2872 3967 quod
2898 3910 3189 3965 magnum
3226 3895 3699 3961 estconfitentes;

2043 3998 2115 4039 ac
2136 3982 2311 4052 regiae
2332 3981 2534 4051 gloriae
2550 3982 2840 4039 honorem
2862 3982 2984 4048 tibi,
3004 3982 3142 4038 ﬁdei
3162 3983 3433 4039 servitute
3450 3983 3697 4039 offeren-

2043 4074 2129 4127 tes
2149 4089 2167 4142 ;
2194 4077 2254 4125 tu
2271 4086 2381 4127 nos
2402 4071 2716 4127 miseratus
2734 4072 2807 4126 de
2828 4070 3064 4126 excelso
3082 4071 3384 4142 prospice:
3409 4076 3465 4128 et
3485 4071 3563 4127 ab
3582 4071 3698 4127 hac

2043 4158 2378 4216 humilitate
2398 4164 2686 4215 terrarum
2729 4159 2791 4214 in
2814 4158 3230 4215 mansionibus
3256 4164 3564 4215 commuta
3583 4174 3698 4214 cm-

2045 4249 2262 4306 lorum.
2294 4258 2354 4313 Βρ.
2384 4252 2591 4303 Amen.

2119 4338 2230 4393 Per
2244 4335 2709 4393 misericordiam
2738 4340 2923 4405 tuam,
2952 4338 3105 4393 Deus
3124 4340 3342 4404 noster,
3372 4341 3481 4394 etc.

2117 4427 2463 4496 Antiphona
2479 4430 2531 4482 3.
2559 4426 2846 4482 Dominus
2872 4442 3104 4483 memor
3125 4426 3234 4483 fuit
3252 4427 3441 4484 nostri
3465 4443 3478 4482 :
3511 4430 3567 4484 et
3595 4426 3698 4483 be-

2046 4516 2275 4573 nedixit
2294 4515 2489 4571 nobis.
2508 4515 2777 4572 Psalmus
2802 4532 2956 4573 cxru.

2121 4606 2347 4662 Oratio.
2382 4605 2648 4670 Domine,
2675 4605 2779 4677 qui
2802 4621 3059 4661 sursum.
3089 4605 3343 4678 Require
3357 4607 3472 4677 fol.
3500 4610 3589 4661 72.

2120 4707 2184 4765 at.
2208 4694 2574 4750 Hierusalem
2605 4694 2810 4751 civitas
2832 4711 2974 4751 sane
2986 4699 3046 4751 ta
3068 4694 3216 4750 ultra
3241 4710 3361 4750 non
3384 4699 3516 4764 eget
3536 4693 3658 4750 sole
3682 4711 3695 4749 :

2047 4784 2192 4858 quia
2232 4784 2464 4840 claritas
2492 4784 2593 4838 Dei
2620 4783 2918 4840 illuminat
2965 4799 3120 4840 eam.
3156 4783 3219 4839 P.
3256 4783 3542 4856 Splendor
3570 4784 3699 4855 ejus

2047 4889 2242 4944 agnus
2268 4878 2372 4928 est.
2403 4872 2471 4933 Υ.
2510 4874 2719 4927 Turres
2750 4871 3111 4927 Hierusalem
3144 4887 3291 4927 auro
3318 4870 3705 4928 asdiﬁcabun-

2046 4967 2160 5030 tur,
2181 4958 2710 5033 etpropugnacula
2730 4960 2859 5029 ejus
2883 4975 3031 5016 auro
3054 4959 3304 5016 mundo.
3321 4960 3384 5015 P.
3412 4960 3704 5033 Splendor

2047 5051 2110 5113 ἡ.
2143 5049 2633 5118 Gloria,ethonor
2660 5048 2838 5115 Patri,
2870 5054 2978 5105 etc.
3003 5051 3066 5103 P.
3097 5049 3415 5123 Splendor.

2684 5139 2757 5193 In
2796 5138 3099 5195 Laudibus

2121 5228 2487 5299 Antiphone.
2507 5227 2586 5283 Ne
2604 5227 2885 5300 projicias
2900 5243 3031 5298 nos,
3056 5229 3325 5299 Domine,
3342 5245 3379 5285 a
3396 5228 3545 5285 facie
3564 5233 3700 5284 tua:

2050 5326 2107 5377 et
2133 5320 2403 5392 spiritum
2425 5322 2701 5374 sanctum
2725 5324 2892 5373 tuum
2914 5334 2988 5373 ne
3010 5318 3245 5374 auferas
3264 5335 3300 5374 a
3319 5319 3518 5383 nobis,
3533 5317 3706 5375 Psal-

2050 5424 2178 5465 mus
2210 5426 2260 5464 1..

2126 5497 2349 5554 Oratio.
2380 5499 2458 5553 Ne
2477 5496 2758 5568 projicias
2788 5513 2922 5566 nos,
2944 5497 3208 5562 Domine,
3230 5511 3264 5551 a
3281 5495 3704 5563 facietua;ne-

2057 5604 2175 5661 que
2206 5587 2443 5645 auferas
2469 5586 2935 5643 misericordiam
2968 5591 3131 5643 tuam
3162 5602 3199 5642 a
3223 5584 3399 5641 nobis
3431 5602 3442 5637 :
3469 5589 3532 5639 ut
3550 5594 3703 5652 quos

3424 5676 3456 5726 6
