4160 6396
567 326 665 390 171

1823 295 2273 374 antemarum
2311 303 2704 368 GOTHICUM.
3852 301 3943 362 ne

562 458 762 514 reatus
791 450 1128 509 facinorum
1155 443 1308 504 tenet
1336 441 1631 501 obnoxios
1657 439 2055 500 miserationis
2086 441 2203 496 tuae
2236 437 2284 492 A
2311 436 2512 491 Priora
2542 449 2614 490 ex
2638 436 2778 489 tunc
2802 429 3172 497 adnuntiavi,
3197 431 3254 486 et
3273 441 3345 485 ex
3369 441 3471 485 ore
3496 441 3634 484 meo
3650 428 3766 498 82
3797 427 3937 484 exies

554 541 876 599 clementia
912 537 1091 594 faciat
1117 533 1443 592 absolutos.
1476 542 1542 602 13;.
1572 532 1782 588 Amen.

634 631 746 685 Per
764 625 1236 683 misericordiam
1267 627 1454 683 tuam,
1486 621 1642 675 Deus
1669 622 1886 685 noster,
1918 620 2027 672 etc.

633 719 1062 774 AdCanticum.
1100 712 1460 783 Antiphona.
1499 709 1790 780 Splendor
1816 707 1965 763 lucis
2000 701 2209 760 illumi-

563 811 668 865 nat
692 822 848 874 eam,
880 809 936 860 et
959 805 1203 861 lucerna
1223 801 1350 870 ejus
1377 813 1569 867 agnus
1600 803 1710 852 est.

957 890 1265 948 Canticum
1299 886 1492 943 Tobice
1521 887 1680 956 (Cap.
1710 885 1857 972 xui).
2197 953 2214 972 η

638 985 790 1038 Luce
827 979 988 1036 clara
1017 976 1267 1047 fulgebis
1297 977 1357 1030 in
1387 973 1666 1030 omnibus
1694 971 1915 1027 ﬁnibus
1961 973 2127 1025 terras
2157 983 2169 1020 :

563 1071 839 1127 Nationes
859 1067 1060 1123 multae
1085 1065 1159 1120 de
1187 1063 1516 1134 longinquo
1546 1061 1783 1116 venient
1808 1057 1932 1125 tibi,
1966 1061 2021 1113 et
2044 1053 2210 1112 habi-

563 1163 780 1215 tatores
805 1172 841 1212 a
865 1153 1204 1212 novissimis
1252 1150 1521 1222 partibus
1551 1153 1717 1204 terra;
1743 1147 1822 1203 ad
1845 1158 2066 1201 nomen
2096 1143 2206 1198 Do-

566 1244 714 1302 mini
744 1242 845 1298 Dei
887 1260 900 1298 :

637 1335 705 1388 Ut
723 1345 974 1386 munera
991 1328 1168 1382 suain
1179 1324 1460 1380 manibus
1475 1320 1913 1390 habentes,regi
1933 1319 2208 1374 caelorum

560 1419 815 1476 offerunt
851 1431 989 1471 cum
1022 1413 1235 1469 laetitia.
1279 1413 1298 1435 "
1319 1414 1383 1467 Et
1414 1426 1633 1467 nomen
1661 1407 1893 1465 Domini
1917 1423 2207 1478 magnum

564 1509 669 1562 erit
694 1506 755 1560 in
793 1501 1077 1560 omnibus
1106 1500 1338 1556 saeculis
1368 1498 1741 1554 smculorum.

631 1592 916 1650 Maledicti
942 1605 1151 1646 omnes
1189 1588 1293 1660 qui
1331 1591 1615 1658 spernunt
1635 1593 1706 1653 te,
1741 1585 1754 1602 ⁸
1787 1588 1843 1640 et
1863 1598 2074 1639 omnes
2105 1583 2206 1656 qui

559 1681 984 1752 blasphemant
1005 1683 1061 1732 te
1094 1695 1106 1731 :

2311 528 2467 587 runt,
2495 524 2551 577 et
2572 519 2775 577 audita
2793 519 2904 576 feci
2923 534 2994 575 ea
3017 517 3276 591 :repente
3295 520 3579 588 operatus
3599 529 3756 581 sum,
3775 520 3829 572 et
3845 528 3938 572 ve-

2313 613 2548 666 nerunt.
2577 609 2707 664 Scio
2736 608 2895 664 enim
2923 608 3064 680 quia
3089 605 3277 662 durus
3305 622 3366 662 es
3396 608 3476 676 tu,
3515 607 3571 661 et
3597 619 3813 660 nervus
3835 604 3934 660 fere

2315 713 2449 752 reus
2480 697 2676 751 cervix
2707 703 2821 760 tua,
2849 702 2906 751 et
2925 696 3082 751 frons
3113 700 3214 751 tua
3239 711 3395 751 aerea
3437 737 3452 752 .
3485 693 3732 749 Praedixi
3751 692 3849 748 tibi
3876 707 3938 749 ex

2317 791 2455 840 tunc
2489 791 2582 848 ;et
2602 789 2926 856 antequam
2970 785 3229 839 venirent
3252 783 3513 839 iudicavi
3551 781 3678 850 tibi,
3712 797 3784 837 ne
3807 781 3937 838 forte

2317 873 2540 929 diceres
2574 873 2772 929 :ldola
2792 889 2928 930 mea
2946 873 3209 928 fecerunt
3237 873 3386 940 haec,
3415 876 3471 928 et
3501 869 3793 944 sculptilia
3818 883 3938 926 mea

2317 965 2375 1016 et
2399 960 2719 1017 conﬂatilia
2742 960 3179 1018 mandaverunt
3199 960 3328 1016 ista.
3365 961 3507 1025 Quae
3529 958 3794 1027 audistis,
3815 957 3935 1013 vide

2316 1049 2522 1105 omnia
2543 1067 2559 1103 :
2577 1065 2686 1106 vos
2707 1054 2905 1106 autem
2922 1065 3042 1106 non
3064 1048 3480 1106 adnuntiastis.
3499 1046 3713 1104 Audita
3727 1045 3935 1103 fecitibl

2316 1152 2474 1193 nova
2489 1153 2560 1192 ex
2578 1142 2797 1207 tunc,et
2817 1142 3167 1194 conservata
3181 1153 3317 1209 quae
3338 1137 3557 1192 nescis:
3581 1149 3740 1192 nunc
3761 1136 3937 1191 creata

2316 1229 2471 1294 sunt,
2499 1230 2555 1280 et
2583 1240 2705 1281 non
2731 1241 2803 1281 ex
2848 1231 2990 1282 tunc
3027 1241 3038 1280 :
3088 1230 3143 1280 et
3167 1229 3303 1281 ante
3332 1225 3512 1291 diem,
3537 1229 3594 1281 et
3616 1241 3736 1281 non
3764 1223 3935 1280 vidisti

2315 1329 2403 1378 ea,
2424 1328 2497 1368 ne
2514 1313 2659 1369 forte
2675 1313 2840 1370 dicas
2877 1330 2891 1370 :
2912 1317 3056 1370 Ecce
3071 1313 3403 1383 cognovisti
3421 1330 3510 1378 ea,
3530 1315 3730 1387 Neque
3745 1311 3934 1369 audisti

2313 1419 2509 1474 neque
2529 1403 2878 1471 cognovisti,
2893 1419 3007 1474 neq
3015 1419 3085 1458 ue
3097 1419 3172 1458 ex
3182 1409 3318 1458 tunc
3331 1409 3537 1474 aperta
3550 1403 3800 1459 estauris
3823 1406 3928 1458 tua:

2315 1491 2436 1546 scio
2460 1491 2618 1546 enim
2636 1489 2796 1564 [quia
2820 1491 3216 1562 praevaricans
3240 1491 3680 1563 praevaricabis,
3706 1491 3759 1547 et
3773 1495 3937 1547 trans-

2315 1595 2648 1650 gressorem
2661 1596 2732 1635 ex
2747 1586 2944 1635 ventre
2957 1579 3166 1636 vocavi
3178 1585 3252 1634 te.
3273 1581 3510 1652 Propter
3523 1593 3745 1636 nomen
3773 1593 3935 1636 meum

2313 1667 2490 1736 longe
2510 1667 2728 1724 faciam
2744 1667 3006 1724 furorem
3025 1684 3207 1724 meum
3227 1685 3239 1723 :
3266 1673 3321 1725 et
3347 1667 3527 1726 laude
3551 1683 3687 1726 mea
3707 1667 3936 1726 infrena-

629 1766 917 1825 Maledicti
936 1779 1147 1821 omnes
1177 1763 1280 1835 qui
1318 1763 1572 1818 oderunt
1591 1763 1670 1827 te,
1713 1761 1735 1784 ‘
1757 1764 1815 1817 et
1843 1775 2054 1817 omnes
2101 1759 2206 1832 qui
2235 1771 2279 1826 Β
2313 1755 2392 1811 bo
2410 1761 2484 1822 te,
2503 1771 2577 1811 ne
2597 1757 2874 1812 intereas.
2895 1759 3038 1812 Ecce
3061 1771 3397 1829 excoquam
3417 1761 3494 1824 te,
3521 1758 3629 1814 sed
3644 1773 3763 1815 non
3778 1757 3932 1830 quasi

561 1856 838 1913 dixerunt
864 1854 927 1908 in
951 1856 1007 1909 te
1026 1851 1278 1907 verbum
1309 1851 1530 1906 durum
1563 1867 1575 1905 :

632 1941 918 1999 Maledicti
938 1955 1146 1997 omnes
1176 1941 1280 2011 qui
1318 1939 1629 2010 deponunt
1667 1945 1741 2008 te,
1771 1941 1827 1993 et
1855 1950 2063 1993 omnes
2103 1935 2206 2008 qui

561 2030 878 2088 destruunt
906 2044 1110 2084 muros
1148 2035 1304 2096 tuos,
1337 2028 1356 2049 '
1391 2031 1448 2083 et
1475 2040 1688 2083 omnes
1712 2025 1819 2097 qui
1856 2025 2206 2080 subvertunt

561 2125 750 2177 turres
780 2122 932 2182 tuas,
957 2123 1012 2173 et
1036 2131 1244 2173 omnes
1263 2116 1365 2188 qui
1419 2115 1792 2171 succendunt
1811 2112 2205 2170 habitationes

559 2213 714 2265 tuas:

631 2297 698 2352 Et
732 2292 1032 2350 benedicti
1061 2299 1230 2350 erunt
1249 2294 1311 2349 in
1335 2295 1393 2350 te
1415 2293 1430 2311 '
1447 2307 1657 2350 omnes
1684 2289 1788 2364 qui
1808 2289 2105 2347 aediﬁcant
2128 2294 2201 2358 te,

557 2383 622 2440 in
648 2387 956 2439 aeternum.

629 2473 791 2527 Tunc
822 2471 1012 2541 gaude
1036 2474 1093 2527 et
1119 2469 1316 2527 lmtare
1346 2485 1485 2525 cum
1514 2469 1650 2525 ﬁliis
1671 2467 1991 2540 justorum,
2019 2468 2040 2491 "
2065 2467 2207 2539 quia

560 2575 771 2617 omnes
789 2559 1152 2630 colligentur,
1171 2563 1227 2615 et
1240 2557 1596 2615 benedicent
1616 2557 1936 2615 Dominum
1949 2557 2011 2613 in
2041 2561 2204 2613 aeter-

563 2661 731 2704 num.

634 2734 848 2791 Felices
867 2735 970 2806 qui
989 2733 1242 2805 diligunt
1257 2733 1557 2800 te',felices
1582 2732 1688 2805 qui
1705 2732 1966 2804 gaudent
1981 2733 2041 2788 in
2057 2747 2206 2804 pace

563 2826 685 2880 tua.

633 2913 696 2966 Et
716 2909 911 2967 felices
951 2925 1161 2966 omnes
1185 2910 1458 2966 homines
1479 2909 1582 2981 qui
1613 2909 2123 2966 contristabuntur
2145 2907 2207 2963 in

562 2999 842 3055 omnibus
861 2998 1111 3068 ﬂagellis
1124 2999 1256 3067 tuis,
1271 2999 1578 3069 'quoniam
1597 2996 1964 3066 gaudebunt,
1980 3001 2036 3052 et
2049 2995 2210 3052 vide-

561 3085 714 3142 bunt
731 3102 910 3142 omne
937 3086 1227 3155 gaudium
1253 3091 1422 3141 tuum
1456 3086 1515 3140 in
1547 3085 1782 3142 saecula.

633 3175 848 3229 Anima
897 3189 1029 3229 mea
1091 3173 1402 3229 benedicet
1460 3173 1782 3228 Dominum
1829 3189 2032 3244 regem
2077 3189 2208 3231 ma-

566 3278 774 3333 gnum,
800 3263 817 3282 ‘
838 3263 980 3333 quia
1004 3261 1274 3317 liberavit
1301 3261 1688 3316 Hierusalem.

636 3353 700 3405 Et
728 3349 1349 3406 aediﬁcabituriterum
1371 3349 1588 3404 domus
1620 3350 1766 3420 ejus,
1797 3352 1817 3372 '
1842 3349 1901 3406 in
1932 3349 2210 3406 omnibus

566 3438 793 3495 saeculis
811 3439 1170 3495 saeculorum
1209 3437 1590 3494 conﬁtebitur
1617 3438 1844 3495 nomini
1860 3438 2015 3510 regis
2043 3438 2210 3495 caelo-

564 3543 722 3582 rum.

637 3614 802 3670 Ostia
822 3613 1187 3671 Hierusalem
1218 3611 1540 3685 smaragdo
1563 3618 1619 3672 et
1647 3614 1931 3688 sapphiro
1959 3615 2210 3674 fabrica-

565 3701 791 3758 buntur
820 3719 832 3758 :
862 3705 881 3724 ¹
911 3707 968 3757 et
995 3701 1225 3773 lapides
1255 3703 1498 3773 pretiosi
1518 3719 1726 3759 omnes
1756 3706 1911 3760 muri
1928 3705 2030 3760 tui.

637 3793 846 3846 Turres
864 3790 1234 3846 Hierusalem
1262 3807 1408 3847 auro
1438 3791 1907 3860 aediﬁcabuntur,
1929 3795 1949 3817 '
1989 3797 2046 3850 et
2075 3808 2210 3866 pro-

566 3879 912 3950 pugnacula
947 3879 1078 3949 ejus
1105 3894 1253 3936 auro
1277 3881 1526 3937 mundo.

637 3967 848 4024 Plateae
880 3966 1243 4023 Hierusalem
1281 3969 1577 4026 canticum
1603 3968 1816 4027 laetitiae
1849 3970 2080 4043 dicunt,
2112 3972 2126 3988 '
2153 3975 2211 4028 et

565 4056 760 4112 omnis
787 4055 950 4112 vicus
978 4056 1127 4126 ejus,
1159 4055 1427 4114 Alleluia.

634 4145 986 4201 Benedictus
1008 4145 1314 4215 Dominus,
1341 4145 1443 4217 qui
1464 4145 1679 4204 exaltat
1699 4151 1774 4215 te,
1791 4151 1846 4205 et
1861 4148 2208 4206 benedictus

565 4232 628 4289 in
647 4233 930 4290 omnibus
953 4233 1183 4289 saeculis
1209 4234 1564 4291 saeculorum
1591 4252 1602 4290 :
1624 4238 1642 4256 *
1663 4238 1950 4309 quoniam
1967 4238 2028 4293 in
2046 4245 2099 4293 te
2111 4237 2209 4293 be-

563 4322 873 4376 nedicetur
899 4336 1077 4376 omne
1114 4326 1390 4377 sanctum
1420 4323 1478 4378 in
1509 4331 1815 4381 internum.

2313 1849 2644 1915 argentum,
2660 1843 2810 1914 elegi
2829 1847 2883 1900 te
2897 1845 2960 1900 in
2981 1844 3219 1901 camino
3245 1846 3632 1917 paupertatis.
3659 1849 3842 1903 Proter
3852 1859 3933 1902 me

2313 1932 2550 2001 faciam,
2575 1937 2640 1988 ut
2677 1947 2801 1987 non
2839 1931 3220 2004 blasphemer
3243 1949 3256 1988 :
3281 1940 3335 1990 et
3370 1933 3626 2005 gloriam
3663 1948 3853 1992 meam
3868 1931 3935 1991 aI-

2313 2021 2419 2077 teri
2448 2036 2570 2076 non
2588 2019 2764 2076 dabo.
2803 2031 2866 2090 Βί.
2898 2022 3109 2079 Amen.

2383 2108 2668 2177 Hymnus.
2691 2107 3078 2177 Benignitatis
3108 2108 3261 2165 fons.
3293 2109 3683 2181 Supplicatio.
3711 2113 3935 2167 Oremus

2313 2197 2768 2268 Redemptorem
2785 2197 3016 2255 mundi.
3037 2198 3339 2267 Capitula.
3367 2197 3736 2256 Dilectissimi
3751 2198 3936 2256 fratres

2311 2286 2418 2358 qui
2438 2285 2660 2342 omnia.
2679 2287 2909 2343 Lauda.
2943 2285 3206 2344 Alleluia.
3233 2287 3552 2344 Laetabitur
3573 2289 3820 2346 deserta.
3849 2288 3936 2345 Be-

2311 2375 2591 2431 nedictio.
2611 2375 2872 2432 Christus
2894 2373 3198 2444 Dominus,
3231 2377 3334 2450 qui
3347 2391 3488 2434 cum
3505 2377 3702 2437 Patre.
3717 2379 3937 2450 Require

2309 2464 2421 2533 fol.
2456 2467 2522 2520 69
2552 2467 2608 2520 et
2632 2465 2720 2520 70.

2877 2552 2963 2607 Ad
2993 2551 3258 2608 Tertiam.

2701 2639 3083 2698 Proverbium
3107 2641 3443 2700 Salomonis
3470 2641 3644 2715 (Cap.
3669 2649 3785 2715 xv).

2387 2739 2448 2797 ἢν.
2486 2728 2606 2783 Dco
2632 2727 2873 2797 gratias.

2387 2816 2507 2887 Fili,
2526 2816 2707 2873 Labia
2720 2817 3076 2890 sapientium
3095 2817 3587 2880 disseminabunt
3616 2817 3902 2878 scientiam
3931 2831 3942 2873 :

2316 2919 2418 2960 cor
2429 2905 2742 2961 stultorum
2767 2906 3051 2962 dissimile
3064 2907 3341 2964 erit.Victi
3352 2926 3463 2965 mae
3478 2910 3801 2983 impiorum
3818 2906 3942 2965 abo-

2316 2993 2626 3048 minabiles
2651 2994 2902 3051 Domino
2931 3011 2943 3050 :
2969 3000 3107 3051 vota
3121 2995 3420 3067 justorum
3443 2997 3785 3070 placabilia.
3815 2994 3945 3052 Abo-

2317 3082 2563 3139 minatio
2594 3088 2680 3139 est
2712 3085 2960 3140 Domino
3006 3084 3101 3141 via
3127 3086 3296 3157 impii
3332 3104 3342 3141 :
3373 3088 3478 3159 qui
3508 3089 3776 3162 sequitur
3799 3083 3944 3159 justi-

2316 3171 2482 3235 tiam,
2504 3171 2768 3241 diligitur
2787 3172 2865 3228 ab
2886 3189 2978 3229 eo.
2998 3173 3274 3230 Doctrina
3294 3175 3457 3233 mala
3477 3176 3766 3234 deserenti
3804 3173 3941 3231 viam

2315 3257 2450 3315 vitae
2473 3275 2486 3314 :
2511 3259 2616 3332 qui
2640 3261 3074 3333 increpationes
3095 3262 3236 3328 odit,
3263 3265 3569 3322 morietur.
3599 3265 3872 3328 lnfernus,
3893 3261 3938 3317 et

2317 3348 2567 3422 perditio
2587 3365 2792 3405 coram
2815 3349 3100 3406 Domino:
3129 3357 3354 3425 quanto
3385 3356 3585 3427 magis
3620 3355 3796 3412 corda
3819 3351 3943 3408 ﬁlio-

2316 3454 2449 3494 rum
2471 3437 2790 3494 hominum
2804 3441 2832 3494 ?
2848 3442 2973 3495 Non
2991 3442 3155 3496 amat
3170 3442 3452 3513 pestilens
3472 3458 3635 3510 eum,
3651 3441 3752 3518 qui
3769 3458 3824 3499 se
3841 3455 3945 3498 cor-

2316 3526 2455 3599 ripit
2487 3545 2499 3583 :
2526 3541 2634 3583 nec
2659 3526 2736 3583 ad
2759 3527 3054 3599 sapientes
3073 3530 3358 3601 graditur.
3381 3533 3490 3588 Cor
3509 3532 3794 3606 sapientis
3805 3527 3945 3587 exhi-

2316 3615 2468 3671 larat
2513 3615 2724 3671 faciem
2753 3633 2765 3671 :
2790 3615 2855 3673 in
2881 3633 3134 3674 maerore
3175 3618 3359 3675 animi
3393 3619 3674 3692 dejicitur
3704 3620 3938 3695 spiritus.

2319 3705 2438 3766 Cor
2479 3705 2761 3778 sapientis
2789 3707 3000 3779 quaerit
3033 3705 3406 3766 doctrinam:
3442 3713 3500 3768 et
3550 3729 3619 3769 os
3651 3711 3938 3769 stultorum

2318 3795 2584 3868 pascitur
2600 3795 2912 3867 imperitia.
2945 3797 3162 3853 Omnes
3192 3796 3318 3854 dies
3339 3800 3650 3872 pauperis,
3683 3798 3818 3858 mali
3841 3815 3853 3856 :
3876 3811 3946 3852 se-

2321 3901 2459 3941 cura
2487 3901 2657 3941 mens
2683 3885 2855 3958 quasi
2879 3886 3022 3957 juge
3051 3887 3622 3947 convivium.Melius
3652 3894 3737 3948 est
3758 3900 3944 3962 parum

2320 3990 2458 4030 cum
2481 3975 2687 4030 timore
2709 3974 2954 4042 Domini,
2978 3991 3164 4048 quam
3185 3975 3452 4033 thesauri
3482 3979 3710 4051 magni,
3743 3983 3797 4035 et
3815 3975 3945 4033 insa-

2319 4062 2566 4120 tiabiles.
2602 4063 2804 4121 MeliUS
2833 4067 2920 4120 est
2942 4079 3153 4120 vocare
3183 4063 3262 4122 ad
3301 4065 3462 4123 olera
3499 4082 3642 4123 cum
3683 4065 3942 4123 charitate

2319 4167 2498 4223 quam
2511 4151 2588 4207 ad
2605 4150 2850 4207 vitulum
2865 4152 3202 4221 saginatum
3216 4170 3354 4210 cum
3366 4154 3637 4213 odio.Vir
3648 4151 3942 4212 iracundus

2317 4244 2605 4314 provocat
2643 4241 2801 4296 rixas
2838 4261 2850 4300 :
2880 4241 2983 4313 qui
3012 4241 3243 4314 patiens
3269 4247 3360 4300 est
3396 4243 3630 4316 mitigat
3653 4243 3931 4301 excitatas.

2319 4329 2428 4384 Iter
2446 4328 2768 4400 impiorum
2789 4330 2961 4402 quasi
2984 4345 3156 4403 sepes
3177 4332 3489 4405 spinarum
3513 4348 3528 4386 :
3556 4333 3656 4393 via
3669 4333 3943 4406 justorum

634 4409 1116 4498 Matutinarium.
1150 4410 1511 4479 Antiphona.
1546 4414 1749 4470 Emitte
1779 4415 1974 4470 lucem
2023 4417 2207 4485 tuam,
2240 4441 2288 4498 ι)
2320 4420 2551 4490 absque
2582 4417 2958 4475 offendiculo.
2991 4431 3054 4490 Βι.
3086 4421 3296 4477 Amen.

565 4497 834 4561 Domine,
863 4502 917 4552 et
930 4497 1234 4554 veritatem
1253 4503 1437 4557 tuam.
1462 4501 1522 4561 ἲν.
1551 4505 1687 4573 Ipsa
1700 4518 1795 4558 me
1809 4501 2204 4572 deduxerunt,

565 4590 622 4643 et
647 4585 1054 4659 perduxerunt
1079 4587 1141 4643 in
1166 4593 1366 4645 monte
1393 4594 1600 4648 sancto
1624 4595 1743 4648 tuo.
1783 4590 1995 4656 Gloria,
2025 4595 2081 4648 et
2099 4591 2207 4650 ho-

563 4689 676 4732 nor
709 4676 885 4746 Patri,
919 4679 1032 4732 etc.

634 4764 856 4821 Lauda.
891 4765 1094 4821 Omnis
1125 4767 1363 4838 spiritus
1392 4767 1592 4824 Iaubet
1622 4767 2003 4824 Domninum.
2052 4768 2209 4824 Psal‘

562 4866 691 4910 mus
713 4868 938 4908 CXLVIII.

738 4943 930 4998 Lectio
949 4942 1087 4998 libri
1101 4943 1298 5002 Esaiae
1321 4944 1632 5014 Propheta?
1655 4946 1825 5014 (Cap.
1853 4951 2062 5014 XLVIII).

633 5040 696 5096 Ir.
726 5030 846 5086 Deo
871 5033 1109 5101 gratias.

631 5117 765 5173 Haec
786 5119 926 5177 dicit
950 5121 1238 5176 Dominus
1268 5136 1282 5177 :
1318 5120 1527 5175 Audite
1579 5136 1672 5176 me
1698 5121 1840 5188 haec,
1874 5121 2090 5177 domus
2116 5125 2206 5180 Ja-

559 5205 673 5262 cob
691 5208 794 5279 qui
823 5210 1121 5265 vocamini
1152 5209 1393 5265 nomine
1423 5209 1621 5273 Israel,
1658 5214 1713 5265 et
1739 5210 1813 5264 de
1845 5211 2017 5282 aquis
2047 5212 2076 5265 J
2085 5212 2205 5268 uda

556 5295 773 5362 existis,
803 5299 902 5369 qui
921 5297 1137 5367 juratis
1165 5298 1223 5349 in
1250 5295 1494 5351 nomine
1531 5299 1758 5354 Domini
1790 5299 1984 5363 Israel,
2009 5315 2202 5356 recor-

556 5386 783 5441 damini
808 5387 1006 5442 nonin
1031 5385 1292 5448 veritate,
1317 5401 1509 5455 neque
1530 5387 1834 5455 injustitia.
1869 5389 1946 5443 De
1967 5389 2201 5446 civitate

554 5474 714 5529 enim
740 5477 946 5529 sancta
965 5469 1160 5526 vocati
1181 5477 1338 5537 sunt,
1363 5476 1419 5528 et
1437 5489 1615 5545 super
1645 5477 1830 5532 Deum
1848 5477 2027 5534 Israel
2053 5493 2198 5534 con-

555 5561 798 5620 stabiliti
828 5563 968 5617 sunt
998 5573 1013 5615 z
1053 5557 1338 5616 Dominus
1379 5562 1745 5621 exercituum
1794 5580 2016 5624 nomen
2045 5567 2196 5638 ejus.

2495 4509 2688 4564 Lectio
2707 4508 2850 4565 libri
2864 4511 3307 4568 Deuteronomii
3336 4512 3509 4586 (Cap.
3540 4529 3638 4584 vn,
3675 4511 3818 4586 vni).

2390 4608 2453 4669 ἢ.
2486 4598 2606 4652 Deo
2630 4598 2868 4667 gratias.

2390 4689 2452 4742 In
2483 4686 2689 4743 diebus
2717 4687 2830 4743 illis
2867 4702 2879 4744 :
2933 4689 3185 4745 Locutus
3217 4694 3304 4747 est
3351 4693 3583 4766 Moyses
3614 4692 3746 4749 ﬁliis
3791 4681 3944 4745 Israel

2318 4775 2522 4832 dicens
2551 4792 2563 4830 :
2602 4776 2751 4832 Audi
2791 4777 2992 4843 Israel,
3018 4778 3303 4836 Dominus
3323 4781 3480 4838 Deus
3508 4785 3650 4839 tuus
3678 4780 3741 4838 in
3770 4774 3944 4836 medio

2317 4864 2401 4921 tui
2427 4867 2531 4931 est,
2568 4865 2721 4920 Deus
2765 4879 3024 4936 magnus
3053 4871 3108 4923 et
3131 4867 3451 4927 terribilis:
3492 4871 3628 4943 ipse
3650 4866 3941 4928 consumet

2315 4953 2587 5010 nationes
2617 4954 2728 5010 has
2757 4953 2818 5010 in
2849 4961 3173 5028 conspectu
3206 4962 3306 5016 tuo
3335 4959 3631 5032 paulatim
3656 4967 3830 5033 atque
3856 4965 3946 5028 per

2315 5046 2536 5114 partes.
2560 5045 2686 5099 Non
2709 5044 2925 5116 poteris
2947 5044 3141 5101 delere
3161 5062 3264 5104 eos
3286 5048 3539 5118 pariter:
3566 5065 3643 5106 ne
3660 5049 3804 5106 forte
3819 5041 3945 5102 mul-

2314 5127 2648 5202 tiplicentur
2668 5137 2874 5189 contra
2896 5139 2947 5188 te
2973 5131 3175 5190 bestiae
3202 5136 3695 5211 terraeDabitque
3721 5153 3819 5194 eos
3850 5135 3946 5189 Do-

2313 5218 2512 5274 minus
2528 5220 2678 5275 Deus
2704 5225 2840 5275 tuus
2856 5220 2915 5275 in
2939 5228 3260 5294 conspectu
3283 5230 3411 5282 tuo:
3437 5225 3810 5283 ctinterﬁciet
3829 5221 3941 5279 illos

2312 5307 2501 5362 donec
2532 5307 2769 5379 penitus
2801 5309 3025 5365 delebis
3051 5328 3170 5366 eos.
3205 5314 3416 5370 Tradet
3462 5331 3635 5384 reges
3663 5328 3863 5372 eorum
3887 5309 3939 5363 in

2312 5412 2517 5452 manus
2532 5401 2680 5462 tuas,
2697 5398 3073 5471 etdisperdas
3088 5404 3412 5460 memoriam
3427 5420 3628 5462 eorum
3647 5405 3762 5461 sub
3779 5400 3942 5460 oculo:

2310 5483 2510 5540 nullus
2547 5486 2758 5558 poterit
2790 5487 3058 5546 resistere
3099 5491 3218 5556 tibi,
3271 5492 3463 5550 donec
3501 5498 3783 5551 conteras
3826 5504 3916 5547 e03

2309 5570 2606 5646 Sculptilia
2633 5589 2839 5634 eorum
2869 5575 3006 5648 igne
3037 5579 3355 5640 combures
3383 5599 3396 5639 :
3422 5597 3547 5642 non
3563 5579 3944 5656 concupisces
