4160 6422
228 326 312 387 ΤΒ

1194 332 1265 387 IN
1306 332 1422 387 DIE
1464 330 1723 389 TERTIO
1761 328 2208 389 JEJUNIORUM
2250 335 2410 393 KAL.
2448 339 2752 397 JANUAR.

3581 355 3683 413 174

242 460 544 530 argentum
565 460 629 515 et
652 474 927 526 aurum,
948 458 1019 514 de
1039 457 1253 529 quibus
1270 458 1426 514 facta
1438 463 1594 525 sunt,
1610 473 1804 531 neque
1818 457 1923 515 ad-
1957 458 2003 511 A
2034 459 2194 551 enim
2224 460 2430 551 scitote
2457 463 2880 535 intelligentes:
2912 466 3077 537 quod
3114 472 3310 529 omnis
3338 474 3679 551 fornicator,

253 562 438 605 sumas
460 546 542 603 de
566 546 673 604 his
696 547 816 604 tibi
835 547 1185 619 quicquam,
1200 561 1274 602 ne
1295 546 1444 603 forte
1472 546 1766 615 offendas,
1792 560 1925 619 pro-

256 644 439 713 pterea
462 637 575 711 qui
599 636 1002 694 abominatio
1019 639 1106 692 est
1128 636 1359 692 Domini
1370 636 1472 693 Dei
1492 636 1683 693 tui.Ne
1703 636 1925 695 inferas

260 727 558 801 quippiam
580 741 656 783 ex
683 726 861 781 idolo
883 725 946 781 in
969 724 1217 781 domum
1237 728 1425 794 tuam,
1450 739 1526 781 ne
1544 724 1657 781 ﬁas
1683 724 1926 782 anathe-

259 831 360 885 ma,
377 814 536 872 sicut
555 817 616 872 et
634 812 800 870 illud
815 813 928 870 est.
949 812 1127 879 Quasi
1144 813 1491 885 spurcitiam
1506 813 1920 881 detestaberis,

254 913 299 962 et
307 903 460 962 velut
473 902 1018 976 inquinamentum
1038 915 1106 957 ac
1119 901 1323 959 sordes
1338 901 1806 960 abominationis
1822 902 1923 959 ha-

248 994 434 1065 bebis,
461 993 618 1066 quia
644 992 977 1049 anathema
993 994 1102 1047 est.

310 1086 504 1140 Omne
526 1081 917 1151 mandatum,
945 1080 1105 1152 quod
1126 1079 1391 1152 precipio
1416 1080 1523 1136 tibi
1542 1080 1742 1145 hodie,
1774 1095 1920 1138 cave

246 1172 569 1242 diligenter
596 1174 664 1226 ut
688 1169 877 1229 facias
905 1186 916 1224 :
952 1172 1016 1224 ut
1037 1167 1273 1239 possitis
1289 1167 1518 1237 vivere,
1547 1172 1604 1225 et
1631 1168 1918 1241 multipli-

242 1260 461 1317 cemini
475 1258 860 1330 ingressique
873 1256 1268 1329 posssideatis
1289 1260 1506 1314 terram
1516 1272 1645 1329 ,pro
1670 1257 1815 1329 quia
1827 1258 1848 1327 j
1858 1273 1922 1315 u-

237 1350 393 1407 ravit
412 1348 715 1405 Dominus
735 1345 1013 1419 patribus
1031 1346 1170 1401 tuis.
1204 1347 1269 1402 Et
1286 1345 1698 1403 recordaberis
1719 1346 1915 1402 cuncti

238 1439 496 1501 itineris,
533 1453 644 1509 per
672 1435 841 1508 quod
871 1434 1123 1492 adduxit
1174 1438 1228 1491 te
1260 1434 1548 1490 Dominus
1600 1434 1755 1490 Deus
1788 1438 1925 1491 tuus

239 1526 719 1600 quadringintas
741 1524 916 1580 annis
937 1538 1045 1595 per
1065 1522 1757 1593 desertum,utafﬂigeret
1771 1527 1825 1580 te
1838 1526 1925 1580 at-

238 1632 359 1688 que
379 1616 665 1684 tentaret,
688 1616 744 1668 et
771 1616 915 1667 nota
944 1609 1153 1667 ﬁerent
1175 1626 1310 1682 quae
1335 1611 1396 1666 in
1422 1613 1523 1666 tuo
1555 1611 1759 1667 animo
1789 1626 1926 1667 ver-

239 1704 544 1760 sabantur
575 1709 780 1757 utrum
810 1698 1138 1755 custodires
1166 1698 1458 1755 mandata
1482 1698 1638 1753 illius
1668 1714 1745 1754 an
1772 1714 1917 1756 non.

2033 552 2135 636 aut
2148 548 2514 621 impudicus,
2534 556 2637 609 aut
2664 553 3035 622 immundus,
3050 560 3153 614 aut
3163 574 3406 632 avarus,
3418 548 3685 636 quodest

2032 635 2313 724 dolorum
2343 639 2623 709 servitus,
2646 655 2769 697 non
2793 641 2978 699 habet
3007 643 3396 706 hereditatem
3415 635 3477 707 in
3496 669 3682 724 regno

2031 723 2258 790 Christi,
2281 730 2338 781 et
2362 727 2483 783 Dei.
2510 731 2695 785 Nemo
2720 744 2830 786 vos
2870 730 3117 791 seducat
3130 734 3413 795 inanibus
3444 723 3644 799 verbis
3666 760 3680 799 :

2028 814 2273 884 propter
2290 813 2403 870 hoc
2422 815 2582 873 enim
2599 817 2758 874 venit
2793 818 2882 877 ira
2915 819 3019 877 Dei
3046 820 3109 878 in
3136 822 3293 881 ﬁlios
3316 825 3681 887 difﬁdentia.

2029 900 2216 957 Nolite
2246 916 2390 973 ergo
2416 904 2571 961 efﬁci
2608 906 2930 979 participes
2960 924 3190 969 eorum.
3244 915 3431 972 Eratis
3482 922 3686 976 autem

2028 988 2352 1077 aliquando
2369 994 2629 1051 tenebrae
2662 996 3079 1069 :nunczautem
3097 999 3202 1057 lux
3233 1002 3295 1059 in
3325 1004 3689 1077 Domino-Ut

2027 1076 2129 1133 ﬁlii
2170 1078 2319 1135 lucis
2340 1081 2643 1140 ambulate
2669 1103 2681 1141 :
2706 1083 2931 1143 fructus
2976 1089 3136 1145 enim
3157 1090 3305 1147 lucis
3333 1093 3502 1149 estin
3522 1076 3688 1151 omni

2026 1164 2312 1254 bonitate,
2342 1174 2398 1225 et
2430 1171 2678 1241 justitia,
2732 1177 2789 1229 et
2817 1174 3061 1233 veritate
3092 1193 3106 1231 :
3140 1179 3435 1250 probante
3466 1182 3571 1254 qui
3613 1182 3689 1240 sit

2026 1253 2469 1327 beneplacitum
2488 1259 2740 1317 Domino
2761 1278 2774 1316 :
2801 1268 2857 1318 et
2875 1264 3056 1321 nolite
3078 1253 3529 1327 communicare
3549 1286 3689 1342 ope-

2028 1342 2194 1399 ribus
2218 1344 2595 1403 iufructuosis
2614 1349 3019 1418 tenebrarum,
3042 1356 3236 1425 magis
3258 1362 3461 1414 autem
3482 1362 3539 1415 et
3558 1360 3689 1416 red-

2033 1432 2279 1502 arguite.
2314 1434 2456 1499 Quae
2487 1436 2718 1491 enimin
2744 1438 2976 1495 occulto
3016 1440 3169 1497 ﬁunt
3197 1443 3275 1499 ab
3301 1444 3469 1515 ipsis,
3516 1450 3690 1518 turpe

2035 1524 2121 1576 est
2139 1520 2352 1578 dicere.
2378 1525 2591 1581 Omnia
2617 1528 2838 1593 autem,
2862 1542 2998 1599 quas
3022 1535 3375 1599 arguuntur,
3400 1548 3437 1591 a
3462 1534 3690 1591 lumine

2034 1608 2494 1667 manifestantur
2524 1628 2536 1667 :
2567 1627 2755 1670 omne
2783 1618 3004 1680 autem,
3033 1619 3201 1689 quod
3250 1621 3688 1692 manifestatur,

2035 1697 2240 1755 lumen
2264 1704 2368 1757 est.
2422 1704 2664 1773 Propter
2683 1702 2849 1775 quod
2876 1704 3051 1761 dicit:
3077 1709 3263 1778 Surge
3291 1710 3394 1780 qui
3440 1710 3689 1778 dormis,

240 1790 474 1846 Afﬂixit
518 1793 577 1845 te
614 1787 867 1860 penuria
895 1804 907 1841 :
935 1785 1096 1842 dedit
1120 1786 1222 1842 tibi
1257 1786 1459 1841 cibum
1507 1788 1740 1855 Manna,
1764 1786 1929 1858 quod
1965 1805 2008 1859 Β
2037 1801 2259 1857 exurge
2288 1802 2323 1844 a
2353 1788 2624 1854 mortuis,
2676 1792 2731 1846 et
2773 1790 3135 1851 illuminabit
3184 1798 3241 1851 te
3289 1796 3571 1855 Christus.
3626 1808 3689 1870 ῆι.

240 1877 587 1949 ignorabas
619 1882 683 1932 tu
719 1880 776 1932 et
802 1880 1005 1947 patres
1051 1875 1165 1931 tui:
1196 1878 1262 1931 ut
1296 1874 1607 1931 ostendere
1623 1873 1731 1930 tibi
1764 1875 1932 1946 quod

236 1985 368 2026 non
395 1968 459 2023 in
493 1966 630 2022 solo
668 1980 827 2037 pane
872 1964 1030 2019 vivet
1059 1962 1263 2030 homo,
1296 1962 1406 2019 sed
1438 1960 1497 2018 in
1522 1964 1684 2018 omni
1747 1965 1930 2020 verbo

241 2056 416 2130 quod
452 2054 803 2127 egredietur
832 2069 905 2109 ex
934 2067 1039 2110 ore
1068 2052 1187 2107 Dei.
1218 2062 1283 2123 Βί.
1317 2054 1526 2107 Amen.

466 2145 673 2201 Lectio
703 2143 845 2199 libri
872 2142 1067 2199 Esaia
1096 2142 1410 2210 Propheta:
1441 2140 1615 2212 (Cap.
1639 2143 1781 2211 xxx)

316 2247 384 2296 ﬁ.
421 2235 550 2289 Deo
583 2230 796 2302 gratia.

316 2325 617 2395 Expectat
645 2320 939 2377 Dominus
972 2323 1036 2374 ut
1066 2317 1419 2373 misereatur
1442 2316 1619 2373 vestri
1654 2334 1667 2372 :
1711 2321 1769 2373 et
1795 2317 1931 2373 ideo

252 2410 635 2471 exaltabitur
662 2424 923 2482 parcens
951 2405 1155 2464 vobis:
1185 2404 1492 2479 quiaDeus
1508 2406 1715 2477 judicii
1736 2405 1933 2462 Domi-

244 2519 363 2559 nus
382 2499 578 2567 ;beati
604 2497 952 2570 omnes,qui
975 2500 1285 2568 expectant
1307 2512 1466 2551 eum.
1490 2497 1757 2567 Populus
1775 2494 1934 2550 enim

251 2592 397 2650 Sion
414 2588 725 2646 habitabit
745 2588 807 2642 in
831 2584 1201 2641 Hierusalem
1227 2605 1237 2643 :
1263 2584 1510 2659 plorans
1539 2599 1934 2657 nequaquam

250 2679 546 2753 plorabis,
566 2677 866 2733 miserans
882 2673 1260 2730 miserebitur
1271 2673 1354 2729 tui
1373 2673 1471 2729 :ad
1486 2689 1697 2729 vocem
1713 2673 1936 2729 clamo-

250 2770 328 2825 ris
355 2769 443 2824 tui
473 2766 681 2823 statim
708 2768 773 2820 ut
804 2762 1054 2827 auderit,
1086 2760 1481 2834 respondebit
1514 2761 1635 2818 tibi.
1674 2764 1739 2817 Et
1768 2761 1937 2818 dabit

251 2858 355 2914 tibi
381 2856 686 2913 Dominus
715 2868 939 2925 panem
959 2854 1274 2916 arctum,et
1296 2866 1520 2922 aquam
1555 2850 1800 2906 brevem
1835 2866 1846 2905 :
1882 2854 1939 2907 et

251 2961 367 3002 non
414 2945 597 3002 faciet
652 2941 896 2999 avolare
937 2956 974 2997 a
1029 2945 1085 2996 te
1116 2939 1273 2995 ultra
1302 2938 1611 2995 doctorem
1641 2942 1845 2995 tuum:
1872 2942 1929 2996 et

252 3040 425 3091 erunt
444 3032 610 3090 oculi
633 3031 720 3087 tui
742 3029 1014 3087 videntes
1034 3030 1463 3101 praeceptorem
1484 3030 1747 3083 tuum.Et
1763 3043 1937 3083 aures

251 3130 364 3179 tua:
403 3121 660 3179 audient
679 3117 936 3175 verbum
963 3123 1099 3189 post
1137 3120 1369 3187 tergum
1419 3114 1759 3171 monentis:
1801 3116 1936 3171 Haec

2039 1879 2246 1933 Amen.

2107 1964 2455 2034 Antiphona
2486 1970 2531 2021 t.
2556 1968 2805 2037 Magnus
2833 1970 3122 2027 Dominus
3160 1974 3366 2030 noster
3392 1992 3407 2031 :
3441 1978 3497 2031 et
3525 1978 3689 2033 terri-

2037 2051 2175 2109 bilis
2206 2068 2387 2125 super
2417 2068 2628 2111 omnes
2662 2054 2826 2112 deos.
2876 2058 3026 2121 Quia
3064 2074 3275 2116 omnes
3310 2061 3393 2117 dii
3426 2064 3698 2121 Gentium

2038 2140 2339 2198 daemonia
2355 2141 2663 2199 :Dominus
2678 2148 2879 2201 autem
2893 2145 3075 2202 caelos
3085 2146 3517 2207 fecit.Psalmus
3530 2167 3699 2208 xoxv-

2113 2228 2343 2286 Oratio.
2380 2232 2650 2302 Domine,
2678 2232 2781 2304 qui
2803 2237 2890 2290 est
2909 2250 3093 2307 supra
3125 2250 3336 2294 omnes
3367 2244 3573 2309 gentes
3599 2256 3699 2298 ex-

2041 2318 2317 2385 celsus,et
2336 2320 2396 2374 in
2423 2320 2765 2377 coelestibus
2798 2322 3037 2380 habitas
3064 2324 3382 2399 gloriosus;
3403 2328 3701 2388 humilita-

2042 2410 2162 2463 tem
2182 2411 2472 2473 nostram,
2501 2408 2579 2465 ab
2609 2410 2843 2467 excelso
2869 2411 3109 2469 intende
3142 2414 3431 2485 placatus:
3460 2433 3531 2474 ac
3552 2418 3702 2475 sicut

2044 2494 2303 2552 Ecclesia
2327 2499 2447 2563 tua,
2491 2512 2627 2569 quae
2682 2502 2805 2556 erat
2858 2501 3179 2559 sterilitatis
3206 2504 3347 2561 vitio
3383 2506 3698 2579 impedita,

2042 2598 2203 2640 nunc
2229 2586 2335 2641 est.
2368 2585 2428 2640 in
2458 2588 2516 2641 te
2554 2586 2821 2655 credens,
2848 2588 3128 2647 virtutum
3160 2592 3385 2650 meritis
3414 2595 3614 2666 plena,
3647 2600 3703 2653 et

2041 2671 2183 2727 ﬁliis
2212 2687 2538 2731 numerosa
2566 2693 2578 2743 ;
2598 2675 2680 2731 ita
2696 2691 2867 2731 mens
2887 2683 3115 2749 nostra,
3138 2681 3217 2738 ab
3243 2682 3541 2739 sterilitate
3562 2699 3702 2756 ορθά-

2042 2775 2179 2816 rum
2223 2759 2564 2832 infecunda,
2597 2766 2650 2817 te
2676 2763 2971 2821 tribuente
2996 2768 3183 2837 possit
3207 2773 3264 2824 et
3295 2785 3502 2827 semen
3531 2771 3701 2828 verbi

2044 2847 2342 2922 suscipere
2365 2852 2420 2905 et
2436 2850 2696 2921 copiosis
2716 2850 3005 2908 fructibus
3050 2854 3426 2913 redundare:
3459 2873 3706 2916 nomen-

2043 2952 2159 3010 que
2189 2942 2379 3003 tuum,
2411 2954 2447 2995 a
2477 2938 2621 2994 solis
2651 2942 2786 2995 ortu
2806 2956 2995 3012 usque
3022 2942 3100 2999 ad
3126 2959 3409 3002 occasum
3453 2946 3703 3019 praecla-

2043 3043 2197 3095 rum,
2240 3028 2436 3085 cordis
2475 3029 2703 3086 ambiat
2732 3031 3115 3091 unanimitate
3155 3034 3419 3106 diligere,
3481 3041 3536 3096 et
3565 3037 3700 3095 ﬁdei

2044 3117 2384 3174 assentione
2421 3117 2696 3175 laudare.
2731 3131 2777 3189 Β(
2805 3123 3018 3177 Amen-

254 3213 363 3283 via,
399 3178 721 3268 ambulate
743 3207 806 3262 in
833 3221 905 3262 ea
925 3224 937 3261 :
958 3178 1156 3277 neque
1173 3202 1251 3261 ad
1273 3204 1600 3270 dexteram,
1626 3219 1820 3276 neque
1844 3204 1938 3260 de-
1972 3178 2011 3236 C
2115 3207 2225 3261 Per
2253 3206 2731 3265 misericordiam
2755 3214 2938 3265 tuam.

254 3300 489 3357 clinetis
524 3298 606 3353 ad
621 3296 1023 3352 sinistram.Et
1036 3292 1475 3350 contaminabis
1496 3292 1685 3349 lamin
1701 3308 1766 3349 as
1789 3292 1939 3348 scul-

254 3390 491 3461 ptilium
523 3384 761 3456 argenti
786 3383 892 3449 tui,
927 3386 984 3439 et
1011 3381 1451 3439 vestimemtum
1468 3380 1787 3439 conﬂatilis
1806 3380 1938 3438 auri

255 3480 363 3547 tui,
382 3482 440 3534 et
458 3477 785 3550 disperges
799 3488 872 3529 ea
894 3471 1046 3528 sicut
1060 3470 1503 3527 immunditiam
1529 3474 1932 3528 menstruatas.

257 3568 576 3639 Egredere,
601 3563 766 3619 dices
791 3563 845 3617 ei
873 3579 886 3617 :
941 3563 1008 3617 Et
1062 3559 1304 3618 dabitur
1344 3559 1548 3631 pluvia
1574 3559 1786 3616 semini
1811 3564 1933 3627 tuo,

252 3658 624 3727 ubicumque
654 3650 1046 3708 seminaveris
1068 3649 1129 3705 in
1177 3652 1335 3705 terra
1366 3665 1379 3704 :
1408 3652 1464 3705 et
1492 3650 1666 3721 panis
1696 3649 1937 3720 frugum

256 3752 424 3803 terrae
446 3743 565 3800 erit
584 3740 943 3805 uberrimus,
972 3740 1028 3795 et
1073 3737 1315 3810 pinguis
1341 3742 1693 3809 :pascentur
1712 3737 1773 3793 in
1803 3753 1937 3810 post

259 3834 535 3891 sessione
556 3836 666 3888 tua
683 3830 747 3885 in
767 3828 866 3885 die
896 3827 997 3883 illa
1013 3841 1208 3898 agnus
1232 3825 1347 3897 83
1371 3826 1633 3898 spatiose
1657 3844 1671 3883 :
1706 3830 1762 3883 et
1782 3826 1936 3884 tauri

257 3925 362 3992 tui,
396 3927 457 3979 et
478 3920 636 3994 pulli
661 3918 993 3985 asinorum,
1037 3915 1142 3988 qui
1166 3918 1490 3988 operantur
1514 3919 1755 3978 terram,
1778 3931 1937 3972 com-

257 4015 506 4071 mistum
547 4008 786 4079 migma
815 4005 1148 4075 comedent,
1172 4004 1326 4060 sicut
1353 4004 1416 4059 in
1439 4019 1579 4060 area
1605 4008 1669 4060 ut
1691 4005 1937 4062 ventila-

256 4107 381 4159 tum
406 4105 528 4157 est.
547 4100 639 4167 {Et
662 4100 836 4153 erunt
852 4110 1033 4167 super
1057 4109 1303 4150 omnem
1327 4096 1594 4149 montem
1610 4093 1930 4161 excelsum,

258 4197 311 4249 et
343 4204 530 4263 super
554 4201 807 4243 omnem
862 4182 1077 4239 collem
1107 4182 1402 4239 elevatum
1428 4182 1538 4237 rivi
1570 4182 1934 4239 currentium

257 4293 585 4353 aquarum,
612 4275 675 4331 in
697 4274 794 4330 die
815 4271 1239 4329 interfectionis
1266 4271 1592 4327 multorum
1624 4287 1754 4326 cum
1784 4272 1936 4328 ceci-

256 4370 406 4427 derit
437 4366 651 4424 turris.
683 4366 751 4419 Et
780 4360 1010 4419 eritlux
1031 4360 1189 4417 lunae
1219 4361 1370 4417 sicut
1406 4360 1511 4416 lux
1541 4360 1705 4429 solis,
1751 4364 1808 4417 et
1831 4360 1934 4417 lux

259 4460 394 4517 solis
414 4451 1008 4526 eritseptempliciter
1031 4451 1181 4508 sicut
1202 4450 1306 4507 lux
1324 4455 1553 4523 septem
1578 4449 1833 4522 dierum,
1871 4450 1933 4507 in

2115 3295 2461 3365 Antiphona
2509 3301 2561 3351 2.
2620 3296 2836 3353 Servite
2885 3299 3139 3357 Domino
3192 3302 3310 3358 Deo
3347 3306 3595 3360 vestro:
3648 3308 3705 3362 et

2045 3383 2225 3441 nolite
2257 3384 2509 3442 adorare
2530 3384 2675 3441 deos
2704 3384 2949 3460 alienos;
2980 3392 3123 3463 quia
3147 3388 3431 3447 dominus
3459 3397 3703 3450 sanctus

2045 3476 2148 3529 est.
2202 3473 2466 3531 Exultate
2524 3474 2644 3531 Deo
2689 3475 2949 3548 adjutori
2985 3483 3191 3537 nostro
3242 3480 3535 3552 :jubilate
3583 3484 3702 3540 Deo

2045 3560 2251 3618 Jacob.
2292 3563 2566 3620 Psalmus
2598 3576 2764 3621 LXXX.

2119 3650 2344 3707 Oratio.
2376 3651 2498 3706 Tibi
2518 3652 2774 3723 adjutori
2829 3658 3034 3713 nostro
3062 3655 3315 3714 Domino
3340 3654 3697 3718 exaltatione

2042 3734 2208 3793 ﬁdei.
2243 3739 2489 3810 Require
2514 3739 2615 3810 fol.
2649 3743 2717 3795 72

2117 3827 2463 3896 Antiphona
2492 3830 2543 3884 3.
2578 3827 2645 3883 In
2668 3832 2787 3885 toto
2821 3830 2997 3886 corde
3048 3837 3245 3889 vestro
3286 3834 3704 3893 convertimini

2044 3913 2123 3969 ad
2155 3916 2341 3970 Deum
2372 3920 2427 3972 et
2453 3915 2677 3972 auferte
2709 3915 2855 3973 deos
2905 3917 3132 3976 alienos
3164 3920 3239 3977 de
3271 3922 3470 3979 medio
3498 3925 3702 3997 vestri,

2044 4005 2100 4058 et
2128 4003 2341 4059 servite
2353 4004 2609 4060 Domino
2627 4004 2753 4071 soli,
2783 4010 2840 4062 et
2865 4005 3143 4066 liberabit
3162 4026 3269 4065 vos
3294 4010 3368 4067 de
3390 4014 3703 4069 manuini-

2042 4090 2339 4146 micorum
2366 4096 2651 4147 vestrum.
2676 4092 2886 4150 Audite
2902 4093 3029 4151 haec
3057 4112 3267 4152 omnes
3286 4105 3525 4168 gentes:
3547 4102 3701 4156 auri-

2042 4177 2158 4233 bus
2186 4180 2490 4253 percipite,
2517 4181 2620 4253 qui
2648 4181 2928 4239 habitatis
2949 4183 3473 4243 orbem.Psalmus.
3489 4202 3691 4245 1.xvm.

2114 4279 2176 4341 ἢ.
2205 4269 2497 4342 Apparuit
2525 4270 2760 4328 claritas
2782 4271 2880 4329 Dei
2912 4273 2970 4328 in
3002 4273 3163 4331 nube
3179 4275 3253 4331 P.
3283 4276 3436 4333 sicut
3458 4277 3519 4333 in
3550 4281 3699 4335 tem-

2042 4357 2291 4431 poribus
2326 4358 2531 4433 Moysi.
2562 4362 2629 4417 Et
2665 4361 3146 4420 manifestabitur
3179 4363 3700 4438 quemadmodum

2043 4448 2324 4506 Salomon
2377 4448 2729 4523 deprecatus
2787 4450 3015 4510 orabat.
3048 4452 3110 4516 ὴ.
3168 4455 3569 4513 Manifestatus
3615 4461 3701 4514 est

256 4550 349 4606 die
372 4562 505 4621 qua
535 4541 875 4614 alligaverit
900 4539 1191 4598 Dominus
1234 4538 1456 4596 vulnus
1478 4537 1685 4613 populi
1733 4538 1845 4609 sui,
1878 4542 1935 4597 et
1963 4533 2007 4587 D
2042 4537 2348 4609 Dominus,
2374 4539 2663 4610 quoniam
2704 4538 2997 4599 habitavit
3024 4541 3085 4599 in
3115 4546 3351 4601 excelso
3382 4559 3396 4601 :
3429 4543 3699 4618 implevit

257 4648 695 4712 percussuram
721 4630 919 4705 plagae
947 4630 1077 4701 ejus
1099 4628 1421 4686 sanaverit.
1446 4639 1512 4701 BI.
1542 4631 1750 4684 Amen.

257 4724 593 4803 Sequentia
654 4719 946 4792 Epistolas
1006 4718 1185 4775 Pauli
1225 4717 1512 4788 Apostoli
1539 4716 1619 4774 ad
1649 4715 1933 4787 Ephesios

951 4807 1120 4881 (Cap.
1176 4808 1252 4879 ν).

322 4918 386 4979 ἢ.
418 4908 550 4961 Deo
592 4897 848 4973 gratias.

321 5000 581 5060 Fratres,
615 4992 815 5047 Estote
861 4985 1190 5043 imitatores
1220 4981 1346 5050 Dei,
1372 4984 1523 5041 sicut
1548 4978 1655 5040 ﬁlii
1709 4982 1930 5041 charis-

254 5083 384 5140 simi
413 5100 427 5139 :
460 5085 522 5140 et
577 5075 899 5138 ambulate
939 5072 1001 5130 in
1040 5072 1377 5145 dilectione,
1399 5073 1552 5130 sicut
1580 5076 1638 5129 et
1666 5072 1929 5128 Christus

250 5170 447 5231 dilexit
472 5187 615 5239 nos,
640 5171 701 5227 et
732 5163 981 5223 tradidit
1004 5163 1395 5236 semetipsum
1440 5178 1552 5236 pro
1574 5161 1750 5218 nobis
1762 5161 1927 5218 obla-

247 5261 484 5335 tionem,
518 5263 579 5319 et
604 5256 881 5317 hostiam
910 5253 1030 5310 Deo
1061 5252 1122 5309 in
1152 5252 1401 5309 odorem
1433 5251 1757 5309 sauvitatis.
1786 5253 1922 5307 For-

246 5351 452 5410 nicatio
474 5355 711 5419 autem,
750 5347 812 5402 et
839 5342 1042 5398 omnis
1083 5341 1488 5412 immunditia,
1541 5345 1647 5397 aut
1673 5338 1923 5397 avaritia

242 5455 342 5498 nec
366 5442 725 5501 nominetur
764 5435 929 5491 inter
956 5447 1085 5496 vos,
1128 5431 1281 5486 sicut
1330 5430 1789 5489 decetsanctos:
1822 5431 1924 5484 aut

236 5533 556 5609 turpitudo,
573 5532 687 5590 aut
708 5519 1177 5609 stultiloquium,
1205 5523 1307 5577 aut
1321 5517 1663 5609 scurrilitas,
1685 5535 1819 5609 quae
1842 5516 1922 5575 ad

230 5608 494 5695 remnon
521 5617 841 5701 pertinet;
881 5608 991 5669 sed
1013 5608 1211 5684 magis
1233 5608 1563 5683 gratiarum
1589 5608 1761 5668 actio.
1804 5611 1924 5667 Hoc

2048 4626 2185 4683 Sion
2199 4626 2448 4698 judicio,
2473 4632 2530 4684 et
2567 4629 2831 4700 justitia:
2861 4635 2917 4687 et
2932 4632 3039 4688 erit
3060 4631 3210 4688 ﬁdes
3231 4632 3293 4689 in
3327 4632 3698 4706 temporibus

2042 4716 2185 4771 suis.
2215 4716 2273 4772 P.
2328 4717 2487 4773 Sicut
2548 4717 2610 4773 in
2668 4718 3059 4791 temporibus.
3109 4720 3171 4782 ἲν.
3231 4719 3444 4789 Gloria,
3495 4728 3551 4777 et
3592 4722 3698 4778 ho-

2039 4819 2169 4869 nor,
2198 4808 2305 4862 etc.
2339 4807 2397 4860 P.
2434 4805 2612 4862 Sicut.

2112 4893 2331 4949 Preces.
2367 4893 2709 4950 Clamamus
2735 4894 2813 4951 ad
2851 4901 2928 4963 te,
2967 4896 3133 4967 Deus,
3182 4897 3401 4955 exaudi
3439 4914 3572 4957 nos.
3629 4902 3692 4959 P.

2038 4983 2107 5036 Et
2131 4980 2423 5051 aﬂagello
2453 4982 2555 5038 iraa
2586 4984 2702 5038 tuae
2755 4982 2962 5041 libera.
3008 4985 3073 5045 tr.
3106 4986 3394 5044 Contritos
3420 4987 3586 5055 fove,
3640 4992 3699 5046 et

2034 5070 2380 5129 humiliatos
2408 5076 2591 5139 tuere,
2610 5071 2782 5128 elisos
2805 5074 2985 5146 erige,
3011 5074 3471 5149 deprecantibus
3500 5077 3693 5135 mise-

2032 5172 2181 5217 rere.
2198 5162 2253 5216 P.
2270 5163 2382 5217 Eta
2401 5160 2732 5232 ﬂagello.v.
2753 5164 2907 5219 Deus
2932 5165 3187 5236 excelse,
3211 5166 3536 5225 clamorem
3553 5183 3697 5225 nos-

2033 5253 2191 5306 trum
2211 5250 2469 5321 attende,
2492 5256 2742 5323 peccata
2771 5253 3026 5323 dimitte,
3044 5258 3101 5310 et
3140 5255 3407 5327 pluviam
3439 5257 3555 5313 cito
3579 5257 3695 5314 lar-

2032 5338 2179 5408 gire.
2211 5342 2269 5394 P.
2300 5342 2364 5395 Et
2393 5356 2430 5396 a
2469 5339 2725 5409 ﬂagello.
2750 5340 2815 5402 Ψ.
2848 5341 3077 5398 Exaudi
3097 5342 3328 5415 ﬂentes,
3380 5350 3438 5400 et
3481 5359 3695 5401 conso-

2029 5426 2152 5483 lare
2175 5427 2446 5497 lugentes
2470 5447 2482 5496 ;
2508 5429 2799 5499 gaudium
2828 5430 3100 5503 captivis,
3137 5436 3192 5488 et
3216 5433 3472 5505 patriam
3503 5431 3691 5487 redde

2031 5518 2377 5589 peregrinis.
2407 5520 2467 5574 P.
2493 5520 2561 5575 Et
2590 5534 2627 5575 a
2654 5517 2908 5590 ﬂagello.

2104 5605 2756 5678 Supplicatioﬂremus
2771 5607 3249 5669 Auctoremlucis
3263 5605 3574 5669 Dominum
3588 5618 3671 5665 no
