4160 6444
225 294 302 352 111
1385 303 1454 358 IN
1493 298 1713 357 FESTO
1753 291 2260 354 APPAHITIONIS
2300 299 2574 356 DOMINI.

3585 305 3692 362 178

244 423 429 482 tialiter
459 425 644 497 dees,
666 432 734 486 et
765 430 860 486 ad
884 427 1204 486 salvandos
1224 428 1476 484 miseros
1492 418 1936 481 clementialiter
1961 417 2009 472 A
2041 423 2348 497 JEthiopes
2378 444 2389 481 :
2421 430 2480 484 et
2517 425 2740 482 inimici
2767 425 2892 495 ejus
2914 427 3129 482 terram
3144 425 3391 496 lingent.
3439 427 3512 483 P.
3541 430 3690 486 Ante

253 515 370 573 ades
410 533 426 572 ε
452 515 615 573 dum
646 519 941 575 caelestia
965 517 1179 589 reples,
1200 520 1256 573 et
1272 520 1502 572 terrena
1528 527 1651 569 non
1673 507 1929 572 deseris;

262 607 451 684 perﬁce
467 606 537 662 in
573 606 792 674 nobis,
813 621 1193 679 quaesumus,
1231 603 1526 660 beneﬁcia
1555 598 1806 674 piissimi
1825 601 1931 652 Re-

265 695 598 770 demptoris,
630 697 792 752 dum
825 710 1158 752 conservas
1205 694 1460 764 gloriam
1489 686 1927 746 inmstimabilis

272 786 629 847 Conditoris:
691 789 761 841 ut
815 785 1060 857 pietate,
1101 798 1223 855 qua
1272 782 1615 853 redemptor
1667 776 1925 837 adsistis,

267 877 516 934 indultor
553 889 813 947 quoque
834 872 1154 929 criminum
1187 870 1475 928 sentiaris.

330 969 498 1022 Pater
527 967 762 1020 noster.
799 960 1062 1017 Liberati
1085 975 1122 1016 a
1147 959 1323 1017 malo.
1350 960 1464 1029 fol.
1488 960 1543 1011 2.

328 1052 650 1110 Humiliate
680 1066 791 1106 vos
815 1048 1240 1106 benedictioni.

325 1141 623 1197 Dominus
665 1139 741 1194 sit
765 1153 1026 1210 semper.
1070 1149 1135 1204 Rt.
1167 1139 1413 1192 Etcum.

316 1228 692 1285 Benedictio.
724 1225 1043 1281 Benedicat
1068 1225 1239 1280 vobis
1268 1222 1460 1294 Alpha
1489 1225 1546 1276 et
1576 1222 1803 1288 Omega
1829 1232 1922 1272 co-

238 1317 645 1388 gnominatus
672 1313 1114 1384 Omnipotentis
1134 1313 1233 1368 Dei
1259 1311 1450 1367 Patris
1472 1307 1816 1377 Unigenitus
1841 1306 1925 1360 Fi-

233 1406 384 1462 lius.
431 1416 496 1473 ny.
543 1409 755 1459 Amen.
784 1402 895 1467 Qui
917 1401 1258 1456 estinitium
1281 1403 1338 1455 et
1357 1398 1492 1453 ﬁnis
1519 1415 1528 1450 ;
1553 1398 1682 1467 ipse
1699 1410 1809 1450 nos
1834 1408 1922 1448 se-

232 1509 383 1549 cum
406 1495 685 1548 victuros
703 1489 932 1545 attollat
947 1487 1315 1559 temporibus
1334 1485 1578 1542 inﬁnitis
1604 1501 1617 1549 ;
1639 1488 1920 1543 RuAmen.

229 1587 457 1654 Atque,
484 1586 728 1651 ereptos
755 1594 792 1634 a
818 1577 1012 1642 malis,
1043 1578 1123 1632 ita
1151 1576 1402 1632 illustret
1431 1574 1653 1630 lumine
1684 1571 1922 1627 clarita-

233 1671 331 1736 tis,
358 1674 432 1725 ut
465 1683 582 1725 vos
615 1671 670 1723 et
697 1666 904 1737 gloriae
931 1665 1219 1737 prtemiis,
1249 1667 1306 1719 et
1335 1662 1511 1719 donis
1533 1661 1679 1717 ditet
1698 1659 1924 1716 aeterni-

229 1758 408 1815 tatis.
437 1768 504 1827 BI.
533 1761 750 1812 Amen.
784 1757 889 1810 Per
927 1752 1402 1809 misericordiam
1429 1750 1634 1822 ipsius.

305 1846 561 1904 Lauda.
593 1843 747 1901 Misit
778 1857 874 1898 me
905 1856 1120 1898 sanare
1153 1838 1581 1898 contribulatos
1605 1835 1801 1901 corde,
1833 1833 1924 1890 Al-

226 1934 467 2003 leluia;
513 1933 580 1987 P.
643 1931 970 1987 Praedicare
1017 1929 1269 2001 captivis
1302 1925 1800 1997 redemptionem,
1868 1927 1924 1980 et

231 2023 421 2080 caecis
461 2020 720 2078 reddere
741 2019 972 2075 lumen.
1007 2016 1276 2084 Alleluia,
1299 2015 1551 2072 alleluia.
1575 2013 1637 2071 v.
1667 2011 1917 2068 Redem-

231 2113 520 2185 ptionem
551 2109 718 2165 misit
747 2105 1037 2163 Dominus
1067 2105 1296 2178 populo
1327 2118 1436 2158 suo
1463 2123 1476 2160 :
1512 2100 1826 2158 mandavit
1860 2099 1922 2155 in

229 2205 542 2257 aeternum
561 2200 990 2254 testamentum
1004 2209 1206 2250 suum.
1225 2194 1286 2248 P.
1310 2189 1639 2248 Praedicare
1657 2187 1917 2260 captivis-

225 2289 289 2349 ῒ.
329 2288 560 2350 Gloria,
584 2290 643 2342 et
661 2286 858 2340 honor
879 2282 1054 2355 patri,
1078 2286 1186 2338 etc.
1217 2281 1281 2336 P.
1303 2279 1627 2336 Praedicare
1647 2276 1915 2349 captivis.

308 2396 556 2452 Oratio.
580 2392 830 2448 Domine
850 2392 1024 2453 Deus,
1044 2389 1146 2460 qui
1163 2388 1490 2443 adventum
1512 2384 1805 2454 Unigeniti
1831 2383 1916 2439 Fi-

227 2483 292 2541 lii
320 2485 412 2541 tui
466 2483 818 2539 Johannem
861 2494 1119 2551 puerum
1153 2490 1517 2549 praecurrere
1550 2473 1822 2537 voluisti;
1856 2475 1918 2527 ut

230 2574 465 2630 missus
517 2577 637 2628 ate
670 2569 831 2624 viam
871 2567 1104 2623 Christo
1141 2563 1596 2632 ,incredulorum
1636 2559 1918 2616 cordibus

230 2665 639 2734 praepararet,
666 2656 946 2713 sanando
973 2653 1402 2711 contribulatos
1430 2651 1632 2719 corde,
1669 2654 1725 2705 et
1746 2647 1917 2704 caecis

236 2749 618 2806 restituendo
647 2746 894 2802 luminis
921 2743 1252 2799 claritatem
1296 2759 1307 2796 :
1367 2738 1654 2808 suffragio
1694 2737 1822 2807 ejus
1863 2740 1920 2791 et

239 2840 572 2895 caecitatem
593 2835 792 2891 cordis
814 2833 1112 2896 illumina,
1133 2835 1190 2887 et
1206 2829 1618 2886 tribulationes
1642 2825 1917 2882 cordium

240 2934 592 2984 nostrorum
633 2925 694 2979 in
735 2927 1028 2979 aeternum
1053 2919 1343 2990 gaudium
1373 2922 1580 2980 muta;
1608 2913 1793 2986 utqui
1813 2927 1921 2968 na-

243 3017 535 3072 tivitatem
569 3012 870 3083 Unigeniti
891 3010 1016 3066 Filii
1033 3009 1117 3066 tui
1147 3008 1370 3079 gaudio
1397 3005 1718 3062 christiano
1747 3002 1917 3058 attol-

2040 527 2179 568 eum
2201 515 2636 572 continuerunt.
2668 513 2729 573 $7.
2752 512 2964 575 Gloria,
2997 517 3053 570 et
3077 514 3268 570 honor
3296 515 3587 586 Patri,etc.
3617 516 3682 572 P.

2039 601 2184 656 Ante
2215 619 2372 659 eum.

2113 707 2338 764 Oratio.
2375 711 2544 772 Deus,
2589 707 2689 764 Dei
2720 707 2920 773 Filius,
2954 709 3126 778 cujus
3160 708 3311 763 inter
3330 708 3602 766 homines
3628 716 3686 768 et

2039 794 2232 852 forma
2264 801 2318 852 et
2337 801 2614 869 aspectus
2639 801 2726 852 est
2756 797 3073 866 gloriosus,
3114 796 3537 867 gloriﬁcandos
3574 814 3685 855 nos

2039 883 2141 937 tibi
2162 884 2436 951 adsume,
2461 889 2516 942 et
2536 886 2594 940 in
2613 886 2799 956 partis
2817 885 3073 941 dexterae
3091 885 3471 941 coronandos
3488 887 3683 943 conlo-

2037 973 2268 1028 catione
2299 978 2507 1040 statue,
2542 974 2724 1045 utqui
2764 989 2869 1030 ora
2894 978 3097 1030 nostra
3131 974 3191 1028 in
3239 975 3353 1030 tuis
3397 974 3681 1030 laudibus

2036 1061 2359 1131 aperimus,
2407 1062 2602 1118 carnis
2649 1062 2920 1117 sensibus
2947 1077 3068 1117 non
3099 1077 3418 1132 gravemur
3448 1079 3464 1116 :
3497 1065 3554 1118 et
3580 1064 3681 1135 qui

2034 1147 2270 1217 gloriosi
2302 1155 2578 1222 aspectus
2607 1151 2688 1206 tui
2718 1151 2985 1206 solamen
3002 1151 3394 1222 exquirimus,
3435 1151 3682 1207 visionis

2033 1239 2149 1292 tua;
2178 1238 2583 1294 consolatione
2621 1239 2974 1293 omnimoda
3001 1239 3322 1309 potiamur.
3373 1250 3434 1298 R1.
3467 1243 3675 1294 Amen.

2104 1328 2206 1379 Per
2244 1326 2714 1381 misericordiam
2744 1330 2928 1380 tuam.

2102 1431 2144 1484 Α
2159 1431 2444 1500 ntiphona
2463 1436 2512 1486 3.
2536 1434 2597 1485 ln
2617 1431 2826 1485 diebus
2851 1431 3093 1485 Herodis
3115 1432 3268 1498 regis
3286 1447 3419 1486 ecce
3435 1432 3582 1500 Magi
3598 1432 3676 1487 ab

2032 1519 2262 1574 Oriente
2294 1523 2582 1574 venerunt
2613 1519 3104 1590 Hierosolymam,
3135 1521 3204 1572 P.
3233 1520 3500 1574 Dicentes
3530 1537 3541 1572 :
3569 1519 3676 1574 Ubi

2031 1612 2136 1669 est,
2182 1607 2284 1677 qui
2312 1611 2486 1662 natus
2519 1611 2604 1661 est
2642 1610 2757 1661 Rex
2794 1607 3136 1662 Judreorum
3165 1606 3192 1660 ?
3232 1607 3486 1661 vidimus
3516 1607 3675 1662 enim

2031 1693 2262 1749 stellam
2303 1695 2430 1766 ejus
2470 1694 2528 1749 in
2562 1695 2812 1760 Oriente,
2846 1699 2899 1749 et
2928 1694 3199 1749 venimus
3239 1694 3488 1750 adorare
3513 1710 3671 1750 eum.

1956 1767 2001 1822 Β
2031 1782 2096 1842 V.
2147 1783 2439 1848 Quoniam
2468 1797 2604 1838 ecce
2633 1798 2800 1852 reges
2845 1786 3010 1837 terrae
3051 1783 3394 1852 congregati
3425 1786 3578 1851 sunt,
3621 1785 3678 1837 et

2031 1877 2436 1927 convenerunt
2458 1871 2519 1926 in
2537 1886 2748 1927 unum.
2769 1872 2837 1926 P.
2869 1871 3136 1926 Dicentes
3165 1887 3178 1925 :
3206 1870 3313 1926 Ubi
3335 1874 3437 1925 est.
3462 1871 3524 1929 il.
3550 1870 3678 1926 Glo-

2029 1959 2135 2028 ria,
2169 1963 2224 2015 et
2253 1960 2446 2016 honor
2477 1959 2646 2023 Patri,
2686 1966 2794 2015 etc.
2829 1959 2891 2013 P.
2922 1959 3189 2015 Dicentes
3218 1977 3230 2015 :
3265 1959 3378 2014 Ubi
3428 1963 3532 2015 est.

2105 2065 2327 2121 Oratio.
2357 2068 2475 2120 Rex
2522 2065 2790 2122 omnium
2821 2065 3198 2133 saeculorum,
3253 2065 3478 2122 Christe
3526 2067 3679 2121 Deus

2031 2152 2331 2218 altissime,
2363 2153 2464 2226 qui
2512 2153 2570 2208 in
2602 2153 2815 2210 diebus
2848 2153 3094 2209 Herodis
3125 2154 3283 2224 regis
3324 2153 3398 2208 de
3442 2152 3678 2225 Virgine

2029 2246 2223 2306 natus,
2257 2242 2456 2312 Magis,
2491 2242 2895 2313 quaerentibus
2918 2246 2990 2306 te,
3025 2257 3182 2298 novo
3203 2258 3262 2298 es
3282 2242 3341 2296 in
3367 2241 3557 2296 sidere
3579 2240 3677 2296 de-

2029 2329 2324 2386 claratus:
2368 2336 2657 2403 appareat
2685 2332 2742 2386 in
2791 2331 2966 2387 nobis
3016 2331 3246 2387 virtutis
3297 2334 3411 2387 tuae
3475 2330 3678 2402 praesi-

2027 2419 2197 2474 dium
2225 2420 2301 2477 ad
2331 2419 2712 2491 depellendas
2726 2435 2932 2475 omnes
2958 2420 3246 2492 pernicies
3273 2419 3678 2487 tenebrarum,

2026 2524 2148 2580 quo
2181 2511 2264 2563 sic
2288 2509 2600 2579 Majestatis
2639 2513 2754 2564 tuae
2786 2509 2897 2580 87
2933 2509 3096 2564 sidus
3124 2510 3184 2565 in
3213 2508 3387 2564 nobis
3408 2508 3678 2579 resplen-

2026 2597 2181 2662 deat,
2209 2601 2270 2652 ut
2300 2597 2376 2653 ad
2399 2601 2452 2652 te
2482 2598 2872 2670 quaerendum
2907 2597 3051 2653 nulli
3093 2614 3154 2653 se
3195 2597 3370 2654 nobis
3409 2611 3677 2653 errorum

2025 2684 2226 2741 obices
2239 2685 2764 2756 interponant,quo
2781 2689 2835 2740 et
2853 2685 2927 2742 ad
2957 2690 3008 2740 te
3024 2685 3349 2741 videndum
3363 2700 3677 2741 curramus

2025 2772 2378 2838 alacriter,et
2401 2776 2453 2827 te
2475 2773 2602 2828 viso
2627 2773 3349 2842 jocundemurinstanter.
3377 2784 3442 2833 Rz.
3465 2777 3672 2830 Amen.

2096 2865 2202 2917 Per
2231 2860 2704 2916 misericordiam
2736 2865 2926 2916 tuam.

2099 2961 2163 3019 11-.
2193 2947 2552 3005 Hierusalem
2581 2963 2714 3004 ecce
2756 2949 3033 3020 apparuit
3060 2947 3119 3002 in
3148 2953 3199 3003 te
3227 2965 3327 3003 rex
3357 2963 3587 3018 regum,
3621 2952 3678 3006 et

2026 3037 2566 3094 commovebuntur
2582 3036 2790 3092 insulae
2809 3036 2881 3091 de
2899 3036 3042 3092 locis
3061 3037 3206 3092 suis.
3225 3039 3443 3093 Omnes
3462 3036 3676 3108 princi-

242 3105 444 3200 liniur’
478 3101 842 3200 “Edim”
868 3097 1085 3200 -Ῑῃάίίῗίί
1113 3097 1242 3168 ejus
1265 3095 1773 3167 numstnamm
1792 3091 1918 3148 Vin-
1947 3111 1991 3170 (ἶ
2023 3091 2426 3200 pe;Gentium
2443 3091 2809 3181 descendent
2833 3125 2906 3180 de
2933 3091 3158 3181 thronis
3186 3091 3408 3195 suis,et
3433 3091 3680 3182 ali‘erent

246 3195 391 3250 culis
421 3193 872 3250 contristemur.
908 3199 974 3256 Rt.
1007 3189 1213 3242 Amen.

314 3287 420 3339 Per
447 3278 932 3338 misericordiam
958 3281 1146 3332 tuam.

315 3373 495 3428 Dicat
523 3368 864 3439 Presbyter.
897 3365 1188 3422 Dominus
1217 3363 1290 3419 sit
1317 3376 1555 3434 semper
1574 3360 1914 3417 vobiscum.

250 3473 308 3530 tr.
350 3462 615 3518 Etcum.
666 3461 730 3514 ln
757 3455 1005 3514 nomine
1037 3453 1292 3511 Domini.

828 3563 928 3617 Ad
955 3561 1342 3618 Matutinum.

318 3674 701 3744 Antiphona.
724 3669 964 3728 Domini
997 3673 1084 3725 est
1105 3667 1266 3724 salus
1298 3685 1310 3719 :
1342 3669 1397 3722 et
1426 3679 1606 3736 super
1625 3663 1918 3736 populum

254 3770 415 3823 tuum
437 3761 784 3820 benedictio
811 3765 933 3816 tua.
971 3759 1247 3814 Psalmus
1270 3771 1354 3812 Ill.

322 3853 554 3910 Oratio.
583 3853 670 3906 Tu
701 3866 783 3914 es,
818 3847 1088 3917 Domine,
1126 3845 1308 3903 salus.
1344 3844 1549 3911 Quare
1571 3847 1687 3915 fol.
1727 3847 1816 3899 46.

320 3959 686 4029 ΑηιίρΙιοηα
711 3959 763 4010 1.
795 3953 1159 4010 Hierusalem
1190 3952 1252 4008 in
1296 3955 1346 4006 te
1378 3950 1694 4022 apparebit
1726 3947 1922 4005 Domi-

258 4066 396 4106 nus;
427 4050 503 4104 P.
537 4050 606 4102 Et
634 4046 830 4102 honor
861 4043 989 4114 ejus
1012 4057 1189 4114 super
1219 4046 1274 4096 te
1309 4038 1620 4095 videbitur.
1669 4041 1730 4093 Et
1760 4037 1926 4092 ibunt

258 4138 494 4209 regesin
509 4136 741 4191 lumine
757 4136 942 4197 tuo,et
957 4133 1168 4187 Gentes
1183 4131 1243 4185 in
1262 4128 1581 4201 splendore
1598 4131 1698 4183 tuo
1715 4125 1924 4184 ambu-

257 4227 482 4283 labunt.
514 4225 576 4284 V".
614 4226 680 4278 Et
708 4220 1085 4296 permanebit
1111 4235 1248 4275 cum
1272 4218 1414 4285 sole,
1445 4222 1499 4273 et
1530 4222 1667 4274 ante
1693 4216 1922 4278 lunam,

259 4317 314 4372 in
340 4314 730 4386 generatione
759 4315 816 4367 et
853 4312 914 4366 in
963 4308 1248 4364 smculum
1277 4307 1502 4364 smculi.
1534 4307 1602 4361 P.
1649 4309 1712 4360 Et
1735 4305 1929 4360 honor

262 4407 402 4476 ejus,
431 4405 497 4464 ν.
529 4402 750 4464 Gloria,
799 4404 856 4456 et
884 4400 1098 4462 honor,
1133 4403 1240 4454 etc.
1281 4399 1339 4451 P.
1387 4400 1450 4452 Et
1480 4396 1673 4451 honor
1704 4395 1854 4465 ejus.

2026 3214 2308 3271 diadema
2323 3214 2396 3269 de
2415 3213 2607 3286 capite
2625 3229 2751 3269 suo.
2778 3215 2847 3269 P.
2870 3216 2933 3268 Et
2954 3213 3202 3270 offerent
3219 3214 3268 3269 ei
3283 3215 3356 3270 de
3377 3213 3680 3287 lapidibus

2025 3303 2297 3376 pretiosis
2337 3318 2572 3369 aurum,
2609 3302 2768 3372 thus,
2800 3307 2854 3358 et
2885 3302 3211 3374 myrrham.
3243 3302 3305 3362 if.
3340 3305 3484 3358 Ecce
3510 3317 3680 3372 reges

2026 3398 2194 3450 terrae
2226 3392 2566 3462 congregati
2589 3395 2745 3455 sunt,
2769 3395 2827 3447 et
2847 3396 3250 3448 convenerunt
3270 3393 3328 3447 in
3355 3407 3565 3455 unum,
3597 3393 3679 3450 P.

2034 3484 2096 3537 Et
2132 3479 2403 3536 offerent.
2443 3480 2503 3539 ῆν.
2540 3483 2723 3548 Reges
2771 3479 3030 3546 Tliarsis,
3081 3483 3136 3534 et
3176 3480 3384 3535 insulae
3430 3495 3683 3536 munera

2028 3568 2278 3629 offerent
2311 3586 2321 3624 :
2355 3583 2526 3638 reges
2551 3567 2814 3623 Arabum
2845 3573 2901 3624 et
2944 3567 3099 3624 Saba
3140 3567 3295 3624 dona
3326 3568 3444 3623 Deo
3486 3568 3679 3624 addu-

2029 3662 2179 3715 cent.
2207 3657 2271 3712 P.
2301 3661 2546 3712 Aurum.
2577 3655 2638 3716 V.
2668 3656 2884 3720 Gloria,
2936 3661 2992 3713 et
3033 3657 3226 3713 honor
3270 3657 3444 3726 Patri,
3476 3661 3586 3713 etc.
3619 3658 3683 3714 P.

2031 3746 2422 3803 Hierusalem.

2105 3851 2328 3909 Oratio.
2361 3855 2534 3920 Deus,
2568 3852 2664 3907 Dei
2684 3851 2884 3924 Filius,
2921 3853 3101 3909 Patris
3128 3851 3446 3909 ineffabilis
3476 3853 3684 3923 virtus,

2033 3942 2136 4013 qui
2165 3957 2322 3997 novo
2355 3941 2546 3996 sidere
2575 3942 2634 3996 in
2661 3942 2946 3998 Gentibus
2977 3958 3080 3997 rex
3107 3957 3318 4011 regum
3359 3942 3688 3998 ostenderis

2033 4044 2312 4098 magnus,
2336 4035 2390 4085 et
2408 4030 2468 4085 in
2490 4030 2715 4086 civitate
2742 4030 2839 4086 illa
2858 4031 3036 4086 beata
3058 4045 3313 4101 appares
3336 4030 3637 4099 gloriosus
3671 4047 3682 4085 :

2034 4133 2214 4190 quem
2247 4117 2454 4173 insulte
2483 4122 2740 4174 tremunt
2773 4136 2783 4173 :
2839 4119 2932 4172 cui
2985 4118 3281 4188 principes
3316 4121 3372 4173 et
3414 4118 3688 4174 nationes

2037 4207 2308 4263 Gentium
2348 4207 2780 4277 obsequuntur,
2815 4205 2960 4261 dum
2995 4205 3097 4261 tibi
3121 4205 3326 4261 omnia
3371 4221 3557 4275 regna
3597 4220 3689 4261 ce-

2037 4295 2321 4362 dunt,tibi
2345 4310 2552 4365 regum
2574 4294 2919 4351 diademata
2935 4294 3397 4350 substernuntur
3417 4295 3688 4364 ;dignare

2036 4387 2164 4457 jam
2196 4385 2406 4456 gratia,
2434 4384 2650 4440 nostris
2682 4390 2735 4440 te
2767 4384 3078 4440 ostendere
3109 4383 3386 4440 sensibus
3419 4384 3606 4456 pium,
3637 4388 3693 4440 et

329 4463 560 4551 Oratio.
587 4491 706 4546 Fac
728 4463 860 4555 nos,
883 4487 1155 4555 Domine,
1173 4486 1362 4542 beatae
1386 4485 1542 4540 illius
1566 4463 1928 4539 Hierusalem
1961 4463 2010 4519 D
2043 4476 2102 4531 in
2126 4473 2682 4531 conversationibus
2718 4474 3098 4530 manifestum
3126 4494 3136 4532 :
3174 4477 3236 4529 ut
3267 4473 3557 4546 primitias
3575 4476 3692 4544 spi-

262 4583 482 4640 visione
511 4579 724 4643 laetari,
745 4584 803 4633 et
831 4578 891 4632 in
931 4575 1159 4646 gremio
1192 4576 1320 4645 ejus
1345 4577 1636 4646 perpetua
1661 4570 1936 4642 jocundi'

265 4679 371 4730 tate
399 4670 618 4735 attolli,
640 4669 700 4724 in
721 4683 848 4740 qua
870 4670 935 4721 tu
960 4665 1061 4720 lux
1087 4669 1330 4729 aeterna,
1356 4663 1589 4718 radiare
1613 4661 1931 4733 promittis,

264 4768 312 4819 et
341 4763 520 4832 cujus
552 4761 748 4814 honor
775 4771 904 4812 esse
935 4754 1230 4826 polliceris
1255 4770 1267 4808 :
1308 4751 1542 4821 Largire
1566 4767 1706 4822 ergo
1735 4749 1934 4814 nobis,

264 4853 385 4922 ejus
417 4847 720 4924 desiderio
761 4843 1107 4902 carnalibus
1133 4843 1265 4899 exui
1293 4841 1470 4912 nugis
1502 4845 1557 4896 et
1593 4840 1790 4895 vestiri
1818 4840 1932 4895 vir-

264 4940 482 4998 tutibus
511 4936 778 5010 copiosis
808 4953 821 4990 :
854 4938 918 4990 ut
949 4948 1104 4996 eam,
1139 4932 1235 4987 cui
1268 4935 1328 4987 tu
1359 4929 1704 5002 apparendo
1733 4929 1926 4985 factus

265 5045 320 5085 es
344 5026 703 5086 indeﬁciens
718 5023 949 5091 lumen,
981 5037 1091 5077 nos
1112 5020 1470 5093 amplectam
1482 5033 1550 5075 ur
1564 5032 1804 5089 semper
1819 5031 1946 5073 me-

265 5119 379 5175 ritis
410 5115 795 5189 genitricem.
828 5123 891 5180 Br.
927 5119 1138 5166 Amen.

329 5209 434 5263 Per
477 5201 968 5262 misericordiam
997 5203 1182 5254 tuam.

331 5314 685 5384 Antiphona
725 5314 786 5364 2.
830 5305 1134 5363 Gloriosus
1165 5307 1252 5360 est
1281 5306 1554 5375 aspectus
1583 5302 1730 5372 ejus,
1761 5305 1817 5358 et
1843 5302 1904 5357 in
1926 5332 1947 5341 -

272 5407 344 5459 ter
370 5403 522 5459 ﬁlios
562 5398 897 5458 hominum
929 5394 1124 5452 forma
1149 5393 1296 5463 ejus.
1335 5393 1398 5445 P.
1431 5394 1577 5445 Ante
1607 5405 1745 5445 eum
1799 5404 1939 5444 con-

270 5491 562 5548 tinuerunt
582 5503 764 5559 reges
793 5501 865 5540 os
889 5480 1323 5545 suum.Quibus
1344 5495 1466 5535 non
1491 5483 1582 5534 est
1599 5477 1942 5534 nuntiatum

267 5580 332 5636 de
361 5597 447 5648 eo,
489 5575 918 5641 adoraverunt
948 5585 1116 5630 eum.
1156 5569 1220 5628 il.
1257 5570 1465 5625 Coram
1498 5567 1597 5625 illo
1631 5565 1942 5636 procident

2043 4565 2189 4622 ritus
2211 4565 2522 4629 habentes,
2566 4579 2636 4618 ea
2663 4563 2767 4619 tibi
2791 4579 3026 4636 semper
3055 4579 3158 4636 per
3193 4578 3445 4620 munera
3466 4563 3694 4619 dedice-

2045 4670 2204 4722 mus,
2243 4669 2348 4726 per
2385 4669 2520 4725 quae
2557 4653 2796 4708 introire
2839 4653 3078 4708 beatam
3123 4651 3286 4708 illam
3326 4651 3694 4708 Hierusalem

2046 4743 2283 4817 placitis
2306 4742 2589 4798 cordibus
2619 4757 2976 4810 mereamur,
3000 4745 3066 4798 ut
3085 4740 3187 4797 tibi
3218 4739 3691 4796 mundissimum

2049 4849 2263 4890 aurum
2285 4835 2627 4887 nostrorum
2647 4846 2899 4901 operum
2921 4829 3270 4897 deferentes,
3287 4828 3456 4899 regni
3476 4829 3555 4885 tui
3578 4844 3698 4885 me-

2049 4937 2290 4980 reamur
2327 4935 2455 4976 esse
2476 4921 2814 4992 participes.
2859 4931 2922 4979 ἢ.
2956 4922 3165 4975 Amen.

2123 5012 2233 5067 Per
2261 5008 2730 5065 misericordiam
2751 5012 2942 5064 tuam.

2123 5117 2484 5187 Antiphona.
2515 5119 2698 5184 Reges
2718 5114 3036 5179 Tharsis,et
3058 5114 3269 5170 insulae
3291 5129 3544 5170 munera
3560 5115 3706 5171 offe-

2054 5212 2192 5264 runt
2225 5224 2234 5261 :
2269 5221 2437 5276 reges
2468 5203 2732 5260 Arabum
2763 5209 2819 5260 et
2846 5203 3174 5261 Sabadona
3197 5203 3515 5258 adducent.
3546 5204 3613 5257 P.
3641 5207 3708 5259 Et

2056 5295 2390 5354 adorabunt
2420 5295 2478 5350 in
2518 5298 2840 5366 conspectu
2871 5294 3001 5364 ejus
3042 5308 3250 5348 omnes
3281 5308 3450 5363 reges
3494 5298 3702 5346 terrm:

2057 5400 2267 5442 omnes
2294 5387 2502 5440 Gentes
2533 5384 2796 5438 serviunt
2821 5382 2937 5437 illi:
2972 5382 3269 5447 Quoniam
3290 5382 3419 5453 ipse
3440 5380 3709 5435 liberavit

2058 5489 2316 5546 egenum
2346 5489 2382 5529 a
2424 5476 2695 5546 potente;
2723 5476 2778 5528 et
2807 5486 3154 5544 pauperem,
3183 5471 3277 5525 cui
3307 5485 3429 5525 non
3462 5471 3588 5523 erat
3608 5466 3709 5520 ad-

2056 5565 2236 5635 jutor.
2268 5563 2330 5622 V.
2377 5565 2456 5618 Ex
2485 5562 2678 5618 usuris
2719 5565 2774 5617 et
2819 5559 3125 5634 iniquitate
3171 5557 3440 5614 liberavit
3470 5553 3706 5610 animas
