  <div class='ocr_page' id='page_1' title='image "/cluster/home/n/w/nwhite01/storage/ocr_20150623/86/umn.31951002477379d/097.png"; bbox 0 0 4160 6408; ppageno 0'>
   <div class='ocr_carea' id='block_1_1' title="bbox 520 278 628 337">
    <p class='ocr_par' dir='ltr' id='par_1_1' title="bbox 520 278 628 337">
     <span class='ocr_line' id='line_1_1' title="bbox 520 278 628 337; baseline 0 0"><span class='ocrx_word' id='word_1_1' title='bbox 520 278 628 337; x_wconf 63' lang='grc' dir='ltr'><strong>απ</strong></span> 
     </span>
    </p>
   </div>
   <div class='ocr_carea' id='block_1_2' title="bbox 1751 264 2640 329">
    <p class='ocr_par' dir='ltr' id='par_1_2' title="bbox 1751 264 2640 329">
     <span class='ocr_line' id='line_1_2' title="bbox 1751 264 2640 329; baseline -0.001 0"><span class='ocrx_word' id='word_1_2' title='bbox 1751 266 2208 329; x_wconf 72' lang='lat' dir='ltr'><strong>BREVIARIUM</strong></span> <span class='ocrx_word' id='word_1_3' title='bbox 2244 264 2640 328; x_wconf 73' lang='lat' dir='ltr'><strong>GOTHICUM.</strong></span> 
     </span>
    </p>
   </div>
   <div class='ocr_carea' id='block_1_3' title="bbox 3817 279 3916 337">
    <p class='ocr_par' dir='ltr' id='par_1_3' title="bbox 3817 279 3916 337">
     <span class='ocr_line' id='line_1_3' title="bbox 3817 279 3916 337; baseline 0.03 -3"><span class='ocrx_word' id='word_1_4' title='bbox 3817 279 3916 337; x_wconf 63' lang='lat' dir='ltr'><strong>{eo</strong></span> 
     </span>
    </p>
   </div>
   <div class='ocr_carea' id='block_1_4' title="bbox 589 392 3910 470">
    <p class='ocr_par' dir='ltr' id='par_1_4' title="bbox 589 392 3910 470">
     <span class='ocr_line' id='line_1_4' title="bbox 589 392 3910 470; baseline 0 -11"><span class='ocrx_word' id='word_1_5' title='bbox 589 401 927 460; x_wconf 86' lang='lat' dir='ltr'><strong>Deducente</strong></span> <span class='ocrx_word' id='word_1_6' title='bbox 942 412 1056 457; x_wconf 83' lang='lat' dir='ltr'><strong>nos</strong></span> <span class='ocrx_word' id='word_1_7' title='bbox 1078 397 1276 470; x_wconf 82' lang='lat' dir='ltr'><strong>gratia</strong></span> <span class='ocrx_word' id='word_1_8' title='bbox 1301 398 1555 457; x_wconf 73' lang='lat' dir='ltr'><strong>dexterte</strong></span> <span class='ocrx_word' id='word_1_9' title='bbox 1583 399 1724 468; x_wconf 66' lang='lat' dir='ltr'><strong>tum,</strong></span> <span class='ocrx_word' id='word_1_10' title='bbox 1754 394 1996 454; x_wconf 89' lang='lat' dir='ltr'><strong>domine</strong></span> <span class='ocrx_word' id='word_1_11' title='bbox 2023 392 2165 448; x_wconf 85' lang='lat' dir='ltr'><strong>Jesn</strong></span> <span class='ocrx_word' id='word_1_12' title='bbox 2193 393 2244 449; x_wconf 78' lang='grc' dir='ltr'>Α</span> <span class='ocrx_word' id='word_1_13' title='bbox 2347 393 2576 452; x_wconf 70' lang='lat' dir='ltr'><strong>Oratio.</strong></span> <span class='ocrx_word' id='word_1_14' title='bbox 2591 395 2770 463; x_wconf 86' lang='lat' dir='ltr'><strong>&#39;l‘ues,</strong></span> <span class='ocrx_word' id='word_1_15' title='bbox 2789 394 3056 460; x_wconf 88' lang='lat' dir='ltr'><strong>Domine,</strong></span> <span class='ocrx_word' id='word_1_16' title='bbox 3075 395 3516 455; x_wconf 84' lang='lat' dir='ltr'><strong>stellaveritatis</strong></span> <span class='ocrx_word' id='word_1_17' title='bbox 3530 397 3728 456; x_wconf 87' lang='lat' dir='ltr'><strong>oriens</strong></span> <span class='ocrx_word' id='word_1_18' title='bbox 3743 403 3910 460; x_wconf 76' lang='lat' dir='ltr'><strong>exta-</strong></span> 
     </span>
    </p>
   </div>
   <div class='ocr_carea' id='block_1_5' title="bbox 523 483 2168 562">
    <p class='ocr_par' dir='ltr' id='par_1_5' title="bbox 523 483 2168 562">
     <span class='ocr_line' id='line_1_5' title="bbox 523 483 2168 562; baseline -0.008 -12"><span class='ocrx_word' id='word_1_19' title='bbox 523 492 784 557; x_wconf 76' lang='lat' dir='ltr'><strong>Christe;</strong></span> <span class='ocrx_word' id='word_1_20' title='bbox 806 489 909 562; x_wconf 86' lang='lat' dir='ltr'><strong>qui</strong></span> <span class='ocrx_word' id='word_1_21' title='bbox 937 503 1078 545; x_wconf 91' lang='lat' dir='ltr'><strong>cum</strong></span> <span class='ocrx_word' id='word_1_22' title='bbox 1106 489 1296 557; x_wconf 89' lang='lat' dir='ltr'><strong>Patre,</strong></span> <span class='ocrx_word' id='word_1_23' title='bbox 1324 493 1382 545; x_wconf 88' lang='lat' dir='ltr'><strong>et</strong></span> <span class='ocrx_word' id='word_1_24' title='bbox 1422 487 1640 561; x_wconf 79' lang='lat' dir='ltr'><strong>Spiritu</strong></span> <span class='ocrx_word' id='word_1_25' title='bbox 1670 488 1886 546; x_wconf 88' lang='lat' dir='ltr'><strong>Sancto</strong></span> <span class='ocrx_word' id='word_1_26' title='bbox 1907 483 2078 548; x_wconf 80' lang='lat' dir='ltr'><strong>vivis,</strong></span> <span class='ocrx_word' id='word_1_27' title='bbox 2111 484 2168 538; x_wconf 88' lang='lat' dir='ltr'><strong>et</strong></span> 
     </span>
    </p>
   </div>
   <div class='ocr_carea' id='block_1_6' title="bbox 521 577 1647 648">
    <p class='ocr_par' dir='ltr' id='par_1_6' title="bbox 521 577 1647 648">
     <span class='ocr_line' id='line_1_6' title="bbox 521 577 1647 648; baseline -0.007 -10"><span class='ocrx_word' id='word_1_28' title='bbox 521 580 729 638; x_wconf 81' lang='lat' dir='ltr'><strong>omnia</strong></span> <span class='ocrx_word' id='word_1_29' title='bbox 763 578 919 648; x_wconf 90' lang='lat' dir='ltr'><strong>regis</strong></span> <span class='ocrx_word' id='word_1_30' title='bbox 943 578 1004 633; x_wconf 91' lang='lat' dir='ltr'><strong>in</strong></span> <span class='ocrx_word' id='word_1_31' title='bbox 1026 577 1248 634; x_wconf 62' lang='lat' dir='ltr'><strong>saecula</strong></span> <span class='ocrx_word' id='word_1_32' title='bbox 1266 578 1647 634; x_wconf 57' lang='lat' dir='ltr'><strong>saeculorum.</strong></span> 
     </span>
    </p>
   </div>
   <div class='ocr_carea' id='block_1_7' title="bbox 594 666 1673 738">
    <p class='ocr_par' dir='ltr' id='par_1_7' title="bbox 594 666 1673 738">
     <span class='ocr_line' id='line_1_7' title="bbox 594 666 1673 738; baseline -0.006 -11"><span class='ocrx_word' id='word_1_33' title='bbox 594 667 883 727; x_wconf 80' lang='lat' dir='ltr'><strong>Dominus</strong></span> <span class='ocrx_word' id='word_1_34' title='bbox 911 666 991 723; x_wconf 90' lang='lat' dir='ltr'><strong>sit</strong></span> <span class='ocrx_word' id='word_1_35' title='bbox 1026 681 1280 738; x_wconf 82' lang='lat' dir='ltr'><strong>semper.</strong></span> <span class='ocrx_word' id='word_1_36' title='bbox 1312 678 1375 738; x_wconf 70' lang='grc' dir='ltr'><strong>Βι.</strong></span> <span class='ocrx_word' id='word_1_37' title='bbox 1420 669 1485 722; x_wconf 86' lang='lat' dir='ltr'><strong>Et</strong></span> <span class='ocrx_word' id='word_1_38' title='bbox 1514 680 1673 722; x_wconf 90' lang='lat' dir='ltr'><strong>cum.</strong></span> 
     </span>
    </p>
   </div>
   <div class='ocr_carea' id='block_1_8' title="bbox 595 750 2170 826">
    <p class='ocr_par' dir='ltr' id='par_1_8' title="bbox 595 750 2170 826">
     <span class='ocr_line' id='line_1_8' title="bbox 595 750 2170 826; baseline -0.005 -15"><span class='ocrx_word' id='word_1_39' title='bbox 595 769 662 826; x_wconf 60' lang='grc' dir='ltr'><strong>ἢ.</strong></span> <span class='ocrx_word' id='word_1_40' title='bbox 698 758 848 814; x_wconf 89' lang='lat' dir='ltr'><strong>Luce</strong></span> <span class='ocrx_word' id='word_1_41' title='bbox 874 755 1037 812; x_wconf 87' lang='lat' dir='ltr'><strong>clara</strong></span> <span class='ocrx_word' id='word_1_42' title='bbox 1065 753 1318 826; x_wconf 84' lang='lat' dir='ltr'><strong>fulgebis</strong></span> <span class='ocrx_word' id='word_1_43' title='bbox 1347 755 1409 809; x_wconf 92' lang='lat' dir='ltr'><strong>in</strong></span> <span class='ocrx_word' id='word_1_44' title='bbox 1435 753 1711 810; x_wconf 88' lang='lat' dir='ltr'><strong>omnibus</strong></span> <span class='ocrx_word' id='word_1_45' title='bbox 1733 750 1956 807; x_wconf 90' lang='lat' dir='ltr'><strong>ﬁnibus</strong></span> <span class='ocrx_word' id='word_1_46' title='bbox 1979 753 2170 806; x_wconf 63' lang='lat' dir='ltr'><strong>terrae.</strong></span> 
     </span>
    </p>
   </div>
   <div class='ocr_carea' id='block_1_9' title="bbox 526 837 2172 915">
    <p class='ocr_par' dir='ltr' id='par_1_9' title="bbox 526 837 2172 915">
     <span class='ocr_line' id='line_1_9' title="bbox 526 837 2172 915; baseline -0.006 -13"><span class='ocrx_word' id='word_1_47' title='bbox 526 844 809 902; x_wconf 76' lang='lat' dir='ltr'><strong>Nationes</strong></span> <span class='ocrx_word' id='word_1_48' title='bbox 821 842 1021 899; x_wconf 63' lang='lat' dir='ltr'><strong>multae</strong></span> <span class='ocrx_word' id='word_1_49' title='bbox 1039 841 1115 898; x_wconf 91' lang='lat' dir='ltr'><strong>de</strong></span> <span class='ocrx_word' id='word_1_50' title='bbox 1129 841 1461 915; x_wconf 91' lang='lat' dir='ltr'><strong>longinquo</strong></span> <span class='ocrx_word' id='word_1_51' title='bbox 1471 841 1714 898; x_wconf 85' lang='lat' dir='ltr'><strong>venient</strong></span> <span class='ocrx_word' id='word_1_52' title='bbox 1728 839 1854 902; x_wconf 88' lang='lat' dir='ltr'><strong>tibi,</strong></span> <span class='ocrx_word' id='word_1_53' title='bbox 1872 843 1930 895; x_wconf 92' lang='lat' dir='ltr'><strong>et</strong></span> <span class='ocrx_word' id='word_1_54' title='bbox 1944 837 2172 894; x_wconf 88' lang='lat' dir='ltr'><strong>habita-</strong></span> 
     </span>
    </p>
   </div>
   <div class='ocr_carea' id='block_1_10' title="bbox 527 927 2174 1003">
    <p class='ocr_par' dir='ltr' id='par_1_10' title="bbox 527 927 2174 1003">
     <span class='ocr_line' id='line_1_10' title="bbox 527 927 2174 1003; baseline -0.005 -13"><span class='ocrx_word' id='word_1_55' title='bbox 527 937 686 990; x_wconf 86' lang='lat' dir='ltr'><strong>tores</strong></span> <span class='ocrx_word' id='word_1_56' title='bbox 699 936 737 989; x_wconf 76' lang='grc' dir='ltr'><strong>ὸ.</strong></span> <span class='ocrx_word' id='word_1_57' title='bbox 748 931 1088 989; x_wconf 85' lang='lat' dir='ltr'><strong>novissimis</strong></span> <span class='ocrx_word' id='word_1_58' title='bbox 1103 931 1374 1003; x_wconf 90' lang='lat' dir='ltr'><strong>partibus</strong></span> <span class='ocrx_word' id='word_1_59' title='bbox 1393 935 1559 987; x_wconf 65' lang='lat' dir='ltr'><strong>terrae</strong></span> <span class='ocrx_word' id='word_1_60' title='bbox 1576 931 1636 986; x_wconf 89' lang='lat' dir='ltr'><strong>in</strong></span> <span class='ocrx_word' id='word_1_61' title='bbox 1655 928 1937 985; x_wconf 90' lang='lat' dir='ltr'><strong>manibus</strong></span> <span class='ocrx_word' id='word_1_62' title='bbox 1952 927 2174 983; x_wconf 86' lang='lat' dir='ltr'><strong>haben-</strong></span> 
     </span>
    </p>
   </div>
   <div class='ocr_carea' id='block_1_11' title="bbox 527 1015 2171 1090">
    <p class='ocr_par' dir='ltr' id='par_1_11' title="bbox 527 1015 2171 1090">
     <span class='ocr_line' id='line_1_11' title="bbox 527 1015 2171 1090; baseline -0.005 -12"><span class='ocrx_word' id='word_1_63' title='bbox 527 1026 618 1080; x_wconf 80' lang='lat' dir='ltr'><strong>tes</strong></span> <span class='ocrx_word' id='word_1_64' title='bbox 630 1036 898 1078; x_wconf 87' lang='lat' dir='ltr'><strong>munera.</strong></span> <span class='ocrx_word' id='word_1_65' title='bbox 927 1022 996 1076; x_wconf 87' lang='lat' dir='ltr'><strong>P.</strong></span> <span class='ocrx_word' id='word_1_66' title='bbox 1015 1020 1158 1090; x_wconf 86' lang='lat' dir='ltr'><strong>Regi</strong></span> <span class='ocrx_word' id='word_1_67' title='bbox 1178 1019 1465 1076; x_wconf 80' lang='lat' dir='ltr'><strong>caelorum</strong></span> <span class='ocrx_word' id='word_1_68' title='bbox 1485 1019 1743 1076; x_wconf 79' lang='lat' dir='ltr'><strong>offerunt</strong></span> <span class='ocrx_word' id='word_1_69' title='bbox 1763 1033 1901 1074; x_wconf 90' lang='lat' dir='ltr'><strong>cum</strong></span> <span class='ocrx_word' id='word_1_70' title='bbox 1916 1015 2120 1072; x_wconf 64' lang='lat' dir='ltr'><strong>laetitia</strong></span> <span class='ocrx_word' id='word_1_71' title='bbox 2157 1029 2171 1070; x_wconf 90' lang='lat'><strong>:</strong></span> 
     </span>
    </p>
   </div>
   <div class='ocr_carea' id='block_1_12' title="bbox 530 1102 2173 1178">
    <p class='ocr_par' dir='ltr' id='par_1_12' title="bbox 530 1102 2173 1178">
     <span class='ocr_line' id='line_1_12' title="bbox 530 1102 2173 1178; baseline -0.004 -12"><span class='ocrx_word' id='word_1_72' title='bbox 530 1114 589 1167; x_wconf 89' lang='lat' dir='ltr'><strong>et</strong></span> <span class='ocrx_word' id='word_1_73' title='bbox 617 1124 838 1167; x_wconf 89' lang='lat' dir='ltr'><strong>nomen</strong></span> <span class='ocrx_word' id='word_1_74' title='bbox 864 1108 1100 1166; x_wconf 92' lang='lat' dir='ltr'><strong>Domini</strong></span> <span class='ocrx_word' id='word_1_75' title='bbox 1129 1123 1419 1178; x_wconf 87' lang='lat' dir='ltr'><strong>magnum</strong></span> <span class='ocrx_word' id='word_1_76' title='bbox 1453 1109 1560 1164; x_wconf 92' lang='lat' dir='ltr'><strong>erit</strong></span> <span class='ocrx_word' id='word_1_77' title='bbox 1585 1108 1645 1163; x_wconf 90' lang='lat' dir='ltr'><strong>in</strong></span> <span class='ocrx_word' id='word_1_78' title='bbox 1685 1105 1886 1162; x_wconf 82' lang='lat' dir='ltr'><strong>omnia</strong></span> <span class='ocrx_word' id='word_1_79' title='bbox 1930 1102 2173 1160; x_wconf 86' lang='lat' dir='ltr'><strong>saecula.</strong></span> 
     </span>
    </p>
   </div>
   <div class='ocr_carea' id='block_1_13' title="bbox 528 1191 2176 1262">
    <p class='ocr_par' dir='ltr' id='par_1_13' title="bbox 528 1191 2176 1262">
     <span class='ocr_line' id='line_1_13' title="bbox 528 1191 2176 1262; baseline -0.007 -4"><span class='ocrx_word' id='word_1_80' title='bbox 528 1198 592 1259; x_wconf 67' lang='lat' dir='ltr'><strong>7i.</strong></span> <span class='ocrx_word' id='word_1_81' title='bbox 616 1200 836 1255; x_wconf 90' lang='lat' dir='ltr'><strong>Omnes</strong></span> <span class='ocrx_word' id='word_1_82' title='bbox 862 1197 938 1252; x_wconf 94' lang='lat' dir='ltr'><strong>de</strong></span> <span class='ocrx_word' id='word_1_83' title='bbox 963 1196 1124 1254; x_wconf 88' lang='lat' dir='ltr'><strong>Saba</strong></span> <span class='ocrx_word' id='word_1_84' title='bbox 1150 1196 1406 1262; x_wconf 89' lang='lat' dir='ltr'><strong>venient,</strong></span> <span class='ocrx_word' id='word_1_85' title='bbox 1430 1211 1644 1252; x_wconf 90' lang='lat' dir='ltr'><strong>aurum</strong></span> <span class='ocrx_word' id='word_1_86' title='bbox 1675 1198 1732 1250; x_wconf 92' lang='lat' dir='ltr'><strong>et</strong></span> <span class='ocrx_word' id='word_1_87' title='bbox 1751 1194 1886 1250; x_wconf 88' lang='lat' dir='ltr'><strong>thus</strong></span> <span class='ocrx_word' id='word_1_88' title='bbox 1911 1191 2176 1247; x_wconf 83' lang='lat' dir='ltr'><strong>deferen—</strong></span> 
     </span>
    </p>
   </div>
   <div class='ocr_carea' id='block_1_14' title="bbox 530 1278 2174 1350">
    <p class='ocr_par' dir='ltr' id='par_1_14' title="bbox 530 1278 2174 1350">
     <span class='ocr_line' id='line_1_14' title="bbox 530 1278 2174 1350; baseline -0.006 -6"><span class='ocrx_word' id='word_1_89' title='bbox 530 1291 644 1350; x_wconf 89' lang='lat' dir='ltr'><strong>tes,</strong></span> <span class='ocrx_word' id='word_1_90' title='bbox 666 1288 724 1342; x_wconf 91' lang='lat' dir='ltr'><strong>et</strong></span> <span class='ocrx_word' id='word_1_91' title='bbox 749 1285 990 1341; x_wconf 89' lang='lat' dir='ltr'><strong>laudem</strong></span> <span class='ocrx_word' id='word_1_92' title='bbox 1010 1285 1262 1340; x_wconf 91' lang='lat' dir='ltr'><strong>Domino</strong></span> <span class='ocrx_word' id='word_1_93' title='bbox 1280 1284 1725 1340; x_wconf 85' lang='lat' dir='ltr'><strong>annuntiantes.</strong></span> <span class='ocrx_word' id='word_1_94' title='bbox 1749 1284 1812 1337; x_wconf 88' lang='lat' dir='ltr'><strong>P.</strong></span> <span class='ocrx_word' id='word_1_95' title='bbox 1840 1279 1981 1350; x_wconf 84' lang='lat' dir='ltr'><strong>Regi</strong></span> <span class='ocrx_word' id='word_1_96' title='bbox 2001 1278 2174 1334; x_wconf 87' lang='lat' dir='ltr'><strong>coelo-</strong></span> 
     </span>
    </p>
   </div>
   <div class='ocr_carea' id='block_1_15' title="bbox 529 1369 2103 1442">
    <p class='ocr_par' dir='ltr' id='par_1_15' title="bbox 529 1369 2103 1442">
     <span class='ocr_line' id='line_1_15' title="bbox 529 1369 2103 1442; baseline -0.005 -12"><span class='ocrx_word' id='word_1_97' title='bbox 529 1389 684 1430; x_wconf 91' lang='lat' dir='ltr'><strong>rum.</strong></span> <span class='ocrx_word' id='word_1_98' title='bbox 714 1373 775 1433; x_wconf 51' lang='grc' dir='ltr'><strong>ἡ.</strong></span> <span class='ocrx_word' id='word_1_99' title='bbox 804 1371 1015 1442; x_wconf 87' lang='lat' dir='ltr'><strong>Gloria,</strong></span> <span class='ocrx_word' id='word_1_100' title='bbox 1040 1376 1097 1428; x_wconf 91' lang='lat' dir='ltr'><strong>et</strong></span> <span class='ocrx_word' id='word_1_101' title='bbox 1125 1371 1334 1436; x_wconf 88' lang='lat' dir='ltr'><strong>honor,</strong></span> <span class='ocrx_word' id='word_1_102' title='bbox 1377 1374 1484 1427; x_wconf 85' lang='lat' dir='ltr'><strong>etc.</strong></span> <span class='ocrx_word' id='word_1_103' title='bbox 1517 1371 1588 1426; x_wconf 95' lang='lat' dir='ltr'><strong>P.</strong></span> <span class='ocrx_word' id='word_1_104' title='bbox 1627 1369 1768 1440; x_wconf 78' lang='lat' dir='ltr'><strong>Regi</strong></span> <span class='ocrx_word' id='word_1_105' title='bbox 1794 1369 2103 1425; x_wconf 69' lang='lat' dir='ltr'><strong>caelorum.</strong></span> 
     </span>
    </p>
   </div>
   <div class='ocr_carea' id='block_1_16' title="bbox 604 1455 2178 1530">
    <p class='ocr_par' dir='ltr' id='par_1_16' title="bbox 604 1455 2178 1530">
     <span class='ocr_line' id='line_1_16' title="bbox 604 1455 2178 1530; baseline -0.004 -14"><span class='ocrx_word' id='word_1_106' title='bbox 604 1460 822 1516; x_wconf 77' lang='lat' dir='ltr'><strong>Oratio.</strong></span> <span class='ocrx_word' id='word_1_107' title='bbox 853 1459 1150 1525; x_wconf 86' lang='lat' dir='ltr'><strong>Abundet,</strong></span> <span class='ocrx_word' id='word_1_108' title='bbox 1182 1474 1525 1530; x_wconf 76' lang='lat' dir='ltr'><strong>quaesumus</strong></span> <span class='ocrx_word' id='word_1_109' title='bbox 1566 1458 1833 1523; x_wconf 91' lang='lat' dir='ltr'><strong>Domine,</strong></span> <span class='ocrx_word' id='word_1_110' title='bbox 1866 1457 1925 1513; x_wconf 92' lang='lat' dir='ltr'><strong>in</strong></span> <span class='ocrx_word' id='word_1_111' title='bbox 1965 1455 2178 1512; x_wconf 90' lang='lat' dir='ltr'><strong>diebus</strong></span> 
     </span>
    </p>
   </div>
   <div class='ocr_carea' id='block_1_17' title="bbox 528 1548 2177 1617">
    <p class='ocr_par' dir='ltr' id='par_1_17' title="bbox 528 1548 2177 1617">
     <span class='ocr_line' id='line_1_17' title="bbox 528 1548 2177 1617; baseline -0.005 -9"><span class='ocrx_word' id='word_1_112' title='bbox 528 1550 744 1608; x_wconf 86' lang='lat' dir='ltr'><strong>nostris</strong></span> <span class='ocrx_word' id='word_1_113' title='bbox 769 1549 869 1604; x_wconf 85' lang='lat' dir='ltr'><strong>lux</strong></span> <span class='ocrx_word' id='word_1_114' title='bbox 896 1548 1175 1605; x_wconf 86' lang='lat' dir='ltr'><strong>claritatis</strong></span> <span class='ocrx_word' id='word_1_115' title='bbox 1196 1553 1311 1604; x_wconf 76' lang='lat' dir='ltr'><strong>tuae</strong></span> <span class='ocrx_word' id='word_1_116' title='bbox 1338 1549 1399 1604; x_wconf 91' lang='lat' dir='ltr'><strong>in</strong></span> <span class='ocrx_word' id='word_1_117' title='bbox 1419 1548 1642 1604; x_wconf 91' lang='lat' dir='ltr'><strong>ﬁnibus</strong></span> <span class='ocrx_word' id='word_1_118' title='bbox 1671 1553 1841 1604; x_wconf 84' lang='lat' dir='ltr'><strong>terrae</strong></span> <span class='ocrx_word' id='word_1_119' title='bbox 1868 1565 1881 1605; x_wconf 91' lang='lat'><strong>:</strong></span> <span class='ocrx_word' id='word_1_120' title='bbox 1911 1549 1990 1610; x_wconf 87' lang='lat' dir='ltr'><strong>ut,</strong></span> <span class='ocrx_word' id='word_1_121' title='bbox 2023 1559 2177 1617; x_wconf 88' lang='lat' dir='ltr'><strong>quos</strong></span> 
     </span>
    </p>
   </div>
   <div class='ocr_carea' id='block_1_18' title="bbox 529 1633 2178 1712">
    <p class='ocr_par' dir='ltr' id='par_1_18' title="bbox 529 1633 2178 1712">
     <span class='ocr_line' id='line_1_18' title="bbox 529 1633 2178 1712; baseline -0.004 -17"><span class='ocrx_word' id='word_1_122' title='bbox 529 1637 934 1712; x_wconf 85' lang='lat' dir='ltr'><strong>Apparitionis</strong></span> <span class='ocrx_word' id='word_1_123' title='bbox 973 1642 1089 1694; x_wconf 66' lang='lat' dir='ltr'><strong>tum</strong></span> <span class='ocrx_word' id='word_1_124' title='bbox 1128 1636 1258 1693; x_wconf 90' lang='lat' dir='ltr'><strong>luce</strong></span> <span class='ocrx_word' id='word_1_125' title='bbox 1295 1637 1569 1700; x_wconf 90' lang='lat' dir='ltr'><strong>irradias,</strong></span> <span class='ocrx_word' id='word_1_126' title='bbox 1600 1636 1976 1694; x_wconf 84' lang='lat' dir='ltr'><strong>abundantia</strong></span> <span class='ocrx_word' id='word_1_127' title='bbox 2013 1633 2178 1706; x_wconf 87' lang='lat' dir='ltr'><strong>pacis</strong></span> 
     </span>
    </p>
   </div>
   <div class='ocr_carea' id='block_1_19' title="bbox 2278 480 3914 556">
    <p class='ocr_par' dir='ltr' id='par_1_19' title="bbox 2278 480 3914 556">
     <span class='ocr_line' id='line_1_19' title="bbox 2278 480 3914 556; baseline 0.007 -19"><span class='ocrx_word' id='word_1_128' title='bbox 2278 480 2412 548; x_wconf 91' lang='lat' dir='ltr'><strong>cob,</strong></span> <span class='ocrx_word' id='word_1_129' title='bbox 2442 482 2746 555; x_wconf 88' lang='lat' dir='ltr'><strong>homoque</strong></span> <span class='ocrx_word' id='word_1_130' title='bbox 2777 498 3146 556; x_wconf 80' lang='lat' dir='ltr'><strong>consurgens</strong></span> <span class='ocrx_word' id='word_1_131' title='bbox 3167 500 3240 541; x_wconf 83' lang='lat' dir='ltr'><strong>ex</strong></span> <span class='ocrx_word' id='word_1_132' title='bbox 3266 485 3443 543; x_wconf 84' lang='lat' dir='ltr'><strong>Israel</strong></span> <span class='ocrx_word' id='word_1_133' title='bbox 3475 502 3489 542; x_wconf 89' lang='lat'><strong>:</strong></span> <span class='ocrx_word' id='word_1_134' title='bbox 3517 490 3574 542; x_wconf 90' lang='lat' dir='ltr'><strong>et</strong></span> <span class='ocrx_word' id='word_1_135' title='bbox 3595 486 3656 543; x_wconf 91' lang='lat' dir='ltr'><strong>in</strong></span> <span class='ocrx_word' id='word_1_136' title='bbox 3677 501 3834 546; x_wconf 85' lang='lat' dir='ltr'><strong>novo</strong></span> <span class='ocrx_word' id='word_1_137' title='bbox 3848 491 3914 548; x_wconf 85' lang='lat' dir='ltr'><strong>si-</strong></span> 
     </span>
    </p>
   </div>
   <div class='ocr_carea' id='block_1_20' title="bbox 2282 570 3915 646">
    <p class='ocr_par' dir='ltr' id='par_1_20' title="bbox 2282 570 3915 646">
     <span class='ocr_line' id='line_1_20' title="bbox 2282 570 3915 646; baseline 0.007 -21"><span class='ocrx_word' id='word_1_138' title='bbox 2282 571 2412 626; x_wconf 88' lang='lat' dir='ltr'><strong>dere</strong></span> <span class='ocrx_word' id='word_1_139' title='bbox 2433 570 2760 627; x_wconf 89' lang='lat' dir='ltr'><strong>ostenderis</strong></span> <span class='ocrx_word' id='word_1_140' title='bbox 2784 575 2955 639; x_wconf 89' lang='lat' dir='ltr'><strong>Deus,</strong></span> <span class='ocrx_word' id='word_1_141' title='bbox 2975 577 3030 628; x_wconf 89' lang='lat' dir='ltr'><strong>et</strong></span> <span class='ocrx_word' id='word_1_142' title='bbox 3053 573 3116 629; x_wconf 91' lang='lat' dir='ltr'><strong>in</strong></span> <span class='ocrx_word' id='word_1_143' title='bbox 3136 574 3432 646; x_wconf 67' lang='lat' dir='ltr'><strong>prmaepio</strong></span> <span class='ocrx_word' id='word_1_144' title='bbox 3452 574 3686 646; x_wconf 86' lang='lat' dir='ltr'><strong>positus</strong></span> <span class='ocrx_word' id='word_1_145' title='bbox 3707 579 3915 636; x_wconf 87' lang='lat' dir='ltr'><strong>Deuset</strong></span> 
     </span>
    </p>
   </div>
   <div class='ocr_carea' id='block_1_21' title="bbox 2279 659 3916 736">
    <p class='ocr_par' dir='ltr' id='par_1_21' title="bbox 2279 659 3916 736">
     <span class='ocr_line' id='line_1_21' title="bbox 2279 659 3916 736; baseline 0.005 -22"><span class='ocrx_word' id='word_1_146' title='bbox 2279 659 2483 726; x_wconf 90' lang='lat' dir='ltr'><strong>homo,</strong></span> <span class='ocrx_word' id='word_1_147' title='bbox 2515 674 2672 716; x_wconf 91' lang='lat' dir='ltr'><strong>unus</strong></span> <span class='ocrx_word' id='word_1_148' title='bbox 2721 660 2976 717; x_wconf 88' lang='lat' dir='ltr'><strong>crederis</strong></span> <span class='ocrx_word' id='word_1_149' title='bbox 3014 661 3274 719; x_wconf 86' lang='lat' dir='ltr'><strong>Christus</strong></span> <span class='ocrx_word' id='word_1_150' title='bbox 3299 679 3314 728; x_wconf 91' lang='lat'>;</span> <span class='ocrx_word' id='word_1_151' title='bbox 3344 667 3587 736; x_wconf 88' lang='lat' dir='ltr'><strong>propter</strong></span> <span class='ocrx_word' id='word_1_152' title='bbox 3640 679 3916 736; x_wconf 75' lang='lat' dir='ltr'><strong>magnam</strong></span> 
     </span>
    </p>
   </div>
   <div class='ocr_carea' id='block_1_22' title="bbox 2281 748 3918 825">
    <p class='ocr_par' dir='ltr' id='par_1_22' title="bbox 2281 748 3918 825">
     <span class='ocr_line' id='line_1_22' title="bbox 2281 748 3918 825; baseline 0.005 -21"><span class='ocrx_word' id='word_1_153' title='bbox 2281 748 2744 806; x_wconf 90' lang='lat' dir='ltr'><strong>misericordiam</strong></span> <span class='ocrx_word' id='word_1_154' title='bbox 2774 754 2940 807; x_wconf 90' lang='lat' dir='ltr'><strong>tuam</strong></span> <span class='ocrx_word' id='word_1_155' title='bbox 2964 750 3215 808; x_wconf 87' lang='lat' dir='ltr'><strong>visionis</strong></span> <span class='ocrx_word' id='word_1_156' title='bbox 3267 757 3385 808; x_wconf 79' lang='lat' dir='ltr'><strong>tuae</strong></span> <span class='ocrx_word' id='word_1_157' title='bbox 3435 752 3612 810; x_wconf 90' lang='lat' dir='ltr'><strong>nobis</strong></span> <span class='ocrx_word' id='word_1_158' title='bbox 3671 769 3918 825; x_wconf 83' lang='lat' dir='ltr'><strong>proroga</strong></span> 
     </span>
    </p>
   </div>
   <div class='ocr_carea' id='block_1_23' title="bbox 2283 837 3918 911">
    <p class='ocr_par' dir='ltr' id='par_1_23' title="bbox 2283 837 3918 911">
     <span class='ocr_line' id='line_1_23' title="bbox 2283 837 3918 911; baseline 0.005 -19"><span class='ocrx_word' id='word_1_159' title='bbox 2283 837 2538 907; x_wconf 85' lang='lat' dir='ltr'><strong>gratiam</strong></span> <span class='ocrx_word' id='word_1_160' title='bbox 2579 844 2909 911; x_wconf 87' lang='lat' dir='ltr'><strong>:appareat</strong></span> <span class='ocrx_word' id='word_1_161' title='bbox 2948 839 3011 894; x_wconf 91' lang='lat' dir='ltr'><strong>in</strong></span> <span class='ocrx_word' id='word_1_162' title='bbox 3059 839 3236 896; x_wconf 87' lang='lat' dir='ltr'><strong>nobis</strong></span> <span class='ocrx_word' id='word_1_163' title='bbox 3284 840 3439 898; x_wconf 89' lang='lat' dir='ltr'><strong>lucis</strong></span> <span class='ocrx_word' id='word_1_164' title='bbox 3487 844 3604 900; x_wconf 72' lang='lat' dir='ltr'><strong>tum</strong></span> <span class='ocrx_word' id='word_1_165' title='bbox 3643 841 3918 900; x_wconf 79' lang='lat' dir='ltr'><strong>radiabile</strong></span> 
     </span>
    </p>
   </div>
   <div class='ocr_carea' id='block_1_24' title="bbox 2283 926 3917 1000">
    <p class='ocr_par' dir='ltr' id='par_1_24' title="bbox 2283 926 3917 1000">
     <span class='ocr_line' id='line_1_24' title="bbox 2283 926 3917 1000; baseline 0.003 -18"><span class='ocrx_word' id='word_1_166' title='bbox 2283 926 2546 997; x_wconf 89' lang='lat' dir='ltr'><strong>signum,</strong></span> <span class='ocrx_word' id='word_1_167' title='bbox 2578 927 2744 1000; x_wconf 92' lang='lat' dir='ltr'><strong>quod</strong></span> <span class='ocrx_word' id='word_1_168' title='bbox 2759 928 3014 1000; x_wconf 86' lang='lat' dir='ltr'><strong>expellat</strong></span> <span class='ocrx_word' id='word_1_169' title='bbox 3042 944 3254 985; x_wconf 88' lang='lat' dir='ltr'><strong>omnes</strong></span> <span class='ocrx_word' id='word_1_170' title='bbox 3274 929 3552 986; x_wconf 77' lang='lat' dir='ltr'><strong>tenebras</strong></span> <span class='ocrx_word' id='word_1_171' title='bbox 3606 930 3875 988; x_wconf 85' lang='lat' dir='ltr'><strong>vitiorum</strong></span> <span class='ocrx_word' id='word_1_172' title='bbox 3905 949 3917 987; x_wconf 90' lang='lat'>:</span> 
     </span>
    </p>
   </div>
   <div class='ocr_carea' id='block_1_25' title="bbox 2283 1015 3919 1088">
    <p class='ocr_par' dir='ltr' id='par_1_25' title="bbox 2283 1015 3919 1088">
     <span class='ocr_line' id='line_1_25' title="bbox 2283 1015 3919 1088; baseline 0.003 -18"><span class='ocrx_word' id='word_1_173' title='bbox 2283 1020 2367 1082; x_wconf 91' lang='lat' dir='ltr'><strong>ut,</strong></span> <span class='ocrx_word' id='word_1_174' title='bbox 2391 1016 2495 1088; x_wconf 92' lang='lat' dir='ltr'><strong>qui</strong></span> <span class='ocrx_word' id='word_1_175' title='bbox 2517 1015 2764 1072; x_wconf 88' lang='lat' dir='ltr'><strong>visionis</strong></span> <span class='ocrx_word' id='word_1_176' title='bbox 2801 1021 2914 1071; x_wconf 82' lang='lat' dir='ltr'><strong>tuae</strong></span> <span class='ocrx_word' id='word_1_177' title='bbox 2947 1017 3238 1074; x_wconf 83' lang='lat' dir='ltr'><strong>desiderio</strong></span> <span class='ocrx_word' id='word_1_178' title='bbox 3278 1018 3662 1088; x_wconf 79' lang='lat' dir='ltr'><strong>anhelamus,</strong></span> <span class='ocrx_word' id='word_1_179' title='bbox 3690 1019 3919 1077; x_wconf 88' lang='lat' dir='ltr'><strong>visionis</strong></span> 
     </span>
    </p>
   </div>
   <div class='ocr_carea' id='block_1_26' title="bbox 2284 1103 3440 1175">
    <p class='ocr_par' dir='ltr' id='par_1_26' title="bbox 2284 1103 3440 1175">
     <span class='ocr_line' id='line_1_26' title="bbox 2284 1103 3440 1175; baseline 0.003 -17"><span class='ocrx_word' id='word_1_180' title='bbox 2284 1105 2400 1159; x_wconf 74' lang='lat' dir='ltr'><strong>tuae</strong></span> <span class='ocrx_word' id='word_1_181' title='bbox 2426 1103 2673 1175; x_wconf 75' lang='lat' dir='ltr'><strong>praemio</strong></span> <span class='ocrx_word' id='word_1_182' title='bbox 2703 1103 3100 1161; x_wconf 89' lang='lat' dir='ltr'><strong>consolemur.</strong></span> <span class='ocrx_word' id='word_1_183' title='bbox 3131 1117 3198 1175; x_wconf 61' lang='grc' dir='ltr'><strong>ἢ.</strong></span> <span class='ocrx_word' id='word_1_184' title='bbox 3229 1109 3440 1162; x_wconf 81' lang='lat' dir='ltr'><strong>Amen.</strong></span> 
     </span>
    </p>
   </div>
   <div class='ocr_carea' id='block_1_27' title="bbox 2356 1192 3163 1257">
    <p class='ocr_par' dir='ltr' id='par_1_27' title="bbox 2356 1192 3163 1257">
     <span class='ocr_line' id='line_1_27' title="bbox 2356 1192 3163 1257; baseline 0.005 -11"><span class='ocrx_word' id='word_1_185' title='bbox 2356 1195 2461 1247; x_wconf 87' lang='lat' dir='ltr'><strong>Per</strong></span> <span class='ocrx_word' id='word_1_186' title='bbox 2489 1192 2953 1250; x_wconf 88' lang='lat' dir='ltr'><strong>misericordiam</strong></span> <span class='ocrx_word' id='word_1_187' title='bbox 2975 1198 3163 1257; x_wconf 89' lang='lat' dir='ltr'><strong>tuam,</strong></span> 
     </span>
    </p>
   </div>
   <div class='ocr_carea' id='block_1_28' title="bbox 2355 1280 3921 1356">
    <p class='ocr_par' dir='ltr' id='par_1_28' title="bbox 2355 1280 3921 1356">
     <span class='ocr_line' id='line_1_28' title="bbox 2355 1280 3921 1356; baseline 0.004 -22"><span class='ocrx_word' id='word_1_188' title='bbox 2355 1291 2420 1350; x_wconf 65' lang='grc' dir='ltr'><strong>ηε.</strong></span> <span class='ocrx_word' id='word_1_189' title='bbox 2449 1280 2652 1350; x_wconf 87' lang='lat' dir='ltr'><strong>Fulget</strong></span> <span class='ocrx_word' id='word_1_190' title='bbox 2690 1282 2934 1346; x_wconf 67' lang='lat' dir='ltr'><strong>(Icelum,</strong></span> <span class='ocrx_word' id='word_1_191' title='bbox 2977 1286 3034 1337; x_wconf 90' lang='lat' dir='ltr'><strong>et</strong></span> <span class='ocrx_word' id='word_1_192' title='bbox 3056 1284 3231 1338; x_wconf 86' lang='lat' dir='ltr'><strong>Terra</strong></span> <span class='ocrx_word' id='word_1_193' title='bbox 3276 1282 3550 1356; x_wconf 85' lang='lat' dir='ltr'><strong>splendet</strong></span> <span class='ocrx_word' id='word_1_194' title='bbox 3585 1287 3624 1340; x_wconf 75' lang='lat' dir='ltr'><strong>a</strong></span> <span class='ocrx_word' id='word_1_195' title='bbox 3673 1283 3921 1342; x_wconf 87' lang='lat' dir='ltr'><strong>claritate</strong></span> 
     </span>
    </p>
   </div>
   <div class='ocr_carea' id='block_1_29' title="bbox 2287 1368 3919 1441">
    <p class='ocr_par' dir='ltr' id='par_1_29' title="bbox 2287 1368 3919 1441">
     <span class='ocr_line' id='line_1_29' title="bbox 2287 1368 3919 1441; baseline 0.004 -17"><span class='ocrx_word' id='word_1_196' title='bbox 2287 1368 2408 1438; x_wconf 88' lang='lat' dir='ltr'><strong>Dei,</strong></span> <span class='ocrx_word' id='word_1_197' title='bbox 2443 1369 2547 1441; x_wconf 88' lang='lat' dir='ltr'><strong>qui</strong></span> <span class='ocrx_word' id='word_1_198' title='bbox 2575 1369 2864 1441; x_wconf 89' lang='lat' dir='ltr'><strong>processit</strong></span> <span class='ocrx_word' id='word_1_199' title='bbox 2881 1370 2955 1425; x_wconf 92' lang='lat' dir='ltr'><strong>de</strong></span> <span class='ocrx_word' id='word_1_200' title='bbox 2976 1369 3319 1427; x_wconf 85' lang='lat' dir='ltr'><strong>habitaculo</strong></span> <span class='ocrx_word' id='word_1_201' title='bbox 3349 1376 3557 1430; x_wconf 87' lang='lat' dir='ltr'><strong>sancto</strong></span> <span class='ocrx_word' id='word_1_202' title='bbox 3586 1388 3697 1429; x_wconf 87' lang='lat' dir='ltr'><strong>suo</strong></span> <span class='ocrx_word' id='word_1_203' title='bbox 3722 1387 3919 1430; x_wconf 87' lang='lat' dir='ltr'><strong>sanare</strong></span> 
     </span>
    </p>
   </div>
   <div class='ocr_carea' id='block_1_30' title="bbox 2289 1457 3918 1524">
    <p class='ocr_par' dir='ltr' id='par_1_30' title="bbox 2289 1457 3918 1524">
     <span class='ocr_line' id='line_1_30' title="bbox 2289 1457 3918 1524; baseline 0.004 -13"><span class='ocrx_word' id='word_1_204' title='bbox 2289 1457 2718 1513; x_wconf 87' lang='lat' dir='ltr'><strong>contribulatos</strong></span> <span class='ocrx_word' id='word_1_205' title='bbox 2748 1457 2946 1524; x_wconf 91' lang='lat' dir='ltr'><strong>corde,</strong></span> <span class='ocrx_word' id='word_1_206' title='bbox 2981 1462 3040 1514; x_wconf 92' lang='lat' dir='ltr'><strong>et</strong></span> <span class='ocrx_word' id='word_1_207' title='bbox 3085 1459 3258 1514; x_wconf 84' lang='lat' dir='ltr'><strong>caecis</strong></span> <span class='ocrx_word' id='word_1_208' title='bbox 3292 1460 3544 1516; x_wconf 89' lang='lat' dir='ltr'><strong>reddere</strong></span> <span class='ocrx_word' id='word_1_209' title='bbox 3593 1460 3814 1517; x_wconf 87' lang='lat' dir='ltr'><strong>lumen.</strong></span> <span class='ocrx_word' id='word_1_210' title='bbox 3859 1462 3918 1518; x_wconf 89' lang='lat' dir='ltr'><strong>P.</strong></span> 
     </span>
    </p>
   </div>
   <div class='ocr_carea' id='block_1_31' title="bbox 2290 1545 3919 1621">
    <p class='ocr_par' dir='ltr' id='par_1_31' title="bbox 2290 1545 3919 1621">
     <span class='ocr_line' id='line_1_31' title="bbox 2290 1545 3919 1621; baseline 0.004 -21"><span class='ocrx_word' id='word_1_211' title='bbox 2290 1545 2549 1601; x_wconf 89' lang='lat' dir='ltr'><strong>Gaudete</strong></span> <span class='ocrx_word' id='word_1_212' title='bbox 2578 1545 2777 1612; x_wconf 88' lang='lat' dir='ltr'><strong>hodie,</strong></span> <span class='ocrx_word' id='word_1_213' title='bbox 2810 1547 3106 1602; x_wconf 74' lang='lat' dir='ltr'><strong>universae</strong></span> <span class='ocrx_word' id='word_1_214' title='bbox 3130 1549 3362 1614; x_wconf 83' lang='lat' dir='ltr'><strong>Gentes,</strong></span> <span class='ocrx_word' id='word_1_215' title='bbox 3393 1549 3499 1621; x_wconf 93' lang='lat' dir='ltr'><strong>qui</strong></span> <span class='ocrx_word' id='word_1_216' title='bbox 3524 1548 3586 1604; x_wconf 89' lang='lat' dir='ltr'><strong>in</strong></span> <span class='ocrx_word' id='word_1_217' title='bbox 3617 1549 3810 1606; x_wconf 89' lang='lat' dir='ltr'><strong>medio</strong></span> <span class='ocrx_word' id='word_1_218' title='bbox 3831 1563 3919 1606; x_wconf 86' lang='lat' dir='ltr'><strong>ve-</strong></span> 
     </span>
    </p>
   </div>
   <div class='ocr_carea' id='block_1_32' title="bbox 2291 1633 3920 1708">
    <p class='ocr_par' dir='ltr' id='par_1_32' title="bbox 2291 1633 3920 1708">
     <span class='ocr_line' id='line_1_32' title="bbox 2291 1633 3920 1708; baseline 0.004 -22"><span class='ocrx_word' id='word_1_219' title='bbox 2291 1633 2393 1688; x_wconf 89' lang='lat' dir='ltr'><strong>stri</strong></span> <span class='ocrx_word' id='word_1_220' title='bbox 2416 1633 2681 1690; x_wconf 83' lang='lat' dir='ltr'><strong>Salvator</strong></span> <span class='ocrx_word' id='word_1_221' title='bbox 2706 1634 2979 1705; x_wconf 88' lang='lat' dir='ltr'><strong>apparuit</strong></span> <span class='ocrx_word' id='word_1_222' title='bbox 3009 1651 3022 1690; x_wconf 92' lang='lat'><strong>:</strong></span> <span class='ocrx_word' id='word_1_223' title='bbox 3045 1635 3176 1704; x_wconf 86' lang='lat' dir='ltr'><strong>jam</strong></span> <span class='ocrx_word' id='word_1_224' title='bbox 3197 1635 3376 1692; x_wconf 90' lang='lat' dir='ltr'><strong>nolite</strong></span> <span class='ocrx_word' id='word_1_225' title='bbox 3393 1651 3634 1708; x_wconf 86' lang='lat' dir='ltr'><strong>pavere.</strong></span> <span class='ocrx_word' id='word_1_226' title='bbox 3661 1638 3723 1697; x_wconf 58' lang='lat' dir='ltr'><strong>vi.</strong></span> <span class='ocrx_word' id='word_1_227' title='bbox 3746 1637 3920 1693; x_wconf 80' lang='lat' dir='ltr'><strong>illuxit</strong></span> 
     </span>
    </p>
   </div>
   <div class='ocr_carea' id='block_1_33' title="bbox 530 1721 3919 1800">
    <p class='ocr_par' dir='ltr' id='par_1_33' title="bbox 530 1721 3919 1800">
     <span class='ocr_line' id='line_1_33' title="bbox 530 1721 3919 1800; baseline -0 -16"><span class='ocrx_word' id='word_1_228' title='bbox 530 1741 967 1800; x_wconf 85' lang='lat' dir='ltr'><strong>usquequaque</strong></span> <span class='ocrx_word' id='word_1_229' title='bbox 998 1725 1274 1782; x_wconf 89' lang='lat' dir='ltr'><strong>sustollas</strong></span> <span class='ocrx_word' id='word_1_230' title='bbox 1309 1742 1321 1782; x_wconf 86' lang='lat'>:</span> <span class='ocrx_word' id='word_1_231' title='bbox 1355 1729 1437 1792; x_wconf 91' lang='lat' dir='ltr'><strong>ut,</strong></span> <span class='ocrx_word' id='word_1_232' title='bbox 1470 1725 1617 1782; x_wconf 92' lang='lat' dir='ltr'><strong>dum</strong></span> <span class='ocrx_word' id='word_1_233' title='bbox 1642 1725 1939 1796; x_wconf 88' lang='lat' dir='ltr'><strong>deputatis</strong></span> <span class='ocrx_word' id='word_1_234' title='bbox 1973 1722 2182 1778; x_wconf 87' lang='lat' dir='ltr'><strong>ofﬁciis</strong></span> <span class='ocrx_word' id='word_1_235' title='bbox 2213 1737 2258 1794; x_wconf 75' lang='grc' dir='ltr'>Β</span> <span class='ocrx_word' id='word_1_236' title='bbox 2292 1722 2452 1778; x_wconf 90' lang='lat' dir='ltr'><strong>enim</strong></span> <span class='ocrx_word' id='word_1_237' title='bbox 2475 1723 2667 1793; x_wconf 85' lang='lat' dir='ltr'><strong>gratia</strong></span> <span class='ocrx_word' id='word_1_238' title='bbox 2693 1723 2793 1777; x_wconf 90' lang='lat' dir='ltr'><strong>Dei</strong></span> <span class='ocrx_word' id='word_1_239' title='bbox 2811 1721 3127 1780; x_wconf 88' lang='lat' dir='ltr'><strong>Salvatoris</strong></span> <span class='ocrx_word' id='word_1_240' title='bbox 3148 1725 3332 1782; x_wconf 85' lang='lat' dir='ltr'><strong>nostri</strong></span> <span class='ocrx_word' id='word_1_241' title='bbox 3352 1725 3415 1781; x_wconf 91' lang='lat' dir='ltr'><strong>in</strong></span> <span class='ocrx_word' id='word_1_242' title='bbox 3439 1726 3727 1782; x_wconf 89' lang='lat' dir='ltr'><strong>omnibus</strong></span> <span class='ocrx_word' id='word_1_243' title='bbox 3745 1726 3919 1783; x_wconf 88' lang='lat' dir='ltr'><strong>homi-</strong></span> 
     </span>
    </p>
   </div>
   <div class='ocr_carea' id='block_1_34' title="bbox 533 1810 2182 1889">
    <p class='ocr_par' dir='ltr' id='par_1_34' title="bbox 533 1810 2182 1889">
     <span class='ocr_line' id='line_1_34' title="bbox 533 1810 2182 1889; baseline -0.005 -15"><span class='ocrx_word' id='word_1_244' title='bbox 533 1815 807 1889; x_wconf 88' lang='lat' dir='ltr'><strong>obsequii</strong></span> <span class='ocrx_word' id='word_1_245' title='bbox 835 1813 1237 1886; x_wconf 87' lang='lat' dir='ltr'><strong>dependimus</strong></span> <span class='ocrx_word' id='word_1_246' title='bbox 1270 1819 1497 1880; x_wconf 89' lang='lat' dir='ltr'><strong>votum,</strong></span> <span class='ocrx_word' id='word_1_247' title='bbox 1531 1814 1798 1870; x_wconf 61' lang='lat' dir='ltr'><strong>aetherem</strong></span> <span class='ocrx_word' id='word_1_248' title='bbox 1827 1812 1976 1870; x_wconf 89' lang='lat' dir='ltr'><strong>lucis</strong></span> <span class='ocrx_word' id='word_1_249' title='bbox 2004 1810 2182 1868; x_wconf 87' lang='lat' dir='ltr'><strong>lumi-</strong></span> 
     </span>
    </p>
   </div>
   <div class='ocr_carea' id='block_1_35' title="bbox 531 1902 1756 1976">
    <p class='ocr_par' dir='ltr' id='par_1_35' title="bbox 531 1902 1756 1976">
     <span class='ocr_line' id='line_1_35' title="bbox 531 1902 1756 1976; baseline -0.002 -16"><span class='ocrx_word' id='word_1_250' title='bbox 531 1919 756 1961; x_wconf 92' lang='lat' dir='ltr'><strong>nosum</strong></span> <span class='ocrx_word' id='word_1_251' title='bbox 786 1903 1096 1976; x_wconf 88' lang='lat' dir='ltr'><strong>capiamus</strong></span> <span class='ocrx_word' id='word_1_252' title='bbox 1121 1902 1416 1960; x_wconf 75' lang='lat' dir='ltr'><strong>effectum.</strong></span> <span class='ocrx_word' id='word_1_253' title='bbox 1451 1913 1513 1972; x_wconf 56' lang='lat'><strong>13¢.</strong></span> <span class='ocrx_word' id='word_1_254' title='bbox 1547 1906 1756 1959; x_wconf 78' lang='lat' dir='ltr'><strong>Amen.</strong></span> 
     </span>
    </p>
   </div>
   <div class='ocr_carea' id='block_1_36' title="bbox 605 1991 1247 2050">
    <p class='ocr_par' dir='ltr' id='par_1_36' title="bbox 605 1991 1247 2050">
     <span class='ocr_line' id='line_1_36' title="bbox 605 1991 1247 2050; baseline -0.003 0"><span class='ocrx_word' id='word_1_255' title='bbox 605 1995 710 2050; x_wconf 88' lang='lat' dir='ltr'><strong>Per</strong></span> <span class='ocrx_word' id='word_1_256' title='bbox 747 1991 1247 2048; x_wconf 88' lang='lat' dir='ltr'><strong>misericordiam.</strong></span> 
     </span>
    </p>
   </div>
   <div class='ocr_carea' id='block_1_37' title="bbox 603 2076 2180 2150">
    <p class='ocr_par' dir='ltr' id='par_1_37' title="bbox 603 2076 2180 2150">
     <span class='ocr_line' id='line_1_37' title="bbox 603 2076 2180 2150; baseline -0.003 -14"><span class='ocrx_word' id='word_1_257' title='bbox 603 2080 975 2149; x_wconf 75' lang='lat' dir='ltr'><strong>Antiphona.</strong></span> <span class='ocrx_word' id='word_1_258' title='bbox 1007 2079 1252 2150; x_wconf 83' lang='lat' dir='ltr'><strong>Signum</strong></span> <span class='ocrx_word' id='word_1_259' title='bbox 1276 2095 1565 2150; x_wconf 88' lang='lat' dir='ltr'><strong>magnum</strong></span> <span class='ocrx_word' id='word_1_260' title='bbox 1583 2079 1779 2136; x_wconf 91' lang='lat' dir='ltr'><strong>visum</strong></span> <span class='ocrx_word' id='word_1_261' title='bbox 1800 2081 1889 2134; x_wconf 90' lang='lat' dir='ltr'><strong>est</strong></span> <span class='ocrx_word' id='word_1_262' title='bbox 1905 2076 1965 2132; x_wconf 90' lang='lat' dir='ltr'><strong>in</strong></span> <span class='ocrx_word' id='word_1_263' title='bbox 1988 2076 2136 2133; x_wconf 83' lang='lat' dir='ltr'><strong>coelo</strong></span> <span class='ocrx_word' id='word_1_264' title='bbox 2169 2092 2180 2131; x_wconf 91' lang='lat'><strong>:</strong></span> 
     </span>
    </p>
   </div>
   <div class='ocr_carea' id='block_1_38' title="bbox 535 2167 2187 2241">
    <p class='ocr_par' dir='ltr' id='par_1_38' title="bbox 535 2167 2187 2241">
     <span class='ocr_line' id='line_1_38' title="bbox 535 2167 2187 2241; baseline -0.003 -16"><span class='ocrx_word' id='word_1_265' title='bbox 535 2168 735 2225; x_wconf 86' lang='lat' dir='ltr'><strong>Mulier</strong></span> <span class='ocrx_word' id='word_1_266' title='bbox 755 2168 972 2224; x_wconf 90' lang='lat' dir='ltr'><strong>amicta</strong></span> <span class='ocrx_word' id='word_1_267' title='bbox 986 2172 1111 2224; x_wconf 90' lang='lat' dir='ltr'><strong>erat</strong></span> <span class='ocrx_word' id='word_1_268' title='bbox 1133 2167 1280 2238; x_wconf 90' lang='lat' dir='ltr'><strong>sole,</strong></span> <span class='ocrx_word' id='word_1_269' title='bbox 1299 2171 1354 2225; x_wconf 92' lang='lat' dir='ltr'><strong>et</strong></span> <span class='ocrx_word' id='word_1_270' title='bbox 1373 2168 1518 2224; x_wconf 91' lang='lat' dir='ltr'><strong>luna</strong></span> <span class='ocrx_word' id='word_1_271' title='bbox 1539 2167 1650 2224; x_wconf 91' lang='lat' dir='ltr'><strong>sub</strong></span> <span class='ocrx_word' id='word_1_272' title='bbox 1675 2167 1934 2241; x_wconf 80' lang='lat' dir='ltr'><strong>pedibus</strong></span> <span class='ocrx_word' id='word_1_273' title='bbox 1953 2167 2104 2238; x_wconf 89' lang='lat' dir='ltr'><strong>ejus,</strong></span> <span class='ocrx_word' id='word_1_274' title='bbox 2130 2168 2187 2221; x_wconf 92' lang='lat' dir='ltr'><strong>et</strong></span> 
     </span>
    </p>
   </div>
   <div class='ocr_carea' id='block_1_39' title="bbox 537 2255 2185 2330">
    <p class='ocr_par' dir='ltr' id='par_1_39' title="bbox 537 2255 2185 2330">
     <span class='ocr_line' id='line_1_39' title="bbox 537 2255 2185 2330; baseline -0.002 -18"><span class='ocrx_word' id='word_1_275' title='bbox 537 2271 716 2330; x_wconf 90' lang='lat' dir='ltr'><strong>super</strong></span> <span class='ocrx_word' id='word_1_276' title='bbox 746 2260 926 2329; x_wconf 88' lang='lat' dir='ltr'><strong>caput</strong></span> <span class='ocrx_word' id='word_1_277' title='bbox 957 2256 1086 2327; x_wconf 88' lang='lat' dir='ltr'><strong>ejus</strong></span> <span class='ocrx_word' id='word_1_278' title='bbox 1133 2272 1356 2314; x_wconf 89' lang='lat' dir='ltr'><strong>corona</strong></span> <span class='ocrx_word' id='word_1_279' title='bbox 1399 2256 1696 2314; x_wconf 89' lang='lat' dir='ltr'><strong>stellarum</strong></span> <span class='ocrx_word' id='word_1_280' title='bbox 1730 2255 2070 2312; x_wconf 90' lang='lat' dir='ltr'><strong>duodecim.</strong></span> <span class='ocrx_word' id='word_1_281' title='bbox 2119 2255 2185 2309; x_wconf 90' lang='lat' dir='ltr'><strong>Et</strong></span> 
     </span>
    </p>
   </div>
   <div class='ocr_carea' id='block_1_40' title="bbox 536 2341 2186 2419">
    <p class='ocr_par' dir='ltr' id='par_1_40' title="bbox 536 2341 2186 2419">
     <span class='ocr_line' id='line_1_40' title="bbox 536 2341 2186 2419; baseline -0.001 -19"><span class='ocrx_word' id='word_1_282' title='bbox 536 2344 874 2411; x_wconf 87' lang='lat' dir='ltr'><strong>festinabat,</strong></span> <span class='ocrx_word' id='word_1_283' title='bbox 925 2349 987 2400; x_wconf 93' lang='lat' dir='ltr'><strong>ut</strong></span> <span class='ocrx_word' id='word_1_284' title='bbox 1035 2347 1394 2417; x_wconf 89' lang='lat' dir='ltr'><strong>pareret;et</strong></span> <span class='ocrx_word' id='word_1_285' title='bbox 1445 2345 1672 2419; x_wconf 90' lang='lat' dir='ltr'><strong>peperit</strong></span> <span class='ocrx_word' id='word_1_286' title='bbox 1710 2344 1920 2401; x_wconf 88' lang='lat' dir='ltr'><strong>ﬁlium.</strong></span> <span class='ocrx_word' id='word_1_287' title='bbox 1954 2343 2019 2398; x_wconf 93' lang='lat' dir='ltr'><strong>P.</strong></span> <span class='ocrx_word' id='word_1_288' title='bbox 2076 2341 2186 2409; x_wconf 89' lang='lat' dir='ltr'><strong>Qui</strong></span> 
     </span>
    </p>
   </div>
   <div class='ocr_carea' id='block_1_41' title="bbox 538 2430 2184 2504">
    <p class='ocr_par' dir='ltr' id='par_1_41' title="bbox 538 2430 2184 2504">
     <span class='ocr_line' id='line_1_41' title="bbox 538 2430 2184 2504; baseline -0.002 -15"><span class='ocrx_word' id='word_1_289' title='bbox 538 2437 807 2489; x_wconf 90' lang='lat' dir='ltr'><strong>recturus</strong></span> <span class='ocrx_word' id='word_1_290' title='bbox 821 2435 909 2488; x_wconf 91' lang='lat' dir='ltr'><strong>est</strong></span> <span class='ocrx_word' id='word_1_291' title='bbox 927 2447 1138 2488; x_wconf 92' lang='lat' dir='ltr'><strong>omnes</strong></span> <span class='ocrx_word' id='word_1_292' title='bbox 1153 2437 1356 2503; x_wconf 87' lang='lat' dir='ltr'><strong>gentes</strong></span> <span class='ocrx_word' id='word_1_293' title='bbox 1376 2433 1436 2489; x_wconf 92' lang='lat' dir='ltr'><strong>in</strong></span> <span class='ocrx_word' id='word_1_294' title='bbox 1458 2433 1628 2504; x_wconf 91' lang='lat' dir='ltr'><strong>virga</strong></span> <span class='ocrx_word' id='word_1_295' title='bbox 1639 2432 1849 2489; x_wconf 88' lang='lat' dir='ltr'><strong>ferrea.</strong></span> <span class='ocrx_word' id='word_1_296' title='bbox 1875 2431 1937 2492; x_wconf 60' lang='grc' dir='ltr'><strong>ῒ.</strong></span> <span class='ocrx_word' id='word_1_297' title='bbox 1966 2434 2031 2486; x_wconf 85' lang='lat' dir='ltr'><strong>In</strong></span> <span class='ocrx_word' id='word_1_298' title='bbox 2063 2430 2184 2486; x_wconf 89' lang='lat' dir='ltr'><strong>sole</strong></span> 
     </span>
    </p>
   </div>
   <div class='ocr_carea' id='block_1_42' title="bbox 535 2521 2187 2596">
    <p class='ocr_par' dir='ltr' id='par_1_42' title="bbox 535 2521 2187 2596">
     <span class='ocr_line' id='line_1_42' title="bbox 535 2521 2187 2596; baseline -0.002 -18"><span class='ocrx_word' id='word_1_299' title='bbox 535 2523 736 2594; x_wconf 90' lang='lat' dir='ltr'><strong>posuit</strong></span> <span class='ocrx_word' id='word_1_300' title='bbox 755 2521 1205 2579; x_wconf 89' lang='lat' dir='ltr'><strong>tabernaculum</strong></span> <span class='ocrx_word' id='word_1_301' title='bbox 1219 2538 1394 2578; x_wconf 90' lang='lat' dir='ltr'><strong>suum</strong></span> <span class='ocrx_word' id='word_1_302' title='bbox 1425 2540 1437 2578; x_wconf 91' lang='lat'><strong>:</strong></span> <span class='ocrx_word' id='word_1_303' title='bbox 1471 2526 1527 2578; x_wconf 92' lang='lat' dir='ltr'><strong>et</strong></span> <span class='ocrx_word' id='word_1_304' title='bbox 1543 2523 1670 2596; x_wconf 92' lang='lat' dir='ltr'><strong>ipse</strong></span> <span class='ocrx_word' id='word_1_305' title='bbox 1697 2525 1985 2594; x_wconf 89' lang='lat' dir='ltr'><strong>tanquam</strong></span> <span class='ocrx_word' id='word_1_306' title='bbox 2009 2534 2187 2592; x_wconf 91' lang='lat' dir='ltr'><strong>spon-</strong></span> 
     </span>
    </p>
   </div>
   <div class='ocr_carea' id='block_1_43' title="bbox 539 2609 2182 2683">
    <p class='ocr_par' dir='ltr' id='par_1_43' title="bbox 539 2609 2182 2683">
     <span class='ocr_line' id='line_1_43' title="bbox 539 2609 2182 2683; baseline -0.001 -18"><span class='ocrx_word' id='word_1_307' title='bbox 539 2627 639 2666; x_wconf 91' lang='lat' dir='ltr'><strong>sus</strong></span> <span class='ocrx_word' id='word_1_308' title='bbox 660 2610 985 2683; x_wconf 90' lang='lat' dir='ltr'><strong>procedens</strong></span> <span class='ocrx_word' id='word_1_309' title='bbox 1009 2609 1083 2665; x_wconf 93' lang='lat' dir='ltr'><strong>de</strong></span> <span class='ocrx_word' id='word_1_310' title='bbox 1105 2609 1373 2666; x_wconf 89' lang='lat' dir='ltr'><strong>thalamo</strong></span> <span class='ocrx_word' id='word_1_311' title='bbox 1393 2627 1524 2666; x_wconf 91' lang='lat' dir='ltr'><strong>suo.</strong></span> <span class='ocrx_word' id='word_1_312' title='bbox 1553 2611 1626 2668; x_wconf 92' lang='lat' dir='ltr'><strong>P.</strong></span> <span class='ocrx_word' id='word_1_313' title='bbox 1662 2609 1771 2676; x_wconf 88' lang='lat' dir='ltr'><strong>Qui</strong></span> <span class='ocrx_word' id='word_1_314' title='bbox 1791 2613 2056 2665; x_wconf 90' lang='lat' dir='ltr'><strong>recturus</strong></span> <span class='ocrx_word' id='word_1_315' title='bbox 2077 2610 2182 2664; x_wconf 91' lang='lat' dir='ltr'><strong>est.</strong></span> 
     </span>
    </p>
   </div>
   <div class='ocr_carea' id='block_1_44' title="bbox 538 2697 1971 2765">
    <p class='ocr_par' dir='ltr' id='par_1_44' title="bbox 538 2697 1971 2765">
     <span class='ocr_line' id='line_1_44' title="bbox 538 2697 1971 2765; baseline -0.006 -7"><span class='ocrx_word' id='word_1_316' title='bbox 538 2698 600 2758; x_wconf 56' lang='grc' dir='ltr'><strong>ἴ.</strong></span> <span class='ocrx_word' id='word_1_317' title='bbox 630 2697 841 2765; x_wconf 88' lang='lat' dir='ltr'><strong>Gloria,</strong></span> <span class='ocrx_word' id='word_1_318' title='bbox 876 2701 933 2753; x_wconf 89' lang='lat' dir='ltr'><strong>et</strong></span> <span class='ocrx_word' id='word_1_319' title='bbox 952 2697 1165 2763; x_wconf 91' lang='lat' dir='ltr'><strong>honor,</strong></span> <span class='ocrx_word' id='word_1_320' title='bbox 1197 2701 1304 2753; x_wconf 90' lang='lat' dir='ltr'><strong>etc.</strong></span> <span class='ocrx_word' id='word_1_321' title='bbox 1334 2698 1405 2753; x_wconf 88' lang='lat' dir='ltr'><strong>P.</strong></span> <span class='ocrx_word' id='word_1_322' title='bbox 1442 2699 1551 2764; x_wconf 89' lang='lat' dir='ltr'><strong>Qui</strong></span> <span class='ocrx_word' id='word_1_323' title='bbox 1571 2702 1837 2753; x_wconf 90' lang='lat' dir='ltr'><strong>recturus</strong></span> <span class='ocrx_word' id='word_1_324' title='bbox 1864 2701 1971 2752; x_wconf 89' lang='lat' dir='ltr'><strong>est.</strong></span> 
     </span>
    </p>
   </div>
   <div class='ocr_carea' id='block_1_45' title="bbox 609 2785 2187 2858">
    <p class='ocr_par' dir='ltr' id='par_1_45' title="bbox 609 2785 2187 2858">
     <span class='ocr_line' id='line_1_45' title="bbox 609 2785 2187 2858; baseline -0.001 -17"><span class='ocrx_word' id='word_1_325' title='bbox 609 2786 834 2842; x_wconf 75' lang='lat' dir='ltr'><strong>Oratio.</strong></span> <span class='ocrx_word' id='word_1_326' title='bbox 857 2786 1545 2842; x_wconf 90' lang='lat' dir='ltr'><strong>Deussanctiﬁcatordiei</strong></span> <span class='ocrx_word' id='word_1_327' title='bbox 1560 2786 1880 2850; x_wconf 82' lang='lat' dir='ltr'><strong>hodiernae,</strong></span> <span class='ocrx_word' id='word_1_328' title='bbox 1899 2785 2002 2858; x_wconf 91' lang='lat' dir='ltr'><strong>qui</strong></span> <span class='ocrx_word' id='word_1_329' title='bbox 2019 2799 2187 2841; x_wconf 91' lang='lat' dir='ltr'><strong>sanc-</strong></span> 
     </span>
    </p>
   </div>
   <div class='ocr_carea' id='block_1_46' title="bbox 535 2873 2183 2946">
    <p class='ocr_par' dir='ltr' id='par_1_46' title="bbox 535 2873 2183 2946">
     <span class='ocr_line' id='line_1_46' title="bbox 535 2873 2183 2946; baseline -0.002 -15"><span class='ocrx_word' id='word_1_330' title='bbox 535 2879 607 2932; x_wconf 75' lang='lat' dir='ltr'><strong>tae</strong></span> <span class='ocrx_word' id='word_1_331' title='bbox 619 2875 799 2946; x_wconf 85' lang='lat' dir='ltr'><strong>hujus</strong></span> <span class='ocrx_word' id='word_1_332' title='bbox 812 2873 1140 2932; x_wconf 85' lang='lat' dir='ltr'><strong>festivitatis</strong></span> <span class='ocrx_word' id='word_1_333' title='bbox 1155 2891 1376 2932; x_wconf 91' lang='lat' dir='ltr'><strong>nomen</strong></span> <span class='ocrx_word' id='word_1_334' title='bbox 1394 2874 1468 2931; x_wconf 92' lang='lat' dir='ltr'><strong>de</strong></span> <span class='ocrx_word' id='word_1_335' title='bbox 1485 2874 2183 2941; x_wconf 87' lang='lat' dir='ltr'><strong>mirabilibus,indidisti;</strong></span> 
     </span>
    </p>
   </div>
   <div class='ocr_carea' id='block_1_47' title="bbox 533 2962 2189 3037">
    <p class='ocr_par' dir='ltr' id='par_1_47' title="bbox 533 2962 2189 3037">
     <span class='ocr_line' id='line_1_47' title="bbox 533 2962 2189 3037; baseline -0.002 -17"><span class='ocrx_word' id='word_1_336' title='bbox 533 2962 1044 3033; x_wconf 74' lang='lat' dir='ltr'><strong>daEcclesiaetuaa,</strong></span> <span class='ocrx_word' id='word_1_337' title='bbox 1074 2963 1665 3037; x_wconf 86' lang='lat' dir='ltr'><strong>utsicutEpiphania,</strong></span> <span class='ocrx_word' id='word_1_338' title='bbox 1691 2964 1752 3020; x_wconf 92' lang='lat' dir='ltr'><strong>id</strong></span> <span class='ocrx_word' id='word_1_339' title='bbox 1770 2970 1858 3019; x_wconf 91' lang='lat' dir='ltr'><strong>est</strong></span> <span class='ocrx_word' id='word_1_340' title='bbox 1895 2962 2189 3019; x_wconf 89' lang='lat' dir='ltr'><strong>hodierna</strong></span> 
     </span>
    </p>
   </div>
   <div class='ocr_carea' id='block_1_48' title="bbox 2293 1810 3914 1885">
    <p class='ocr_par' dir='ltr' id='par_1_48' title="bbox 2293 1810 3914 1885">
     <span class='ocr_line' id='line_1_48' title="bbox 2293 1810 3914 1885; baseline 0.002 -19"><span class='ocrx_word' id='word_1_341' title='bbox 2293 1810 2494 1868; x_wconf 90' lang='lat' dir='ltr'><strong>nibus.</strong></span> <span class='ocrx_word' id='word_1_342' title='bbox 2520 1812 2591 1865; x_wconf 88' lang='lat' dir='ltr'><strong>P.</strong></span> <span class='ocrx_word' id='word_1_343' title='bbox 2621 1811 2880 1867; x_wconf 85' lang='lat' dir='ltr'><strong>Gaudete</strong></span> <span class='ocrx_word' id='word_1_344' title='bbox 2904 1812 3101 1868; x_wconf 90' lang='lat' dir='ltr'><strong>hodie.</strong></span> <span class='ocrx_word' id='word_1_345' title='bbox 3130 1813 3196 1874; x_wconf 65' lang='grc' dir='ltr'><strong>ῒ.</strong></span> <span class='ocrx_word' id='word_1_346' title='bbox 3238 1813 3455 1885; x_wconf 86' lang='lat' dir='ltr'><strong>Gloria,</strong></span> <span class='ocrx_word' id='word_1_347' title='bbox 3493 1821 3552 1871; x_wconf 89' lang='lat' dir='ltr'><strong>et</strong></span> <span class='ocrx_word' id='word_1_348' title='bbox 3573 1815 3786 1882; x_wconf 92' lang='lat' dir='ltr'><strong>honor,</strong></span> <span class='ocrx_word' id='word_1_349' title='bbox 3811 1818 3914 1872; x_wconf 85' lang='lat' dir='ltr'><strong>etc.</strong></span> 
     </span>
    </p>
   </div>
   <div class='ocr_carea' id='block_1_49' title="bbox 2292 1899 2885 1956">
    <p class='ocr_par' dir='ltr' id='par_1_49' title="bbox 2292 1899 2885 1956">
     <span class='ocr_line' id='line_1_49' title="bbox 2292 1899 2885 1956; baseline 0 -2"><span class='ocrx_word' id='word_1_350' title='bbox 2292 1899 2364 1954; x_wconf 89' lang='lat' dir='ltr'><strong>P.</strong></span> <span class='ocrx_word' id='word_1_351' title='bbox 2405 1899 2664 1956; x_wconf 90' lang='lat' dir='ltr'><strong>Gaudete</strong></span> <span class='ocrx_word' id='word_1_352' title='bbox 2691 1899 2885 1956; x_wconf 90' lang='lat' dir='ltr'><strong>hodie.</strong></span> 
     </span>
    </p>
   </div>
   <div class='ocr_carea' id='block_1_50' title="bbox 2368 1987 3922 2058">
    <p class='ocr_par' dir='ltr' id='par_1_50' title="bbox 2368 1987 3922 2058">
     <span class='ocr_line' id='line_1_50' title="bbox 2368 1987 3922 2058; baseline 0.005 -16"><span class='ocrx_word' id='word_1_353' title='bbox 2368 1987 2597 2044; x_wconf 77' lang='lat' dir='ltr'><strong>Oratio.</strong></span> <span class='ocrx_word' id='word_1_354' title='bbox 2637 1987 2859 2058; x_wconf 86' lang='lat' dir='ltr'><strong>Fulget,</strong></span> <span class='ocrx_word' id='word_1_355' title='bbox 2890 1989 3137 2045; x_wconf 89' lang='lat' dir='ltr'><strong>Domine</strong></span> <span class='ocrx_word' id='word_1_356' title='bbox 3165 1990 3391 2047; x_wconf 79' lang='lat' dir='ltr'><strong>Ccelum</strong></span> <span class='ocrx_word' id='word_1_357' title='bbox 3419 1991 3670 2050; x_wconf 88' lang='lat' dir='ltr'><strong>rutilum</strong></span> <span class='ocrx_word' id='word_1_358' title='bbox 3721 1994 3922 2050; x_wconf 83' lang='lat' dir='ltr'><strong>sereni-</strong></span> 
     </span>
    </p>
   </div>
   <div class='ocr_carea' id='block_1_51' title="bbox 2294 2080 3927 2152">
    <p class='ocr_par' dir='ltr' id='par_1_51' title="bbox 2294 2080 3927 2152">
     <span class='ocr_line' id='line_1_51' title="bbox 2294 2080 3927 2152; baseline 0.004 -19"><span class='ocrx_word' id='word_1_359' title='bbox 2294 2081 2410 2134; x_wconf 87' lang='lat' dir='ltr'><strong>tate</strong></span> <span class='ocrx_word' id='word_1_360' title='bbox 2435 2081 2752 2147; x_wconf 90' lang='lat' dir='ltr'><strong>astrorum,</strong></span> <span class='ocrx_word' id='word_1_361' title='bbox 2773 2081 3068 2150; x_wconf 87' lang='lat' dir='ltr'><strong>Terraque</strong></span> <span class='ocrx_word' id='word_1_362' title='bbox 3093 2080 3229 2151; x_wconf 89' lang='lat' dir='ltr'><strong>ipsa</strong></span> <span class='ocrx_word' id='word_1_363' title='bbox 3255 2081 3569 2152; x_wconf 80' lang='lat' dir='ltr'><strong>refulgenti</strong></span> <span class='ocrx_word' id='word_1_364' title='bbox 3606 2083 3826 2140; x_wconf 82' lang='lat' dir='ltr'><strong>lumine</strong></span> <span class='ocrx_word' id='word_1_365' title='bbox 3851 2098 3927 2139; x_wconf 90' lang='lat' dir='ltr'><strong>se-</strong></span> 
     </span>
    </p>
   </div>
   <div class='ocr_carea' id='block_1_52' title="bbox 2293 2167 3926 2238">
    <p class='ocr_par' dir='ltr' id='par_1_52' title="bbox 2293 2167 3926 2238">
     <span class='ocr_line' id='line_1_52' title="bbox 2293 2167 3926 2238; baseline 0.004 -17"><span class='ocrx_word' id='word_1_366' title='bbox 2293 2170 2559 2235; x_wconf 89' lang='lat' dir='ltr'><strong>renatur,</strong></span> <span class='ocrx_word' id='word_1_367' title='bbox 2573 2167 2716 2238; x_wconf 90' lang='lat' dir='ltr'><strong>quia</strong></span> <span class='ocrx_word' id='word_1_368' title='bbox 2735 2181 3024 2238; x_wconf 88' lang='lat' dir='ltr'><strong>apparere</strong></span> <span class='ocrx_word' id='word_1_369' title='bbox 3040 2167 3320 2238; x_wconf 88' lang='lat' dir='ltr'><strong>dignatus</strong></span> <span class='ocrx_word' id='word_1_370' title='bbox 3349 2185 3408 2224; x_wconf 90' lang='lat' dir='ltr'><strong>es</strong></span> <span class='ocrx_word' id='word_1_371' title='bbox 3421 2171 3657 2228; x_wconf 91' lang='lat' dir='ltr'><strong>mundo</strong></span> <span class='ocrx_word' id='word_1_372' title='bbox 3676 2173 3750 2228; x_wconf 88' lang='lat' dir='ltr'><strong>de</strong></span> <span class='ocrx_word' id='word_1_373' title='bbox 3775 2172 3926 2228; x_wconf 84' lang='lat' dir='ltr'><strong>habi-</strong></span> 
     </span>
    </p>
   </div>
   <div class='ocr_carea' id='block_1_53' title="bbox 2294 2255 3928 2327">
    <p class='ocr_par' dir='ltr' id='par_1_53' title="bbox 2294 2255 3928 2327">
     <span class='ocr_line' id='line_1_53' title="bbox 2294 2255 3928 2327; baseline 0.004 -16"><span class='ocrx_word' id='word_1_374' title='bbox 2294 2255 2489 2311; x_wconf 91' lang='lat' dir='ltr'><strong>taculo</strong></span> <span class='ocrx_word' id='word_1_375' title='bbox 2521 2260 2729 2311; x_wconf 90' lang='lat' dir='ltr'><strong>sancto</strong></span> <span class='ocrx_word' id='word_1_376' title='bbox 2768 2259 2901 2321; x_wconf 93' lang='lat' dir='ltr'><strong>tuo;</strong></span> <span class='ocrx_word' id='word_1_377' title='bbox 2934 2271 3081 2313; x_wconf 91' lang='lat' dir='ltr'><strong>sana</strong></span> <span class='ocrx_word' id='word_1_378' title='bbox 3104 2272 3247 2327; x_wconf 91' lang='lat' dir='ltr'><strong>ergo</strong></span> <span class='ocrx_word' id='word_1_379' title='bbox 3284 2259 3480 2316; x_wconf 90' lang='lat' dir='ltr'><strong>cordis</strong></span> <span class='ocrx_word' id='word_1_380' title='bbox 3508 2261 3699 2318; x_wconf 87' lang='lat' dir='ltr'><strong>nostri</strong></span> <span class='ocrx_word' id='word_1_381' title='bbox 3728 2261 3928 2318; x_wconf 66' lang='lat' dir='ltr'><strong>masti-</strong></span> 
     </span>
    </p>
   </div>
   <div class='ocr_carea' id='block_1_54' title="bbox 2296 2343 3921 2415">
    <p class='ocr_par' dir='ltr' id='par_1_54' title="bbox 2296 2343 3921 2415">
     <span class='ocr_line' id='line_1_54' title="bbox 2296 2343 3921 2415; baseline 0.003 -15"><span class='ocrx_word' id='word_1_382' title='bbox 2296 2344 2462 2411; x_wconf 87' lang='lat' dir='ltr'><strong>tiam,</strong></span> <span class='ocrx_word' id='word_1_383' title='bbox 2492 2343 2634 2415; x_wconf 88' lang='lat' dir='ltr'><strong>quia</strong></span> <span class='ocrx_word' id='word_1_384' title='bbox 2666 2343 2744 2399; x_wconf 91' lang='lat' dir='ltr'><strong>ad</strong></span> <span class='ocrx_word' id='word_1_385' title='bbox 2777 2343 2891 2400; x_wconf 92' lang='lat' dir='ltr'><strong>hoc</strong></span> <span class='ocrx_word' id='word_1_386' title='bbox 2920 2345 3152 2413; x_wconf 89' lang='lat' dir='ltr'><strong>venisti,</strong></span> <span class='ocrx_word' id='word_1_387' title='bbox 3193 2350 3258 2403; x_wconf 91' lang='lat' dir='ltr'><strong>ut</strong></span> <span class='ocrx_word' id='word_1_388' title='bbox 3284 2347 3547 2406; x_wconf 89' lang='lat' dir='ltr'><strong>redimas</strong></span> <span class='ocrx_word' id='word_1_389' title='bbox 3609 2350 3877 2410; x_wconf 76' lang='lat' dir='ltr'><strong>universa</strong></span> <span class='ocrx_word' id='word_1_390' title='bbox 3911 2366 3921 2405; x_wconf 92' lang='lat'><strong>:</strong></span> 
     </span>
    </p>
   </div>
   <div class='ocr_carea' id='block_1_55' title="bbox 2294 2432 3924 2511">
    <p class='ocr_par' dir='ltr' id='par_1_55' title="bbox 2294 2432 3924 2511">
     <span class='ocr_line' id='line_1_55' title="bbox 2294 2432 3924 2511; baseline 0.006 -23"><span class='ocrx_word' id='word_1_391' title='bbox 2294 2432 2556 2505; x_wconf 90' lang='lat' dir='ltr'><strong>illudque</strong></span> <span class='ocrx_word' id='word_1_392' title='bbox 2581 2432 2800 2489; x_wconf 85' lang='lat' dir='ltr'><strong>nostris</strong></span> <span class='ocrx_word' id='word_1_393' title='bbox 2827 2433 3014 2490; x_wconf 89' lang='lat' dir='ltr'><strong>oculis</strong></span> <span class='ocrx_word' id='word_1_394' title='bbox 3029 2433 3235 2490; x_wconf 90' lang='lat' dir='ltr'><strong>lumen</strong></span> <span class='ocrx_word' id='word_1_395' title='bbox 3259 2436 3536 2505; x_wconf 88' lang='lat' dir='ltr'><strong>attribue,</strong></span> <span class='ocrx_word' id='word_1_396' title='bbox 3557 2453 3687 2510; x_wconf 89' lang='lat' dir='ltr'><strong>quo</strong></span> <span class='ocrx_word' id='word_1_397' title='bbox 3708 2443 3758 2496; x_wconf 88' lang='lat' dir='ltr'><strong>te</strong></span> <span class='ocrx_word' id='word_1_398' title='bbox 3782 2438 3924 2511; x_wconf 87' lang='lat' dir='ltr'><strong>puri-</strong></span> 
     </span>
    </p>
   </div>
   <div class='ocr_carea' id='block_1_56' title="bbox 2294 2520 3925 2600">
    <p class='ocr_par' dir='ltr' id='par_1_56' title="bbox 2294 2520 3925 2600">
     <span class='ocr_line' id='line_1_56' title="bbox 2294 2520 3925 2600; baseline 0.006 -24"><span class='ocrx_word' id='word_1_399' title='bbox 2294 2520 2454 2576; x_wconf 88' lang='lat' dir='ltr'><strong>ﬁcati</strong></span> <span class='ocrx_word' id='word_1_400' title='bbox 2478 2535 2714 2592; x_wconf 86' lang='lat' dir='ltr'><strong>semper</strong></span> <span class='ocrx_word' id='word_1_401' title='bbox 2742 2536 3080 2578; x_wconf 89' lang='lat' dir='ltr'><strong>mereamur</strong></span> <span class='ocrx_word' id='word_1_402' title='bbox 3107 2523 3372 2595; x_wconf 88' lang='lat' dir='ltr'><strong>aspicere</strong></span> <span class='ocrx_word' id='word_1_403' title='bbox 3413 2541 3426 2582; x_wconf 87' lang='lat'><strong>:</strong></span> <span class='ocrx_word' id='word_1_404' title='bbox 3459 2529 3525 2582; x_wconf 92' lang='lat' dir='ltr'><strong>ut</strong></span> <span class='ocrx_word' id='word_1_405' title='bbox 3552 2527 3664 2599; x_wconf 91' lang='lat' dir='ltr'><strong>qui</strong></span> <span class='ocrx_word' id='word_1_406' title='bbox 3703 2526 3925 2600; x_wconf 73' lang='lat' dir='ltr'><strong>Appeti-</strong></span> 
     </span>
    </p>
   </div>
   <div class='ocr_carea' id='block_1_57' title="bbox 2294 2609 3925 2678">
    <p class='ocr_par' dir='ltr' id='par_1_57' title="bbox 2294 2609 3925 2678">
     <span class='ocr_line' id='line_1_57' title="bbox 2294 2609 3925 2678; baseline 0.006 -13"><span class='ocrx_word' id='word_1_407' title='bbox 2294 2609 2470 2665; x_wconf 87' lang='lat' dir='ltr'><strong>tionis</strong></span> <span class='ocrx_word' id='word_1_408' title='bbox 2499 2613 2610 2666; x_wconf 80' lang='lat' dir='ltr'><strong>tuae</strong></span> <span class='ocrx_word' id='word_1_409' title='bbox 2651 2609 2873 2678; x_wconf 87' lang='lat' dir='ltr'><strong>gaudia</strong></span> <span class='ocrx_word' id='word_1_410' title='bbox 2902 2610 3251 2669; x_wconf 58' lang='lat' dir='ltr'><strong>laetabunda</strong></span> <span class='ocrx_word' id='word_1_411' title='bbox 3277 2613 3631 2672; x_wconf 87' lang='lat' dir='ltr'><strong>nuntiamus</strong></span> <span class='ocrx_word' id='word_1_412' title='bbox 3659 2616 3722 2673; x_wconf 92' lang='lat' dir='ltr'><strong>in</strong></span> <span class='ocrx_word' id='word_1_413' title='bbox 3754 2615 3925 2674; x_wconf 81' lang='lat' dir='ltr'><strong>Genti-</strong></span> 
     </span>
    </p>
   </div>
   <div class='ocr_carea' id='block_1_58' title="bbox 2293 2697 3924 2776">
    <p class='ocr_par' dir='ltr' id='par_1_58' title="bbox 2293 2697 3924 2776">
     <span class='ocr_line' id='line_1_58' title="bbox 2293 2697 3924 2776; baseline 0.002 -22"><span class='ocrx_word' id='word_1_414' title='bbox 2293 2697 2433 2763; x_wconf 91' lang='lat' dir='ltr'><strong>bus,</strong></span> <span class='ocrx_word' id='word_1_415' title='bbox 2469 2697 2700 2755; x_wconf 88' lang='lat' dir='ltr'><strong>inﬁnita</strong></span> <span class='ocrx_word' id='word_1_416' title='bbox 2721 2704 2916 2754; x_wconf 90' lang='lat' dir='ltr'><strong>tecum</strong></span> <span class='ocrx_word' id='word_1_417' title='bbox 2945 2699 3144 2756; x_wconf 67' lang='lat' dir='ltr'><strong>laetitia</strong></span> <span class='ocrx_word' id='word_1_418' title='bbox 3175 2701 3579 2770; x_wconf 86' lang='lat' dir='ltr'><strong>gaudeamus.</strong></span> <span class='ocrx_word' id='word_1_419' title='bbox 3643 2715 3706 2776; x_wconf 56' lang='lat' dir='ltr'><strong>1y.</strong></span> <span class='ocrx_word' id='word_1_420' title='bbox 3735 2707 3924 2764; x_wconf 73' lang='lat' dir='ltr'><strong>Amen.</strong></span> 
     </span>
    </p>
   </div>
   <div class='ocr_carea' id='block_1_59' title="bbox 2366 2786 3194 2846">
    <p class='ocr_par' dir='ltr' id='par_1_59' title="bbox 2366 2786 3194 2846">
     <span class='ocr_line' id='line_1_59' title="bbox 2366 2786 3194 2846; baseline 0.006 -5"><span class='ocrx_word' id='word_1_421' title='bbox 2366 2789 2473 2842; x_wconf 91' lang='lat' dir='ltr'><strong>Per</strong></span> <span class='ocrx_word' id='word_1_422' title='bbox 2500 2786 2974 2844; x_wconf 90' lang='lat' dir='ltr'><strong>misericordiam</strong></span> <span class='ocrx_word' id='word_1_423' title='bbox 3002 2791 3194 2846; x_wconf 86' lang='lat' dir='ltr'><strong>tuam.</strong></span> 
     </span>
    </p>
   </div>
   <div class='ocr_carea' id='block_1_60' title="bbox 2365 2875 3925 2954">
    <p class='ocr_par' dir='ltr' id='par_1_60' title="bbox 2365 2875 3925 2954">
     <span class='ocr_line' id='line_1_60' title="bbox 2365 2875 3925 2954; baseline 0.005 -24"><span class='ocrx_word' id='word_1_424' title='bbox 2365 2875 2743 2946; x_wconf 76' lang='lat' dir='ltr'><strong>Antiphona.</strong></span> <span class='ocrx_word' id='word_1_425' title='bbox 2783 2878 2904 2945; x_wconf 85' lang='lat' dir='ltr'><strong>Ego</strong></span> <span class='ocrx_word' id='word_1_426' title='bbox 2935 2893 3070 2932; x_wconf 89' lang='lat' dir='ltr'><strong>sum</strong></span> <span class='ocrx_word' id='word_1_427' title='bbox 3093 2877 3386 2950; x_wconf 65' lang='lat' dir='ltr'><strong>Alpha,fet</strong></span> <span class='ocrx_word' id='word_1_428' title='bbox 3417 2881 3665 2954; x_wconf 87' lang='lat' dir='ltr'><strong>Omega,</strong></span> <span class='ocrx_word' id='word_1_429' title='bbox 3697 2881 3925 2954; x_wconf 85' lang='lat' dir='ltr'><strong>primus,</strong></span> 
     </span>
    </p>
   </div>
   <div class='ocr_carea' id='block_1_61' title="bbox 2298 2965 3928 3041">
    <p class='ocr_par' dir='ltr' id='par_1_61' title="bbox 2298 2965 3928 3041">
     <span class='ocr_line' id='line_1_61' title="bbox 2298 2965 3928 3041; baseline 0.005 -22"><span class='ocrx_word' id='word_1_430' title='bbox 2298 2967 2355 3020; x_wconf 90' lang='lat' dir='ltr'><strong>et</strong></span> <span class='ocrx_word' id='word_1_431' title='bbox 2380 2965 2746 3020; x_wconf 88' lang='lat' dir='ltr'><strong>novissimus</strong></span> <span class='ocrx_word' id='word_1_432' title='bbox 2787 2981 2801 3020; x_wconf 91' lang='lat'><strong>:</strong></span> <span class='ocrx_word' id='word_1_433' title='bbox 2834 2965 3197 3038; x_wconf 86' lang='lat' dir='ltr'><strong>principium</strong></span> <span class='ocrx_word' id='word_1_434' title='bbox 3240 2972 3295 3024; x_wconf 88' lang='lat' dir='ltr'><strong>et</strong></span> <span class='ocrx_word' id='word_1_435' title='bbox 3324 2968 3480 3028; x_wconf 88' lang='lat' dir='ltr'><strong>ﬁnis.</strong></span> <span class='ocrx_word' id='word_1_436' title='bbox 3513 2972 3588 3030; x_wconf 89' lang='lat' dir='ltr'><strong>P.</strong></span> <span class='ocrx_word' id='word_1_437' title='bbox 3640 2974 3758 3041; x_wconf 88' lang='lat' dir='ltr'><strong>Ego</strong></span> <span class='ocrx_word' id='word_1_438' title='bbox 3810 2983 3928 3027; x_wconf 86' lang='lat' dir='ltr'><strong>sum</strong></span> 
     </span>
    </p>
   </div>
   <div class='ocr_carea' id='block_1_62' title="bbox 537 3051 3928 3131">
    <p class='ocr_par' dir='ltr' id='par_1_62' title="bbox 537 3051 3928 3131">
     <span class='ocr_line' id='line_1_62' title="bbox 537 3051 3928 3131; baseline 0.001 -23"><span class='ocrx_word' id='word_1_439' title='bbox 537 3051 971 3118; x_wconf 88' lang='lat' dir='ltr'><strong>solemnitas,et</strong></span> <span class='ocrx_word' id='word_1_440' title='bbox 991 3053 1108 3126; x_wconf 78' lang='lat'><strong>89</strong></span> <span class='ocrx_word' id='word_1_441' title='bbox 1125 3052 1445 3109; x_wconf 91' lang='lat' dir='ltr'><strong>declaratio</strong></span> <span class='ocrx_word' id='word_1_442' title='bbox 1466 3057 1522 3109; x_wconf 91' lang='lat' dir='ltr'><strong>et</strong></span> <span class='ocrx_word' id='word_1_443' title='bbox 1560 3052 1856 3125; x_wconf 87' lang='lat' dir='ltr'><strong>apparitio</strong></span> <span class='ocrx_word' id='word_1_444' title='bbox 1882 3066 2192 3122; x_wconf 86' lang='lat' dir='ltr'><strong>nuncupa-</strong></span> <span class='ocrx_word' id='word_1_445' title='bbox 2220 3075 2263 3131; x_wconf 71' lang='grc' dir='ltr'>α</span> <span class='ocrx_word' id='word_1_446' title='bbox 2297 3053 2487 3119; x_wconf 84' lang='lat' dir='ltr'><strong>radix,</strong></span> <span class='ocrx_word' id='word_1_447' title='bbox 2509 3058 2564 3109; x_wconf 90' lang='lat' dir='ltr'><strong>et</strong></span> <span class='ocrx_word' id='word_1_448' title='bbox 2580 3068 2771 3123; x_wconf 88' lang='lat' dir='ltr'><strong>genus</strong></span> <span class='ocrx_word' id='word_1_449' title='bbox 2794 3054 3000 3120; x_wconf 91' lang='lat' dir='ltr'><strong>David,</strong></span> <span class='ocrx_word' id='word_1_450' title='bbox 3022 3055 3192 3112; x_wconf 89' lang='lat' dir='ltr'><strong>stella</strong></span> <span class='ocrx_word' id='word_1_451' title='bbox 3212 3055 3548 3129; x_wconf 90' lang='lat' dir='ltr'><strong>splendida,</strong></span> <span class='ocrx_word' id='word_1_452' title='bbox 3569 3067 3623 3116; x_wconf 87' lang='lat' dir='ltr'><strong>et</strong></span> <span class='ocrx_word' id='word_1_453' title='bbox 3639 3059 3928 3119; x_wconf 85' lang='lat' dir='ltr'><strong>matutina.</strong></span> 
     </span>
    </p>
   </div>
   <div class='ocr_carea' id='block_1_63' title="bbox 538 3141 2186 3214">
    <p class='ocr_par' dir='ltr' id='par_1_63' title="bbox 538 3141 2186 3214">
     <span class='ocr_line' id='line_1_63' title="bbox 538 3141 2186 3214; baseline 0 -16"><span class='ocrx_word' id='word_1_454' title='bbox 538 3145 633 3200; x_wconf 88' lang='lat' dir='ltr'><strong>tur</strong></span> <span class='ocrx_word' id='word_1_455' title='bbox 647 3141 819 3198; x_wconf 90' lang='lat' dir='ltr'><strong>:itain</strong></span> <span class='ocrx_word' id='word_1_456' title='bbox 834 3141 1046 3214; x_wconf 89' lang='lat' dir='ltr'><strong>populo</strong></span> <span class='ocrx_word' id='word_1_457' title='bbox 1061 3147 1160 3198; x_wconf 90' lang='lat' dir='ltr'><strong>tuo</strong></span> <span class='ocrx_word' id='word_1_458' title='bbox 1176 3141 1409 3198; x_wconf 85' lang='lat' dir='ltr'><strong>claritas</strong></span> <span class='ocrx_word' id='word_1_459' title='bbox 1421 3142 1737 3214; x_wconf 78' lang='lat' dir='ltr'><strong>Majestatis</strong></span> <span class='ocrx_word' id='word_1_460' title='bbox 1754 3146 1866 3197; x_wconf 80' lang='lat' dir='ltr'><strong>tuae</strong></span> <span class='ocrx_word' id='word_1_461' title='bbox 1880 3141 2186 3213; x_wconf 84' lang='lat' dir='ltr'><strong>fulgescat,</strong></span> 
     </span>
    </p>
   </div>
   <div class='ocr_carea' id='block_1_64' title="bbox 537 3229 2187 3302">
    <p class='ocr_par' dir='ltr' id='par_1_64' title="bbox 537 3229 2187 3302">
     <span class='ocr_line' id='line_1_64' title="bbox 537 3229 2187 3302; baseline 0.001 -17"><span class='ocrx_word' id='word_1_462' title='bbox 537 3235 594 3287; x_wconf 92' lang='lat' dir='ltr'><strong>et</strong></span> <span class='ocrx_word' id='word_1_463' title='bbox 607 3229 932 3287; x_wconf 86' lang='lat' dir='ltr'><strong>sanctitatis</strong></span> <span class='ocrx_word' id='word_1_464' title='bbox 945 3229 1144 3286; x_wconf 88' lang='lat' dir='ltr'><strong>lumen</strong></span> <span class='ocrx_word' id='word_1_465' title='bbox 1161 3234 1536 3302; x_wconf 87' lang='lat' dir='ltr'><strong>appareat,ut</strong></span> <span class='ocrx_word' id='word_1_466' title='bbox 1550 3229 1721 3301; x_wconf 90' lang='lat' dir='ltr'><strong>plebs</strong></span> <span class='ocrx_word' id='word_1_467' title='bbox 1733 3229 1948 3297; x_wconf 66' lang='lat' dir='ltr'><strong>haec,in</strong></span> <span class='ocrx_word' id='word_1_468' title='bbox 1962 3234 2064 3286; x_wconf 89' lang='lat' dir='ltr'><strong>tuo</strong></span> <span class='ocrx_word' id='word_1_469' title='bbox 2080 3245 2187 3286; x_wconf 89' lang='lat' dir='ltr'><strong>no-</strong></span> 
     </span>
    </p>
   </div>
   <div class='ocr_carea' id='block_1_65' title="bbox 537 3318 2190 3391">
    <p class='ocr_par' dir='ltr' id='par_1_65' title="bbox 537 3318 2190 3391">
     <span class='ocr_line' id='line_1_65' title="bbox 537 3318 2190 3391; baseline 0 -17"><span class='ocrx_word' id='word_1_470' title='bbox 537 3319 686 3375; x_wconf 88' lang='lat' dir='ltr'><strong>mine</strong></span> <span class='ocrx_word' id='word_1_471' title='bbox 701 3319 1180 3386; x_wconf 89' lang='lat' dir='ltr'><strong>consecrata,hoc</strong></span> <span class='ocrx_word' id='word_1_472' title='bbox 1192 3318 1409 3375; x_wconf 89' lang='lat' dir='ltr'><strong>habeat</strong></span> <span class='ocrx_word' id='word_1_473' title='bbox 1414 3319 1434 3390; x_wconf 94' lang='lat' dir='ltr'><strong>j</strong></span> <span class='ocrx_word' id='word_1_474' title='bbox 1446 3318 1636 3389; x_wconf 88' lang='lat' dir='ltr'><strong>ugiter</strong></span> <span class='ocrx_word' id='word_1_475' title='bbox 1647 3319 1708 3375; x_wconf 93' lang='lat' dir='ltr'><strong>in</strong></span> <span class='ocrx_word' id='word_1_476' title='bbox 1721 3319 2190 3391; x_wconf 89' lang='lat' dir='ltr'><strong>conversatione,</strong></span> 
     </span>
    </p>
   </div>
   <div class='ocr_carea' id='block_1_66' title="bbox 535 3407 2188 3485">
    <p class='ocr_par' dir='ltr' id='par_1_66' title="bbox 535 3407 2188 3485">
     <span class='ocr_line' id='line_1_66' title="bbox 535 3407 2188 3485; baseline 0 -19"><span class='ocrx_word' id='word_1_477' title='bbox 535 3408 698 3485; x_wconf 87' lang='lat' dir='ltr'><strong>quod</strong></span> <span class='ocrx_word' id='word_1_478' title='bbox 710 3408 840 3466; x_wconf 67' lang='lat' dir='ltr'><strong>haec</strong></span> <span class='ocrx_word' id='word_1_479' title='bbox 853 3407 1133 3465; x_wconf 85' lang='lat' dir='ltr'><strong>festivitas</strong></span> <span class='ocrx_word' id='word_1_480' title='bbox 1153 3407 1489 3481; x_wconf 89' lang='lat' dir='ltr'><strong>appellatur</strong></span> <span class='ocrx_word' id='word_1_481' title='bbox 1525 3423 1598 3465; x_wconf 84' lang='lat' dir='ltr'><strong>ex</strong></span> <span class='ocrx_word' id='word_1_482' title='bbox 1614 3407 1874 3464; x_wconf 91' lang='lat' dir='ltr'><strong>nomine.</strong></span> <span class='ocrx_word' id='word_1_483' title='bbox 1894 3420 1956 3478; x_wconf 47' lang='lat'><strong>3&#39;.</strong></span> <span class='ocrx_word' id='word_1_484' title='bbox 1980 3411 2188 3466; x_wconf 89' lang='lat' dir='ltr'><strong>Amen.</strong></span> 
     </span>
    </p>
   </div>
   <div class='ocr_carea' id='block_1_67' title="bbox 607 3497 1447 3554">
    <p class='ocr_par' dir='ltr' id='par_1_67' title="bbox 607 3497 1447 3554">
     <span class='ocr_line' id='line_1_67' title="bbox 607 3497 1447 3554; baseline -0.002 0"><span class='ocrx_word' id='word_1_485' title='bbox 607 3500 714 3554; x_wconf 90' lang='lat' dir='ltr'><strong>Per</strong></span> <span class='ocrx_word' id='word_1_486' title='bbox 753 3497 1224 3554; x_wconf 90' lang='lat' dir='ltr'><strong>misericordiam</strong></span> <span class='ocrx_word' id='word_1_487' title='bbox 1262 3501 1447 3554; x_wconf 89' lang='lat' dir='ltr'><strong>tuam.</strong></span> 
     </span>
    </p>
   </div>
   <div class='ocr_carea' id='block_1_68' title="bbox 607 3584 2193 3659">
    <p class='ocr_par' dir='ltr' id='par_1_68' title="bbox 607 3584 2193 3659">
     <span class='ocr_line' id='line_1_68' title="bbox 607 3584 2193 3659; baseline 0.001 -17"><span class='ocrx_word' id='word_1_488' title='bbox 607 3585 984 3654; x_wconf 81' lang='lat' dir='ltr'><strong>Antiphona.</strong></span> <span class='ocrx_word' id='word_1_489' title='bbox 1031 3588 1177 3641; x_wconf 89' lang='lat' dir='ltr'><strong>Ecce</strong></span> <span class='ocrx_word' id='word_1_490' title='bbox 1205 3585 1356 3641; x_wconf 91' lang='lat' dir='ltr'><strong>odor</strong></span> <span class='ocrx_word' id='word_1_491' title='bbox 1385 3584 1488 3642; x_wconf 90' lang='lat' dir='ltr'><strong>ﬁlii</strong></span> <span class='ocrx_word' id='word_1_492' title='bbox 1531 3586 1650 3642; x_wconf 89' lang='lat' dir='ltr'><strong>mei</strong></span> <span class='ocrx_word' id='word_1_493' title='bbox 1685 3585 1833 3643; x_wconf 90' lang='lat' dir='ltr'><strong>sicut</strong></span> <span class='ocrx_word' id='word_1_494' title='bbox 1863 3586 2012 3644; x_wconf 89' lang='lat' dir='ltr'><strong>odor</strong></span> <span class='ocrx_word' id='word_1_495' title='bbox 2066 3585 2193 3659; x_wconf 88' lang='lat' dir='ltr'><strong>agri</strong></span> 
     </span>
    </p>
   </div>
   <div class='ocr_carea' id='block_1_69' title="bbox 543 3673 2192 3746">
    <p class='ocr_par' dir='ltr' id='par_1_69' title="bbox 543 3673 2192 3746">
     <span class='ocr_line' id='line_1_69' title="bbox 543 3673 2192 3746; baseline 0.002 -17"><span class='ocrx_word' id='word_1_496' title='bbox 543 3673 727 3746; x_wconf 92' lang='lat' dir='ltr'><strong>pleni,</strong></span> <span class='ocrx_word' id='word_1_497' title='bbox 765 3673 860 3729; x_wconf 91' lang='lat' dir='ltr'><strong>cui</strong></span> <span class='ocrx_word' id='word_1_498' title='bbox 889 3673 1195 3729; x_wconf 84' lang='lat' dir='ltr'><strong>benedixit</strong></span> <span class='ocrx_word' id='word_1_499' title='bbox 1217 3673 1526 3730; x_wconf 88' lang='lat' dir='ltr'><strong>Dominus.</strong></span> <span class='ocrx_word' id='word_1_500' title='bbox 1556 3677 1660 3731; x_wconf 91' lang='lat' dir='ltr'><strong>Det</strong></span> <span class='ocrx_word' id='word_1_501' title='bbox 1680 3674 1776 3730; x_wconf 87' lang='lat' dir='ltr'><strong>tibi</strong></span> <span class='ocrx_word' id='word_1_502' title='bbox 1800 3678 1951 3731; x_wconf 89' lang='lat' dir='ltr'><strong>Deus</strong></span> <span class='ocrx_word' id='word_1_503' title='bbox 1969 3675 2043 3732; x_wconf 92' lang='lat' dir='ltr'><strong>de</strong></span> <span class='ocrx_word' id='word_1_504' title='bbox 2059 3691 2192 3732; x_wconf 84' lang='lat' dir='ltr'><strong>rore</strong></span> 
     </span>
    </p>
   </div>
   <div class='ocr_carea' id='block_1_70' title="bbox 541 3760 2192 3834">
    <p class='ocr_par' dir='ltr' id='par_1_70' title="bbox 541 3760 2192 3834">
     <span class='ocr_line' id='line_1_70' title="bbox 541 3760 2192 3834; baseline 0.001 -18"><span class='ocrx_word' id='word_1_505' title='bbox 541 3760 690 3830; x_wconf 62' lang='lat' dir='ltr'><strong>caeli,</strong></span> <span class='ocrx_word' id='word_1_506' title='bbox 725 3765 780 3816; x_wconf 93' lang='lat' dir='ltr'><strong>et</strong></span> <span class='ocrx_word' id='word_1_507' title='bbox 807 3761 881 3817; x_wconf 91' lang='lat' dir='ltr'><strong>de</strong></span> <span class='ocrx_word' id='word_1_508' title='bbox 911 3761 1278 3834; x_wconf 85' lang='lat' dir='ltr'><strong>pinguedine</strong></span> <span class='ocrx_word' id='word_1_509' title='bbox 1326 3766 1517 3821; x_wconf 82' lang='lat' dir='ltr'><strong>terrae.</strong></span> <span class='ocrx_word' id='word_1_510' title='bbox 1561 3762 1630 3818; x_wconf 92' lang='lat' dir='ltr'><strong>P.</strong></span> <span class='ocrx_word' id='word_1_511' title='bbox 1675 3765 1741 3818; x_wconf 90' lang='lat' dir='ltr'><strong>Ut</strong></span> <span class='ocrx_word' id='word_1_512' title='bbox 1788 3763 2046 3821; x_wconf 87' lang='lat' dir='ltr'><strong>serviant</strong></span> <span class='ocrx_word' id='word_1_513' title='bbox 2086 3762 2192 3819; x_wconf 89' lang='lat' dir='ltr'><strong>tibi</strong></span> 
     </span>
    </p>
   </div>
   <div class='ocr_carea' id='block_1_71' title="bbox 545 3850 2191 3916">
    <p class='ocr_par' dir='ltr' id='par_1_71' title="bbox 545 3850 2191 3916">
     <span class='ocr_line' id='line_1_71' title="bbox 545 3850 2191 3916; baseline 0.001 -10"><span class='ocrx_word' id='word_1_514' title='bbox 545 3851 776 3916; x_wconf 89' lang='lat' dir='ltr'><strong>Gentes,</strong></span> <span class='ocrx_word' id='word_1_515' title='bbox 798 3855 853 3905; x_wconf 89' lang='lat' dir='ltr'><strong>et</strong></span> <span class='ocrx_word' id='word_1_516' title='bbox 868 3850 1118 3906; x_wconf 86' lang='lat' dir='ltr'><strong>adorent</strong></span> <span class='ocrx_word' id='word_1_517' title='bbox 1137 3854 1187 3906; x_wconf 90' lang='lat' dir='ltr'><strong>te</strong></span> <span class='ocrx_word' id='word_1_518' title='bbox 1201 3850 1406 3906; x_wconf 90' lang='lat' dir='ltr'><strong>tribus.</strong></span> <span class='ocrx_word' id='word_1_519' title='bbox 1425 3851 1485 3911; x_wconf 53' lang='grc' dir='ltr'><strong>ἴ.</strong></span> <span class='ocrx_word' id='word_1_520' title='bbox 1505 3854 1632 3907; x_wconf 84' lang='lat' dir='ltr'><strong>Pete</strong></span> <span class='ocrx_word' id='word_1_521' title='bbox 1651 3854 1685 3907; x_wconf 81' lang='lat' dir='ltr'><strong>a</strong></span> <span class='ocrx_word' id='word_1_522' title='bbox 1700 3868 1812 3916; x_wconf 91' lang='lat' dir='ltr'><strong>me,</strong></span> <span class='ocrx_word' id='word_1_523' title='bbox 1833 3852 2054 3908; x_wconf 86' lang='lat' dir='ltr'><strong>etdabo</strong></span> <span class='ocrx_word' id='word_1_524' title='bbox 2087 3851 2191 3909; x_wconf 89' lang='lat' dir='ltr'><strong>tibi</strong></span> 
     </span>
    </p>
   </div>
   <div class='ocr_carea' id='block_1_72' title="bbox 545 3937 2190 4012">
    <p class='ocr_par' dir='ltr' id='par_1_72' title="bbox 545 3937 2190 4012">
     <span class='ocr_line' id='line_1_72' title="bbox 545 3937 2190 4012; baseline 0.001 -18"><span class='ocrx_word' id='word_1_525' title='bbox 545 3939 758 3994; x_wconf 89' lang='lat' dir='ltr'><strong>Gentes</strong></span> <span class='ocrx_word' id='word_1_526' title='bbox 775 3937 1159 3994; x_wconf 88' lang='lat' dir='ltr'><strong>hereditatem</strong></span> <span class='ocrx_word' id='word_1_527' title='bbox 1179 3944 1364 4003; x_wconf 89' lang='lat' dir='ltr'><strong>tuam,</strong></span> <span class='ocrx_word' id='word_1_528' title='bbox 1381 3944 1436 3994; x_wconf 90' lang='lat' dir='ltr'><strong>et</strong></span> <span class='ocrx_word' id='word_1_529' title='bbox 1453 3939 1891 4012; x_wconf 89' lang='lat' dir='ltr'><strong>possessionem</strong></span> <span class='ocrx_word' id='word_1_530' title='bbox 1906 3941 2190 3997; x_wconf 87' lang='lat' dir='ltr'><strong>terminos</strong></span> 
     </span>
    </p>
   </div>
   <div class='ocr_carea' id='block_1_73' title="bbox 544 4025 2189 4098">
    <p class='ocr_par' dir='ltr' id='par_1_73' title="bbox 544 4025 2189 4098">
     <span class='ocr_line' id='line_1_73' title="bbox 544 4025 2189 4098; baseline 0.002 -17"><span class='ocrx_word' id='word_1_531' title='bbox 544 4030 738 4081; x_wconf 80' lang='lat' dir='ltr'><strong>terrae.</strong></span> <span class='ocrx_word' id='word_1_532' title='bbox 775 4025 847 4083; x_wconf 90' lang='lat' dir='ltr'><strong>P.</strong></span> <span class='ocrx_word' id='word_1_533' title='bbox 877 4028 945 4082; x_wconf 84' lang='lat' dir='ltr'><strong>Ut</strong></span> <span class='ocrx_word' id='word_1_534' title='bbox 987 4027 1246 4084; x_wconf 87' lang='lat' dir='ltr'><strong>serviant</strong></span> <span class='ocrx_word' id='word_1_535' title='bbox 1291 4026 1396 4083; x_wconf 87' lang='lat' dir='ltr'><strong>tibi</strong></span> <span class='ocrx_word' id='word_1_536' title='bbox 1445 4029 1675 4098; x_wconf 91' lang='lat' dir='ltr'><strong>Gentes,</strong></span> <span class='ocrx_word' id='word_1_537' title='bbox 1723 4031 1778 4084; x_wconf 88' lang='lat' dir='ltr'><strong>et</strong></span> <span class='ocrx_word' id='word_1_538' title='bbox 1819 4028 2086 4086; x_wconf 91' lang='lat' dir='ltr'><strong>adorent.</strong></span> <span class='ocrx_word' id='word_1_539' title='bbox 2125 4027 2189 4090; x_wconf 56' lang='grc' dir='ltr'><strong>ἲν.</strong></span> 
     </span>
    </p>
   </div>
   <div class='ocr_carea' id='block_1_74' title="bbox 545 4112 1762 4180">
    <p class='ocr_par' dir='ltr' id='par_1_74' title="bbox 545 4112 1762 4180">
     <span class='ocr_line' id='line_1_74' title="bbox 545 4112 1762 4180; baseline 0.001 -11"><span class='ocrx_word' id='word_1_540' title='bbox 545 4112 756 4177; x_wconf 87' lang='lat' dir='ltr'><strong>Gloria,</strong></span> <span class='ocrx_word' id='word_1_541' title='bbox 792 4118 845 4169; x_wconf 91' lang='lat' dir='ltr'><strong>et</strong></span> <span class='ocrx_word' id='word_1_542' title='bbox 872 4112 1087 4180; x_wconf 90' lang='lat' dir='ltr'><strong>honor,</strong></span> <span class='ocrx_word' id='word_1_543' title='bbox 1122 4118 1230 4170; x_wconf 91' lang='lat' dir='ltr'><strong>etc.</strong></span> <span class='ocrx_word' id='word_1_544' title='bbox 1269 4117 1336 4170; x_wconf 88' lang='lat' dir='ltr'><strong>P.</strong></span> <span class='ocrx_word' id='word_1_545' title='bbox 1388 4117 1455 4170; x_wconf 89' lang='lat' dir='ltr'><strong>Ut</strong></span> <span class='ocrx_word' id='word_1_546' title='bbox 1490 4115 1762 4172; x_wconf 72' lang='lat' dir='ltr'><strong>serviant.</strong></span> 
     </span>
    </p>
   </div>
   <div class='ocr_carea' id='block_1_75' title="bbox 617 4201 2196 4280">
    <p class='ocr_par' dir='ltr' id='par_1_75' title="bbox 617 4201 2196 4280">
     <span class='ocr_line' id='line_1_75' title="bbox 617 4201 2196 4280; baseline 0.002 -23"><span class='ocrx_word' id='word_1_547' title='bbox 617 4202 842 4258; x_wconf 78' lang='lat' dir='ltr'><strong>Oratio.</strong></span> <span class='ocrx_word' id='word_1_548' title='bbox 874 4201 1137 4258; x_wconf 90' lang='lat' dir='ltr'><strong>Gloriose</strong></span> <span class='ocrx_word' id='word_1_549' title='bbox 1160 4206 1311 4260; x_wconf 87' lang='lat' dir='ltr'><strong>Deus</strong></span> <span class='ocrx_word' id='word_1_550' title='bbox 1350 4208 1518 4277; x_wconf 88' lang='lat' dir='ltr'><strong>pater</strong></span> <span class='ocrx_word' id='word_1_551' title='bbox 1538 4208 1592 4260; x_wconf 91' lang='lat' dir='ltr'><strong>et</strong></span> <span class='ocrx_word' id='word_1_552' title='bbox 1622 4204 1889 4272; x_wconf 91' lang='lat' dir='ltr'><strong>Domine,</strong></span> <span class='ocrx_word' id='word_1_553' title='bbox 1925 4204 2029 4280; x_wconf 91' lang='lat' dir='ltr'><strong>qui</strong></span> <span class='ocrx_word' id='word_1_554' title='bbox 2060 4204 2196 4260; x_wconf 88' lang='lat' dir='ltr'><strong>Uni-</strong></span> 
     </span>
    </p>
   </div>
   <div class='ocr_carea' id='block_1_76' title="bbox 546 4290 2195 4362">
    <p class='ocr_par' dir='ltr' id='par_1_76' title="bbox 546 4290 2195 4362">
     <span class='ocr_line' id='line_1_76' title="bbox 546 4290 2195 4362; baseline 0.002 -16"><span class='ocrx_word' id='word_1_555' title='bbox 546 4290 744 4362; x_wconf 90' lang='lat' dir='ltr'><strong>genito</strong></span> <span class='ocrx_word' id='word_1_556' title='bbox 759 4297 815 4346; x_wconf 91' lang='lat' dir='ltr'><strong>et</strong></span> <span class='ocrx_word' id='word_1_557' title='bbox 835 4295 1128 4347; x_wconf 80' lang='lat' dir='ltr'><strong>coaeterno</strong></span> <span class='ocrx_word' id='word_1_558' title='bbox 1144 4291 1266 4348; x_wconf 91' lang='lat' dir='ltr'><strong>ﬁlio</strong></span> <span class='ocrx_word' id='word_1_559' title='bbox 1284 4296 1383 4348; x_wconf 91' lang='lat' dir='ltr'><strong>tuo</strong></span> <span class='ocrx_word' id='word_1_560' title='bbox 1407 4293 1622 4350; x_wconf 87' lang='lat' dir='ltr'><strong>servire</strong></span> <span class='ocrx_word' id='word_1_561' title='bbox 1641 4296 1849 4350; x_wconf 88' lang='lat' dir='ltr'><strong>Gentes</strong></span> <span class='ocrx_word' id='word_1_562' title='bbox 1868 4296 1924 4349; x_wconf 90' lang='lat' dir='ltr'><strong>et</strong></span> <span class='ocrx_word' id='word_1_563' title='bbox 1942 4293 2195 4350; x_wconf 88' lang='lat' dir='ltr'><strong>adorare</strong></span> 
     </span>
    </p>
   </div>
   <div class='ocr_carea' id='block_1_77' title="bbox 552 4377 2272 4478">
    <p class='ocr_par' dir='ltr' id='par_1_77' title="bbox 552 4377 2272 4478">
     <span class='ocr_line' id='line_1_77' title="bbox 552 4377 2272 4478; baseline 0.001 -44"><span class='ocrx_word' id='word_1_564' title='bbox 552 4379 733 4434; x_wconf 87' lang='lat' dir='ltr'><strong>tribus</strong></span> <span class='ocrx_word' id='word_1_565' title='bbox 751 4377 968 4434; x_wconf 86' lang='lat' dir='ltr'><strong>dedisti</strong></span> <span class='ocrx_word' id='word_1_566' title='bbox 1001 4397 1013 4434; x_wconf 93' lang='lat'>:</span> <span class='ocrx_word' id='word_1_567' title='bbox 1037 4381 1361 4453; x_wconf 89' lang='lat' dir='ltr'><strong>poscimus,</strong></span> <span class='ocrx_word' id='word_1_568' title='bbox 1385 4382 1616 4454; x_wconf 89' lang='lat' dir='ltr'><strong>tuaipsi</strong></span> <span class='ocrx_word' id='word_1_569' title='bbox 1636 4381 1939 4456; x_wconf 88' lang='lat' dir='ltr'><strong>possessio</strong></span> <span class='ocrx_word' id='word_1_570' title='bbox 1963 4383 2150 4437; x_wconf 90' lang='lat' dir='ltr'><strong>simus</strong></span> <span class='ocrx_word' id='word_1_571' title='bbox 2179 4399 2193 4447; x_wconf 92' lang='lat'>;</span> <span class='ocrx_word' id='word_1_572' title='bbox 2228 4423 2272 4478; x_wconf 68' lang='grc' dir='ltr'><strong>Β</strong></span> 
     </span>
    </p>
   </div>
   <div class='ocr_carea' id='block_1_78' title="bbox 549 4466 2197 4544">
    <p class='ocr_par' dir='ltr' id='par_1_78' title="bbox 549 4466 2197 4544">
     <span class='ocr_line' id='line_1_78' title="bbox 549 4466 2197 4544; baseline 0.002 -21"><span class='ocrx_word' id='word_1_573' title='bbox 549 4471 614 4523; x_wconf 91' lang='lat' dir='ltr'><strong>ut</strong></span> <span class='ocrx_word' id='word_1_574' title='bbox 636 4466 713 4524; x_wconf 87' lang='lat' dir='ltr'><strong>ab</strong></span> <span class='ocrx_word' id='word_1_575' title='bbox 725 4467 853 4537; x_wconf 88' lang='lat' dir='ltr'><strong>ejus</strong></span> <span class='ocrx_word' id='word_1_576' title='bbox 871 4466 1068 4523; x_wconf 89' lang='lat' dir='ltr'><strong>ﬁliitui</strong></span> <span class='ocrx_word' id='word_1_577' title='bbox 1087 4483 1206 4525; x_wconf 92' lang='lat' dir='ltr'><strong>non</strong></span> <span class='ocrx_word' id='word_1_578' title='bbox 1224 4469 1526 4526; x_wconf 87' lang='lat' dir='ltr'><strong>deviemus</strong></span> <span class='ocrx_word' id='word_1_579' title='bbox 1555 4470 1889 4544; x_wconf 77' lang='lat' dir='ltr'><strong>praeceptis,</strong></span> <span class='ocrx_word' id='word_1_580' title='bbox 1923 4474 1986 4525; x_wconf 89' lang='lat' dir='ltr'><strong>ut</strong></span> <span class='ocrx_word' id='word_1_581' title='bbox 2005 4470 2054 4526; x_wconf 90' lang='lat' dir='ltr'><strong>ei</strong></span> <span class='ocrx_word' id='word_1_582' title='bbox 2085 4485 2197 4526; x_wconf 90' lang='lat' dir='ltr'><strong>nos</strong></span> 
     </span>
    </p>
   </div>
   <div class='ocr_carea' id='block_1_79' title="bbox 548 4555 2197 4632">
    <p class='ocr_par' dir='ltr' id='par_1_79' title="bbox 548 4555 2197 4632">
     <span class='ocr_line' id='line_1_79' title="bbox 548 4555 2197 4632; baseline 0.001 -20"><span class='ocrx_word' id='word_1_583' title='bbox 548 4555 797 4612; x_wconf 91' lang='lat' dir='ltr'><strong>indivise</strong></span> <span class='ocrx_word' id='word_1_584' title='bbox 809 4562 1143 4624; x_wconf 88' lang='lat' dir='ltr'><strong>connectes,</strong></span> <span class='ocrx_word' id='word_1_585' title='bbox 1159 4575 1337 4632; x_wconf 89' lang='lat' dir='ltr'><strong>quem</strong></span> <span class='ocrx_word' id='word_1_586' title='bbox 1357 4576 1427 4616; x_wconf 88' lang='lat' dir='ltr'><strong>ex</strong></span> <span class='ocrx_word' id='word_1_587' title='bbox 1444 4565 1498 4615; x_wconf 92' lang='lat' dir='ltr'><strong>te</strong></span> <span class='ocrx_word' id='word_1_588' title='bbox 1511 4560 1776 4630; x_wconf 89' lang='lat' dir='ltr'><strong>genitum</strong></span> <span class='ocrx_word' id='word_1_589' title='bbox 1791 4558 2045 4630; x_wconf 88' lang='lat' dir='ltr'><strong>gloriose</strong></span> <span class='ocrx_word' id='word_1_590' title='bbox 2061 4573 2197 4631; x_wconf 92' lang='lat' dir='ltr'><strong>pro-</strong></span> 
     </span>
    </p>
   </div>
   <div class='ocr_carea' id='block_1_80' title="bbox 549 4645 1140 4716">
    <p class='ocr_par' dir='ltr' id='par_1_80' title="bbox 549 4645 1140 4716">
     <span class='ocr_line' id='line_1_80' title="bbox 549 4645 1140 4716; baseline 0.005 -14"><span class='ocrx_word' id='word_1_591' title='bbox 549 4645 810 4703; x_wconf 88' lang='lat' dir='ltr'><strong>nuntias.</strong></span> <span class='ocrx_word' id='word_1_592' title='bbox 842 4657 903 4716; x_wconf 48' lang='lat' dir='ltr'><strong>na</strong></span> <span class='ocrx_word' id='word_1_593' title='bbox 935 4649 1140 4704; x_wconf 85' lang='lat' dir='ltr'><strong>Amen.</strong></span> 
     </span>
    </p>
   </div>
   <div class='ocr_carea' id='block_1_81' title="bbox 624 4735 2200 4809">
    <p class='ocr_par' dir='ltr' id='par_1_81' title="bbox 624 4735 2200 4809">
     <span class='ocr_line' id='line_1_81' title="bbox 624 4735 2200 4809; baseline 0.003 -20"><span class='ocrx_word' id='word_1_594' title='bbox 624 4735 772 4800; x_wconf 89' lang='lat' dir='ltr'><strong>Quia</strong></span> <span class='ocrx_word' id='word_1_595' title='bbox 803 4739 995 4791; x_wconf 91' lang='lat' dir='ltr'><strong>tecum</strong></span> <span class='ocrx_word' id='word_1_596' title='bbox 1027 4751 1260 4794; x_wconf 91' lang='lat' dir='ltr'><strong>summe</strong></span> <span class='ocrx_word' id='word_1_597' title='bbox 1286 4739 1454 4794; x_wconf 89' lang='lat' dir='ltr'><strong>Pater</strong></span> <span class='ocrx_word' id='word_1_598' title='bbox 1484 4740 1538 4792; x_wconf 91' lang='lat' dir='ltr'><strong>et</strong></span> <span class='ocrx_word' id='word_1_599' title='bbox 1568 4751 1707 4792; x_wconf 91' lang='lat' dir='ltr'><strong>cum</strong></span> <span class='ocrx_word' id='word_1_600' title='bbox 1736 4736 1948 4809; x_wconf 87' lang='lat' dir='ltr'><strong>Spiritu</strong></span> <span class='ocrx_word' id='word_1_601' title='bbox 1985 4737 2200 4794; x_wconf 90' lang='lat' dir='ltr'><strong>Sancto</strong></span> 
     </span>
    </p>
   </div>
   <div class='ocr_carea' id='block_1_82' title="bbox 553 4824 1739 4882">
    <p class='ocr_par' dir='ltr' id='par_1_82' title="bbox 553 4824 1739 4882">
     <span class='ocr_line' id='line_1_82' title="bbox 553 4824 1739 4882; baseline 0 -4"><span class='ocrx_word' id='word_1_602' title='bbox 553 4837 708 4878; x_wconf 91' lang='lat' dir='ltr'><strong>unus</strong></span> <span class='ocrx_word' id='word_1_603' title='bbox 738 4826 826 4880; x_wconf 90' lang='lat' dir='ltr'><strong>est</strong></span> <span class='ocrx_word' id='word_1_604' title='bbox 851 4825 998 4880; x_wconf 89' lang='lat' dir='ltr'><strong>Deus</strong></span> <span class='ocrx_word' id='word_1_605' title='bbox 1024 4825 1083 4881; x_wconf 92' lang='lat' dir='ltr'><strong>in</strong></span> <span class='ocrx_word' id='word_1_606' title='bbox 1107 4827 1326 4882; x_wconf 76' lang='lat' dir='ltr'><strong>saecula</strong></span> <span class='ocrx_word' id='word_1_607' title='bbox 1365 4824 1739 4882; x_wconf 66' lang='lat' dir='ltr'><strong>saeculorum.</strong></span> 
     </span>
    </p>
   </div>
   <div class='ocr_carea' id='block_1_83' title="bbox 626 4911 1430 4983">
    <p class='ocr_par' dir='ltr' id='par_1_83' title="bbox 626 4911 1430 4983">
     <span class='ocr_line' id='line_1_83' title="bbox 626 4911 1430 4983; baseline 0.001 -16"><span class='ocrx_word' id='word_1_608' title='bbox 626 4911 910 4968; x_wconf 91' lang='lat' dir='ltr'><strong>Dominus</strong></span> <span class='ocrx_word' id='word_1_609' title='bbox 942 4914 1034 4970; x_wconf 92' lang='lat' dir='ltr'><strong>sit.</strong></span> <span class='ocrx_word' id='word_1_610' title='bbox 1070 4926 1134 4983; x_wconf 72' lang='grc' dir='ltr'><strong>Ην.</strong></span> <span class='ocrx_word' id='word_1_611' title='bbox 1177 4918 1430 4970; x_wconf 89' lang='lat' dir='ltr'><strong>Etcum.</strong></span> 
     </span>
    </p>
   </div>
   <div class='ocr_carea' id='block_1_84' title="bbox 622 5000 2201 5076">
    <p class='ocr_par' dir='ltr' id='par_1_84' title="bbox 622 5000 2201 5076">
     <span class='ocr_line' id='line_1_84' title="bbox 622 5000 2201 5076; baseline 0.003 -21"><span class='ocrx_word' id='word_1_612' title='bbox 622 5000 991 5070; x_wconf 76' lang='lat' dir='ltr'><strong>Antiphona.</strong></span> <span class='ocrx_word' id='word_1_613' title='bbox 1014 5003 1166 5059; x_wconf 83' lang='lat' dir='ltr'><strong>Dixit</strong></span> <span class='ocrx_word' id='word_1_614' title='bbox 1192 5001 1427 5059; x_wconf 85' lang='lat' dir='ltr'><strong>auditor</strong></span> <span class='ocrx_word' id='word_1_615' title='bbox 1445 5016 1796 5059; x_wconf 87' lang='lat' dir='ltr'><strong>sermonum</strong></span> <span class='ocrx_word' id='word_1_616' title='bbox 1814 5003 2072 5073; x_wconf 89' lang='lat' dir='ltr'><strong>Domini,</strong></span> <span class='ocrx_word' id='word_1_617' title='bbox 2095 5004 2201 5076; x_wconf 89' lang='lat' dir='ltr'><strong>qui</strong></span> 
     </span>
    </p>
   </div>
   <div class='ocr_carea' id='block_1_85' title="bbox 553 5087 2200 5163">
    <p class='ocr_par' dir='ltr' id='par_1_85' title="bbox 553 5087 2200 5163">
     <span class='ocr_line' id='line_1_85' title="bbox 553 5087 2200 5163; baseline 0.002 -20"><span class='ocrx_word' id='word_1_618' title='bbox 553 5087 841 5146; x_wconf 83' lang='lat' dir='ltr'><strong>visionem</strong></span> <span class='ocrx_word' id='word_1_619' title='bbox 863 5091 1298 5163; x_wconf 88' lang='lat' dir='ltr'><strong>Omnipotentis</strong></span> <span class='ocrx_word' id='word_1_620' title='bbox 1324 5088 1566 5146; x_wconf 87' lang='lat' dir='ltr'><strong>intuitus</strong></span> <span class='ocrx_word' id='word_1_621' title='bbox 1587 5093 1691 5146; x_wconf 86' lang='lat' dir='ltr'><strong>est.</strong></span> <span class='ocrx_word' id='word_1_622' title='bbox 1713 5091 1780 5148; x_wconf 91' lang='lat' dir='ltr'><strong>P.</strong></span> <span class='ocrx_word' id='word_1_623' title='bbox 1794 5090 2019 5147; x_wconf 83' lang='lat' dir='ltr'><strong>Videbo</strong></span> <span class='ocrx_word' id='word_1_624' title='bbox 2040 5107 2200 5161; x_wconf 90' lang='lat' dir='ltr'><strong>eum,</strong></span> 
     </span>
    </p>
   </div>
   <div class='ocr_carea' id='block_1_86' title="bbox 557 5175 2200 5253">
    <p class='ocr_par' dir='ltr' id='par_1_86' title="bbox 557 5175 2200 5253">
     <span class='ocr_line' id='line_1_86' title="bbox 557 5175 2200 5253; baseline 0.004 -22"><span class='ocrx_word' id='word_1_625' title='bbox 557 5177 654 5232; x_wconf 85' lang='lat' dir='ltr'><strong>sed</strong></span> <span class='ocrx_word' id='word_1_626' title='bbox 684 5193 806 5235; x_wconf 89' lang='lat' dir='ltr'><strong>non</strong></span> <span class='ocrx_word' id='word_1_627' title='bbox 835 5180 1020 5236; x_wconf 91' lang='lat' dir='ltr'><strong>modo</strong></span> <span class='ocrx_word' id='word_1_628' title='bbox 1060 5178 1383 5234; x_wconf 89' lang='lat' dir='ltr'><strong>:intuebor</strong></span> <span class='ocrx_word' id='word_1_629' title='bbox 1435 5175 1624 5244; x_wconf 91' lang='lat' dir='ltr'><strong>illum,</strong></span> <span class='ocrx_word' id='word_1_630' title='bbox 1665 5178 1771 5234; x_wconf 80' lang='lat' dir='ltr'><strong>sed</strong></span> <span class='ocrx_word' id='word_1_631' title='bbox 1826 5193 1948 5235; x_wconf 89' lang='lat' dir='ltr'><strong>non</strong></span> <span class='ocrx_word' id='word_1_632' title='bbox 1992 5195 2200 5253; x_wconf 87' lang='lat' dir='ltr'><strong>prope.</strong></span> 
     </span>
    </p>
   </div>
   <div class='ocr_carea' id='block_1_87' title="bbox 558 5266 2200 5336">
    <p class='ocr_par' dir='ltr' id='par_1_87' title="bbox 558 5266 2200 5336">
     <span class='ocr_line' id='line_1_87' title="bbox 558 5266 2200 5336; baseline 0.001 -15"><span class='ocrx_word' id='word_1_633' title='bbox 558 5266 783 5324; x_wconf 88' lang='lat' dir='ltr'><strong>Orietur</strong></span> <span class='ocrx_word' id='word_1_634' title='bbox 811 5267 977 5324; x_wconf 89' lang='lat' dir='ltr'><strong>stella</strong></span> <span class='ocrx_word' id='word_1_635' title='bbox 992 5283 1063 5322; x_wconf 84' lang='lat' dir='ltr'><strong>ex</strong></span> <span class='ocrx_word' id='word_1_636' title='bbox 1083 5267 1266 5322; x_wconf 82' lang='lat' dir='ltr'><strong>Jacob</strong></span> <span class='ocrx_word' id='word_1_637' title='bbox 1287 5270 1342 5322; x_wconf 90' lang='lat' dir='ltr'><strong>et</strong></span> <span class='ocrx_word' id='word_1_638' title='bbox 1363 5267 1880 5336; x_wconf 83' lang='lat' dir='ltr'><strong>consurgethomo</strong></span> <span class='ocrx_word' id='word_1_639' title='bbox 1900 5267 1975 5325; x_wconf 92' lang='lat' dir='ltr'><strong>de</strong></span> <span class='ocrx_word' id='word_1_640' title='bbox 1999 5269 2200 5326; x_wconf 79' lang='lat' dir='ltr'><strong>lsraél.</strong></span> 
     </span>
    </p>
   </div>
   <div class='ocr_carea' id='block_1_88' title="bbox 555 5355 2198 5430">
    <p class='ocr_par' dir='ltr' id='par_1_88' title="bbox 555 5355 2198 5430">
     <span class='ocr_line' id='line_1_88' title="bbox 555 5355 2198 5430; baseline 0.001 -17"><span class='ocrx_word' id='word_1_641' title='bbox 555 5355 618 5413; x_wconf 65' lang='lat' dir='ltr'><strong>ir.</strong></span> <span class='ocrx_word' id='word_1_642' title='bbox 651 5359 894 5427; x_wconf 83' lang='lat' dir='ltr'><strong>Magnus</strong></span> <span class='ocrx_word' id='word_1_643' title='bbox 926 5355 1212 5411; x_wconf 91' lang='lat' dir='ltr'><strong>Dominus</strong></span> <span class='ocrx_word' id='word_1_644' title='bbox 1229 5359 1445 5421; x_wconf 91' lang='lat' dir='ltr'><strong>noster,</strong></span> <span class='ocrx_word' id='word_1_645' title='bbox 1474 5359 1530 5411; x_wconf 91' lang='lat' dir='ltr'><strong>et</strong></span> <span class='ocrx_word' id='word_1_646' title='bbox 1550 5372 1771 5427; x_wconf 89' lang='lat' dir='ltr'><strong>magna</strong></span> <span class='ocrx_word' id='word_1_647' title='bbox 1802 5358 1994 5415; x_wconf 90' lang='lat' dir='ltr'><strong>virtus</strong></span> <span class='ocrx_word' id='word_1_648' title='bbox 2025 5360 2152 5430; x_wconf 91' lang='lat' dir='ltr'><strong>ejus</strong></span> <span class='ocrx_word' id='word_1_649' title='bbox 2185 5377 2198 5414; x_wconf 91' lang='lat'>:</span> 
     </span>
    </p>
   </div>
   <div class='ocr_carea' id='block_1_89' title="bbox 557 5442 2202 5517">
    <p class='ocr_par' dir='ltr' id='par_1_89' title="bbox 557 5442 2202 5517">
     <span class='ocr_line' id='line_1_89' title="bbox 557 5442 2202 5517; baseline 0.003 -17"><span class='ocrx_word' id='word_1_650' title='bbox 557 5446 615 5500; x_wconf 90' lang='lat' dir='ltr'><strong>et</strong></span> <span class='ocrx_word' id='word_1_651' title='bbox 648 5444 951 5517; x_wconf 83' lang='lat' dir='ltr'><strong>sapientiae</strong></span> <span class='ocrx_word' id='word_1_652' title='bbox 991 5442 1120 5512; x_wconf 87' lang='lat' dir='ltr'><strong>ejus</strong></span> <span class='ocrx_word' id='word_1_653' title='bbox 1170 5457 1291 5499; x_wconf 92' lang='lat' dir='ltr'><strong>non</strong></span> <span class='ocrx_word' id='word_1_654' title='bbox 1344 5447 1435 5499; x_wconf 89' lang='lat' dir='ltr'><strong>est</strong></span> <span class='ocrx_word' id='word_1_655' title='bbox 1479 5458 1792 5503; x_wconf 91' lang='lat' dir='ltr'><strong>numerus.</strong></span> <span class='ocrx_word' id='word_1_656' title='bbox 1849 5447 1919 5504; x_wconf 93' lang='lat' dir='ltr'><strong>P.</strong></span> <span class='ocrx_word' id='word_1_657' title='bbox 1979 5448 2202 5505; x_wconf 86' lang='lat' dir='ltr'><strong>Videbo</strong></span> 
     </span>
    </p>
   </div>
   <div class='ocr_carea' id='block_1_90' title="bbox 557 5529 1895 5598">
    <p class='ocr_par' dir='ltr' id='par_1_90' title="bbox 557 5529 1895 5598">
     <span class='ocr_line' id='line_1_90' title="bbox 557 5529 1895 5598; baseline 0.001 -9"><span class='ocrx_word' id='word_1_658' title='bbox 557 5547 717 5589; x_wconf 91' lang='lat' dir='ltr'><strong>eum.</strong></span> <span class='ocrx_word' id='word_1_659' title='bbox 742 5532 803 5590; x_wconf 59' lang='grc' dir='ltr'><strong>ν.</strong></span> <span class='ocrx_word' id='word_1_660' title='bbox 839 5529 1049 5598; x_wconf 86' lang='lat' dir='ltr'><strong>Gloria,</strong></span> <span class='ocrx_word' id='word_1_661' title='bbox 1083 5534 1140 5587; x_wconf 92' lang='lat' dir='ltr'><strong>et</strong></span> <span class='ocrx_word' id='word_1_662' title='bbox 1162 5530 1372 5598; x_wconf 87' lang='lat' dir='ltr'><strong>honor,</strong></span> <span class='ocrx_word' id='word_1_663' title='bbox 1408 5536 1515 5589; x_wconf 91' lang='lat' dir='ltr'><strong>etc.</strong></span> <span class='ocrx_word' id='word_1_664' title='bbox 1550 5535 1615 5589; x_wconf 88' lang='lat' dir='ltr'><strong>P.</strong></span> <span class='ocrx_word' id='word_1_665' title='bbox 1656 5535 1895 5593; x_wconf 86' lang='lat' dir='ltr'><strong>Videbo.</strong></span> 
     </span>
    </p>
   </div>
   <div class='ocr_carea' id='block_1_91' title="bbox 2300 3142 3926 3218">
    <p class='ocr_par' dir='ltr' id='par_1_91' title="bbox 2300 3142 3926 3218">
     <span class='ocr_line' id='line_1_91' title="bbox 2300 3142 3926 3218; baseline 0.003 -19"><span class='ocrx_word' id='word_1_666' title='bbox 2300 3144 2585 3215; x_wconf 90' lang='lat' dir='ltr'><strong>Sponsus,</strong></span> <span class='ocrx_word' id='word_1_667' title='bbox 2605 3146 2659 3197; x_wconf 93' lang='lat' dir='ltr'><strong>et</strong></span> <span class='ocrx_word' id='word_1_668' title='bbox 2677 3157 2900 3213; x_wconf 86' lang='lat' dir='ltr'><strong>sponsa</strong></span> <span class='ocrx_word' id='word_1_669' title='bbox 2916 3142 3122 3200; x_wconf 91' lang='lat' dir='ltr'><strong>dicunt</strong></span> <span class='ocrx_word' id='word_1_670' title='bbox 3154 3161 3166 3201; x_wconf 87' lang='lat'><strong>:</strong></span> <span class='ocrx_word' id='word_1_671' title='bbox 3192 3145 3354 3202; x_wconf 87' lang='lat' dir='ltr'><strong>Veni.</strong></span> <span class='ocrx_word' id='word_1_672' title='bbox 3368 3147 3554 3218; x_wconf 88' lang='lat' dir='ltr'><strong>thui</strong></span> <span class='ocrx_word' id='word_1_673' title='bbox 3566 3148 3708 3217; x_wconf 87' lang='lat' dir='ltr'><strong>sitit,</strong></span> <span class='ocrx_word' id='word_1_674' title='bbox 3720 3147 3898 3206; x_wconf 81' lang='lat' dir='ltr'><strong>veniat</strong></span> <span class='ocrx_word' id='word_1_675' title='bbox 3915 3162 3926 3204; x_wconf 76' lang='grc' dir='ltr'><strong><em>ι</em></strong></span> 
     </span>
    </p>
   </div>
   <div class='ocr_carea' id='block_1_92' title="bbox 2299 3231 3930 3303">
    <p class='ocr_par' dir='ltr' id='par_1_92' title="bbox 2299 3231 3930 3303">
     <span class='ocr_line' id='line_1_92' title="bbox 2299 3231 3930 3303; baseline 0.004 -16"><span class='ocrx_word' id='word_1_676' title='bbox 2299 3236 2354 3287; x_wconf 89' lang='lat' dir='ltr'><strong>et</strong></span> <span class='ocrx_word' id='word_1_677' title='bbox 2387 3231 2645 3302; x_wconf 90' lang='lat' dir='ltr'><strong>accipiat</strong></span> <span class='ocrx_word' id='word_1_678' title='bbox 2679 3246 2904 3302; x_wconf 90' lang='lat' dir='ltr'><strong>aquam</strong></span> <span class='ocrx_word' id='word_1_679' title='bbox 2954 3231 3108 3302; x_wconf 82' lang='lat' dir='ltr'><strong>vitae,</strong></span> <span class='ocrx_word' id='word_1_680' title='bbox 3137 3233 3338 3303; x_wconf 86' lang='lat' dir='ltr'><strong>gratis.</strong></span> <span class='ocrx_word' id='word_1_681' title='bbox 3374 3234 3440 3295; x_wconf 53' lang='grc' dir='ltr'><strong>ἴ.</strong></span> <span class='ocrx_word' id='word_1_682' title='bbox 3496 3239 3656 3294; x_wconf 85' lang='lat' dir='ltr'><strong>Deus</strong></span> <span class='ocrx_word' id='word_1_683' title='bbox 3704 3237 3930 3295; x_wconf 85' lang='lat' dir='ltr'><strong>deorum</strong></span> 
     </span>
    </p>
   </div>
   <div class='ocr_carea' id='block_1_93' title="bbox 2300 3319 3930 3393">
    <p class='ocr_par' dir='ltr' id='par_1_93' title="bbox 2300 3319 3930 3393">
     <span class='ocr_line' id='line_1_93' title="bbox 2300 3319 3930 3393; baseline 0.001 -17"><span class='ocrx_word' id='word_1_684' title='bbox 2300 3319 2590 3376; x_wconf 90' lang='lat' dir='ltr'><strong>Dominus</strong></span> <span class='ocrx_word' id='word_1_685' title='bbox 2617 3320 2849 3376; x_wconf 88' lang='lat' dir='ltr'><strong>locutus</strong></span> <span class='ocrx_word' id='word_1_686' title='bbox 2893 3322 3000 3389; x_wconf 87' lang='lat' dir='ltr'><strong>est,</strong></span> <span class='ocrx_word' id='word_1_687' title='bbox 3031 3325 3088 3378; x_wconf 87' lang='lat' dir='ltr'><strong>et</strong></span> <span class='ocrx_word' id='word_1_688' title='bbox 3141 3323 3376 3379; x_wconf 87' lang='lat' dir='ltr'><strong>vocavit</strong></span> <span class='ocrx_word' id='word_1_689' title='bbox 3420 3328 3668 3384; x_wconf 86' lang='lat' dir='ltr'><strong>terram.</strong></span> <span class='ocrx_word' id='word_1_690' title='bbox 3725 3328 3786 3383; x_wconf 87' lang='lat' dir='ltr'><strong>P.</strong></span> <span class='ocrx_word' id='word_1_691' title='bbox 3825 3327 3930 3393; x_wconf 79' lang='lat' dir='ltr'><strong>Ego</strong></span> 
     </span>
    </p>
   </div>
   <div class='ocr_carea' id='block_1_94' title="bbox 2301 3407 3931 3484">
    <p class='ocr_par' dir='ltr' id='par_1_94' title="bbox 2301 3407 3931 3484">
     <span class='ocr_line' id='line_1_94' title="bbox 2301 3407 3931 3484; baseline 0.004 -21"><span class='ocrx_word' id='word_1_692' title='bbox 2301 3425 2460 3464; x_wconf 90' lang='lat' dir='ltr'><strong>sum.</strong></span> <span class='ocrx_word' id='word_1_693' title='bbox 2488 3407 2549 3466; x_wconf 57' lang='lat' dir='ltr'><strong>tr.</strong></span> <span class='ocrx_word' id='word_1_694' title='bbox 2585 3407 2796 3472; x_wconf 76' lang='lat' dir='ltr'><strong>Gloria,</strong></span> <span class='ocrx_word' id='word_1_695' title='bbox 2829 3413 2938 3464; x_wconf 86' lang='lat' dir='ltr'><strong>etc.</strong></span> <span class='ocrx_word' id='word_1_696' title='bbox 2971 3409 3036 3464; x_wconf 91' lang='lat' dir='ltr'><strong>P.</strong></span> <span class='ocrx_word' id='word_1_697' title='bbox 3066 3412 3186 3481; x_wconf 86' lang='lat' dir='ltr'><strong>Ego</strong></span> <span class='ocrx_word' id='word_1_698' title='bbox 3217 3427 3354 3469; x_wconf 87' lang='lat' dir='ltr'><strong>sum</strong></span> <span class='ocrx_word' id='word_1_699' title='bbox 3381 3412 3598 3484; x_wconf 82' lang='lat' dir='ltr'><strong>Alpha,</strong></span> <span class='ocrx_word' id='word_1_700' title='bbox 3621 3419 3677 3474; x_wconf 87' lang='lat' dir='ltr'><strong>et</strong></span> <span class='ocrx_word' id='word_1_701' title='bbox 3707 3415 3931 3482; x_wconf 79' lang='lat' dir='ltr'><strong>Omega.</strong></span> 
     </span>
    </p>
   </div>
   <div class='ocr_carea' id='block_1_95' title="bbox 2373 3495 3928 3574">
    <p class='ocr_par' dir='ltr' id='par_1_95' title="bbox 2373 3495 3928 3574">
     <span class='ocr_line' id='line_1_95' title="bbox 2373 3495 3928 3574; baseline 0.006 -23"><span class='ocrx_word' id='word_1_702' title='bbox 2373 3497 2602 3553; x_wconf 73' lang='lat' dir='ltr'><strong>Oratio.</strong></span> <span class='ocrx_word' id='word_1_703' title='bbox 2641 3495 2848 3567; x_wconf 89' lang='lat' dir='ltr'><strong>Alpha,</strong></span> <span class='ocrx_word' id='word_1_704' title='bbox 2878 3501 2933 3553; x_wconf 91' lang='lat' dir='ltr'><strong>et</strong></span> <span class='ocrx_word' id='word_1_705' title='bbox 2967 3500 3212 3569; x_wconf 88' lang='lat' dir='ltr'><strong>Omega,</strong></span> <span class='ocrx_word' id='word_1_706' title='bbox 3243 3500 3634 3574; x_wconf 88' lang='lat' dir='ltr'><strong>principium,</strong></span> <span class='ocrx_word' id='word_1_707' title='bbox 3691 3507 3745 3559; x_wconf 92' lang='lat' dir='ltr'><strong>et</strong></span> <span class='ocrx_word' id='word_1_708' title='bbox 3795 3501 3928 3560; x_wconf 76' lang='lat' dir='ltr'><strong>finis.</strong></span> 
     </span>
    </p>
   </div>
   <div class='ocr_carea' id='block_1_96' title="bbox 2298 3583 3931 3662">
    <p class='ocr_par' dir='ltr' id='par_1_96' title="bbox 2298 3583 3931 3662">
     <span class='ocr_line' id='line_1_96' title="bbox 2298 3583 3931 3662; baseline -0.001 -20"><span class='ocrx_word' id='word_1_709' title='bbox 2298 3585 2488 3647; x_wconf 88' lang='lat' dir='ltr'><strong>radix,</strong></span> <span class='ocrx_word' id='word_1_710' title='bbox 2515 3589 2568 3639; x_wconf 91' lang='lat' dir='ltr'><strong>et</strong></span> <span class='ocrx_word' id='word_1_711' title='bbox 2597 3599 2785 3655; x_wconf 90' lang='lat' dir='ltr'><strong>genus</strong></span> <span class='ocrx_word' id='word_1_712' title='bbox 2806 3583 2980 3652; x_wconf 90' lang='lat' dir='ltr'><strong>ﬁlius,</strong></span> <span class='ocrx_word' id='word_1_713' title='bbox 3012 3587 3419 3662; x_wconf 89' lang='lat' dir='ltr'><strong>Dominusque</strong></span> <span class='ocrx_word' id='word_1_714' title='bbox 3452 3591 3659 3658; x_wconf 88' lang='lat' dir='ltr'><strong>David,</strong></span> <span class='ocrx_word' id='word_1_715' title='bbox 3695 3590 3931 3648; x_wconf 86' lang='lat' dir='ltr'><strong>Christus</strong></span> 
     </span>
    </p>
   </div>
   <div class='ocr_carea' id='block_1_97' title="bbox 2300 3673 3932 3754">
    <p class='ocr_par' dir='ltr' id='par_1_97' title="bbox 2300 3673 3932 3754">
     <span class='ocr_line' id='line_1_97' title="bbox 2300 3673 3932 3754; baseline 0 -24"><span class='ocrx_word' id='word_1_716' title='bbox 2300 3677 2453 3730; x_wconf 90' lang='lat' dir='ltr'><strong>Deus</strong></span> <span class='ocrx_word' id='word_1_717' title='bbox 2491 3677 2546 3729; x_wconf 91' lang='lat' dir='ltr'><strong>et</strong></span> <span class='ocrx_word' id='word_1_718' title='bbox 2583 3673 2787 3736; x_wconf 90' lang='lat' dir='ltr'><strong>homo,</strong></span> <span class='ocrx_word' id='word_1_719' title='bbox 2819 3689 2926 3744; x_wconf 92' lang='lat' dir='ltr'><strong>per</strong></span> <span class='ocrx_word' id='word_1_720' title='bbox 2971 3690 3153 3748; x_wconf 89' lang='lat' dir='ltr'><strong>quem</strong></span> <span class='ocrx_word' id='word_1_721' title='bbox 3180 3677 3383 3748; x_wconf 87' lang='lat' dir='ltr'><strong>utique</strong></span> <span class='ocrx_word' id='word_1_722' title='bbox 3414 3683 3499 3734; x_wconf 91' lang='lat' dir='ltr'><strong>est</strong></span> <span class='ocrx_word' id='word_1_723' title='bbox 3533 3679 3650 3745; x_wconf 88' lang='lat' dir='ltr'><strong>ille,</strong></span> <span class='ocrx_word' id='word_1_724' title='bbox 3707 3696 3776 3735; x_wconf 84' lang='lat' dir='ltr'><strong>ex</strong></span> <span class='ocrx_word' id='word_1_725' title='bbox 3827 3691 3932 3754; x_wconf 88' lang='lat' dir='ltr'><strong>quo</strong></span> 
     </span>
    </p>
   </div>
   <div class='ocr_carea' id='block_1_98' title="bbox 2299 3761 3931 3842">
    <p class='ocr_par' dir='ltr' id='par_1_98' title="bbox 2299 3761 3931 3842">
     <span class='ocr_line' id='line_1_98' title="bbox 2299 3761 3931 3842; baseline 0 -24"><span class='ocrx_word' id='word_1_726' title='bbox 2299 3778 2430 3818; x_wconf 90' lang='lat' dir='ltr'><strong>esse</strong></span> <span class='ocrx_word' id='word_1_727' title='bbox 2460 3761 2739 3832; x_wconf 89' lang='lat' dir='ltr'><strong>dignatus</strong></span> <span class='ocrx_word' id='word_1_728' title='bbox 2762 3777 2860 3828; x_wconf 85' lang='lat' dir='ltr'><strong>es;</strong></span> <span class='ocrx_word' id='word_1_729' title='bbox 2886 3767 3014 3817; x_wconf 89' lang='lat' dir='ltr'><strong>esto</strong></span> <span class='ocrx_word' id='word_1_730' title='bbox 3040 3763 3212 3820; x_wconf 90' lang='lat' dir='ltr'><strong>nobis</strong></span> <span class='ocrx_word' id='word_1_731' title='bbox 3239 3765 3562 3842; x_wconf 87' lang='lat' dir='ltr'><strong>propitius,</strong></span> <span class='ocrx_word' id='word_1_732' title='bbox 3590 3767 3736 3826; x_wconf 92' lang='lat' dir='ltr'><strong>dum</strong></span> <span class='ocrx_word' id='word_1_733' title='bbox 3765 3781 3868 3823; x_wconf 85' lang='lat' dir='ltr'><strong>nos</strong></span> <span class='ocrx_word' id='word_1_734' title='bbox 3887 3766 3931 3818; x_wconf 89' lang='lat' dir='ltr'><strong>et</strong></span> 
     </span>
    </p>
   </div>
   <div class='ocr_carea' id='block_1_99' title="bbox 2297 3850 3934 3922">
    <p class='ocr_par' dir='ltr' id='par_1_99' title="bbox 2297 3850 3934 3922">
     <span class='ocr_line' id='line_1_99' title="bbox 2297 3850 3934 3922; baseline 0.001 -14"><span class='ocrx_word' id='word_1_735' title='bbox 2297 3859 2363 3909; x_wconf 89' lang='lat' dir='ltr'><strong>ut</strong></span> <span class='ocrx_word' id='word_1_736' title='bbox 2393 3851 2581 3908; x_wconf 90' lang='lat' dir='ltr'><strong>David</strong></span> <span class='ocrx_word' id='word_1_737' title='bbox 2612 3850 2900 3907; x_wconf 91' lang='lat' dir='ltr'><strong>Dominus</strong></span> <span class='ocrx_word' id='word_1_738' title='bbox 2924 3853 3099 3922; x_wconf 86' lang='lat' dir='ltr'><strong>regis,</strong></span> <span class='ocrx_word' id='word_1_739' title='bbox 3145 3860 3201 3910; x_wconf 90' lang='lat' dir='ltr'><strong>et</strong></span> <span class='ocrx_word' id='word_1_740' title='bbox 3229 3859 3293 3910; x_wconf 91' lang='lat' dir='ltr'><strong>ut</strong></span> <span class='ocrx_word' id='word_1_741' title='bbox 3328 3855 3580 3913; x_wconf 90' lang='lat' dir='ltr'><strong>humilis</strong></span> <span class='ocrx_word' id='word_1_742' title='bbox 3621 3857 3934 3914; x_wconf 89' lang='lat' dir='ltr'><strong>misericors</strong></span> 
     </span>
    </p>
   </div>
   <div class='ocr_carea' id='block_1_100' title="bbox 2298 3941 3940 4014">
    <p class='ocr_par' dir='ltr' id='par_1_100' title="bbox 2298 3941 3940 4014">
     <span class='ocr_line' id='line_1_100' title="bbox 2298 3941 3940 4014; baseline -0.002 -16"><span class='ocrx_word' id='word_1_743' title='bbox 2298 3941 2540 3998; x_wconf 90' lang='lat' dir='ltr'><strong>redimis</strong></span> <span class='ocrx_word' id='word_1_744' title='bbox 2574 3958 2586 3994; x_wconf 91' lang='lat'><strong>:</strong></span> <span class='ocrx_word' id='word_1_745' title='bbox 2621 3945 2682 3994; x_wconf 89' lang='lat' dir='ltr'><strong>ut</strong></span> <span class='ocrx_word' id='word_1_746' title='bbox 2706 3946 2936 4014; x_wconf 90' lang='lat' dir='ltr'><strong>sceptro</strong></span> <span class='ocrx_word' id='word_1_747' title='bbox 2954 3946 3055 3997; x_wconf 90' lang='lat' dir='ltr'><strong>tuo</strong></span> <span class='ocrx_word' id='word_1_748' title='bbox 3077 3943 3401 4014; x_wconf 90' lang='lat' dir='ltr'><strong>subjiciens</strong></span> <span class='ocrx_word' id='word_1_749' title='bbox 3423 3945 3800 4003; x_wconf 87' lang='lat' dir='ltr'><strong>devotionem</strong></span> <span class='ocrx_word' id='word_1_750' title='bbox 3822 3958 3940 3999; x_wconf 83' lang='lat' dir='ltr'><strong>nos-</strong></span> 
     </span>
    </p>
   </div>
   <div class='ocr_carea' id='block_1_101' title="bbox 2300 4029 3938 4108">
    <p class='ocr_par' dir='ltr' id='par_1_101' title="bbox 2300 4029 3938 4108">
     <span class='ocr_line' id='line_1_101' title="bbox 2300 4029 3938 4108; baseline -0.001 -22"><span class='ocrx_word' id='word_1_751' title='bbox 2300 4033 2476 4098; x_wconf 88' lang='lat' dir='ltr'><strong>tram,</strong></span> <span class='ocrx_word' id='word_1_752' title='bbox 2510 4029 2671 4085; x_wconf 91' lang='lat' dir='ltr'><strong>solus</strong></span> <span class='ocrx_word' id='word_1_753' title='bbox 2714 4045 2824 4084; x_wconf 91' lang='lat' dir='ltr'><strong>nos</strong></span> <span class='ocrx_word' id='word_1_754' title='bbox 2863 4030 3178 4104; x_wconf 90' lang='lat' dir='ltr'><strong>possideas</strong></span> <span class='ocrx_word' id='word_1_755' title='bbox 3208 4033 3269 4088; x_wconf 90' lang='lat' dir='ltr'><strong>in</strong></span> <span class='ocrx_word' id='word_1_756' title='bbox 3294 4037 3612 4103; x_wconf 58' lang='lat' dir='ltr'><strong>aeternum,</strong></span> <span class='ocrx_word' id='word_1_757' title='bbox 3645 4035 3750 4108; x_wconf 91' lang='lat' dir='ltr'><strong>qui</strong></span> <span class='ocrx_word' id='word_1_758' title='bbox 3799 4032 3938 4090; x_wconf 84' lang='lat' dir='ltr'><strong>solus</strong></span> 
     </span>
    </p>
   </div>
   <div class='ocr_carea' id='block_1_102' title="bbox 2300 4117 3572 4190">
    <p class='ocr_par' dir='ltr' id='par_1_102' title="bbox 2300 4117 3572 4190">
     <span class='ocr_line' id='line_1_102' title="bbox 2300 4117 3572 4190; baseline 0.006 -16"><span class='ocrx_word' id='word_1_759' title='bbox 2300 4120 2490 4174; x_wconf 89' lang='lat' dir='ltr'><strong>victor</strong></span> <span class='ocrx_word' id='word_1_760' title='bbox 2519 4117 2707 4173; x_wconf 81' lang='lat' dir='ltr'><strong>factus</strong></span> <span class='ocrx_word' id='word_1_761' title='bbox 2746 4133 2809 4174; x_wconf 92' lang='lat' dir='ltr'><strong>es</strong></span> <span class='ocrx_word' id='word_1_762' title='bbox 2839 4118 3229 4176; x_wconf 89' lang='lat' dir='ltr'><strong>infernorum.</strong></span> <span class='ocrx_word' id='word_1_763' title='bbox 3258 4132 3321 4190; x_wconf 67' lang='grc' dir='ltr'><strong>ηε.</strong></span> <span class='ocrx_word' id='word_1_764' title='bbox 3357 4126 3572 4181; x_wconf 82' lang='lat' dir='ltr'><strong>Amen.</strong></span> 
     </span>
    </p>
   </div>
   <div class='ocr_carea' id='block_1_103' title="bbox 2374 4204 3939 4278">
    <p class='ocr_par' dir='ltr' id='par_1_103' title="bbox 2374 4204 3939 4278">
     <span class='ocr_line' id='line_1_103' title="bbox 2374 4204 3939 4278; baseline 0 -18"><span class='ocrx_word' id='word_1_765' title='bbox 2374 4207 2440 4260; x_wconf 88' lang='lat' dir='ltr'><strong>Et</strong></span> <span class='ocrx_word' id='word_1_766' title='bbox 2477 4220 2794 4278; x_wconf 87' lang='lat' dir='ltr'><strong>permanes</strong></span> <span class='ocrx_word' id='word_1_767' title='bbox 2826 4207 2974 4261; x_wconf 89' lang='lat' dir='ltr'><strong>Deus</strong></span> <span class='ocrx_word' id='word_1_768' title='bbox 3004 4206 3354 4266; x_wconf 89' lang='lat' dir='ltr'><strong>benedictus</strong></span> <span class='ocrx_word' id='word_1_769' title='bbox 3382 4209 3442 4266; x_wconf 93' lang='lat' dir='ltr'><strong>in</strong></span> <span class='ocrx_word' id='word_1_770' title='bbox 3490 4212 3703 4269; x_wconf 88' lang='lat' dir='ltr'><strong>omnia</strong></span> <span class='ocrx_word' id='word_1_771' title='bbox 3745 4204 3939 4266; x_wconf 63' lang='lat' dir='ltr'><strong>saecula</strong></span> 
     </span>
    </p>
   </div>
   <div class='ocr_carea' id='block_1_104' title="bbox 2305 4292 3012 4364">
    <p class='ocr_par' dir='ltr' id='par_1_104' title="bbox 2305 4292 3012 4364">
     <span class='ocr_line' id='line_1_104' title="bbox 2305 4292 3012 4364; baseline 0 -15"><span class='ocrx_word' id='word_1_772' title='bbox 2305 4292 2680 4349; x_wconf 71' lang='lat' dir='ltr'><strong>steculorum.</strong></span> <span class='ocrx_word' id='word_1_773' title='bbox 2715 4305 2777 4364; x_wconf 58' lang='lat' dir='ltr'><strong>[tu</strong></span> <span class='ocrx_word' id='word_1_774' title='bbox 2803 4297 3012 4350; x_wconf 81' lang='lat' dir='ltr'><strong>Amen.</strong></span> 
     </span>
    </p>
   </div>
   <div class='ocr_carea' id='block_1_105' title="bbox 2375 4381 3152 4453">
    <p class='ocr_par' dir='ltr' id='par_1_105' title="bbox 2375 4381 3152 4453">
     <span class='ocr_line' id='line_1_105' title="bbox 2375 4381 3152 4453; baseline 0.004 -17"><span class='ocrx_word' id='word_1_775' title='bbox 2375 4381 2660 4436; x_wconf 89' lang='lat' dir='ltr'><strong>Dominus</strong></span> <span class='ocrx_word' id='word_1_776' title='bbox 2687 4383 2778 4438; x_wconf 90' lang='lat' dir='ltr'><strong>sit.</strong></span> <span class='ocrx_word' id='word_1_777' title='bbox 2809 4393 2872 4453; x_wconf 62' lang='grc' dir='ltr'><strong>ἣν.</strong></span> <span class='ocrx_word' id='word_1_778' title='bbox 2900 4385 2964 4438; x_wconf 89' lang='lat' dir='ltr'><strong>Et</strong></span> <span class='ocrx_word' id='word_1_779' title='bbox 2995 4399 3152 4439; x_wconf 90' lang='lat' dir='ltr'><strong>cum.</strong></span> 
     </span>
    </p>
   </div>
   <div class='ocr_carea' id='block_1_106' title="bbox 2904 4473 3338 4530">
    <p class='ocr_par' dir='ltr' id='par_1_106' title="bbox 2904 4473 3338 4530">
     <span class='ocr_line' id='line_1_106' title="bbox 2904 4473 3338 4530; baseline 0.007 -4"><span class='ocrx_word' id='word_1_780' title='bbox 2904 4473 2974 4526; x_wconf 86' lang='lat' dir='ltr'><strong>In</strong></span> <span class='ocrx_word' id='word_1_781' title='bbox 3016 4473 3338 4530; x_wconf 77' lang='lat' dir='ltr'><strong>Laudibus.</strong></span> 
     </span>
    </p>
   </div>
   <div class='ocr_carea' id='block_1_107' title="bbox 2377 4559 3938 4631">
    <p class='ocr_par' dir='ltr' id='par_1_107' title="bbox 2377 4559 3938 4631">
     <span class='ocr_line' id='line_1_107' title="bbox 2377 4559 3938 4631; baseline -0.002 -17"><span class='ocrx_word' id='word_1_782' title='bbox 2377 4560 2475 4614; x_wconf 85' lang='lat' dir='ltr'><strong>Ad</strong></span> <span class='ocrx_word' id='word_1_783' title='bbox 2500 4560 2835 4616; x_wconf 75' lang='lat' dir='ltr'><strong>Canticum.</strong></span> <span class='ocrx_word' id='word_1_784' title='bbox 2858 4561 3230 4631; x_wconf 70' lang='lat' dir='ltr'><strong>Antiphona.</strong></span> <span class='ocrx_word' id='word_1_785' title='bbox 3248 4562 3598 4620; x_wconf 89' lang='lat' dir='ltr'><strong>Benedictus</strong></span> <span class='ocrx_word' id='word_1_786' title='bbox 3616 4579 3680 4620; x_wconf 88' lang='lat' dir='ltr'><strong>es</strong></span> <span class='ocrx_word' id='word_1_787' title='bbox 3712 4559 3938 4618; x_wconf 88' lang='lat' dir='ltr'><strong>Domine</strong></span> 
     </span>
    </p>
   </div>
   <div class='ocr_carea' id='block_1_108' title="bbox 2309 4648 3940 4722">
    <p class='ocr_par' dir='ltr' id='par_1_108' title="bbox 2309 4648 3940 4722">
     <span class='ocr_line' id='line_1_108' title="bbox 2309 4648 3940 4722; baseline -0.001 -20"><span class='ocrx_word' id='word_1_788' title='bbox 2309 4648 2464 4704; x_wconf 87' lang='lat' dir='ltr'><strong>Deus</strong></span> <span class='ocrx_word' id='word_1_789' title='bbox 2488 4648 2688 4710; x_wconf 74' lang='lat' dir='ltr'><strong>lsrael,</strong></span> <span class='ocrx_word' id='word_1_790' title='bbox 2721 4649 2863 4721; x_wconf 86' lang='lat' dir='ltr'><strong>quia</strong></span> <span class='ocrx_word' id='word_1_791' title='bbox 2890 4648 3134 4705; x_wconf 89' lang='lat' dir='ltr'><strong>visitasti</strong></span> <span class='ocrx_word' id='word_1_792' title='bbox 3152 4665 3281 4714; x_wconf 89' lang='lat' dir='ltr'><strong>nos,</strong></span> <span class='ocrx_word' id='word_1_793' title='bbox 3307 4654 3361 4706; x_wconf 91' lang='lat' dir='ltr'><strong>et</strong></span> <span class='ocrx_word' id='word_1_794' title='bbox 3387 4650 3578 4708; x_wconf 87' lang='lat' dir='ltr'><strong>fecisti</strong></span> <span class='ocrx_word' id='word_1_795' title='bbox 3603 4649 3940 4722; x_wconf 84' lang='lat' dir='ltr'><strong>redemptio-</strong></span> 
     </span>
    </p>
   </div>
   <div class='ocr_carea' id='block_1_109' title="bbox 2306 4736 2829 4809">
    <p class='ocr_par' dir='ltr' id='par_1_109' title="bbox 2306 4736 2829 4809">
     <span class='ocr_line' id='line_1_109' title="bbox 2306 4736 2829 4809; baseline -0.004 -16"><span class='ocrx_word' id='word_1_796' title='bbox 2306 4752 2447 4793; x_wconf 92' lang='lat' dir='ltr'><strong>nem</strong></span> <span class='ocrx_word' id='word_1_797' title='bbox 2476 4736 2668 4809; x_wconf 86' lang='lat' dir='ltr'><strong>plebis</strong></span> <span class='ocrx_word' id='word_1_798' title='bbox 2694 4742 2829 4794; x_wconf 67' lang='lat' dir='ltr'><strong>tuae.</strong></span> 
     </span>
    </p>
   </div>
   <div class='ocr_carea' id='block_1_110' title="bbox 2665 4827 3607 4901">
    <p class='ocr_par' dir='ltr' id='par_1_110' title="bbox 2665 4827 3607 4901">
     <span class='ocr_line' id='line_1_110' title="bbox 2665 4827 3607 4901; baseline 0.006 -18"><span class='ocrx_word' id='word_1_799' title='bbox 2665 4827 2977 4883; x_wconf 79' lang='lat' dir='ltr'><strong>Canticum</strong></span> <span class='ocrx_word' id='word_1_800' title='bbox 3009 4827 3327 4884; x_wconf 69' lang='lat' dir='ltr'><strong>Zachariae</strong></span> <span class='ocrx_word' id='word_1_801' title='bbox 3345 4828 3514 4898; x_wconf 77' lang='lat' dir='ltr'><strong>(Cdp.</strong></span> <span class='ocrx_word' id='word_1_802' title='bbox 3542 4828 3607 4901; x_wconf 87' lang='grc' dir='ltr'><strong>ι).</strong></span> 
     </span>
    </p>
   </div>
   <div class='ocr_carea' id='block_1_111' title="bbox 2381 4909 3944 4982">
    <p class='ocr_par' dir='ltr' id='par_1_111' title="bbox 2381 4909 3944 4982">
     <span class='ocr_line' id='line_1_111' title="bbox 2381 4909 3944 4982; baseline -0.002 -12"><span class='ocrx_word' id='word_1_803' title='bbox 2381 4917 2447 4971; x_wconf 87' lang='lat' dir='ltr'><strong>Et</strong></span> <span class='ocrx_word' id='word_1_804' title='bbox 2486 4915 2667 4972; x_wconf 85' lang='lat' dir='ltr'><strong>erexit</strong></span> <span class='ocrx_word' id='word_1_805' title='bbox 2712 4931 2898 4972; x_wconf 92' lang='lat' dir='ltr'><strong>cornu</strong></span> <span class='ocrx_word' id='word_1_806' title='bbox 2929 4913 3134 4972; x_wconf 89' lang='lat' dir='ltr'><strong>salutis</strong></span> <span class='ocrx_word' id='word_1_807' title='bbox 3181 4916 3376 4982; x_wconf 87' lang='lat' dir='ltr'><strong>nobis,</strong></span> <span class='ocrx_word' id='word_1_808' title='bbox 3411 4921 3429 4942; x_wconf 82' lang='lat'><strong><em>&#39;</em></strong></span> <span class='ocrx_word' id='word_1_809' title='bbox 3460 4918 3520 4973; x_wconf 91' lang='lat' dir='ltr'><strong>in</strong></span> <span class='ocrx_word' id='word_1_810' title='bbox 3563 4919 3746 4975; x_wconf 90' lang='lat' dir='ltr'><strong>domo</strong></span> <span class='ocrx_word' id='word_1_811' title='bbox 3779 4909 3944 4972; x_wconf 88' lang='lat' dir='ltr'><strong>David</strong></span> 
     </span>
    </p>
   </div>
   <div class='ocr_carea' id='block_1_112' title="bbox 2309 5004 2612 5076">
    <p class='ocr_par' dir='ltr' id='par_1_112' title="bbox 2309 5004 2612 5076">
     <span class='ocr_line' id='line_1_112' title="bbox 2309 5004 2612 5076; baseline -0.007 -16"><span class='ocrx_word' id='word_1_812' title='bbox 2309 5004 2478 5076; x_wconf 91' lang='lat' dir='ltr'><strong>pueri</strong></span> <span class='ocrx_word' id='word_1_813' title='bbox 2503 5004 2612 5059; x_wconf 90' lang='lat' dir='ltr'><strong>sui.</strong></span> 
     </span>
    </p>
   </div>
   <div class='ocr_carea' id='block_1_113' title="bbox 2384 5089 3947 5168">
    <p class='ocr_par' dir='ltr' id='par_1_113' title="bbox 2384 5089 3947 5168">
     <span class='ocr_line' id='line_1_113' title="bbox 2384 5089 3947 5168; baseline -0.004 -18"><span class='ocrx_word' id='word_1_814' title='bbox 2384 5094 2542 5150; x_wconf 87' lang='lat' dir='ltr'><strong>Sicut</strong></span> <span class='ocrx_word' id='word_1_815' title='bbox 2562 5094 2792 5150; x_wconf 90' lang='lat' dir='ltr'><strong>locutus</strong></span> <span class='ocrx_word' id='word_1_816' title='bbox 2814 5097 2901 5150; x_wconf 85' lang='lat' dir='ltr'><strong>est</strong></span> <span class='ocrx_word' id='word_1_817' title='bbox 2916 5108 3020 5165; x_wconf 92' lang='lat' dir='ltr'><strong>per</strong></span> <span class='ocrx_word' id='word_1_818' title='bbox 3040 5108 3106 5149; x_wconf 88' lang='lat' dir='ltr'><strong>os</strong></span> <span class='ocrx_word' id='word_1_819' title='bbox 3119 5097 3492 5162; x_wconf 88' lang='lat' dir='ltr'><strong>sanctorum,</strong></span> <span class='ocrx_word' id='word_1_820' title='bbox 3519 5094 3540 5118; x_wconf 77' lang='grc'><em>⁴</em></span> <span class='ocrx_word' id='word_1_821' title='bbox 3569 5095 3679 5168; x_wconf 90' lang='lat' dir='ltr'><strong>qui</strong></span> <span class='ocrx_word' id='word_1_822' title='bbox 3701 5089 3947 5152; x_wconf 79' lang='lat' dir='ltr'><strong>asteculo</strong></span> 
     </span>
    </p>
   </div>
   <div class='ocr_carea' id='block_1_114' title="bbox 2311 5182 3125 5253">
    <p class='ocr_par' dir='ltr' id='par_1_114' title="bbox 2311 5182 3125 5253">
     <span class='ocr_line' id='line_1_114' title="bbox 2311 5182 3125 5253; baseline 0 -17"><span class='ocrx_word' id='word_1_823' title='bbox 2311 5186 2465 5249; x_wconf 90' lang='lat' dir='ltr'><strong>sunt,</strong></span> <span class='ocrx_word' id='word_1_824' title='bbox 2497 5182 2918 5253; x_wconf 85' lang='lat' dir='ltr'><strong>prophetarum</strong></span> <span class='ocrx_word' id='word_1_825' title='bbox 2951 5183 3076 5251; x_wconf 91' lang='lat' dir='ltr'><strong>ejus</strong></span> <span class='ocrx_word' id='word_1_826' title='bbox 3113 5199 3125 5236; x_wconf 89' lang='lat'>:</span> 
     </span>
    </p>
   </div>
   <div class='ocr_carea' id='block_1_115' title="bbox 2383 5270 3949 5337">
    <p class='ocr_par' dir='ltr' id='par_1_115' title="bbox 2383 5270 3949 5337">
     <span class='ocr_line' id='line_1_115' title="bbox 2383 5270 3949 5337; baseline 0 -12"><span class='ocrx_word' id='word_1_827' title='bbox 2383 5270 2640 5326; x_wconf 87' lang='lat' dir='ltr'><strong>Salutem</strong></span> <span class='ocrx_word' id='word_1_828' title='bbox 2674 5285 2745 5325; x_wconf 85' lang='lat' dir='ltr'><strong>ex</strong></span> <span class='ocrx_word' id='word_1_829' title='bbox 2802 5271 3056 5326; x_wconf 89' lang='lat' dir='ltr'><strong>inimicis</strong></span> <span class='ocrx_word' id='word_1_830' title='bbox 3098 5271 3336 5337; x_wconf 90' lang='lat' dir='ltr'><strong>nostris,</strong></span> <span class='ocrx_word' id='word_1_831' title='bbox 3376 5273 3395 5298; x_wconf 79' lang='lat'>&#39;</span> <span class='ocrx_word' id='word_1_832' title='bbox 3427 5275 3482 5329; x_wconf 92' lang='lat' dir='ltr'><strong>et</strong></span> <span class='ocrx_word' id='word_1_833' title='bbox 3511 5273 3589 5330; x_wconf 89' lang='lat' dir='ltr'><strong>de</strong></span> <span class='ocrx_word' id='word_1_834' title='bbox 3620 5287 3807 5331; x_wconf 89' lang='lat' dir='ltr'><strong>manu</strong></span> <span class='ocrx_word' id='word_1_835' title='bbox 3843 5284 3949 5327; x_wconf 90' lang='lat' dir='ltr'><strong>om-</strong></span> 
     </span>
    </p>
   </div>
   <div class='ocr_carea' id='block_1_116' title="bbox 2311 5358 3260 5430">
    <p class='ocr_par' dir='ltr' id='par_1_116' title="bbox 2311 5358 3260 5430">
     <span class='ocr_line' id='line_1_116' title="bbox 2311 5358 3260 5430; baseline 0 -17"><span class='ocrx_word' id='word_1_836' title='bbox 2311 5359 2478 5414; x_wconf 89' lang='lat' dir='ltr'><strong>nium</strong></span> <span class='ocrx_word' id='word_1_837' title='bbox 2509 5359 2648 5414; x_wconf 92' lang='lat' dir='ltr'><strong>odio</strong></span> <span class='ocrx_word' id='word_1_838' title='bbox 2675 5359 2777 5430; x_wconf 90' lang='lat' dir='ltr'><strong>qni</strong></span> <span class='ocrx_word' id='word_1_839' title='bbox 2805 5358 3059 5414; x_wconf 88' lang='lat' dir='ltr'><strong>oderunt</strong></span> <span class='ocrx_word' id='word_1_840' title='bbox 3091 5373 3202 5414; x_wconf 89' lang='lat' dir='ltr'><strong>nos</strong></span> <span class='ocrx_word' id='word_1_841' title='bbox 3247 5376 3260 5413; x_wconf 89' lang='lat'><strong>:</strong></span> 
     </span>
    </p>
   </div>
   <div class='ocr_carea' id='block_1_117' title="bbox 2383 5447 3948 5521">
    <p class='ocr_par' dir='ltr' id='par_1_117' title="bbox 2383 5447 3948 5521">
     <span class='ocr_line' id='line_1_117' title="bbox 2383 5447 3948 5521; baseline -0.001 -20"><span class='ocrx_word' id='word_1_842' title='bbox 2383 5447 2468 5501; x_wconf 83' lang='lat' dir='ltr'><strong>Ad</strong></span> <span class='ocrx_word' id='word_1_843' title='bbox 2506 5447 2840 5502; x_wconf 83' lang='lat' dir='ltr'><strong>faciendam</strong></span> <span class='ocrx_word' id='word_1_844' title='bbox 2872 5447 3337 5502; x_wconf 86' lang='lat' dir='ltr'><strong>misericordiam</strong></span> <span class='ocrx_word' id='word_1_845' title='bbox 3368 5463 3506 5504; x_wconf 93' lang='lat' dir='ltr'><strong>cum</strong></span> <span class='ocrx_word' id='word_1_846' title='bbox 3552 5451 3826 5521; x_wconf 88' lang='lat' dir='ltr'><strong>patribus</strong></span> <span class='ocrx_word' id='word_1_847' title='bbox 3862 5460 3948 5501; x_wconf 87' lang='lat' dir='ltr'><strong>nc-</strong></span> 
     </span>
    </p>
   </div>
   <div class='ocr_carea' id='block_1_118' title="bbox 2313 5535 3680 5596">
    <p class='ocr_par' dir='ltr' id='par_1_118' title="bbox 2313 5535 3680 5596">
     <span class='ocr_line' id='line_1_118' title="bbox 2313 5535 3680 5596; baseline 0.005 -7"><span class='ocrx_word' id='word_1_848' title='bbox 2313 5535 2446 5590; x_wconf 85' lang='lat' dir='ltr'><strong>stris</strong></span> <span class='ocrx_word' id='word_1_849' title='bbox 2471 5552 2482 5590; x_wconf 90' lang='lat'><strong>:</strong></span> <span class='ocrx_word' id='word_1_850' title='bbox 2514 5540 2531 5559; x_wconf 87' lang='lat'>&#39;</span> <span class='ocrx_word' id='word_1_851' title='bbox 2555 5541 2608 5592; x_wconf 87' lang='lat' dir='ltr'><strong>et</strong></span> <span class='ocrx_word' id='word_1_852' title='bbox 2632 5535 2948 5592; x_wconf 87' lang='lat' dir='ltr'><strong>memorari</strong></span> <span class='ocrx_word' id='word_1_853' title='bbox 2976 5536 3311 5593; x_wconf 86' lang='lat' dir='ltr'><strong>testamenti</strong></span> <span class='ocrx_word' id='word_1_854' title='bbox 3341 5537 3434 5593; x_wconf 89' lang='lat' dir='ltr'><strong>sui</strong></span> <span class='ocrx_word' id='word_1_855' title='bbox 3463 5538 3680 5596; x_wconf 89' lang='lat' dir='ltr'><strong>sancti.</strong></span> 
     </span>
    </p>
   </div>
  </div>
