4160 6414
236 268 328 328 {Si
1380 269 1451 325 IN
1490 267 1719 326 FFSTO
1763 266 2273 329 APPABITIONIS
2312 272 2590 330 DOMINI.

3592 280 3696 341 182

261 411 480 465 eorum,
512 398 575 452 et
600 397 991 468 praclarum
1014 410 1230 453 nomen
1255 410 1462 452 eorum
1494 409 1695 451 coram
1719 393 1838 451 illo.
1861 395 1929 453 P.
1962 393 2009 449 A
2038 396 2231 466 gratia
2265 398 2558 472 repentini
2579 397 2791 453 vestire
2828 396 3107 467 fulgoris;
3148 400 3411 468 ostende,
3453 415 3695 475 quaesu-

260 492 322 545 Et
350 486 726 544 adorabunt.
758 498 825 557 ag.
861 486 1079 549 Gloria,
1118 490 1224 541 etc.
1266 485 1327 540 P.
1359 486 1425 539 Et
1461 484 1817 540 adorabunt.

2038 500 2197 555 mus,
2226 487 2438 544 faciem
2460 493 2625 543 tuam
2644 485 2877 558 populis
2900 485 3277 545 Christianis:
3302 495 3383 557 ut,
3410 492 3694 551 sicutMa~

327 578 561 633 Oratio.
600 575 862 631 Domine
878 577 910 628 J
918 591 1020 630 esu
1050 574 1290 645 Christe,
1315 574 1410 630 cui
1436 588 1605 644 reges
1633 576 1689 628 et
1717 572 1928 627 insulae
2038 575 2127 644 gis
2166 578 2504 633 errantibus
2531 575 2776 632 tandem
2798 576 3095 631 tramitem
3116 580 3242 633 veri
3266 580 3690 639 demonstrasti

253 662 1423 737 muneraoﬁ‘erunt;quiinvictavirtute
1439 662 1693 719 liberare
1711 660 1929 717 venisti
2035 664 2282 733 itineris,
2312 666 2394 722 ita
2443 665 2619 721 nobis
2663 664 3149 736 delinquentibus
3178 667 3404 727 tribuas
3450 674 3691 744 portum

251 769 592 830 pauperem
624 756 958 826 apotente;
991 756 1048 809 et
1083 768 1153 810 ex
1186 752 1373 809 hostis
1400 751 1632 825 antiqui
1662 751 1925 823 potentia
2035 756 2271 810 aeternae
2302 753 2528 811 salutis.
2562 765 2628 823 Ri.
2660 755 2869 809 Amen.

246 844 458 914 fragile
479 843 838 900 humanum
860 856 1055 912 genus
1068 842 1295 915 eripere
1314 840 1696 897 miseratione
1722 854 1926 911 super-

241 948 357 990 na:
395 948 543 989 cum
586 946 705 988 nos
734 946 771 987 a
802 934 860 986 te
890 930 1255 1003 prolungati,
1296 933 1652 1001 tuarumque
1681 928 1925 984 misera-

238 1023 480 1078 tionum
524 1021 746 1092 inopes
772 1018 914 1075 facti
938 1036 952 1084 ;
970 1019 1128 1074 illius
1144 1018 1445 1091 iniquitati
1463 1018 1706 1084 subditi,
1720 1018 1921 1073 vincu-

2103 844 2209 897 Per
2237 842 2734 899 misericordiam.

2102 931 2474 1001 Antiphona.
2504 932 2619 986 Viri
2644 931 2938 988 sublimes
2961 932 3039 988 ad
3068 935 3121 990 te
3142 933 3501 1001 transibunt,
3524 937 3579 992 et
3607 937 3690 993 tui

2031 1023 2204 1076 erunt
2230 1037 2243 1077 :
2268 1024 2325 1077 te
2341 1020 2881 1092 adorabunt,teque
2903 1022 3390 1093 deprecabuntur
3409 1027 3691 1083 :Tantum

236 1109 884 1182 lisquepeocaminum
908 1111 1247 1163 teneremur
1262 1107 1523 1164 addicti:
1552 1108 1645 1164 Sic
1676 1111 1779 1162 tua
1808 1121 1920 1161 nos
2029 1106 2092 1163 in
2112 1112 2166 1164 te
2193 1113 2279 1164 est
2311 1112 2484 1172 Deus.
2518 1113 2721 1165 etnon
2760 1117 2848 1165 est
2881 1115 3095 1182 praeter
3125 1114 3198 1167 te.
3246 1115 3306 1169 P.
3340 1114 3483 1169 Vere
3530 1117 3595 1169 tu
3624 1129 3687 1168 es

232 1201 363 1271 jam
390 1197 591 1270 pietas
623 1195 774 1253 etab
795 1197 925 1266 ejus
944 1196 1176 1251 saevitia
1188 1199 1377 1261 eruat,
1402 1195 1768 1251 etrestitutos
1783 1194 1915 1263 tibi,

237 1293 444 1343 tecum
464 1300 908 1358 permansuros
932 1284 1317 1340 commendet
1344 1300 1356 1338 :
1380 1288 1445 1340 ut
1466 1284 1572 1355 qui
1591 1299 1701 1339 nos
1729 1290 1783 1338 te
1807 1284 1915 1337 mi-

238 1376 578 1431 miserante
610 1372 958 1445 redemptos
990 1371 1284 1429 fatemur:
1327 1371 1695 1428 remunerati
1729 1376 1780 1427 te
1812 1371 1916 1426 do-

236 1467 426 1521 nante
451 1461 854 1536 postmodum
895 1460 1238 1531 gloriemur.
1287 1472 1351 1529 Βι.
1382 1464 1593 1516 Amen.

306 1556 422 1609 Per
449 1550 949 1608 misericordiam.

308 1640 697 1710 Antiphone.
733 1639 1002 1701 Domine,
1021 1638 1127 1710 qui
1158 1641 1211 1693 te
1232 1637 1520 1699 nutriunt,
1554 1650 1723 1705 reges
1744 1638 1915 1691 erunt

2030 1198 2184 1252 Deus
2213 1198 2617 1261 absconditus,
2645 1200 2799 1253 Deus
2831 1200 3007 1255 Israel
3034 1200 3322 1257 Salvator.
3351 1201 3414 1261 7V.
3444 1202 3690 1259 Domine

2026 1288 2180 1340 Deus
2217 1285 2503 1341 virtutum
2521 1288 2657 1357 quis
2682 1288 2895 1342 similis
2926 1288 3075 1344 tibi?
3093 1293 3305 1345 Potens
3322 1306 3384 1345 es
3408 1290 3682 1361 Domine,

2025 1377 2081 1428 et
2116 1372 2333 1429 veritas
2386 1378 2488 1429 tua
2545 1374 2605 1429 in
2654 1374 2968 1431 circumitu
3031 1380 3154 1433 tuo.
3191 1380 3248 1431 P.
3311 1380 3456 1434 Vere
3504 1382 3566 1434 tu
3620 1393 3683 1433 es

2026 1463 2197 1516 Deus.
2220 1462 2281 1527 γ,
2316 1461 2529 1532 Gloria,
2559 1466 2616 1518 et
2642 1463 2856 1529 honor,
2892 1467 3001 1519 etc.
3032 1466 3094 1519 P.
3130 1467 3288 1520 Vere.

2096 1551 2676 1607 Oratio.Adorabunt
2696 1555 2767 1615 te,
2779 1552 3024 1608 Domine
3050 1554 3079 1606 J
3085 1568 3189 1608 esu
3206 1553 3448 1620 Christe,
3465 1569 3679 1611 omnes

2021 1638 2130 1694 viri
2146 1639 2432 1695 sublimes
2463 1644 2640 1710 atque
2668 1640 2882 1695 excelsi
2911 1644 3104 1705 terrae,
3134 1642 3424 1713 quoniam
3448 1643 3598 1715 ipse,
3619 1647 3685 1699 ut

242 1733 295 1787 et
320 1730 557 1799 regina;
581 1728 848 1784 nutrices
882 1731 1020 1783 tuae.
1053 1726 1122 1783 P.
1162 1726 1334 1781 Vultu
1364 1725 1425 1780 in
1446 1729 1604 1780 terra
1632 1724 1914 1780 inclinato
1944 1739 1990 1795 Β
2024 1727 2289 1783 salvares
2302 1726 2594 1790 homines,
2628 1727 2874 1783 humilis
2906 1730 3074 1784 nasci
3091 1730 3371 1798 dignatus
3400 1746 3463 1786 es
3493 1732 3553 1787 in
3575 1736 3685 1788 ter-

238 1818 593 1876 adorabnnt
617 1821 696 1887 te,
726 1820 782 1872 et
800 1816 1113 1889 pulverem
1140 1814 1369 1886 pedum
1394 1816 1636 1869 tuorum
1668 1811 1909 1883 lingent,

238 1912 294 1965 et
314 1906 713 1978 cognosceris
744 1904 1051 1970 Dominus,
1079 1904 1141 1958 in
1171 1918 1289 1974 quo
1314 1916 1439 1957 non
1469 1900 1915 1957 confundantur

238 2012 475 2061 omnes,
519 1996 631 2068 qui
674 1997 733 2050 te
784 1996 1123 2065 expectant.
1152 1991 1216 2049 it.
1274 1990 1463 2061 Natio,
1507 1994 1562 2046 et
1594 1988 1915 2061 progenies

238 2084 682 2142 collaudabunt
699 2098 888 2156 opera
902 2085 1021 2146 tua,
1043 2085 1101 2136 et
1120 2080 1449 2152 potentiam
1464 2082 1631 2134 tuam
1652 2093 1915 2149 pronun-

236 2175 494 2232 tiabunt.
523 2175 607 2230 P.
652 2171 832 2228 Vultu
859 2170 924 2226 in
956 2173 1132 2226 terra.
1164 2169 1232 2229 V.
1279 2167 1495 2232 Gloria,
1524 2170 1581 2223 et
1598 2167 1789 2223 honor
1812 2170 1914 2222 Pa-

240 2264 330 2334 tri,
367 2267 482 2320 ete.
510 2263 583 2316 Ρ.
614 2261 795 2317 Vultu
823 2260 886 2316 in
917 2264 1092 2315 terra.

304 2352 546 2409 Oratio.
584 2349 862 2416 Domine,
887 2362 1072 2420 quem
1092 2345 1375 2402 inclinato
1394 2343 1457 2400 in
1475 2346 1694 2399 terram
1710 2342 1912 2414 plebes

235 2439 405 2497 vultu
429 2438 717 2504 adorant,
752 2437 903 2493 dum
933 2440 1036 2492 tuo
1067 2434 1468 2505 subjiciuntur
1496 2431 1749 2504 imperio
1777 2431 1911 2487 uni-

226 2545 441 2598 versa;
474 2527 701 2598 largire
728 2525 1101 2582 indefessam
1117 2521 1359 2595 populis
1390 2519 1742 2577 Christianis
1770 2519 1913 2575 lasti-

238 2619 474 2684 tiam,et
494 2616 810 2673 hodiernae
833 2611 1360 2686 Apparitionistum
1382 2608 1605 2681 gaudia
1624 2608 1913 2680 protende

237 2708 297 2765 in
308 2706 610 2763 Gentibus
621 2702 965 2761 dedicanda
980 2718 994 2765 ;
1009 2700 1187 2757 nobis
1200 2714 1438 2771 quoque
1448 2698 1527 2754 ita
1540 2701 1665 2753 esto
1678 2712 1915 2769 semper

236 2794 579 2869 placabilis,
601 2797 668 2849 ut
683 2791 984 2865 propitius
1004 2790 1066 2845 in
1081 2787 1307 2860 judicio
1324 2786 1615 2851 sentiaris,
1640 2801 1761 2857 quo
1778 2786 1913 2841 vitae

237 2888 459 2942 nostrae
476 2898 555 2939 ex
572 2881 749 2937 vultu
765 2884 869 2936 tuo
884 2882 1011 2935 tam
1033 2876 1380 2933 indesinens
1397 2875 1666 2931 solamen
1688 2874 1910 2939 existat,

237 2976 293 3031 ut
331 2988 371 3029 a
401 2976 461 3028 te
486 2973 847 3027 nostrorum
872 2966 1074 3023 nullus
1094 2966 1396 3037 depereat,
1426 2962 1532 3035 qui
1559 2966 1616 3019 te
1640 2977 1831 3018 unum
1861 2965 1918 3018 et

237 3075 452 3118 verum
488 3061 687 3114 Deum
727 3058 1023 3127 expectat.
1053 3064 1116 3123 ἢ.
1159 3058 1368 3108 Amen.

305 3152 416 3205 Per
450 3144 943 3203 misericordiam
976 3146 1163 3198 tuam.

302 3237 689 3306 Antiphona.
721 3230 1133 3301 lnterrogabat
1161 3231 1362 3299 Magos
1402 3226 1664 3283 Herodes
1694 3240 1708 3281 :
1745 3224 1917 3290 Quod

238 3328 488 3397 signum
507 3323 747 3381 vidistis
768 3336 951 3393 super
976 3323 1189 3376 natum
1210 3332 1416 3387 regem
1436 3317 1464 3371 ‘I
1479 3316 1543 3370 P.
1573 3314 1815 3371 Stellam
1833 3313 1918 3367 vi-

238 3414 444 3471 dimus
466 3413 825 3482 fulgentem,
849 3414 909 3465 et
929 3407 1206 3465 venimus
1229 3405 1479 3462 adorare
1498 3406 1702 3459 Deum.
1716 3402 1918 3462 V.Om-

240 3519 347 3561 nes
376 3505 603 3560 Gentes
624 3498 895 3573 plaudite
924 3496 1211 3553 manibus
1232 3510 1253 3551 .°
1280 3492 1528 3565 jubilate
1555 3495 1675 3548 Deo
1703 3490 1764 3547 in
1776 3505 1918 3547 voce

242 3589 661 3649 exultationis.
694 3588 759 3642 P.
793 3585 1037 3644 Stellam
1065 3583 1347 3640 vidimus.
1378 3583 1451 3638 P.
1484 3579 1696 3651 Gloria,
1729 3582 1787 3635 et
1814 3578 1919 3635 ho-

243 3697 355 3739 nor
386 3680 572 3743 Patri,
599 3682 710 3734 etc.
744 3679 809 3732 P.
850 3674 1089 3732 Stellam
1114 3671 1395 3729 vidimus.

313 3771 550 3826 Oratio.
578 3766 830 3823 Domine
850 3767 988 3820 Jesu
1004 3762 1249 3832 Christe,
1278 3759 1382 3832 qui
1403 3758 1483 3815 ad
1509 3755 1917 3828 interrogatio-

241 3874 382 3915 nem
416 3855 675 3914 Herodis
711 3855 795 3911 ita
827 3855 1136 3921 Magorum
1180 3865 1288 3906 ora
1321 3846 1623 3920 praeconio
1653 3844 1917 3901 veritatis

242 3951 353 4004 tuae
373 3945 661 4009 irradias,
689 3947 755 3999 ut
780 3946 833 3998 te
858 3956 1063 4011 regem
1088 3952 1302 4008 regum
1326 3950 1435 4009 per
1450 3950 1554 3990 eos
1575 3932 1915 3990 nuntiatum

241 4035 567 4101 ostendas;
610 4033 761 4088 dum
782 4046 845 4086 se
870 4029 1088 4085 vidisse
1118 4028 1288 4097 ajunt
1330 4022 1514 4080 stellae
1562 4020 1913 4090 refulgentis

240 4125 555 4188 indicium,
591 4119 761 4194 quod
790 4118 1089 4175 mundum
1116 4113 1410 4172 illuminet
1438 4110 1818 4171 universum;
1860 4112 1914 4165 te

242 4226 619 4285 quaesumus,
650 4211 707 4263 te
732 4219 1068 4278 precamur,
1092 4206 1157 4259 ut
1184 4201 1290 4257 des
1316 4200 1378 4256 in
1403 4197 1665 4255 Ecclesia
1697 4199 1800 4253 tua
1822 4195 1911 4252 vi-

247 4300 434 4356 sionis
458 4304 579 4355 tuae
608 4296 817 4352 lumen
847 4296 1122 4365 optatum
1154 4309 1168 4346 :
1201 4303 1497 4363 appareas
1528 4286 1709 4343 etiam
1749 4285 1811 4339 in
1841 4300 1914 4339 ea

246 4390 411 4445 sidus
432 4386 727 4444 omnibus
747 4383 1095 4455 pretiosum,
1115 4379 1279 4451 quod
1300 4378 1470 4433 nulla
1487 4374 1811 4431 adversarii
1827 4373 1913 4428 in-
1947 4355 1991 4410 D

248 4477 653 4547 terrogatione
670 4470 954 4536 deterriti,
971 4470 1055 4524 sic
1074 4465 1380 4538 magnalia
1397 4469 1500 4519 tua
1517 4462 1912 4535 praedicamus

250 4583 347 4624 ore
367 4566 620 4630 dilfuso,
647 4566 715 4617 ut
732 4562 795 4616 in
816 4565 1053 4615 aeternae
1073 4556 1222 4613 lucis
1242 4554 1548 4612 radiemur
1576 4566 1913 4623 usquequa-

251 4671 364 4728 que
405 4650 720 4727 praesidio.
756 4660 819 4721 It.
851 4651 1059 4703 Amen.

318 4746 432 4801 Per
462 4738 966 4799 misericordiam.

319 4846 380 4903 Ir.
400 4830 705 4905 Apparuit
724 4827 809 4884 vir
829 4827 891 4881 in
912 4825 1227 4895 majestate
1245 4836 1357 4878 sua
1377 4816 1781 4905 circumdatus
1807 4815 1913 4871 ful-

251 4938 407 4993 gore,
445 4904 502 4978 et
532 4937 572 4977 a
602 4918 873 4975 claritate
912 4915 1199 4971 adventus
1220 4908 1452 4966 Domini
1480 4904 1913 4962 illuminabitur

248 5017 416 5079 terra,
445 5016 506 5068 et
538 5009 647 5065 erit
675 5006 898 5073 laetitia,
933 5008 989 5059 et
1030 5000 1321 5072 gaudium
1351 4996 1517 5053 omni
1560 4995 1806 5066 populo,
1845 4996 1907 5048 Ρ.

250 5102 344 5167 Ita,
378 5106 437 5159 et
464 5114 668 5169 reges,
703 5093 1127 5167 principesque
1176 5087 1428 5149 venient,
1486 5089 1543 5139 et
1571 5082 1912 5139 adorabunt

248 5206 393 5247 eum.
442 5191 508 5250 V.
558 5191 839 5255 Regnum
879 5185 1008 5251 ejus
1067 5192 1321 5247 regnum
1368 5174 1818 5244 sempiternum,
1854 5175 1910 5225 et

246 5294 427 5353 usque
444 5280 521 5335 ad
540 5276 872 5345 antiquum
904 5269 1140 5324 dierum
1170 5263 1439 5353 pervenit
1461 5281 1493 5353 :7
1506 5266 1565 5353 et
1585 5262 1727 5353 data
1744 5264 1832 5353 est
1851 5260 1902 5313 ei

251 5349 431 5425 omnis
463 5371 762 5442 potestas.
802 5361 868 5416 P.
904 5363 1007 5425 Ita,
1048 5360 1105 5411 et
1136 5369 1325 5425 reges.
1350 5351 1413 5410 il.
1456 5349 1670 5414 Gloria,
1714 5353 1770 5405 et
1806 5349 1909 5403 ho-

251 5473 349 5515 nor
376 5458 553 5521 Patri,
587 5458 702 5511 etc.
740 5450 807 5505 P.
844 5448 949 5512 Ita,
985 5449 1044 5501 et
1081 5456 1269 5512 reges.

314 5548 430 5619 88
456 5545 696 5605 Oratio.
737 5539 921 5606 Deus,
943 5533 1049 5606 qui
1063 5528 1479 5589 brevissimum
1503 5523 1913 5585 sidusvoluisti

2021 1816 2142 1883 ris;
2176 1815 2237 1871 in
2265 1820 2320 1871 te
2350 1816 2511 1871 enim
2537 1830 2674 1871 vere
2710 1819 2864 1871 Deus
2913 1821 3022 1885 est,
3065 1817 3210 1889 quia
3240 1822 3301 1874 tu
3332 1818 3588 1875 verbum
3617 1821 3679 1875 in

2022 1920 2202 1960 carne
2224 1904 2799 1973 absconditum,non
2819 1908 3336 1975 mutatum,unum
3353 1922 3490 1962 cum
3513 1911 3681 1964 Patre

2022 1991 2300 2063 possides
2325 2007 2547 2048 nomen
2571 2010 2586 2060 ;
2619 1992 3020 2049 confundatur
3048 1994 3302 2064 proinde
3324 2010 3557 2063 omnes,
3581 1998 3682 2067 qui

2022 2081 2420 2138 adversantur
2438 2081 2543 2137 tibi
2575 2100 2587 2136 :
2623 2082 2769 2137 dum
2788 2087 2891 2137 aut
2919 2083 3002 2138 sic
3031 2084 3413 2149 erubescunt,
3440 2089 3504 2140 ut
3524 2084 3605 2139 ad
3625 2090 3681 2140 te

2021 2170 2271 2226 redeant
2303 2174 2441 2226 :aut
2465 2171 2525 2225 in
2552 2175 2608 2226 te
2636 2170 3104 2237 confundantur,
3141 2173 3188 2227 si
3228 2173 3306 2229 ad
3336 2177 3390 2227 te
3431 2173 3679 2229 minime

2022 2262 2471 2324 convertantur;
2494 2264 2695 2316 noster
2710 2274 2851 2329 ergo
2880 2260 3143 2317 Salvator
3165 2262 3478 2319 salvandis
3506 2262 3683 2317 nobis

2021 2362 2340 2419 apparens,
2372 2348 2521 2403 dum
2547 2363 2657 2404 nos
2682 2349 2742 2403 in
2769 2352 2822 2403 te
2847 2348 3107 2415 credere,
3136 2354 3193 2405 et
3220 2350 3301 2407 ad
3326 2354 3376 2406 te
3394 2350 3668 2417 transire,

2020 2440 2078 2491 et
2106 2440 2159 2491 te
2191 2440 2309 2491 toto
2348 2436 2527 2492 corde
2556 2437 2800 2507 diligere
2820 2441 3095 2509 praestas.
3117 2450 3181 2507 1r.
3216 2442 3426 2495 Amen.

2092 2524 2205 2580 Per
2224 2525 2713 2581 misericordiam.
2749 2528 2816 2581 Et
2842 2530 2905 2581 tu
2935 2542 2998 2581 es
3028 2528 3182 2581 Deus
3210 2526 3591 2601 |benedictus,
3624 2529 3679 2582 et

2021 2613 2314 2681 gloriosus
2345 2616 2406 2669 in
2437 2615 2662 2671 saecula
2686 2614 3064 2672 saeculorum.
3102 2627 3164 2685 ne.
3196 2619 3404 2672 Amen.

2092 2702 2438 2772 Antiphona.
2481 2704 2598 2758 Erit
2622 2703 2825 2759 lumen
2846 2702 3004 2758 lunae
3028 2704 3180 2759 sicut
3208 2703 3411 2759 lumen
3443 2703 3605 2772 solis,
3624 2706 3682 2759 et

2020 2791 2123 2845 lux
2138 2790 2276 2845 solis
2289 2791 2395 2845 erit
2410 2790 2875 2862 septempliciter
2891 2791 3155 2845 sicutlux
3170 2794 3397 2863 septem
3418 2791 3675 2846 dierum.

2021 2880 2156 2935 P.ln
2181 2878 2275 2933 die
2295 2894 2418 2950 qua
2439 2879 2766 2949 alligaverit
2788 2879 3076 2933 Dominus
3099 2878 3318 2933 vulnus
3336 2878 3545 2949 populi
3562 2879 3678 2941 sui,

2023 2972 2079 3024 et
2109 2982 2529 3039 percussuram
2554 2967 2747 3038 plagae
2799 2967 2928 3036 ejus
2961 2967 3297 3022 sanaverit:
3342 2970 3488 3022 Ecce
3518 2967 3679 3022 enim

1951 3085 1993 3142 ο
2028 3057 2313 3114 Dominus
2334 3072 2470 3112 cum
2503 3057 2701 3113 laetitia
2730 3056 2906 3111 venit.
2929 3056 2992 3116 ἡ.
3036 3059 3101 3111 Et
3136 3056 3431 3112 timebunt
3466 3058 3679 3112 Gentes

2024 3161 2247 3202 nomen
2278 3150 2445 3201 tuum
2478 3146 2743 3209 Domine,
2775 3148 2831 3200 et
2860 3159 3070 3200 omnes
3120 3160 3295 3216 reges
3338 3148 3504 3201 terrae
3554 3144 3680 3217 glo-

2023 3235 2177 3290 riam
2207 3238 2394 3299 tuam,
2418 3234 2482 3288 P.
2515 3237 2578 3288 In
2608 3234 2704 3287 die
2734 3249 2878 3304 qua.
2912 3232 2974 3293 ἡ.
3004 3232 3222 3301 Gloria,
3253 3237 3310 3289 et
3326 3233 3536 3297 honor,
3565 3236 3675 3290 etc.

2024 3324 2096 3378 P.
2126 3326 2189 3378 In
2218 3321 2314 3378 die
2336 3338 2478 3394 qua.

2097 3412 2324 3468 Oratio.
2342 3414 2512 3481 Deus,
2530 3410 2627 3481 qui
2644 3410 2828 3479 ligare
2846 3412 3128 3466 venturus
3151 3424 3215 3465 es
3237 3408 3448 3466 vulnus
3472 3410 3682 3481 populi

2025 3500 2128 3565 tui,
2139 3514 2559 3572 percussuram
2571 3498 2766 3570 plagae
2779 3501 2997 3553 nostras
3012 3498 3568 3567 sanaturus,adesto
3587 3518 3597 3556 :
3617 3503 3683 3554 ut

2025 3588 2108 3644 ita
2119 3587 2399 3659 quicquid
2414 3587 2477 3643 in
2490 3586 2658 3643 nobis
2672 3592 2763 3642 est
2782 3587 3182 3653 vitiosum,vel
3194 3586 3507 3653 lubricum,
3533 3586 3681 3642 divi-

2024 3677 2223 3732 nitatis
2249 3683 2363 3732 tuae
2401 3676 2862 3743 luceillumines,
2886 3680 2951 3731 ut
2979 3692 3090 3732 nec
3112 3691 3220 3747 per
3238 3679 3474 3731 noctem
3500 3676 3682 3746 hujus

2026 3765 2226 3821 saeculi
2265 3766 2411 3823 luna
2451 3780 2563 3821 nos
2607 3768 2965 3829 concremet,
3012 3780 3124 3821 nec
3158 3781 3264 3837 per
3298 3764 3461 3821 diem
3502 3762 3682 3820 futuri

2025 3854 2317 3910 examinis
2340 3854 2426 3909 sol
2438 3853 2700 3909 veritatis
2714 3854 3047 3909 exurendos
3064 3853 3367 3909 tristiﬁcet.
3388 3865 3450 3921 [ν.
3470 3857 3676 3909 Amen.

2095 3942 2203 3997 Per
2226 3941 2705 3997 misericordiam
2747 3946 2933 3997 tuam.

2092 4030 2452 4100 Antiphona.
2490 4032 2635 4083 Ecce
2666 4028 2850 4095 stella,
2880 4044 3065 4099 quam
3096 4029 3366 4084 viderant
3414 4029 3563 4097 Magi
3601 4029 3680 4085 ab

2022 4113 2266 4181 oriente,
2290 4112 2681 4168 antecedebat
2705 4127 2833 4175 eos,
2856 4111 3047 4166 donec
3071 4112 3299 4166 veniret
3337 4126 3543 4181 supra,
3573 4111 3679 4166 ubi

2022 4205 2147 4256 erat
2175 4215 2341 4271 puer.
2374 4202 2445 4255 P.
2471 4199 2750 4254 Videntes
2767 4202 2967 4254 autem
2995 4199 3143 4267 Magi
3168 4197 3420 4262 stellam,
3455 4197 3675 4267 gravisi

2023 4291 2160 4344 sunt
2183 4287 2403 4357 gaudio
2433 4301 2676 4355 magno.
2706 4286 2768 4347 Ψ.
2804 4286 2921 4357 Ipsi
2973 4286 3242 4342 videntes
3286 4286 3368 4341 sic
3398 4284 3677 4341 admirati

2023 4380 2177 4441 sunt,
2202 4375 2538 4432 conturbati
2566 4379 2722 4444 sunt,
2752 4381 2809 4431 et
2825 4380 3129 4432 commota
3158 4379 3297 4430 sunt
3332 4374 3539 4431 omnia
3562 4374 3677 4429 vis-

2023 4481 2158 4522 cera
2191 4480 2418 4521 eorum.
2451 4466 2523 4520 P.
2572 4464 2847 4521 Videntes
2882 4468 3104 4520 autem.
3132 4464 3194 4524 It'.
3230 4463 3447 4531 Gloria,
3489 4467 3546 4520 et
3571 4463 3678 4519 ho-

2021 4570 2152 4620 nor,
2180 4558 2289 4609 etc.
2316 4555 2387 4609 P.
2414 4553 2707 4609 Videntes.

2094 4643 2321 4697 Oratio.
2358 4641 2537 4698 Stella
2564 4641 2681 4705 illa,
2718 4641 2983 4705 Domine,
3014 4656 3150 4712 quae
3170 4642 3381 4695 natum
3407 4642 3461 4694 te
3484 4639 3545 4693 in
3566 4643 3676 4693 ter-

2021 4731 2100 4786 ris
2137 4746 2341 4801 regem
2363 4729 2545 4798 Magis
2560 4729 2936 4801 stupentibus
2949 4728 3256 4793 nuntiavit,
3273 4742 3394 4781 non
3412 4726 3674 4781 sidereas

2020 4819 2081 4874 in
2102 4818 2321 4873 cmlum
2352 4818 2479 4873 vias
2500 4818 2707 4886 tenuit,
2740 4834 2876 4872 cum
2900 4832 3058 4872 novo
3088 4815 3339 4885 Virginis
3364 4817 3540 4886 partu
3570 4829 3676 4869 no-

2018 4923 2163 4963 vum
2180 4907 2343 4961 sidus
2373 4907 2669 4977 apparuit,
2695 4906 2802 4960 sed
2822 4905 2900 4960 ad
2917 4903 3456 4960 demonstrandum
3488 4911 3542 4958 te
3562 4902 3673 4958 ho-

2018 4995 2283 5051 minibus
2307 4995 2599 5050 Christum
2625 5009 2816 5065 usque
2857 4993 2935 5048 ad
2965 4994 3165 5064 ipsum
3192 4991 3514 5047 nativitatis
3553 4996 3672 5047 tuae

2017 5083 2280 5139 loculum
2300 5083 2680 5154 praecucurrit
2700 5101 2714 5151 ;
2743 5082 2900 5137 unde
2912 5081 3171 5154 profusis
3191 5080 3472 5152 precibus
3487 5084 3539 5136 te
3563 5080 3673 5135 im-

2016 5172 2347 5243 ploramus,
2388 5175 2471 5233 ut,
2490 5171 2591 5241 qui
2611 5172 2739 5241 ejus
2766 5170 2986 5225 indicio
3010 5170 3241 5241 absque
3262 5185 3458 5224 errore
3479 5171 3672 5237 Mago-

2016 5277 2151 5315 rum
2180 5260 2447 5314 direxisti
2476 5261 2701 5321 itinera,
2738 5266 2960 5325 nostra,
2994 5265 3047 5314 te
3079 5264 3424 5330 apparente,
3454 5257 3670 5312 sancti-

2016 5350 2159 5403 ﬁces
2198 5348 2417 5404 corda:
2455 5353 2518 5403 ut
2548 5348 2609 5402 in
2638 5349 2950 5419 iniquitate
2993 5363 3193 5403 coram
3242 5352 3298 5403 te
3330 5346 3667 5416 gradientes

2019 5439 2195 5507 atque
2212 5436 2459 5507 justitia,
2492 5436 2803 5507 pervenire
2830 5451 3167 5492 mereamur
3215 5435 3293 5491 ad
3324 5433 3544 5503 gaudia
3582 5444 3670 5483 re-

2018 5524 2336 5599 promissa.
2366 5535 2429 5594 ﬁ.
2452 5528 2666 5580 Amen.
