4160 6412
488 282 591 340 483
1725 257 2182 318 BREVIARIUM
2229 256 2622 317 GOTHICUM.
3806 254 3928 312 184

553 397 1004 473 Jusjurandum,
1026 393 1195 468 quod
1216 391 1438 465 juravit
1469 390 1548 448 ad
1567 387 1870 446 Abraham
1891 385 2125 457 patrem
2159 382 2201 436 A
2235 382 2489 473 primus,
2518 380 2954 473 etnovissimus
2973 396 2985 436 :
3001 393 3114 473 ego
3128 392 3274 473 sum
3289 376 3560 473 radix,_et
3582 378 3775 473 origo
3791 379 3932 473 Da-

483 465 774 554 nostrum,
802 491 826 517 ⁴¹
862 465 1146 542 daturum
1173 496 1234 537 se
1265 480 1440 536 nobis
1472 496 1484 534 :
2237 470 2339 526 vid
2365 485 2510 540 :ego
2528 488 2660 527 sum
2683 469 2852 526 stella
2867 467 3201 538 splendida,
3222 465 3605 554 etmatutina.
3624 466 3929 524 Alleluia.

558 582 627 634 Ut
647 552 776 632 sine
796 574 1026 638 timore,
1049 571 1124 626 de
1142 566 1719 625 manuinimicorum
1745 563 2130 620 nostrorum‘
2308 560 2536 615 Lauda.
2581 559 2836 614 Laudate
2887 555 3211 612 Dominum
3253 553 3328 609 de
3367 552 3562 610 Οωιὶε.
3615 554 3925 612 Alleluia.

485 664 738 731 liberati,
771 661 1101 718 serviamus
1125 657 1206 713 illi
1235 674 1249 723 ;
2242 647 2502 702 Laudato
2527 663 2664 702 eum
2686 647 2747 702 in
2766 644 3036 702 excelsis.
3063 642 3328 711 Alleluia,
3349 641 3607 700 alleluia.
3629 643 3930 700 Laudato

559 758 624 810 In
645 749 955 809 sanctitate
976 745 1262 818 ctjustitia
1276 759 1479 801 coram
1497 742 1650 815 ipso,
1675 741 1696 763 "
1712 738 1994 798 omnibus
2014 737 2134 794 die-
2241 750 2379 792 eum
2400 750 2610 792 omnes
2626 734 2832 804 Angeli
2852 734 2980 804 ejus
3012 749 3025 788 :
3049 731 3289 788 laudate
3305 747 3447 789 eum
3471 747 3690 788 omnes
3714 733 3933 789 virtu-

487 842 603 899 bus
625 839 866 898 nostris.
2241 827 2327 879 tes
2357 823 2506 894 ejus.
2527 823 2792 888 Alleluia,
2817 820 3072 890 alleluia,
3093 819 3351 876 alleluia.
3375 821 3649 877 Psatmus
3669 835 3929 878 cxsvm.

559 933 625 986 Et
653 936 718 985 tu
755 941 920 1000 puer,
963 923 1254 996 propheta
1272 920 1554 978 Altissimi
1576 917 1886 975 vocaberis
1920 934 1932 971 :
1968 920 1986 938 ‘
2017 916 2134 987 90
2413 913 2609 968 Lectio
2638 911 2777 1000 tiori
2803 911 3001 967 Esaia
3022 908 3331 978 Propheta
3357 908 3534 980 (Cap.
3566 911 3720 980 ην).

489 1018 733 1092 praibis
752 999 912 1072 enim
935 1017 1070 1070 ante
1086 1013 1302 1068 faciem
1323 1009 1556 1066 Domini
1569 1021 1782 1080 parare
1805 1005 1934 1061 vias
1958 1004 2087 1075 ejus
2118 1019 2131 1058 :
2405 1000 2527 1092 Deo
2560 999 2804 1092 gratias.

562 1105 649 1162 Ad
678 1103 947 1160 dandam
977 1100 1282 1156 scientiam
1312 1097 1516 1154 salutis
1548 1095 1705 1168 plebi
1735 1095 1884 1164 ejus,
1919 1095 1936 1114 '
1961 1093 2022 1148 in
2051 1106 2138 1147 re-
2318 1089 2448 1142 Haec
2472 1086 2612 1142 dicit
2630 1086 2915 1143 Dominus
2939 1101 2951 1140 :
2979 1083 3170 1141 Labor
3199 1085 3456 1157 Egypti,
3490 1087 3550 1141 et
3571 1085 3935 1156 negotiatio

491 1193 841 1251 missionem
872 1193 1256 1262 peccatorum
1288 1201 1495 1242 eorum
1534 1202 1547 1239 :
2245 1173 2570 1245 Ethiopia,
2593 1179 2649 1229 et
2671 1173 2911 1230 Sabaim
2931 1172 3042 1228 viri
3059 1171 3344 1262 sublimes
3356 1172 3434 1228 ad
3455 1176 3510 1228 te
3529 1173 3931 1238 transibunt,

563 1285 667 1337 Per
692 1259 915 1335 viscera
944 1275 1362 1333 misericordiae
1389 1273 1484 1328 Dei
1515 1271 1705 1328 nostri
1738 1287 1751 1325 :
1779 1271 1799 1292 ‘
1829 1269 1888 1325 in
1917 1267 2138 1341 quibus
2247 1265 2301 1317 et
2326 1261 2410 1317 tui
2438 1266 2609 1317 erunt
2640 1279 2653 1316 :
2695 1262 2830 1318 Post
2870 1267 2924 1316 te
2950 1259 3368 1327 ambulabunt,
3419 1260 3605 1316 vincti
3648 1261 3937 1317 manicis

489 1367 748 1423 visitavit
772 1380 900 1428 nos,
939 1363 1136 1417 oriens
1163 1377 1232 1416 ex
1261 1360 1378 1415 alto
2247 1354 2494 1421 pergent
2533 1367 2546 1405 :
2587 1355 2644 1405 et
2687 1355 2742 1406 te
2803 1349 3160 1415 adorabunt,
3243 1353 3420 1421 teque
3492 1349 3940 1422 deprecabun-

562 1454 900 1508 llluminare
927 1451 1039 1515 his,
1069 1449 1169 1521 qui
1200 1448 1260 1503 in
1288 1446 1568 1511 tenebris,
1601 1449 1656 1501 et
1684 1444 1905 1501 umbra
1931 1443 2138 1500 mortis
2248 1442 2344 1492 tur
2383 1454 2396 1492 :
2437 1440 2689 1493 Tantum
2718 1438 2777 1492 in
2800 1440 2853 1492 te
2883 1441 2974 1492 est
2997 1437 3171 1504 Deus,
3204 1441 3260 1492 et
3289 1451 3411 1492 non
3441 1441 3532 1492 est
3561 1435 3810 1509 absque
3872 1442 3936 1496 te

491 1542 696 1598 sedent
725 1559 738 1596 :
773 1538 851 1595 ad
873 1535 1219 1608 dirigendos
1240 1535 1424 1607 pedes
1439 1538 1674 1590 nostros
1692 1533 1755 1588 in
1776 1533 1936 1588 viam
1952 1531 2137 1603 pacis.
2250 1525 2421 1579 Deus.
2449 1527 2590 1580 Vere
2611 1528 2674 1580 tu
2704 1539 2765 1580 es
2789 1525 2942 1579 Deus
2971 1523 3378 1592 absconditus,
3400 1524 3556 1580 Deus
3575 1524 3764 1581 Israel
3796 1525 3937 1583 Sal-

563 1627 936 1698 Antiphona.
981 1623 1332 1680 Benedictus
1376 1638 1440 1678 es
1488 1621 1732 1677 Domine
1760 1622 1914 1675 Deus
1945 1619 2140 1676 Israel.
2251 1618 2434 1668 vator.
2471 1611 2710 1668 Confusi
2741 1617 2894 1681 sunt,
2949 1615 3006 1666 et
3033 1611 3400 1667 eruhuérunt
3445 1627 3662 1669 omnes
3691 1630 3707 1669 :
3734 1613 3942 1671 simul

493 1716 710 1782 Gloria,
753 1720 813 1770 et
856 1713 1067 1777 honor,
1093 1715 1202 1767 etc.
1232 1710 1297 1764 P.
1327 1709 1476 1774 Quia
1498 1707 1902 1764 visitavitnos.
2183 1722 2224 1776 Β
2253 1700 2594 1757 abieruntin
2609 1700 3013 1756 confusionem
3026 1699 3690 1758 fabricatoreserrorum
3711 1704 3941 1761 .lsraél

565 1803 790 1859 Oratio.
809 1801 965 1854 Deus
988 1797 1398 1869 Omnipotens,
1415 1796 1586 1866 cujus
1607 1793 2144 1851 oontinuofiliiefti-
2254 1789 2514 1845 salvatus
2527 1788 2681 1845 estin
2711 1788 2963 1844 Domino
2995 1787 3181 1844 salute
3199 1793 3422 1844 aeterna
3456 1810 3467 1842 :
3501 1803 3626 1845 non
3655 1789 3942 1846 confun-

495 1891 705 1952 cimur,
723 1889 870 1944 dum
885 1887 1165 1943 tinctione
1183 1884 1463 1941 salutaris
1487 1899 1662 1956 aqua
1676 1882 2145 1955 purgamur;fao
2252 1876 2504 1941 damini,
2528 1881 2582 1932 et
2597 1892 2718 1932 non
2740 1876 3096 1932 erubescetis
3118 1877 3180 1932 in
3202 1877 3488 1934 saeculum
3513 1877 3741 1934 saculi.
3769 1879 3942 1944 Quia

495 1994 609 2035 nos
623 1977 703 2033 ita
717 1974 1144 2032 benedictionis
1157 1978 1271 2028 tua
1285 1973 1586 2044 percipere
1601 1972 1922 2040 donum,ut
1937 1971 2145 2028 merito
2250 1965 2380 2021 hac
2395 1964 2538 2021 dicit
2563 1965 2850 2021 Dominus
2869 1979 3080 2021 creans
3105 1963 3308 2029 caelos,
3328 1964 3457 2036 ipse
3473 1965 3775 2023 Dominus
3799 1967 3934 2025 for-

498 2079 772 2138 supernas
802 2061 1050 2118 civitatis
1077 2060 1437 2117 Hierusalem
1472 2059 1573 2115 ﬁlii
1614 2058 1986 2131 appellemur
2011 2076 2024 2115 :
2059 2063 2140 2126 ut,
2253 2058 2682 2117 mansterram,
2705 2053 2995 2110 etfaciens
3013 2067 3167 2119 eam,
3195 2052 3326 2125 ipse
3349 2053 3573 2125 plastes
3595 2054 3734 2124 ejus
3756 2073 3770 2112 :
3792 2071 3938 2114 non

496 2153 602 2226 qui
623 2150 907 2208 Gentibus
932 2165 994 2204 es
1011 2147 1420 2206 manifestatus
1441 2147 1503 2202 in
1529 2146 1742 2212 sidere,
1770 2146 2145 2204 credentibus
2253 2141 2314 2198 in
2326 2158 2548 2198 vanum
2561 2142 2927 2199 creaviteam
2951 2141 3935 2209 :uthabitaretunformaﬁteam2

497 2253 792 2312 appareas
814 2236 876 2292 in
905 2236 1196 2302 salutem;
1231 2239 1303 2299 et,
1331 2234 1430 2306 qui
1454 2249 1563 2291 nos
1584 2234 1883 2290 renovasti
1903 2233 2147 2292 benedi-
2253 2247 2363 2301 ego
2384 2230 2692 2299 Dominus,
2721 2236 2777 2287 et
2806 2247 2926 2286 non
2955 2236 3042 2288 est
3079 2231 3253 2287 alius.
3296 2234 3424 2289 Non
3471 2233 3533 2288 in
3583 2233 3941 2294 abcondito

498 2327 710 2385 ctionis
740 2341 900 2398 aqua
929 2339 1034 2396 per
1058 2323 1387 2388 lavacrum,
1415 2337 1662 2379 renoves
1702 2322 1762 2378 in
1805 2322 2002 2380 futuro
2040 2337 2146 2394 per
2252 2319 2483 2376 locutus
2515 2335 2650 2374 sum
2681 2319 2742 2375 in
2768 2319 2896 2376 loco
2921 2326 3089 2376 terrae
3112 2320 3426 2377 tenebroso
3459 2338 3473 2377 :
3507 2336 3635 2378 non
3664 2321 3800 2379 dixi
3839 2341 3946 2382 se-

499 2415 745 2472 indultaa
786 2413 993 2483 gratiae
1020 2411 1479 2484 repromissum.
1520 2421 1585 2481 ἢ.
1617 2415 1827 2466 Amen.
2254 2407 2400 2464 mini
2417 2407 2601 2464 Jacob
2633 2425 2645 2463 :
2681 2411 2916 2464 Frustra
2935 2408 3182 2481 quaerite
3199 2424 3296 2465 me
3329 2424 3478 2479 :ego
3507 2409 3815 2468 Dominus
3841 2413 3944 2471 lo-

572 2507 678 2559 Per
710 2500 1188 2558 misericordiam
1218 2503 1402 2556 tuam.
2254 2511 2446 2570 quens
2453 2496 3144 2567 justitiam,annuntians
3159 2503 3339 2554 recta.
3359 2501 3944 2572 Congregamini,et

569 2591 668 2648 Ad
691 2589 859 2648 aliud
903 2589 1236 2646 Canticum.
1293 2587 1667 2656 Antiphona.
1721 2587 1900 2643 Adest
1943 2587 2146 2644 lumen
2254 2585 2468 2653 venite,
2491 2590 2547 2640 et
2572 2585 2831 2642 accedite
2862 2585 3040 2641 simul
3069 2587 3172 2658 qui
3204 2586 3416 2643 salvati
3440 2587 3582 2643 estis
3614 2603 3689 2644 ex
3723 2593 3940 2650 Genti-

502 2686 667 2738 tuum
681 2678 1066 2743 Hierusalem,
1081 2681 1137 2732 et
1149 2676 1432 2746 majestas
1447 2674 1679 2730 Domini
1692 2675 1756 2732 in
1770 2679 1820 2730 te
1833 2675 2145 2732 videbitur.
2255 2671 2368 2728 bus
2397 2689 2409 2726 :
2439 2672 2782 2728 nesciebant
2795 2671 2900 2744 qui
2916 2671 3194 2729 levabant
3205 2673 3537 2744 sculpturas
3550 2690 3697 2732 suas
3709 2677 3930 2747 simul,

879 2767 1188 2823 Canticum
1220 2765 1422 2821 Esaia
1445 2764 1612 2834 (Cap.
1638 2763 1767 2833 Lx).
2256 2763 2312 2817 et
2337 2763 2551 2829 rogant
2576 2761 2762 2816 Deum
2784 2776 2905 2816 non
2936 2761 3288 2818 salvantem.
3328 2762 3718 2831 Annuntiate,
3743 2770 3804 2823 et
3823 2783 3937 2825 ve-

572 2858 775 2926 Surge,
793 2854 1130 2910 illuminare
1147 2851 1510 2907 Hierusalem
1537 2870 1549 2907 :
1573 2852 1749 2925 'quia
1764 2853 1923 2909 venit
1945 2852 2149 2908 lumen
2256 2847 2395 2912 nite,
2420 2853 2476 2904 et
2496 2848 2888 2904 consolamini
2911 2848 3091 2904 simul
3123 2867 3135 2904 :
3165 2848 3298 2920 quis
3311 2849 3591 2907 auditum
3613 2850 3760 2911 fecit
3782 2854 3940 2924 hoc,

501 2948 688 3014 tuum,
722 2947 779 2998 et
803 2941 991 3011 gloria
1020 2938 1260 2996 Domini
1287 2954 1467 3011 super
1491 2943 1543 2995 te
1567 2943 1698 2996 orta
1723 2945 1824 2996 est.
2257 2952 2330 2994 ex
2352 2941 2490 2992 tunc
2518 2936 2794 3009 pradixit
2813 2937 2991 2993 illud?
3017 2937 3292 3010 nunquid
3313 2953 3436 2994 non
3458 2953 3574 3008 ego
3599 2940 3943 3010 Dominus,

571 3031 721 3097 Quia
749 3045 884 3086 ecce
914 3028 1173 3085 tenebrae
1221 3028 1489 3099 operient
1531 3032 1772 3094 terram,
1805 3031 1823 3050 ·
1855 3032 1912 3084 et
1956 3028 2150 3098 caligo
2189 3063 2230 3120 Ο
2259 3028 2462 3120 θίροη
2492 3029 2579 3080 est
2609 3024 2760 3080 ultra
2788 3026 2942 3081 Deus
2973 3025 3202 3098 absque
3234 3041 3328 3082 me
3352 3029 3380 3082 ?
3408 3027 3565 3083 Deus
3591 3028 3831 3099 justus,
3881 3039 3947 3092 et

501 3119 760 3192 populos
791 3133 806 3172 :
2195 3112 2230 3120 '
2261 3112 2498 3168 salvans
2517 3127 2641 3168 non
2667 3119 2754 3169 est
2773 3117 2983 3185 praeter
3004 3129 3117 3170 me.
3154 3114 3582 3172 Convertimini
3608 3117 3697 3174 ad
3721 3135 3853 3187 me,
3888 3127 3950 3180 et

577 3208 764 3278 Super
792 3209 848 3260 te
883 3207 1082 3261 autem
1110 3202 1324 3260 orietur
1352 3203 1658 3274 Dominus,
1690 3205 1705 3220 '
1731 3207 1788 3260 et
1813 3203 2003 3273 gloria
2024 3204 2154 3274 ejus
2262 3199 2406 3257 salvi
2437 3200 2599 3257 eritis
2627 3217 2838 3258 omnes
2865 3201 3016 3258 ﬁnes
3054 3206 3246 3259 terra.
3281 3213 3344 3272 ni.
3375 3206 3594 3260 Amen.

504 3295 566 3352 in
596 3299 651 3350 te
677 3293 993 3350 videbitur.
2931 3292 3227 3361 Hymnus.

577 3385 644 3440 Et
666 3380 1061 3440 ambulabunt
1093 3382 1304 3436 Gentes
1342 3378 1403 3434 in
1431 3377 1658 3435 lumine
1705 3383 1824 3445 tuo,
1857 3383 1872 3398 '
1895 3385 1953 3438 et
1981 3393 2154 3452 reges
2513 3379 2700 3435 Hostis
2722 3378 2978 3436 Herodes
2997 3379 3203 3452 impie,

505 3473 566 3528 in
603 3469 920 3544 splendore
948 3473 1113 3525 ortus
1143 3466 1244 3524 tui.
2441 3468 2735 3524 Christum
2764 3468 2964 3524 venire
2988 3467 3139 3541 quid
3167 3468 3340 3526 times
3384 3469 3413 3524 ?

581 3560 736 3615 Leva
761 3558 823 3613 in
852 3555 1164 3614 circumitu
1197 3553 1369 3611 oculo
1413 3558 1564 3621 tuos,
1600 3559 1658 3612 et
1685 3555 1822 3613 vide
1855 3573 1868 3611 :
1899 3559 1914 3574 '
1943 3571 2156 3614 omnes
2443 3560 2570 3613 Non
2600 3556 2801 3630 arripit
2828 3556 3122 3625 mortalia,

509 3646 602 3703 isti
623 3644 968 3716 congregati
999 3648 1157 3712 sunt,
1199 3647 1489 3700 venerunt
1517 3642 1619 3699 tibi
1660 3661 1673 3699 :
2445 3646 2552 3712 Qui
2576 3661 2762 3716 regna
2787 3645 2892 3702 dat
2914 3645 3200 3702 caelestia.

585 3733 706 3790 Filii
728 3733 813 3790 tui
847 3732 922 3788 de
949 3731 1122 3804 longe
1161 3731 1420 3801 venient,
1459 3733 1473 3748 '
1502 3735 1557 3788 et
1576 3731 1712 3788 tilia
1740 3735 1854 3788 tua
1884 3732 1958 3790 de
1977 3732 2156 3791 latere
2515 3733 2686 3791 Ibant
2711 3732 2882 3804 Magi,
2913 3749 3099 3805 quam
3125 3733 3414 3798 viderant,

513 3827 778 3894 surgent.
2445 3823 2706 3890 Stellam,
2739 3826 3055 3894 sequentes
3087 3822 3369 3895 praeviam
3406 3841 3419 3879 :

581 3913 743 3969 Tunc
758 3909 1086 3978 videbis,et
1103 3908 1334 3975 afﬂues,
1359 3910 1376 3928 ‘
1399 3913 1455 3966 et
1478 3908 1789 3966 mirabitur
1809 3914 1865 3966 et
1885 3909 2159 3968 dilatabi-
2444 3911 2556 3983 91
2598 3913 2809 3966 Lucem
2837 3911 3147 3982 requirunt
3175 3911 3400 3967 lumine
3438 3928 3449 3965 :

513 4003 607 4058 tur
634 4014 735 4054 cor
759 4002 947 4055 tuum.
2448 4002 2630 4055 Deum
2653 3999 2910 4056 fatentur
2936 4015 3206 4054 munere.

585 4086 836 4153 Quando
867 4101 1156 4142 conversa
1181 4085 1355 4142 fuerit
1377 4085 1454 4141 ad
1485 4090 1542 4142 te
1564 4085 1877 4143 multitudo
1906 4088 2110 4155 maris,
2135 4092 2159 4116 ⁴¹
2519 4091 2777 4144 Lavacra
2803 4087 2932 4158 puri
2963 4087 3209 4157 gurgitis

511 4174 794 4233 fortitudo
825 4174 1097 4231 Gentium
1128 4173 1350 4230 venerit
1380 4173 1502 4230 tibi.
2447 4174 2708 4230 Caelestis
2738 4180 2936 4244 Agnus
2966 4174 3155 4243 attigit
3197 4191 3209 4230 :

583 4265 762 4318 Adest
783 4262 988 4319 lumen
1007 4266 1198 4332 tuum,
1225 4261 1610 4327 Hierusalem,
1639 4265 1653 4280 ‘
1675 4267 1731 4322 et
1751 4264 2030 4336 majestas
2050 4268 2159 4321 Do-
2450 4267 2707 4327 Peccata,
2740 4278 2874 4334 quas
2905 4277 3026 4318 non
3055 4262 3278 4326 detulit,

514 4349 662 4407 mini
688 4349 750 4406 in
780 4355 834 4406 te
858 4349 1177 4408 videbitur.
2196 4407 2219 4408 ί
2447 4354 2560 4407 Nos
2589 4350 2885 4407 abluendo
2921 4350 3182 4408 sustulit.

525 4478 540 4482 ..
585 4438 919 4494 Reiteretur
939 4439 1308 4508 Antiphona.
1335 4439 1514 4496 Adest
1539 4439 1742 4496 lumen
1769 4445 1961 4522 tuum.
2195 4407 2238 4460 θ
2519 4442 2751 4496 Novum
2781 4455 2970 4509 genus
2995 4440 3270 4512 potentia
3305 4458 3318 4495 :

590 4526 814 4582 Oratio.
831 4524 1076 4592 Christe,
1093 4526 1263 4582 Filius
1281 4527 1396 4592 Dei,
1413 4528 2162 4601 quipracessioneradian-
2448 4534 2632 4601 Aquze
2663 4527 2980 4584 rebescunt
3007 4528 3257 4600 hydria,

516 4613 782 4669 tisstellaa
802 4613 1124 4685 teipsumin
1148 4616 1440 4688 prasepio
1457 4617 1909 4688 positumMagis
1927 4620 2156 4688 tequa-
2449 4618 2781 4689 Vinumque
2807 4617 2976 4686 jussa
3004 4615 3252 4672 fundere

516 4701 784 4758 rentibus
829 4701 1062 4758 voluisti
1106 4703 1448 4775 ostendere;
1488 4704 1852 4774 praecedente
1893 4719 2024 4766 nos,
2066 4703 2158 4758 vel
2450 4705 2685 4762 Mutavit
2715 4705 2878 4760 unda
2903 4704 3212 4773 originem.

517 4789 915 4862 subsequente
942 4791 1130 4859 gratia
1173 4795 1274 4848 tua
1303 4802 1593 4848 aeternum
1638 4791 1812 4848 nobis
1865 4791 2029 4846 sidus
2073 4807 2160 4846 re-
2519 4795 2738 4859 Quarto
2764 4793 2858 4848 die
2883 4794 3010 4863 jam
3039 4793 3279 4850 fatidus

515 4875 754 4946 fulgeat,
777 4892 898 4948 quo
929 4881 981 4934 te
1011 4879 1276 4950 quotidie
1303 4880 1679 4936 inveniamus
1711 4879 2029 4943 edendum,
2059 4879 2163 4950 qui
2448 4882 2635 4937 Vitam
2665 4881 2885 4953 recepit
2918 4884 3184 4948 Lazarus,

516 4963 682 5021 cibus
717 4964 908 5021 factus
939 4981 1002 5021 es
1032 4967 1497 5040 redemptorum.
1529 4980 1590 5035 ﬂ.
1632 4972 1838 5022 Amen.
2452 4969 2766 5041 Mortisque
2796 4969 2944 5024 liber
2970 4970 3237 5041 vinculis,

585 5053 691 5108 Per
719 5052 1187 5112 misericordiam
1219 5060 1401 5112 tuam.
2452 5059 2659 5113 Factus
2690 5062 2989 5128 superstes
3027 5063 3113 5115 est
3144 5058 3277 5114 sibi.

584 5140 678 5195 Ad
705 5140 1075 5199 Benedictus.
1107 5143 1476 5212 Antiphona.
1504 5143 1627 5198 Tibi
1654 5142 1760 5198 soli
1778 5144 1919 5210 Deo,
1946 5142 2160 5209 honor,
2523 5146 2690 5201 Rivos
2712 5145 2937 5200 cruoris
2965 5147 3190 5202 horridi

514 5233 572 5285 et
600 5227 809 5298 gloria,
852 5230 1052 5297 virtus,
1086 5236 1142 5286 et
1168 5234 1426 5302 potestas
1455 5230 1516 5284 in
1538 5231 1756 5286 saecula
1781 5230 2158 5286 saeculorum.
2451 5236 2734 5290 Contacta
2762 5233 2944 5289 vestis
2983 5234 3236 5291 obstruit
3267 5251 3278 5290 :

588 5316 910 5374 Canticum.
945 5318 1290 5374 Benedictus
1319 5333 1404 5382 es,
1437 5318 1705 5373 Domine.
1723 5319 1838 5388 fol.
1870 5323 1922 5373 6.
2456 5321 2612 5378 Fletu
2637 5321 2864 5391 rigante
2895 5323 3184 5395 supplicis

588 5407 765 5463 Sono.
789 5409 1054 5478 Egosum
1070 5405 1278 5475 Alpha,
1294 5407 1603 5474 etOmega,
1619 5406 2002 5478 principium,
2020 5411 2076 5463 et
2100 5407 2166 5463 ﬁ-
2451 5414 2628 5467 Arent
2655 5410 2879 5467 ﬂuenta
2898 5413 3233 5482 sanguinis.

513 5493 1234 5561 ni,dicitDominusDeus.
1257 5490 2014 5565 Alleluia.Y.Alleluia.Ego
2027 5511 2164 5558 sum
2454 5498 2691 5558 Solutus
2722 5501 2886 5556 omni
2923 5516 3170 5575 corpore
