4160 6398
210 271 308 330 185
1206 275 1553 334 DOMINICA
1591 276 1614 333 Ι
1652 275 1835 334 POST
1873 274 1896 334 ί

2011 275 2214 334 ΑνΑΜ
2247 276 2410 336 EPIP
2430 279 2686 336 ΗΑΝΙᾹΞ.

390 401 603 456 Iussus
632 400 899 471 repente
925 411 1182 468 surgere,

396 488 530 547 Suis
552 487 828 543 vicissim
855 486 1160 556 gressibus

394 582 574 650 :Eger
595 575 863 631 vehebat
889 574 1192 632 lectulum.

473 670 640 722 Tunc
677 664 780 719 ille
816 665 845 717 J
855 663 1008 719 udas
1039 663 1300 720 carnifex

402 757 610 810 Ausus
641 752 993 822 Magistrum
1027 753 1256 810 tradere

399 847 624 901 Pacem
651 841 883 897 ferebat
905 841 1128 906 osculo,

403 935 604 999 Quam
621 945 746 986 non
772 929 1021 999 gerebat
1050 935 1318 1000 pectore.

479 1023 673 1075 Verax
699 1017 880 1074 datur
908 1016 1221 1073 fallacibus
1247 1037 1263 1071 :

398 1109 582 1165 Pium
610 1105 876 1175 ﬂagellat
903 1105 1157 1177 impius:

400 1195 701 1267 Crucique
721 1192 876 1248 ﬁxus
909 1194 1200 1249 innocens

401 1284 549 1353 Conj
561 1282 808 1351 ungitur
830 1280 1204 1337 Latronibus.

470 1374 767 1426 Aromata
790 1372 925 1440 post
957 1368 1289 1426 Sabbatum

396 1458 698 1526 Quadam
737 1455 1034 1512 vehebant
1063 1458 1322 1528 corpori,

399 1550 569 1614 Quas
587 1545 1028 1617 alloquunturA
1049 1545 1231 1614 ngeli.

399 1637 625 1692 Vivum
656 1632 940 1704 sepulcro
970 1648 1094 1688 non
1112 1634 1250 1703 tegi.

478 1720 736 1792 Hymnis
757 1720 952 1775 venite
981 1719 1284 1788 dulcibus,

400 1812 632 1867 Omnes
665 1823 962 1864 canamus
989 1808 1301 1865 subditum

399 1897 628 1955 Christi
657 1896 969 1965 triumpho
993 1901 1304 1963 tartarum,

401 1985 519 2052 Qui
548 2000 664 2040 nos
692 1984 946 2040 redemit
975 1985 1272 2041 venditus.

468 2072 680 2129 Zelum
713 2072 997 2128 Draconis
1016 2072 1221 2137 invidi,

399 2165 465 2218 Et
493 2177 562 2218 os
590 2159 811 2216 Leonis
863 2160 1112 2231 pessimi

398 2249 671 2307 Calcavit
692 2247 913 2304 Unicus
941 2248 1060 2320 Dei,

401 2341 676 2410 Seseque
709 2337 874 2392 caelis
915 2336 1192 2394 reddidit.

478 2425 688 2483 Gloria
719 2425 827 2480 tibi
859 2425 1127 2489 Domine,

404 2514 518 2580 Qui
549 2512 884 2585 apparuisti
899 2512 1102 2580 hodie,

409 2605 564 2660 Cum
581 2601 773 2665 Patre,
808 2601 1023 2656 Sancto
1050 2600 1255 2672 spiritu

411 2695 479 2746 In
507 2691 882 2761 sempiterna
909 2688 1149 2744 saecula.

476 2781 694 2834 Amen.

292 2885 971 2956 Supplicatioﬂremus
989 2887 1290 2939 auctorem
1311 2883 1892 2958 lucis.fol.83,Kyrie,

238 2974 486 3032 eleison.
530 2985 596 3045 Ra
621 2972 872 3041 Christe,
894 2971 1140 3028 eleison.
1182 2973 1376 3043 Kyrie,
1401 2973 1646 3029 eleison.

293 3063 606 3133 Capitula.
639 3061 924 3123 Gloriose,
955 3064 1179 3125 sancte,
1208 3061 1587 3132 omnipotens
1608 3063 1896 3134 Deus,qui
1933 3078 1974 3134 ς,

221 3153 417 3209 varios
437 3150 703 3206 humani
735 3149 969 3218 generis
1018 3148 1333 3204 miseratus
1359 3149 1614 3221 semper
1640 3166 1890 3217 errores,

219 3247 545 3312 propterea
558 3238 688 3293 sine
720 3237 908 3293 dubio
935 3237 1116 3292 etiam
1138 3237 1336 3306 Magis,
1363 3237 1425 3292 in
1453 3239 1769 3295 tenebrosa
1798 3255 1896 3295 su-

219 3325 723 3402 perstitione,sive
741 3324 995 3395 caligine
1017 3324 1671 3397 constitutis,przevium
1689 3327 1898 3384 sideris

224 3417 427 3474 lumen
460 3430 660 3487 usque
679 3413 760 3469 ad
790 3418 895 3469 tua
925 3417 1132 3468 sancta
1157 3413 1460 3470 cunabula
1502 3416 1893 3472 ministrasti:

224 3513 284 3561 ut
313 3506 610 3563 omnibus
631 3501 1002 3574 generaliter,
1059 3501 1121 3556 in
1153 3518 1262 3558 suo
1297 3519 1493 3559 errore
1541 3505 1895 3575 degentibus

228 3594 600 3651 desiderium
620 3597 740 3647 tuae
763 3590 1083 3661 agnitionis
1097 3591 1452 3648 accenderes
1471 3610 1484 3658 ;
1507 3593 1768 3649 accende
1785 3609 1896 3649 nos

235 3683 428 3753 etiam,
463 3696 814 3754 precamur,
837 3678 1140 3735 salutifero
1163 3680 1245 3735 tui
1267 3681 1488 3736 amoris
1525 3681 1776 3737 ardore:
1809 3687 1893 3751 ut,

229 3772 391 3845 quite
409 3771 548 3841 jam
577 3769 872 3824 donotuae
904 3767 1357 3824 illuminationis
1390 3769 1891 3838 agnovimus,tuaa

230 3876 464 3933 quoque
492 3858 831 3913 dilectionis
855 3856 1070 3912 ardore
1089 3856 1430 3926 ﬂagrantes,
1457 3857 1560 3916 tibi
1591 3857 1895 3914 adhaerere

240 3947 294 4003 in
325 3952 692 4020 perpetuum
725 3960 1087 4000 mereamur.

293 4039 458 4093 Pater
479 4038 708 4091 noster.
744 4033 1049 4089 Liberatia
1088 4032 1247 4089 malo
1273 4035 1381 4104 fol.
1417 4038 1469 4090 2.

289 4125 524 4182 Lauda.
565 4123 717 4181 Misit
768 4138 864 4178 me
887 4138 1118 4179 sanare.
1152 4123 1520 4179 Benedictio.
1577 4123 1894 4182 Benedicat

233 4213 396 4270 vobis
411 4212 641 4285 Alpha,
676 4215 733 4268 et
763 4213 1008 4280 Omega.
1037 4210 1256 4280 fol.86.

293 4303 359 4360 In
387 4301 642 4358 nomine
674 4299 923 4355 Domini.

297 4403 1495 4474 OctavaEpiphaniw,omniadicanturut
1513 4407 1571 4462 in
1585 4407 1893 4477 diefol.85,
1928 4422 1972 4478 1)

296 4517 361 4570 IN
404 4513 626 4570 PRIMO
657 4511 996 4568 DOMlNlCO
1030 4512 1202 4567 POST
1253 4513 1578 4569 OCTAVAM
1607 4514 1887 4571 EPIPHA-

851 4601 996 4655 Nl/E
1028 4599 1290 4666 DOMINI,

887 4706 982 4762 Ad
1019 4708 1309 4777 Vesperos.

297 4811 809 4872 Lauda.Elevatio
827 4827 1121 4868 manuum
1139 4828 1412 4868 mearum
1435 4814 1890 4872 sacriﬁcium.P.

237 4904 666 4977 Vespertinum.
691 4901 755 4962 ὼ.
786 4901 1099 4970 Dirigatur,
1129 4902 1400 4965 Domine,
1435 4903 1625 4959 oratio
1655 4920 1792 4962 mea
1833 4907 1894 4961 in

237 5001 558 5067 conspectu
591 4996 695 5048 tuo
727 4989 882 5045 sicut
909 4989 1246 5044 incensum.
1278 4989 1346 5043 P.
1373 4991 1810 5062 Vespertinum.

298 5085 520 5140 Oratio.
550 5083 727 5146 Deus,
753 5079 930 5149 cujus
962 5093 1183 5134 nomen
1217 5094 1252 5133 a
1272 5077 1411 5132 solis
1431 5081 1563 5134 ortu
1595 5096 1784 5152 usque
1811 5083 1890 5138 ad

237 5185 500 5228 occasum
525 5167 838 5228 laudabile
852 5169 941 5221 est
967 5166 1546 5221 :sicutincensumin
1569 5174 1891 5241 conspectu

237 5260 323 5315 tuo
335 5265 539 5317 nostra
552 5257 858 5328 dirigatur
870 5254 1060 5310 oratio
1076 5253 1320 5327 ;tibique
1332 5254 1419 5310 ele
1429 5255 1581 5311 vatio
1595 5272 1889 5314 manuum

239 5342 1654 5417 nostrarum,sacrificiumvespertinum,impleat
1673 5345 1893 5402 solem-

239 5433 482 5493 nitatem.
507 5448 574 5502 Br.
604 5440 828 5496 Amen,

299 5527 394 5583 Per
421 5521 916 5586 misericordiam
942 5523 1129 5576 tuam.

3544 291 3652 346 186

1935 401 1983 454 Α
2084 402 2258 459 Sono.
2275 404 2538 461 Alleluia.
2568 404 2657 459 Ad
2671 417 2981 475 vesperum
2993 407 3399 466 demorabitur
3423 410 3599 468 ﬂetus
3621 433 3642 470 ε

2015 493 2072 546 et
2099 491 2176 546 ad
2203 493 2798 550 matutinumlastitia.
2833 493 3100 560 Alleluia,
3119 495 3182 554 ἲν.
3210 496 3473 555 Alleluia.
3507 502 3653 557 Con-

2013 579 2834 654 vertisti,Domine,planctum
2855 597 3059 637 meum
3079 583 3140 638 in
3162 585 3451 651 gaudium
3475 589 3648 645 mihi:

2015 668 2354 724 conscidisti
2377 685 2619 726 saccum
2635 675 2920 737 meum,et
2939 671 3295 741 praecinxisti
3309 689 3402 728 me
3430 675 3650 733 laetitia.

2013 753 2278 812 Alleluia.
2311 757 2599 814 Dominus
2622 759 2693 814 sit
2713 774 2949 831 semper
2979 759 3300 815 vobiscum.
3323 764 3462 828 ΒμΕῘ.
3492 778 3652 820 cum.

2083 844 2569 913 Antiphonaﬂui
2585 851 2670 902 est
2684 846 2909 916 iste,cuj
2922 863 2988 901 us
3006 847 3186 902 stellae
3201 849 3654 919 splendiderunt

2013 932 2075 986 in
2096 932 2376 988 custodiis
2408 934 2550 999 suis,
2585 939 2639 990 et
2661 934 2870 1002 ilaetate
2898 940 3056 1000 sunt,
3080 951 3217 992 cum
3239 943 3478 994 vocaret
3508 954 3607 995 eas
3628 939 3656 993 ?

2013 1019 2355 1077 reluxerunt
2379 1038 2516 1077 cum
2546 1023 2762 1078 laetitiae
2797 1024 2867 1090 ei,
2915 1025 3017 1095 qui
3062 1024 3197 1080 fecit
3226 1041 3356 1081 eas.
3393 1027 3454 1086 γ.
3503 1026 3660 1084 Fecit

2013 1108 2224 1165 lunam
2241 1109 2300 1163 in
2324 1114 2621 1180 tempora:
2639 1110 3276 1180 solagnovitoccasum
3302 1115 3660 1170 suum.P.Et

2015 1194 2226 1250 laetata:
2258 1196 2470 1256 sunt.V
2496 1197 2705 1262 Gloria,
2759 1202 2813 1252 et
2843 1198 3054 1267 honor,
3097 1204 3204 1255 etc.
3232 1202 3303 1256 P.
3333 1203 3400 1255 Et
3447 1201 3656 1257 laetatus

2015 1287 2174 1338 sunt.
2207 1284 2494 1339 Dominus
2527 1285 2597 1339 sit
2620 1299 2856 1356 semper
2903 1286 3233 1342 vobiscum.
3261 1299 3306 1356 13;
3328 1290 3393 1342 Et
3424 1304 3580 1344 cum.

2081 1371 2304 1427 Lauda.
2327 1370 2598 1427 Alleluia.
2627 1371 2964 1428 Confitebor
2991 1372 3097 1428 tibi
3117 1375 3361 1428 Domine
3411 1375 3472 1430 in
3508 1375 3657 1430 dire-

2012 1457 2202 1512 ctione
2224 1457 2417 1512 cordis
2447 1458 2583 1513 mei.
2642 1457 2906 1514 Alleluia.
2939 1459 3010 1514 P.
3039 1459 3104 1513 In
3161 1475 3231 1515 eo
3279 1460 3441 1532 quod
3474 1461 3654 1516 didici

2007 1544 2234 1614 judicia
2259 1545 2652 1615 justitimtuaa.
2703 1545 2970 1614 Alleluia,
3025 1547 3090 1606 ἢν.
3112 1549 3176 1601 1n
3205 1548 3318 1602 tuis
3356 1548 3654 1618 justiﬁca-

2010 1632 2271 1688 tionibus
2299 1632 2664 1689 meditabor:
2683 1649 2801 1689 non
2827 1633 3146 1690 obliviscar
3169 1650 3473 1692 sermones
3498 1641 3651 1692 tuos.

1928 1739 1973 1794 Β
2009 1722 2072 1776 P.
2102 1723 2166 1775 In
2185 1735 2256 1776 eo
2276 1720 2460 1792 quod.
2489 1720 2557 1780 ἲν.
2596 1720 2808 1787 Gloria,
2833 1725 2890 1777 et
2916 1720 3111 1779 honor
3153 1723 3326 1788 Patri,
3346 1727 3455 1779 etc.
3486 1723 3549 1778 P.
3585 1726 3651 1778 In

2007 1823 2077 1865 eo
2098 1809 2280 1881 quod.

2676 1898 2973 1967 Hymnus.

2149 1987 2424 2040 Inventor
2443 1985 2632 2040 rutilis
2664 1987 2786 2041 dux
2809 1985 2965 2040 bone
2987 1984 3256 2050 luminis,

2079 2073 2187 2137 Qui
2210 2075 2381 2130 certis
2401 2073 2628 2129 vicibus
2652 2076 2924 2144 tempora
2944 2072 3178 2138 dividis,

2077 2163 2260 2217 Merso
2283 2161 2408 2217 sole
2447 2162 2631 2218 chaos
2650 2161 2870 2232 ingruit
2897 2161 3232 2226 horridum,

2079 2251 2293 2305 Lucem
2326 2250 2548 2306 Christe
2567 2251 2682 2305 tuis
2713 2249 2894 2305 redde
2923 2248 3225 2307 ﬁdelibus.

2147 2339 2262 2408 92
2295 2338 2617 2410 Splendent
2644 2338 2958 2410 perspicuo
2986 2337 3211 2394 lumine
3247 2337 3472 2408 ardua,

2079 2426 2362 2483 Flammis
2384 2426 2708 2482 mobilibus
2736 2424 2958 2482 scilicet
2984 2426 3134 2482 atria
3159 2444 3171 2480 :

2077 2515 2517 2587 Absentemque
2544 2515 2704 2570 diem
2749 2515 2852 2570 lux
2880 2514 3000 2583 agit
3030 2514 3266 2581 aemula,

2078 2606 2319 2658 Noctem
2337 2603 2702 2658 inluminans
2732 2602 2961 2671 fulgore
2990 2602 3234 2672 praevio.

2150 2694 2263 2746 Nos
2285 2690 2445 2746 festis
2471 2691 2766 2746 trahimus
2787 2705 2892 2761 per
2912 2690 3015 2760 pia
3031 2690 3254 2759 gaudia

2078 2782 2317 2834 Noctem
2333 2778 2618 2843 conciliis,
2641 2782 2898 2849 votaque
2927 2793 3214 2848 prospera

2079 2869 2374 2923 Concentu
2396 2866 2584 2937 parili,
2620 2865 2785 2920 suavi
2813 2864 3167 2920 sonantibus

2080 2959 2448 3028 Hymnorum
2478 2953 2737 3010 modulis
2771 2968 2876 3008 ora
2901 2952 3281 3008 resolvimus.

2149 3047 2288 3100 Ores
2308 3043 2492 3113 digna
2523 3046 2696 3111 Deus,
2722 3057 2909 3112 quam
2939 3041 3045 3096 tibi
3073 3040 3324 3095 residuae

2081 3133 2274 3189 Noctis
2296 3132 2592 3203 principio
2625 3133 2773 3186 Grex
2795 3135 2932 3185 tuus
2948 3129 3151 3184 offeret
3176 3145 3189 3183 :

2081 3224 2253 3286 Luce,
2281 3237 2465 3292 quam
2488 3219 2714 3281 tribuis,
2749 3218 2892 3273 nihil
2915 3217 3258 3289 pretiosius,

2079 3311 2250 3375 Luce,
2273 3325 2395 3381 qua
2424 3308 2656 3379 reliqua
2694 3307 2942 3378 praemia
2971 3306 3288 3362 cernimus.

2149 3398 2234 3453 Tu
2263 3397 2366 3453 lux
2380 3412 2523 3452 vera
2544 3395 2749 3464 oculis,
2789 3395 2891 3450 lux
2913 3409 3155 3466 quoque
3194 3392 3467 3448 sensibus

2079 3491 2260 3550 Intus,
2288 3489 2350 3541 tu
2377 3485 2709 3557 speculum,
2737 3484 2870 3539 fons
2896 3500 2913 3537 :
2943 3483 3146 3538 lumen

2079 3575 2251 3641 Quod
2274 3573 2497 3630 delibat
2513 3573 2683 3644 plebs
2713 3577 2833 3636 tua,
2871 3571 3124 3643 suscipe,

2078 3664 2350 3720 Tinctum
2376 3661 2606 3734 paciﬁci
2636 3660 2970 3717 chrismatis
2995 3658 3284 3728 unguine.

2148 3756 2252 3808 Per
2275 3752 2574 3809 Christum
2600 3750 2868 3807 Genitum
2887 3763 3122 3804 summe
3141 3750 3306 3804 Pater
3348 3750 3542 3814 tuum,

2077 3846 2140 3897 ln
2170 3857 2290 3913 quo
2307 3839 2555 3896 visibilis
2583 3844 2701 3896 stat
2722 3838 2825 3894 tibi
2851 3837 3057 3907 gloria,

2079 3930 2399 3995 Quinoster
2427 3928 2734 3993 Dominus,
2767 3926 2871 3998 qui
2905 3930 3040 3980 tuus
3070 3925 3288 3980 unicus

2079 4017 2274 4089 Spirat
2301 4017 2374 4072 de
2403 4017 2598 4088 patrio
2624 4015 2804 4071 corde
2838 4013 3194 4069 Paraclitum
3219 4031 3232 4068 :

2148 4106 2252 4160 Per
2271 4120 2451 4175 quem
2479 4103 2778 4174 splendor,
2811 4102 3015 4171 honor,
3044 4101 3196 4168 laus,
3227 4099 3542 4170 sapientia,

2076 4192 2408 4263 Majestatis,
2430 4190 2690 4258 bonitas,
2715 4193 2768 4245 et
2793 4189 3015 4262 pietas:
3053 4191 3138 4242 Tu

2076 4285 2334 4352 Regnum
2365 4281 2633 4336 contines
2661 4278 2906 4334 Nomine
2937 4276 3170 4348 triplici,

2077 4371 2302 4429 Texens
2332 4369 2632 4442 perpetuis
2657 4366 2880 4424 saecula
2904 4365 3154 4422 saeculis.

2151 4465 2359 4515 Amen.

2076 4549 2475 4619 Supplicatz‘o.
2507 4545 3242 4617 OremusRedemptorem,
3274 4545 3384 4613 fol.
3421 4547 3506 4600 66.

2080 4639 2382 4709 Capitula.
2412 4637 2706 4706 Dirigatur
2751 4635 2940 4691 oratio
2968 4639 3176 4690 nostra
3197 4632 3464 4699 Domine,
3504 4632 3655 4687 sicut

2005 4727 2316 4782 incensum
2347 4725 2407 4781 in
2419 4729 2748 4797 conspectu
2761 4729 2862 4780 tuo
2881 4740 2892 4778 ε
2913 4728 3105 4778 utnon
3118 4719 3379 4792 ’patiaris
3399 4720 3459 4773 in
3476 4718 3652 4774 nobis

2005 4814 2306 4870 demorari
2320 4813 2722 4884 vespertinum
2737 4812 2939 4867 ﬂetum
2957 4826 2970 4876 ;
2987 4809 3091 4863 sed
3105 4808 3314 4863 laetitiae
3328 4806 3652 4877 tranquilla

2005 4903 2064 4958 in
2095 4903 2399 4959 matutinis
2431 4901 2733 4957 sacriﬁciis
2765 4899 3078 4963 tribuatur,
3103 4896 3505 4966 suscipiantur
3520 4910 3655 4951 ora-

2005 4992 2192 5048 tiones
2222 4996 2442 5048 nostrae
2469 5005 2573 5061 per
2606 4989 2897 5057 Angelum
2931 4993 3119 5048 tuum,
3183 4984 3337 5040 sicut
3375 4983 3566 5040 Tobiae
3596 4988 3652 5040 et

2005 5082 2162 5138 Saree
2193 5079 2488 5136 desideria
2515 5077 2794 5134 exaudire
2812 5076 3092 5145 dignatus
3119 5090 3181 5129 es
3206 5092 3218 5129 :
3253 5088 3399 5128 cura
3425 5087 3538 5128 nos
3565 5071 3643 5127 ab

2001 5168 2444 5225 inﬁrmitatibus
2461 5165 2703 5231 nostris,
2727 5169 2782 5221 et
2807 5179 2956 5220 sana
2976 5178 3186 5219 omnes
3203 5162 3522 5231 languores
3548 5175 3653 5215 no-

2003 5261 2151 5314 stros
2167 5274 2179 5323 ;
2198 5261 2260 5312 ut
2286 5255 2803 5328 quemadmodum
2816 5253 2972 5308 credi
2983 5268 3117 5308 mus
3131 5251 3289 5306 diem
3316 5251 3475 5306 hanc
3489 5249 3653 5304 obla-

2001 5349 2143 5411 tam,
2173 5345 2359 5401 noctis
2372 5343 2746 5400 advenientis
2764 5341 2954 5411 caligo
2976 5340 3136 5395 diem
3157 5339 3294 5395 vitae
3318 5338 3651 5394 retributio-

2000 5433 2091 5489 nis
2116 5432 2376 5489 inveniat
2401 5447 2506 5503 per
2527 5447 2684 5498 eum,
2717 5430 2821 5502 qui
2849 5445 2960 5486 nos
2991 5428 3194 5485 docuit
3246 5442 3434 5484 orare.

2072 5523 2242 5580 Pater
2268 5525 2486 5579 noster.
2510 5520 2761 5579 Liberati
2787 5537 2824 5579 a
2852 5518 3033 5587 malo,
3058 5519 3261 5584 Quwre
3289 5517 3397 5586 fol.
