4160 6398
561 303 665 362 187

1803 274 2256 339 BREVIARIUM
2302 274 2699 338 GOTHICUM.
3842 281 3934 339 188
4034 301 4038 305 ’

630 417 1317 484 Benedictioﬂammam
1349 410 1771 471 benedictionis
1801 407 2075 466 calorum
2111 418 2209 459 su-
2235 403 2284 459 Α
2316 402 2524 476 (quem
2556 407 2673 462 ate
2702 404 3153 477 magniﬁcatum
3172 402 3577 475 agnoscimus)
3608 403 3933 463 nostrorum

558 530 665 589 per
680 530 788 571 vos
812 510 1102 567 Dominus
1118 505 1417 574 benignus
1428 502 1784 566 infundat,et
1800 497 2045 554 Trinitas
2052 494 2208 589 inse-

560 580 849 677 parabilis
877 615 913 655 a
927 596 1103 653 vobis
1122 608 1439 665 nunquam
1463 590 1722 647 recedat.
1740 600 1807 658 Ην.
1827 593 2032 677 Amen,
2052 580 2210 638 Bella

564 675 1043 749 adversariorum
1085 687 1421 740 vestrorum
1458 679 1707 747 adterat,
1729 680 1787 733 et
1814 675 1968 732 acies
2001 684 2209 728 eorum

559 778 718 850 ignis
751 774 1002 832 caelestis
1058 772 1395 828 consumat.
1428 778 1493 840 ﬁ.
1516 768 1726 823 Amen.
1767 762 2111 850 Dominetur
2147 757 2211 813 in

559 848 733 923 vobis
748 862 1008 920 charitas
1019 859 1854 927 individua,etconservetvos
1864 848 2213 923 sempiterna

558 954 862 1024 maiestas.
883 961 947 1020 BI.
971 952 1183 1005 Amen.

625 1041 731 1096 Per
755 1035 1231 1094 misericordiam
1248 1032 1438 1106 ipsius
1453 1073 1467 1088 .

623 1126 856 1183 Lauda.
902 1124 1251 1190 Bonitatem,
1275 1124 1331 1177 et
1355 1118 1634 1191 disciplin
1647 1130 1767 1181 am,
1824 1116 1881 1170 et
1902 1110 2211 1168 scientiam

552 1215 703 1271 doce
723 1229 836 1279 me,
862 1215 1017 1268 Deus
1037 1228 1049 1267 :
1075 1210 1345 1266 Alleluia.
1357 1208 1423 1263 P.
1464 1206 1614 1273 Quia
1631 1202 1932 1260 mandatis
1946 1199 2062 1255 tuis
2078 1213 2206 1254 cre-

557 1302 700 1358 didi.
727 1299 995 1365 Alleluia,
1030 1298 1281 1361 alleluia,
1322 1295 1581 1351 alleluia.
1641 1291 1704 1352 V.
1753 1287 2020 1358 Cogitavi
2076 1286 2209 1343 vias

555 1404 723 1446 meas
746 1392 830 1443 :et
857 1386 1120 1442 converti
1157 1384 1342 1460 pedes
1363 1397 1531 1438 meos
1551 1381 1611 1436 in
1625 1377 1963 1435 testimonia
1989 1380 2114 1433 tua.
2134 1377 2207 1431 P.

557 1476 706 1542 Quia
735 1473 1058 1531 mandatis.
1085 1472 1147 1533 Ψ.
1204 1470 1421 1538 Gloria,
1464 1473 1520 1526 et
1562 1469 1782 1533 honor,
1820 1467 1931 1521 etc.
1959 1465 2031 1520 P.
2064 1462 2211 1529 Quia

556 1562 1118 1708 ωὲῗὲἰξῗῦοωὶηθ
1149 1647 1290 1702 Iesu
1316 1644 1559 1710 Christe,
1600 1641 1705 1714 qui
1729 1641 2034 1697 credentes
2052 1637 2113 1695 in
2129 1641 2203 1696 te.

556 1740 810 1811 Require
837 1739 902 1793 in
937 1734 1257 1793 Matutinis
1275 1734 1446 1789 istius
1478 1730 1795 1787 Dominici.
1815 1730 1928 1798 fol.
1953 1732 2003 1784 3.

627 1827 697 1882 In
720 1825 1020 1896 principio
1030 1820 1566 1878 Matutinidicimus
1583 1833 1692 1887 per
1717 1818 1838 1873 dies
1854 1816 2203 1885 Dominicos,

555 1915 777 1971 scilicet
806 1933 819 1973 :
852 1912 1140 1982 Hymnus.
1169 1911 1408 1965 2Eterne
1428 1922 1629 1963 rerum
1651 1905 1948 1962 Conditor.

633 2002 860 2057 Oratio.
898 2003 1201 2055 zEternum
1227 2002 1284 2053 te
1315 2001 1647 2052 auctorem.
1686 1995 1894 2061 Quaere
1914 1993 2021 2061 fol.
2072 1995 2127 2047 3.

630 2088 999 2157 Antiphona.
1015 2085 1263 2142 Domine
1292 2083 1439 2157 quid
1467 2080 1813 2153 muliplicati
1834 2083 1975 2135 sunt
1994 2079 2098 2151 qui
2113 2078 2209 2135 tri-

558 2176 771 2233 bulant
790 2190 886 2231 me
915 2174 943 2229 ?
980 2177 1065 2231 Tu
1091 2171 1901 2243 autem,Domine,susceptor
1918 2183 2093 2224 meus
2121 2182 2203 2224 es.

559 2265 837 2322 Psalmus
867 2278 948 2318 Ill.

625 2350 984 2420 Antiphona.
1018 2348 1176 2405 Lava
1193 2362 1288 2404 me
1309 2347 1388 2403 ab
1412 2344 1701 2416 injustitia
1722 2356 1861 2401 mea
1890 2362 1904 2400 :
1927 2344 1986 2401 et
2003 2358 2041 2399 a
2072 2357 2207 2416 pec-

558 2442 691 2495 cato
720 2453 855 2494 meo
881 2437 1111 2493 munda
1139 2451 1256 2501 me,
1290 2434 1565 2491 Domine.
1596 2432 1873 2489 Psalmus
1898 2450 1950 2488 ι..

630 2528 981 2596 Antiphona
1000 2529 1053 2582 3.
1113 2529 1177 2581 In
1206 2529 1260 2581 te
1314 2522 1560 2580 conﬁdit
1584 2522 1788 2579 anima
1820 2535 1975 2587 mea,
2026 2520 2207 2577 libera

558 2629 677 2681 me,
702 2614 968 2669 Domine.
999 2612 1267 2669 Psalmus
1288 2628 1398 2667 va.

636 2700 1251 2773 Antiphona.Domine
1268 2699 1415 2771 quid
1430 2697 1809 2770 multiplicati
1821 2699 1959 2752 sunt
1981 2696 2085 2767 qui
2102 2696 2205 2751 tri-

552 2789 766 2847 bulant
792 2790 929 2845 me?
959 2792 1043 2845 Tu
1069 2792 1289 2853 autem,
1318 2788 1898 2857 Domine,susceptor
1912 2799 2080 2840 meus
2116 2801 2202 2841 es.

550 2878 614 2937 ἲν.
641 2878 852 2943 Gloria,
878 2880 934 2932 et
960 2877 1155 2932 honor
1173 2875 1343 2941 Patri,
1363 2880 1419 2931 et
1450 2874 1609 2937 Filio,
1636 2873 1943 2945 etSpiritui
1960 2874 2197 2929 Sancto.

623 2964 1167 3035 Antiphona.,Lava
1193 2978 1289 3019 me
1324 2962 1401 3018 ab
1424 2962 1713 3033 injustitia
1730 2976 1867 3017 mea
1894 2977 1908 3015 :
1952 2966 2007 3016 et
2024 2964 2205 3032 epeo-

2316 507 2447 547 esse
2472 509 2775 549 summum
2799 497 3206 565 aeternumque
3225 491 3539 564 praemium
3559 492 3937 562 gaudeamus.

2316 591 2378 650 Βν.
2396 586 2599 636 Amen.

2389 670 2493 724 Per
2522 669 3020 727 misericordiam.

2380 756 2744 826 Antiphona.
2787 761 2837 814 3.
2867 759 3154 815 Converte
3196 757 3468 823 Domine,
3511 756 3668 830 eripe
3723 758 3941 815 animas

2319 848 2557 903 nostras
2578 860 2591 900 :
2615 847 2813 903 salvos
2825 861 2935 903 nos
2949 846 3043 903 fac
3054 850 3295 920 propter
3310 846 3767 903 misericordiam
3780 850 3940 904 tuam.

2321 932 2389 991 P.
2412 934 2562 999 Quia
2596 950 2719 992 non
2744 939 2833 992 est
2871 936 2932 992 in
2960 939 3150 993 morte
3204 935 3309 1009 qui
3356 949 3591 993 memor
3639 935 3719 993 sit
3762 936 3863 993 tui.
3888 937 3940 995 ii.

2321 1021 2586 1087 Domine,
2614 1038 2689 1080 ne
2708 1024 2770 1079 in
2791 1024 2881 1080 ira
2909 1027 3013 1080 tua
3038 1039 3258 1096 arguas
3298 1039 3416 1092 me,
3438 1038 3633 1096 neque
3663 1023 3725 1081 in
3768 1024 3945 1081 furore

2321 1112 2426 1165 tuo
2464 1111 2749 1182 corripias
2767 1127 2887 1169 me.
2918 1113 2990 1170 P.
3016 1113 3165 1178 Quia
3178 1128 3301 1170 non
3330 1116 3438 1170 est.
3463 1112 3527 1175 ῒ.
3552 1112 3773 1179 Gloria,
3790 1113 3944 1170 etho-

2320 1211 2451 1267 nor,
2484 1202 2591 1254 etc.
2615 1200 2681 1254 P.
2715 1199 2863 1265 Quia
2888 1215 3009 1256 non
3038 1205 3145 1257 est.

2393 1286 2609 1342 Oratio.
2638 1289 2884 1344 Domine
2915 1304 3108 1361 neque
3133 1288 3196 1344 in
3219 1289 3310 1345 ira
3336 1293 3443 1345 tua
3467 1304 3581 1346 nos
3597 1303 3837 1358 arguas;
3854 1304 3940 1345 ne-

2319 1390 2437 1448 que
2466 1375 2527 1430 in
2559 1380 2660 1431 tuo
2685 1391 2799 1432 nos
2828 1375 3024 1433 furore
3053 1377 3368 1449 corripias;
3399 1378 3505 1433 sed
3535 1376 3613 1433 ab
3644 1377 3938 1449 asperitate

2317 1463 2578 1519 verberis
2607 1478 2764 1534 unge
2776 1480 2888 1520 nos
2910 1464 3516 1522 clementialenitatis:
3537 1472 3601 1521 ut
3627 1480 3748 1521 non
3763 1465 3936 1538 perdi-

2319 1551 2539 1608 tionem
2566 1567 2748 1624 pcena
2773 1553 2907 1620 ;sed
2937 1553 3329 1611 eruditionem
3357 1553 3535 1612 nobis
3564 1556 3667 1612 tua
3692 1552 3937 1612 conferat

2317 1639 2649 1711 disciplina.
2674 1651 2737 1710 Βι.
2763 1642 2973 1696 Amen.

2238 1740 2282 1797 Β
2377 1730 2482 1784 Per
2510 1728 3000 1786 misericordiam.

2386 1827 2448 1885 ην.
2474 1816 2934 1873 Abundaverunt
2970 1816 3305 1889 iniquitates
3323 1820 3544 1875 nostra:
3576 1831 3749 1891 super
3761 1831 3937 1874 nume-

2313 1919 2434 1959 rum
2460 1920 2654 1960 arenas
2685 1905 2884 1961 maris.
2915 1907 2986 1962 P.
3018 1908 3083 1962 Et
3108 1920 3266 1962 nunc
3295 1905 3464 1977 jjuste
3507 1906 3938 1980 comprimimur

2316 1992 2394 2048 ad
2406 2008 2515 2048 nos
2527 1994 2875 2063 erigendum
2888 1998 3068 2066 caput
3101 1998 3372 2051 nostrum
3392 2012 3405 2051 :
3426 1997 3822 2067 peecavimus,
3844 1997 3939 2050 Do-

2315 2080 2905 2153 mine,peccavimus.
2925 2083 2987 2142 tif.
3010 2083 3391 2139 Peccavimus
3414 2099 3555 2140 cum
3566 2084 3827 2157 patribus
3842 2098 3937 2139 no-

2316 2168 2479 2224 stris:
2511 2169 2728 2241 injuste
2766 2172 3017 2243 egimus,
3062 2172 3404 2245 iniquitates
3450 2173 3721 2229 fecimus.
3790 2174 3844 2227 P.
3883 2173 3939 2226 Et

2314 2271 2475 2313 nunc
2490 2258 2668 2329 juste.
2698 2259 2759 2320 Ψ.
2794 2259 3004 2326 Gloria,
3037 2263 3093 2315 et
3143 2261 3353 2327 honor,
3376 2264 3485 2318 etc.
3519 2262 3585 2318 P.
3654 2263 3719 2317 Et
3779 2274 3933 2316 nunc.

2926 2349 2997 2404 In
3040 2349 3355 2405 Laudibus.

2383 2435 2482 2490 Ad
2502 2435 2819 2492 Canticum.
2867 2436 3231 2506 Antiphona.
3289 2440 3430 2494 Date
3476 2436 3930 2509 magnitudinem

2314 2523 2583 2579 Domino.

2386 2611 2721 2670 Canticum.
2754 2612 3000 2668 Attende
3030 2612 3279 2671 Caelum.
3305 2614 3510 2680 Quare
3548 2616 3661 2683 fol.
3692 2618 3741 2670 4.

2387 2699 2608 2756 Oratio.
2636 2700 2983 2770 Descendat,
3034 2701 3299 2768 Domine,
3322 2706 3385 2757 ut
3412 2702 3621 2774 pluvia
3652 2701 3932 2774 eloquium

2314 2790 2515 2855 tuum;
2539 2792 2593 2843 et
2620 2788 2771 2844 sicut
2794 2804 2916 2859 ros,
2956 2789 3137 2845 verba
3170 2794 3274 2846 tua
3295 2805 3474 2861 super
3511 2806 3626 2848 nos
3647 2789 3933 2846 effundan-

2313 2878 2408 2932 tur
2430 2880 2546 2943 :ut,
2579 2876 2834 2932 ubertim
2851 2881 2954 2933 tua
2986 2878 3363 2935 miseratione
3386 2877 3585 2947 rigati,
3614 2876 3931 2947 tibimagni-

2312 2964 2580 3020 tudinem
2602 2965 2835 3031 demus,
2858 2968 3029 3037 cujus
3058 2982 3241 3039 opera
3273 2968 3437 3024 bona
3479 2983 3611 3025 esse
3657 2964 3935 3039 cognosci-

556 3056 687 3109 cato
704 3067 840 3107 meo
868 3052 1101 3108 munda
1116 3067 1232 3115 me,
1269 3050 1539 3107 Domine.
1571 3050 1634 3110 Ψ.
1661 3049 1820 3107 Sicut
1837 3049 2033 3105 eratin
2046 3049 2206 3121 prin-
2234 3074 2276 3131 ρ
2313 3068 2476 3109 mus:
2500 3054 2836 3109 omnesvim
2867 3059 3001 3123 tute,
3028 3054 3258 3126 judicia
3282 3068 3304 3127 ;
3345 3061 3402 3113 et
3445 3056 3733 3129 iniquitas
3748 3052 3933 3128 procul

557 3139 727 3210 cipio,
755 3143 812 3194 et
834 3154 1016 3204 nunc,
1046 3143 1102 3195 et
1127 3153 1383 3210 semper.

626 3226 990 3295 Antiphone.
1035 3228 1101 3281 in
1130 3228 1186 3280 te
1204 3224 1450 3280 conﬁdit
1478 3224 1682 3281 anima
1702 3238 1867 3281 mea:
1893 3223 2199 3289 liberame,

554 3314 824 3370 Domine.
870 3315 935 3369 P.
964 3315 1029 3369 Et
1062 3313 1125 3369 in
1147 3313 1367 3369 saecula
1404 3312 1779 3368 saeculorum.
1816 3316 2021 3369 Amen.

628 3401 857 3457 Oratio.
919 3400 1167 3457 Domine
1223 3402 1365 3456 Jesu
1419 3400 1666 3463 Christe,
1715 3399 1819 3471 qui
1877 3400 2199 3457 credentes.

558 3488 762 3555 Quaere
781 3489 890 3559 fol.
917 3492 970 3543 3.

625 3577 997 3645 Antiphona.
1019 3580 1069 3630 1.
1094 3576 1313 3632 Servite
1334 3576 1586 3631 Domino
1612 3575 1897 3633 intimore
1922 3579 2006 3634 :et
2043 3575 2200 3631 exul-

555 3670 673 3719 tate
702 3663 755 3719 ei
785 3678 923 3718 cum
954 3667 1227 3718 tremore.
1257 3663 1697 3735 Apprehendite
1720 3662 2199 3735 disciplinam.P.

555 3750 1185 3823 Nequandoirascatur
1214 3751 1585 3817 Dominus,et
1626 3752 1879 3823 pereatis
1896 3751 2039 3807 avia
2046 3750 2206 3821 justa

554 3838 618 3899 ἵ.
646 3840 838 3903 Quare
892 3838 1257 3895 fremuerunt
1290 3842 1521 3909 Gentes,
1555 3843 1612 3895 et
1678 3838 1891 3911 populi
1937 3839 2205 3897 meditati

557 3930 696 3982 sunt
750 3926 954 3983 inania
980 3928 1007 3983 7
1036 3926 1102 3981 P.
1135 3926 1483 3999 Nequando.
1528 3927 1590 3988 ir.
1638 3926 1853 3996 Gloria,
1885 3930 1943 3983 et
1993 3927 2202 3998 honor,

556 4017 669 4070 etc.
696 4014 764 4069 P.
796 4014 1144 4086 Nequando.

628 4102 849 4158 Oratio.
896 4103 1224 4160 Servientes
1252 4103 1381 4173 tibi,
1425 4102 1763 4170 Domine,in
1779 4103 2007 4166 timore,
2034 4101 2208 4157 disci-

551 4189 717 4262 plina
728 4194 830 4246 tua
841 4206 949 4247 nos
962 4191 1289 4248 erudiendo
1305 4191 1635 4263 possideat;
1654 4195 1710 4247 et
1722 4190 2053 4249 exultantes
2066 4206 2206 4245 cum

554 4282 809 4334 tremore
832 4278 1173 4348 jocunditas
1195 4279 1469 4335 modesta
1490 4278 1784 4334 sustollat:
1817 4293 1926 4333 nec
1946 4292 2058 4333 nos
2087 4278 2209 4333 eiii-

2313 3144 2404 3199 est
2422 3156 2458 3197 a
2482 3141 2827 3197 rectitudine
2852 3146 2988 3198 tua:
3015 3143 3266 3214 proinde
3285 3160 3420 3210 nos,
3454 3146 3556 3216 qui
3573 3140 3934 3218 proclivesad

2312 3228 2545 3287 malum
2574 3245 2803 3300 sumus,
2826 3246 2863 3287 a
2891 3234 2992 3288 tua
3021 3231 3474 3300 gubernatione,
3504 3234 3681 3290 etiam
3709 3247 3838 3289 cum
3864 3227 3934 3286 tui

2313 3316 2738 3384 obliviscimur,
2772 3333 2895 3375 non
2938 3318 3394 3377 defraudemur:
3421 3325 3487 3377 ut
3528 3325 3587 3379 et
3610 3323 3661 3378 si
3680 3318 3935 3378 serviliter

2312 3404 2577 3462 facinore
2614 3406 3004 3473 sciscitamur,
3031 3407 3271 3465 lenitate
3313 3415 3567 3481 paterna
3594 3426 3632 3469 a
3656 3414 3713 3468 te
3745 3404 3935 3475 corrigi

2315 3494 2663 3551 sentiamus.
2693 3506 2760 3565 Βι.
2790 3500 2999 3552 Amen.

2386 3585 2491 3639 Per
2523 3583 3011 3640 misericordiam.

2383 3671 2481 3727 Ad
2504 3671 2853 3729 Benedictus
2868 3673 3238 3743 Antiphona.
3266 3675 3616 3733 Benedictus
3641 3691 3704 3732 es
3723 3673 3937 3742 Deus,et

2314 3758 2696 3816 benedictum
2709 3775 2931 3816 nomen
2948 3761 3149 3831 glorias
3161 3764 3639 3821 tum.Benedicite
3650 3764 3934 3821 Dominum

2315 3862 2524 3905 omnes
2535 3847 2702 3904 electi
2731 3848 2891 3919 ejus:
2927 3850 3002 3905 sit
3018 3865 3229 3906 nomen
3250 3857 3532 3909 sanctum
3563 3854 3750 3926 ipsius
3775 3852 3934 3908 bene-

2315 3936 2539 3992 dictum
2568 3936 2627 3991 in
2658 3937 2862 3992 omnia
2886 3937 3104 3995 saecula
3130 3940 3498 3996 saeculorum.

2388 4024 2686 4081 Canticum
2721 4025 3066 4082 Benedictus
3095 4042 3157 4082 es
3188 4028 3457 4085 Domine.
3522 4031 3729 4098 Quare
3752 4029 3854 4100 fol.
3890 4028 3932 4081 6.

2388 4113 2611 4169 Oratio.
2646 4114 2891 4169 Domine
2917 4117 3069 4171 Deus
3097 4121 3335 4187 patrum
3352 4124 3696 4175 nostrorum
3725 4115 3936 4186 ;lauda-

2315 4199 2453 4255 bilis
2475 4200 2633 4256 enim
2663 4205 2721 4256 et
2746 4204 3215 4273 superexaltatus
3236 4206 3296 4262 in
3339 4208 3561 4263 saecula
3590 4212 3653 4264 tu
3683 4206 3935 4265 estRecte

2320 4303 2461 4357 ergo
2487 4292 2601 4343 tua;
2618 4287 2819 4358 gloriae
2834 4305 3054 4346 nomen
3067 4292 3450 4350 benedicatur
3480 4296 3543 4350 in
3562 4300 3844 4352 internum
3865 4293 3937 4359 ;et

558 4366 950 4474 ξίξωξτδονίᾶ
970 4368 1131 4438 iusta
1144 4366 1748 4474 recedffdopel‘di‘li;
1783 4366 1888 4421 50d
1908 4365 1970 4421 id
1996 4370 2049 4422 ίθ
2068 4380 2205 4423 οοιι·
2236 4418 2282 4474 D
2314 4376 2408 4433 vel
2436 4375 2495 4435 in
2530 4377 2765 4447 magnis
2795 4378 2887 4435 vel
2908 4378 2971 4435 in
3000 4380 3251 4439 modicis
3297 4387 3361 4439 tu
3389 4388 3710 4452 creator,tu
3759 4378 3935 4453 opifex

556 4452 799 4509 ﬁdendo
827 4470 1164 4512 mereamur
1183 4453 1529 4526 essezbeati.
1562 4464 1625 4523 It.
1650 4454 1868 4509 Amen.

628 4541 731 4597 Per
756 4543 1248 4600 misericordiam.

626 4630 971 4700 Antiphona
996 4632 1053 4687 2.
1094 4633 1157 4685 In
1188 4627 1566 4684 tribulatione
1583 4629 1806 4694 nostra,
1842 4628 2013 4693 Deus,
2046 4629 2188 4687 dila-

552 4718 691 4773 tasti
725 4733 855 4774 nos.
877 4720 950 4774 P.
978 4719 1247 4773 Miserere
1277 4714 1474 4781 nobis,
1506 4718 1563 4770 et
1612 4716 1829 4771 exaudi
1858 4717 2198 4775 orationem

552 4808 843 4863 nostram.
868 4806 930 4867 ἡ.
964 4809 1112 4862 Cum
1147 4804 1510 4867 invocarem,
1539 4803 1832 4860 exaudisti
1894 4820 1992 4861 me
2048 4808 2202 4863 Deus

545 4893 789 4964 justitias
817 4908 967 4949 mete
998 4910 1011 4948 :
1040 4892 1102 4947 in
1143 4889 1519 4946 tribulatione
1550 4907 1686 4947 mea
1722 4893 1977 4949 dilatasti
2020 4894 2186 4950 mihi.

552 4981 817 5038 Miserere
846 4981 982 5046 mei,
1015 4983 1073 5035 et
1100 4978 1317 5034 exaudi
1342 4979 1675 5036 orationem
1698 4997 1915 5037 meam.
1944 4982 2009 5036 P.
2041 4984 2205 5039 Mise-

551 5083 681 5124 rere
713 5066 907 5129 nobis,
936 5071 991 5123 et
1022 5066 1258 5123 exaudi.
1308 5066 1374 5129 Y.
1409 5068 1619 5141 Gloria,
1652 5074 1708 5126 et
1751 5070 1965 5138 honor,
1994 5074 2103 5126 etc.
2132 5071 2199 5127 P.

556 5155 825 5211 Miserere
859 5154 1061 5213 nobis.

627 5242 1230 5315 0ratio.Domine,qui
1256 5260 1494 5318 semper
1507 5246 1926 5302 invocantibus
1948 5244 2109 5307 ades,
2146 5250 2203 5302 et

552 5329 617 5385 in
638 5329 1014 5386 tribulatione
1071 5334 1397 5389 constitutis
1426 5350 1604 5405 opem
1624 5333 1773 5388 ferre
1820 5332 1936 5402 93
1978 5333 2203 5389 miseri-

554 5417 773 5473 cordia:
803 5418 1144 5476 delectaris:
1171 5421 1351 5489 dona,
1376 5427 1440 5478 ut
1466 5422 1733 5478 odientes
1754 5420 1956 5475 saeculi
1981 5422 2201 5479 vanita-

551 5507 672 5563 tem
724 5506 1163 5582 refutanteaque
1212 5510 1630 5582 mendacium,
1680 5508 1975 5565 Christum
2030 5512 2196 5566 tuum

2314 4463 2795 4535 sapientissimus
2810 4465 3163 4527 declamaris
3181 4485 3191 4522 ε
3210 4469 3345 4527 ideo
3360 4486 3744 4545 qumsumus;
3764 4475 3823 4525 ut
3848 4464 3935 4541 qui

2310 4556 2365 4607 te
2390 4551 2619 4607 orando
2630 4568 2739 4623 pro
2756 4553 3149 4613 universitatis
3162 4558 3497 4615 conditione
3521 4560 3835 4615 Dominum
3848 4555 3935 4609 be-

2308 4639 2661 4704 nedicimus,
2702 4639 3019 4698 benedictae
3046 4646 3372 4703 sanctitatis
3397 4644 3933 4703 illustrationelaete-

2309 4742 2462 4783 mur.
2498 4738 2560 4797 131.
2588 4731 2795 4783 Amen.

2382 4816 2487 4869 Per
2512 4813 3022 4874 lmisericordiam.

2379 4902 2557 4958 Sono.
2580 4903 2768 4959 Verba
2797 4919 2934 4961 mea
2962 4907 3207 4963 auribus
3232 4910 3470 4984 percipe
3501 4912 3770 4968 Domine.
3801 4905 3937 4965 Alle-

2310 4988 2453 5045 luia.
2486 4989 2548 5049 ν.
2576 4992 2837 5062 lntellige
2888 4993 3213 5051 clamorem
3256 5014 3460 5055 meum
3499 5016 3607 5056 rex
3679 5014 3863 5061 meus,
3892 4993 3940 5048 et

2311 5076 2465 5132 Deus
2495 5094 2684 5135 meus.
2721 5082 3015 5145 Quoniam
3046 5084 3123 5137 ad
3154 5090 3208 5140 te
3235 5086 3443 5143 orabo.
3481 5088 3747 5144 Alleluia.

2382 5165 2611 5220 Lauda.
2644 5167 2907 5222 Laudate
2941 5171 3258 5226 Dominum
3281 5173 3352 5227 de
3369 5173 3541 5229 Coelis
3569 5194 3581 5230 :
3609 5168 3943 5240 Alleluia,al-

2309 5250 2511 5307 leluia.
2543 5254 2809 5309 Laudate
2833 5271 2973 5312 eum
3010 5257 3070 5312 in
3097 5261 3363 5327 excelsis,
3394 5262 3651 5330 alleluia,
3708 5258 3939 5319 alleluia.

2309 5338 2569 5407 alleluia,
2590 5344 2628 5394 P
2647 5344 2870 5398 salmus
2891 5360 3108 5400 CXLVIII.

2378 5428 2567 5483 Lectio
2597 5429 2733 5483 libri
2752 5429 3200 5491 Proverbz‘orum
3220 5435 3549 5493 Salomonis
3581 5440 3749 5509 (Cap.
3792 5435 3934 5499 xxv)-

2380 5524 2441 5583 ιφ.
2467 5516 2584 5571 Deo
2604 5516 2844 5586 gratias.
