4160 6432
206 283 284 343 lBQ
1164 301 1515 362 DOMINICA
1551 305 1575 362 Ι
1611 302 1794 364 POST
1831 305 2176 369 OCTAVAM
2212 312 2642 376 EPIPHAMLE.
3528 329 3634 386 £90

282 417 466 479 Gloria
490 421 604 480 Dei
632 424 851 483 celare
871 426 1152 493 verbum,
1180 433 1237 486 et
1263 429 1454 498 gloria
1481 446 1694 503 regum
1721 433 1886 489 inve-
1914 433 1963 490 A

236 511 422 580 stigare
449 525 839 569 sermonem.
873 515 1105 572 Caelum
1135 532 1392 585 sursum,
1435 523 1490 575 et
1523 525 1678 577 terra
1709 522 1875 577 deor.

244 603 441 670 sum,et
467 615 571 656 cor
597 616 866 670 regnum
889 603 1296 662 inscrutabile.
1336 608 1513 664 Aufer
1538 609 1878 679 rubiginem

236 692 295 748 de
313 696 584 762 argento,
626 696 685 749 et
711 694 926 763 egredi
969 699 1096 752 etur
1120 713 1221 754 vas
1256 698 1662 769 purissimum.
1695 701 1877 758 Aufer

229 783 582 854 impietatem
614 781 690 837 de
721 783 896 838 vultu
937 785 1116 854 regis,
1169 788 1224 841 et
1276 786 1610 844 ﬁrmabitur
1647 790 1878 858 justitia

224 871 455 928 thronus
472 871 526 942 ej
538 874 718 928 us.Ne
730 871 1040 940 gloriosus
1055 889 1348 946 appareas
1358 892 1564 934 coram
1576 885 1798 947 rege,et
1812 878 1875 934 in

220 960 337 1017 loco
357 964 798 1030 magnatorum
815 975 892 1016 ne
920 963 1167 1019 steteris.
1191 964 1394 1021 Melius
1412 970 1498 1021 est
1526 967 1686 1022 enim
1704 971 1770 1023 ut
1789 966 1875 1023 di-

218 1055 303 1104 cat
329 1049 470 1104 tibi:
505 1048 784 1104 Ascende
818 1050 973 1116 huc;
1007 1066 1192 1122 quam
1221 1057 1286 1109 ut
1313 1054 1644 1110 humilioris
1671 1070 1876 1112 coram

217 1139 502 1211 principe.
537 1139 684 1204 Quae
706 1138 972 1196 viderint
991 1141 1150 1197 oculi
1169 1142 1267 1207 tui,
1288 1157 1363 1198 ne
1380 1144 1647 1214 proferas
1674 1145 1874 1214 injur-

217 1228 376 1297 gium
408 1227 532 1281 cito
563 1243 576 1280 :
609 1241 683 1281 ne
722 1230 935 1298 postea
956 1230 1276 1286 emendare
1305 1246 1428 1287 non
1457 1233 1696 1302 poteris,
1739 1247 1877 1288 cum

220 1315 712 1373 dehonestaveris
727 1316 991 1372 amicum
1006 1321 1199 1374 tuum.
1233 1321 1488 1376 Causam
1505 1323 1670 1376 tuam
1693 1324 1880 1377 tracta

221 1420 351 1461 cum
378 1404 589 1460 amico
611 1407 735 1467 tuo,
755 1409 810 1461 et
825 1410 1118 1462 secretum
1141 1411 1423 1464 extraneo
1435 1424 1508 1463 ne
1523 1409 1747 1464 reveles
1771 1426 1784 1464 :
1804 1424 1879 1464 ne

222 1492 359 1548 forte
387 1491 646 1547 insultet
685 1493 788 1547 tibi
835 1509 974 1549 cum
1015 1494 1289 1563 audierit,
1313 1500 1369 1552 et
1398 1497 1728 1568 exprobare
1757 1512 1880 1554 non

222 1585 430 1638 cesset.
460 1580 634 1640 Mala
672 1595 858 1637 aurea
885 1582 948 1637 in
968 1582 1131 1640 lectis
1161 1585 1474 1654 argenteis,
1502 1585 1882 1657 quiloquitur

220 1670 476 1726 verbum
519 1669 583 1724 in
615 1674 884 1741 tempore
897 1686 1027 1727 suo.
1061 1673 1291 1727 lnauris
1323 1687 1526 1739 aurea,
1558 1677 1615 1728 et
1646 1687 1883 1742 marga-

219 1759 327 1814 rita
354 1758 622 1827 fulgens,
659 1758 764 1829 qui
810 1759 1007 1829 arguit
1036 1760 1394 1831 sapientem,
1427 1766 1483 1816 et
1508 1777 1715 1817 aurem
1739 1761 1882 1818 obe-
1915 1778 1959 1833 Β

220 1847 504 1905 dientem.
534 1846 704 1904 Sicut
726 1845 915 1916 frigus
943 1847 1064 1903 nivi
1090 1848 1152 1904 in
1171 1848 1268 1905 die
1285 1850 1520 1913 messis,
1542 1850 1623 1906 ita
1652 1849 1883 1920 legatus

221 1935 406 1992 ﬁdelis
449 1935 530 1999 ei,
581 1936 690 2006 qui
749 1935 918 1992 misit
959 1951 1118 2003 eum,
1162 1952 1301 1993 cum
1338 1937 1708 2009 requiescere
1747 1938 1888 1996 facit

223 2025 486 2080 animam
518 2023 707 2078 illius.
757 2035 822 2091 at.
857 2027 1064 2080 Amen.

284 2114 590 2181 Hymnus.
607 2111 905 2182 Splendor
916 2117 1178 2184 paternae
1195 2113 1416 2182 gloriae.
1439 2113 1646 2179 Quaere
1657 2115 1769 2183 fol.
1794 2118 1881 2169 67.

286 2201 696 2271 Supplicatio.
726 2201 980 2258 Oremus
1023 2201 1481 2272 Redemptorem
1518 2202 1731 2258 mundi
1774 2204 1886 2259 Do-

225 2291 475 2346 minum.
510 2291 728 2358 Quare
751 2292 867 2359 fol.
901 2294 987 2345 66.

295 2379 608 2447 Capitula.
634 2377 980 2436 Exultantes
1009 2378 1234 2448 gaudio
1253 2393 1478 2448 magno
1515 2394 1626 2451 pro
1655 2379 1888 2436 redditu

231 2469 400 2524 nobis
432 2469 625 2538 hujus
659 2467 800 2532 diei,
825 2467 1023 2524 lucem
1049 2467 1150 2524 Dei
1173 2468 1358 2524 Patris
1387 2467 1811 2539 omnipotentis
1831 2473 1890 2526 et

233 2557 713 2615 misericordiam
730 2556 1141 2628 deprecemur,
1166 2561 1231 2612 ut
1249 2558 1408 2612 diem
1427 2557 1745 2613 Dominicse
1775 2561 1888 2629 Ap-

232 2646 538 2717 paritionis
557 2644 907 2703 solemniter
926 2645 1362 2702 celebrantibus
1384 2661 1594 2717 pacem
1608 2645 1891 2717 tranquil-

2730 444 3025 515 Hymnus.

2239 531 2519 587 Altissimi
2557 533 2814 589 Verbum
2845 535 3051 601 Patris,

2162 617 2331 674 Alme
2360 621 2616 692 Jesuque
2647 622 2904 692 Virginis

2162 703 2262 761 Bis
2289 712 2492 764 nostro
2520 715 2698 765 natus
2729 712 2981 780 gaudio,

2162 794 2485 868 Carnisque
2516 799 2721 854 Factor
2737 803 2794 855 et
2831 815 2989 855 caro.

2230 882 2489 940 Decursa
2515 886 2727 942 transit
2746 888 2877 958 jam
2914 887 3064 953 dies,

2161 971 2390 1027 Exaudi
2419 987 2624 1043 preces
2646 975 2984 1046 supplicum
3008 995 3022 1045 ;

2161 1057 2516 1132 Fovensque
2544 1059 2712 1118 latus
2742 1064 2977 1134 vesperi

2161 1147 2493 1205 Gloriosum
2518 1150 2723 1206 lumen
2745 1153 3000 1225 suscipe.

2233 1239 2352 1291 Hoc
2379 1238 2488 1293 soli
2517 1240 2596 1294 ad
2638 1240 2823 1296 finem
2855 1241 2962 1296 tibi

2166 1326 2483 1380 Incensum
2514 1342 2752 1385 sacrum
2782 1329 3000 1385 damus
3028 1346 3040 1386 :

2163 1411 2410 1468 Cceleste
2447 1417 2512 1469 ut
2543 1415 2760 1471 nostris
2797 1419 2967 1472 tuum

2164 1500 2391 1556 Lumen
2419 1502 2676 1557 tenebris
2703 1503 2952 1573 fulgeat.

2236 1591 2602 1660 Mentemque
2638 1591 2864 1647 fessam
2885 1592 3032 1648 dum
3073 1606 3253 1664 sopor

2167 1675 2360 1731 Noctis
2387 1682 2664 1748 paratam
2693 1678 2932 1748 detinet,

2170 1763 2434 1821 Obscura
2471 1766 2688 1821 cedant
2717 1768 2974 1836 somnia,

2170 1852 2500 1922 Pectusque
2528 1869 2748 1925 purum
2771 1854 2982 1910 luceat.

2273 1941 2539 2003 Quietem
2567 1941 2765 1996 nullus
2795 1942 3060 2014 corporis

2170 2028 2384 2099 Rapiat
2410 2029 2584 2084 dolus
2607 2030 2868 2085 lasciviae
2894 2048 2912 2101 ;

2173 2114 2294 2174 Sed
2315 2119 2370 2172 te
2400 2117 2553 2172 Deus
2573 2132 2744 2172 mens
2775 2120 2966 2182 sonet,

2173 2206 2388 2259 Tecum
2413 2219 2515 2259 cor
2534 2206 2720 2261 altum
2748 2207 2972 2276 vigilet.

2260 2292 2516 2347 Vocibus
2540 2293 2719 2349 simul
2738 2310 2870 2349 cum
2895 2294 3176 2351 cordibus

2172 2379 2420 2445 Christo,
2454 2381 2743 2453 Patrique,
2776 2383 3016 2454 Spiritui

2171 2470 2473 2539 Hymnum
2494 2474 2775 2526 sonantes
2794 2472 2854 2524 in
2880 2471 3062 2526 choro

2168 2555 2313 2613 Mela
2336 2572 2626 2614 canamus
2658 2559 2971 2630 perpetim.

2243 2649 2451 2700 Amen.

233 2735 362 2801 lam,
404 2735 808 2806 laetitiamque
831 2735 1152 2806 specialem
1186 2739 1451 2806 prestare
1485 2735 1760 2805 dignetur
1787 2751 1800 2791 :
1826 2737 1890 2791 ut
2063 2732 2456 2802 Supplicatio.
2482 2735 2730 2790 Oremus
2760 2734 2928 2805 pium
2945 2741 3001 2790 et
3019 2731 3421 2790 exaudibilem
3434 2733 3640 2790 Domi-

235 2840 266 2880 a
289 2825 492 2894 vigilia
505 2823 805 2880 matutina
825 2839 1018 2895 usque
1046 2823 1124 2879 ad
1143 2828 1382 2879 noctem
1405 2823 1732 2880 clementiae
1763 2839 1887 2879 sum
1994 2834 2140 2876 num
2157 2825 2428 2876 nostrum
2442 2822 2640 2878 Jesum
2660 2821 2972 2888 Christum,
2992 2836 3130 2877 cum
3162 2819 3639 2889 omnisupplica-

233 2914 422 2971 favore
453 2913 732 2986 protecti,
761 2912 1090 2968 exultantes
1119 2913 1181 2968 in
1212 2913 1464 2968 Domino
1491 2912 1882 2981 gaudeamus.
1993 2909 2152 2966 tione
2171 2924 2451 2978 rogemus
2474 2908 2746 2973 ;utnobis
2764 2907 3016 2966 salutem
3039 2908 3254 2963 animae
3271 2910 3326 2961 et
3345 2907 3638 2976 corporis,

297 3002 413 3074 94
457 3005 632 3058 Pater
653 3006 875 3066 noster,
908 3001 1159 3058 Liberati
1181 3017 1218 3058 a
1237 3001 1424 3058 malo.
1461 3003 1571 3070 fol.
1602 3006 1654 3058 2.
1993 3004 2049 3056 et
2063 2997 2475 3055 remissionem
2499 2999 2970 3067 peccatorum,et
2991 3010 3200 3066 pacem
3224 2993 3515 3064 propitius
3545 2994 3646 3051 tri.

292 3094 526 3148 Lauda.
560 3093 804 3147 Cantate
835 3091 1088 3146 Domino
1130 3091 1429 3146 canticum
1459 3106 1706 3146 novum.
1739 3091 1884 3148 Alle-

2022 3105 2173 3146 iuere
2195 3088 2491 3156 dignetur.
2512 3098 2574 3156 Βε.
2596 3089 3034 3142 Ρτωειᾶεθῑθιιηθ
3075 3085 3456 3155 omnipotens
3485 3087 3640 3140 Deus

229 3181 358 3247 luia,
382 3182 662 3238 alleluia.
703 3181 766 3240 Ψ.
795 3181 950 3235 Laus
983 3182 1114 3250 ejus
1141 3180 1203 3236 in
1230 3179 1490 3236 Ecclesia
1519 3185 1882 3236 sanctorum.
1935 3173 1964 3179 “
2069 3177 2374 3246 Capitula.
2404 3175 2790 3246 Omnipotens
2838 3173 3198 3243 sempiterno
3242 3176 3415 3238 Deus,
3469 3173 3639 3242 cujus

232 3271 295 3328 P.
342 3271 618 3338 Alleluia,
663 3269 926 3325 alleluia.
979 3269 1040 3329 ιγ.
1092 3269 1305 3336 Gloria,
1343 3271 1400 3324 et
1446 3269 1641 3325 honor
1666 3273 1776 3325 etc.
1806 3270 1878 3325 P.
1996 3269 2292 3337 praecepto
2321 3263 2411 3319 sol
2439 3263 2666 3319 illustra
2695 3261 2875 3329 diem,
2901 3261 3046 3318 luna
3067 3260 3352 3316 clariﬁcat
3379 3262 3638 3326 noctem,

234 3359 496 3425 Alleluia,
532 3357 796 3416 alleluia.
1996 3353 2348 3425 vespertinis
2387 3351 2668 3408 laudibus
2692 3365 2816 3406 non
2853 3349 3168 3418 dignanter
3205 3347 3425 3404 exaudi
3451 3365 3462 3404 :
3493 3352 3560 3404 ut
3587 3350 3644 3402 et

302 3467 530 3522 Oratio.
565 3465 715 3534 Tibi,
737 3464 1006 3521 Domine.
1031 3463 1092 3520 in
1115 3463 1725 3520 Ecclesiasanctorum
1756 3478 1892 3520 can-
1999 3442 2302 3516 PlaCidum
2334 3440 2805 3534 ευρθΐνθξὶίθηξίδ
2824 3439 3082 3509 silanum
3113 3450 3643 3534 PeraSQ’QPMM'

235 3559 430 3611 tamus
461 3574 473 3610 :
503 3528 731 3626 tibique
780 3555 1034 3626 gratiam
1063 3568 1481 3626 praeconamus
1505 3571 1517 3607 :
1570 3551 1760 3608 tribue
1784 3567 1893 3608 no—
2000 3549 2153 3628 ξηιπν
2191 3534 2247 3588 et
2270 3534 2570 3628 ίνθαῖῖξθξίο
2599 3528 2974 3628 lembum}?
2991 3541 3188 3628 cum?
3211 3528 3516 3622 minimis
3537 3537 3645 3628 νδ

234 3643 347 3710 bis,
369 3643 592 3699 laudes
632 3615 766 3698 tuas
781 3615 1084 3714 promere.
1109 3660 1121 3709 ;
1154 3642 1214 3696 in
1242 3657 1363 3712 quo
1386 3643 1748 3696 coceternum
1781 3655 1892 3696 nos
2001 3622 2214 3714 ίίθῗυω
2239 3618 2540 3714 Famous
2571 3622 2838 3714 aptiin‘ne
2869 3616 3056 3713 “nam
3085 3615 3489 3671 Oﬂ‘emlonum
3519 3626 3647 3667 ma"

235 3734 542 3792 credimus
573 3733 896 3805 praemium
928 3731 1213 3787 obtinere.
1243 3742 1305 3800 Br.
1347 3733 1553 3786 Amen.

2022 3709 2192 3765 aulam
2220 3707 2347 3763 dies
2375 3709 2758 3779 repraesentet
2787 3704 3073 3760 exoriens.

2076 3801 2244 3853 Pater
2281 3799 2500 3851 noster.
2525 3793 2775 3850 Liberati
2804 3796 2840 3848 a
2880 3793 3056 3848 malo.
3082 3791 3194 3861 fol.
3235 3793 3293 3847 2.
3329 3787 3640 3844 Humiliate

2003 3902 2111 3943 vos
2148 3882 2568 3940 benedictioni.
2596 3882 2878 3938 Dominus
2919 3881 2991 3938 sit
3041 3895 3282 3954 vemper
3309 3877 3643 3936 vobiscum.

2005 3975 2424 4117 By.Bﬁiz-tncezlfcllio.
2459 4058 2776 4114 Benedicat
2799 4057 3176 4126 omnipotens
3201 4052 3486 4108 Dominus
3501 4066 3652 4122 prte-

2006 4153 2232 4206 sentem
2259 4147 2569 4210 familiam,
2601 4145 2704 4218 qui
2729 4144 2930 4200 Crucis
2959 4141 3214 4215 portavit
3242 4138 3542 4212 injuriam.
3577 4148 3641 4206 Βι.

1297 4223 1462 4308 .mea.’
1499 4223 1554 4260 et
1583 4223 1704 4260 non
1737 4223 1894 4308 om?
2005 4242 2211 4294 Amen.
2246 4241 2372 4308 Ipse
2393 4251 2502 4290 nos
2536 4234 2823 4306 perducat
2849 4232 3078 4287 caeleste
3104 4231 3166 4285 in
3213 4241 3488 4297 regnum,
3543 4223 3650 4299 qui

222 4317 490 4398 Pqngaﬁ
589 4339 614 4398 "
637 4298 887 4398 ngin‘c
916 4299 1069 4398 Ρθυε
1093 4295 1353 4398 Ψθ9,⁵,ί¹³
1385 4292 1896 4398 ωῨθΓΡηξῖξηθοξῖὣ
2005 4292 2288 4398 pependit
2316 4325 2379 4379 in
2407 4292 2588 4392 ligno.
2624 4332 2685 4392 ἢ.
2710 4324 2915 4375 Amen.
2950 4320 3078 4389 Ipse
3101 4315 3179 4373 ad
3205 4292 3511 4371 dei—{teram
3544 4292 3645 4366 Pa-

219 4391 398 4447 ίθδον
429 4390 562 4446 ίίδί·
591 4388 650 4448 Ῡ·
683 4391 814 4484 Ηίῖθίῗ
840 4386 1000 4484 {facta
1022 4389 1112 4484 θῖί
1143 4383 1289 4484 mihi
1313 4402 1325 4436 ⁵
1351 4383 1494 4484 Quia
1518 4381 1894 4484 justiﬁcatiﬂ'
1927 4467 1968 4484 η
2006 4381 2106 4471 in;
2133 4381 2254 4470 non
2279 4381 2566 4482 conlocet,
2592 4381 2695 4484 qui
2720 4423 2902 4464 causa
2931 4381 3104 4463 nobis
3129 4405 3322 4461 factus
3352 4406 3438 4459 est
3455 4398 3645 4474 pacis.

217 4496 332 4535 nes
382 4485 524 4534 tuas
575 4475 896 4548 exquisivi.
940 4475 1005 4527 P.
1062 4474 1310 4528 Domine
1354 4475 1506 4527 Deus
1568 4485 1764 4526 meus.
1832 4471 1893 4528 if.
1927 4467 1970 4520 Ι)

219 4569 454 4637 Gloria,
498 4571 555 4622 et
595 4566 808 4620 honor.
845 4565 913 4618 P.
964 4563 1210 4618 Domine
1255 4563 1431 4627 Deus,
1487 4558 1775 4616 Dominus
1822 4558 1900 4616 sit
2009 4558 2182 4647 “Per
2215 4586 2686 4646 misericordiam
2725 4583 2936 4658 ipsius.

220 4673 482 4730 semper
503 4654 847 4711 VObiscum'
877 4664 946 4722 Il"
987 4654 1052 4706 Et
1073 4666 1237 4705 cum'
2076 4679 2309 4736 Lauda.
2337 4675 2664 4734 Cantabiles
2695 4654 2861 4730 erant
2889 4671 3050 4736 mihi,
3084 4668 3351 4726 Domine.
3380 4668 3441 4720 P.
3473 4665 3651 4720 Justi-

293 4763 676 4833 Antiphona-
720 4757 982 4816 Elevatio
1013 4771 1306 4812 manuum
1353 4768 1624 4810 mearum
1669 4751 1895 4808 sacriﬁ-
2006 4767 2310 4823 ﬁcationes
2348 4770 2482 4821 tuae.
2525 4763 2791 4826 Alleluia,
2820 4759 3078 4821 alleluia,
3110 4753 3457 4814 alleluiaJV.
3514 4752 3647 4806 Hrec

209 4855 386 4909 cium
419 4849 864 4922 vespertinum.
899 4846 965 4905 if.
1004 4844 1302 4914 Dirigatur
1333 4843 1524 4898 oratio
1555 4856 1710 4904 mea,
1744 4840 1898 4896 sicut
2006 4855 2161 4911 facta
2190 4853 2475 4909 estmihi:
2518 4851 2661 4922 quia
2693 4847 3143 4919 justiticationes
3170 4849 3306 4899 tuas
3338 4838 3652 4915 exquisivi,

203 4943 546 4998 incensum
591 4938 654 4993 in
685 4937 1012 5006 conspectu
1069 4936 1198 4989 tuo.
1238 4930 1309 4986 P.
1349 4929 1633 4985 Elevatio.
1667 4928 1727 4988 ἲν.
1764 4928 1885 4984 Glo-

2022 4945 2076 4999 P.
2110 4941 2583 4997 Justiﬁcationes.
2616 4937 2679 4994 Ψ.
2701 4935 2912 5000 Gloria,
2946 4937 3002 4989 et
3023 4933 3238 5002 honor,
3269 4933 3381 4987 etc.
3431 4929 3495 4984 P.
3525 4929 3658 4983 Jus-

200 5033 322 5100 ria,
351 5036 408 5088 et
440 5031 663 5090 honor,
707 5029 826 5081 etc.
871 5023 940 5078 P.
977 5021 1265 5078 Elevatio.
1300 5018 1593 5077 Dominus
1637 5017 1710 5074 sit
1741 5032 1895 5072 sem-
2007 5030 2377 5087 tiﬁcationes,

199 5135 318 5192 P8P
351 5120 701 5176 VCbiscum-
737 5126 801 5182 BI-
842 5115 909 5167 Et
939 5126 1102 5168 cum-
2081 5121 2311 5175 Oratio.
2353 5114 2618 5174 Concede
2658 5112 2854 5175 nobis,
2907 5110 3178 5180 Domine,
3231 5107 3306 5164 ob
3359 5119 3650 5162 amorem.

276 5229 526 5285 Lauda.
560 5222 827 5280 Laudate
849 5217 1019 5290 pueri
1043 5211 1893 5272 Dominum:laudatenomen
2010 5209 2282 5273 Quaerere
2313 5206 2481 5275 infra
2528 5205 2591 5259 in
2620 5202 2743 5258 istis
2791 5199 3127 5257 Matulim's.
3173 5200 3237 5252 In
3277 5195 3520 5252 nomine
3550 5196 3662 5248 Do-

202 5318 480 5375 Domini.
504 5307 1198 5372 Alleluia.P.Sitnomen
1229 5302 1460 5358 Domini
1489 5300 1892 5357 benedictum.
2008 5297 2154 5354 mini
2187 5294 2403 5354 nostri.
2695 5379 2698 5380 ν
3116 5376 3124 5380 _
3203 5374 3215 5380 _
3282 5375 3314 5380 _
3442 5377 3450 5380 _
3505 5370 3544 5380 Η

202 5408 489 5472 Alleluia,
537 5400 803 5460 alleluia.
835 5396 897 5456 ἲν.
939 5399 987 5450 Α
1037 5393 1176 5449 solis
1202 5395 1334 5448 ortu
1379 5405 1569 5461 usque
1616 5387 1695 5443 ad
1726 5403 1894 5443 occa-
2080 5386 2214 5441 Istis
2232 5384 2504 5472 peractis,
2526 5382 2634 5449 ﬁat
2667 5376 3155 5472 commemoratio
3177 5374 3248 5430 de
3273 5374 3655 5472 Devolalioae

209 5455 730 5556 laudabile
761 5499 988 5542 nomen
1015 5481 1270 5538 Domini.
1323 5481 1393 5534 P.
1430 5455 1511 5534 Sit
1539 5491 1761 5533 nomen
1787 5478 1899 5532 Do-
2010 5473 2301 5540 Ecclesiae,
2332 5477 2382 5525 ct
2411 5470 2671 5527 aliarum
2691 5466 3098 5535 feslz'vz'latum,
3125 5475 3376 5532 quarum
3401 5455 3655 5514 devotio-

215 5588 392 5644 mini.
419 5585 486 5644 ἱν.
530 5580 758 5640 Gloria,
783 5579 841 5633 et
871 5574 1086 5638 honor,
1109 5574 1218 5628 etc.
1239 5569 1305 5624 P.
1341 5567 1423 5628 Sit
1451 5580 1701 5624 nomen.
2014 5577 2144 5621 nem
2176 5560 2381 5618 habes.

301 3827 406 3878 Per
445 3821 956 3878 misericordiam.

299 3931 576 3986 Ereunte
619 3943 859 3993 vespera
910 3926 1137 3982 Lauda.
1196 3927 1394 3996 Usque
1442 3923 1520 3980 ad
1576 3937 1895 3994 vesperum

228 4034 414 4091 quam
453 4016 853 4086 magniﬁcata
904 4019 1042 4070 sunt
1096 4029 1282 4087 opera
1312 4017 1432 4077 tua,
1481 4011 1755 4080 Domine,
1788 4013 1894 4066 Do-

226 4109 433 4163 minus
457 4106 535 4162 sit
563 4120 804 4177 semper
826 4104 1161 4160 vobiscum.
1189 4115 1252 4166 na.
1297 4104 1362 4156 Et
1401 4115 1561 4155 cum.

293 4211 677 4282 Antiphona.
710 4211 916 4266 Cantet
955 4208 1059 4264 tibi
1089 4208 1279 4280 gloria
1308 4222 1462 4272 mea,
1499 4209 1554 4260 et
1583 4219 1704 4260 non
1737 4219 1894 4260 com-
