4160 6394
564 312 658 369 191
1811 289 2263 350 BREVIARIUM
2300 290 2689 350 GOTHICUM.
3842 295 3939 350 192

1151 438 1305 481 FBHM
1344 432 1608 477 SECUNDA.

1129 510 1229 568 Ad
1256 508 1633 567 Matutinum.

629 600 1268 674 Antiphona.Miserere
1282 598 1398 654 mei
1411 599 1563 652 Deus
1578 593 1909 651 secundum
1923 605 2199 663 magnam

559 691 1026 751 misericordiam
1056 692 1231 744 tuam.
1261 686 1538 742 Psalmus
1567 700 1618 739 ι.
1650 684 1983 740 Reitcretur
2034 681 2201 736 Anti-

560 782 781 853 phona‘.
810 779 1091 836 Miserere.

635 868 856 923 Oratio.
889 866 1151 922 Miserere
1190 861 1366 919 nobis
1404 859 1654 916 Domine
1711 858 2042 916 secundum
2080 871 2203 913 ma-

564 971 746 1027 gnam
781 952 1247 1009 misericordiam
1276 954 1475 1006 tuam:
1508 953 1564 1005 et
1591 947 1750 1004 unde
1776 962 1886 1004 nos
1913 945 2203 1003 erubesci-

564 1060 722 1112 mus,
744 1047 809 1097 tu
834 1040 1172 1110 indulgeas:
1219 1042 1275 1094 et
1298 1053 1388 1104 ea,
1412 1053 1548 1109 quae
1578 1035 1777 1106 egisse
1806 1050 1918 1092 nos
1937 1033 2198 1107 pcenitet,

564 1136 629 1188 tu
658 1130 973 1185 clementer
1000 1128 1297 1197 ignoscas.
1328 1136 1391 1195 Bp.
1425 1127 1639 1181 Amen.

634 1218 739 1272 Per
775 1214 1245 1272 misericordiam
1275 1217 1459 1269 tuam.

632 1304 977 1373 Antiphona
1007 1306 1052 1357 l.
1084 1301 1296 1358 Beatus
1312 1300 1420 1366 vir,
1438 1299 1542 1371 qui
1560 1312 1683 1354 non
1704 1297 1848 1354 abiit
1865 1297 1926 1352 in
1951 1295 2202 1352 consilio

562 1391 904 1462 impiorum,
948 1389 1089 1443 etin
1132 1387 1227 1442 via
1277 1389 1662 1457 peccatorum
1698 1400 1821 1441 non
1863 1384 2035 1440 stetit.
2082 1383 2199 1455 95

562 1478 831 1533 Psalmus
858 1492 896 1531 1.
939 1474 1156 1537 Gloria,
1198 1478 1254 1529 et
1278 1474 1472 1529 honor
1499 1473 1672 1538 Patri,
1706 1476 1812 1529 etc.
1873 1471 2203 1528 Reiteretur

562 1564 931 1632 Antiphona.
965 1562 1179 1618 Beatus
1219 1560 1329 1627 vir,
1357 1561 1487 1633 qui.

631 1651 851 1709 Oratio.
884 1649 1153 1708 Concede
1183 1648 1375 1714 nobis,
1394 1648 1658 1717 Domine,
1685 1648 1764 1703 ob
1782 1660 2051 1703 amorem
2072 1645 2204 1701 bea-

2230 415 2280 470 Α
2308 414 2435 483 tibi,
2464 418 2481 435 '
2512 418 2569 472 et
2594 412 2997 485 magniﬁcabo
3026 424 3247 469 nomen
3270 414 3463 479 tuum,
3496 411 3730 486 erisque
3767 413 3936 473 bene-

2310 503 2528 559 dictus.

2380 591 2730 647 Benedicam
2770 588 3257 645 benedicentibus
3304 588 3433 656 tibi,
3488 591 3545 645 et
3590 588 3936 649 maledicam

2308 678 2789 736 maledicentibus
2807 678 2931 743 tibi,
2966 678 2981 695 ‘
3011 684 3188 749 atque
3216 676 3277 732 in
3302 681 3359 733 te
3378 676 3801 735 benedicentur
3823 680 3940 736 uni-

2310 783 2496 824 versae
2526 767 2909 836 cognationes
2931 770 3125 822 terrae.

2381 858 2529 912 Leva
2558 853 2765 911 oculos
2802 858 2956 919 tuos,
2987 859 3044 909 et
3066 852 3199 909 vide
3247 868 3283 910 a
3313 852 3465 919 loco,
3495 857 3511 871 '
3537 854 3599 910 in
3623 870 3747 927 quo
3788 869 3937 913 nunc

2310 958 2393 1012 es,
2418 942 2497 999 ad
2525 942 2866 1014 aquilonem
2892 944 2949 997 et
2969 940 3301 1008 meridiem,
3345 940 3424 997 ad
3454 941 3745 999 orientem
3770 946 3826 1000 et
3852 958 3937 1000 oc-

2313 1031 2625 1087 cidentem.

2383 1121 2631 1176 Omnem
2664 1123 2903 1183 terram,
2960 1132 3145 1189 quam
3187 1116 3500 1189 conspicis,
3528 1120 3545 1135 '
3574 1116 3681 1174 tibi
3708 1117 3864 1177 dabo
3891 1124 3941 1176 et

2313 1207 2511 1263 semini
2542 1212 2645 1263 tuo
2673 1207 2733 1262 in
2756 1206 3207 1278 sempiternum.

2382 1295 2729 1352 Benedicam
2762 1294 2914 1350 enim
2939 1293 3123 1363 vobis,
3150 1296 3165 1311 '
3195 1297 3252 1349 et
3274 1292 3682 1366 multiplicabo
3737 1310 3842 1351 vos
3876 1296 3937 1351 si-

2310 1388 2408 1441 cut
2435 1383 2632 1439 stellas
2662 1381 2814 1451 cceli,
2846 1385 2902 1437 et
2923 1380 3082 1437 velut
3106 1396 3371 1447 arenam,
3392 1396 3529 1453 qua;
3559 1385 3649 1438 est
3676 1382 3739 1439 in
3761 1382 3938 1441 littore

2311 1472 2489 1528 maris
2514 1488 2527 1536 ;

2381 1557 2714 1615 Possidebit
2749 1572 2953 1613 semen
2972 1560 3143 1613 tuum
3171 1560 3374 1628 portas
3415 1557 3797 1615 inimicorum
3826 1562 3940 1615 tuo-

2309 1662 2464 1718 rum,
2498 1649 2514 1665 '
2531 1650 2586 1702 et
2607 1645 3029 1702 benedicentur
3045 1645 3108 1700 in
3124 1644 3353 1702 semine
3375 1650 3478 1703 tuo
3504 1660 3719 1703 omnes
3747 1650 3937 1717 gentes

562 1738 831 1794 titudinis
860 1736 1109 1793 concilia
1136 1736 1435 1792 declinare
1460 1735 1784 1807 iniquitatis
1810 1751 1825 1801 ;
1857 1733 2201 1790 cathedram
2236 1752 2280 1807 Β
2313 1739 2498 1791 terrae.

562 1827 763 1897 itaque
802 1824 1146 1897 pestilentiae
1173 1822 1379 1895 procul
1405 1839 1441 1879 a
1468 1822 1642 1879 nobis
1672 1837 1910 1895 sepone,
1937 1826 2003 1877 ut
2028 1820 2203 1894 pesti-

565 1913 704 1968 ferae
742 1911 1025 1967 doctrinae
1084 1910 1250 1967 tabes
1289 1926 1411 1966 non
1458 1910 1761 1967 adhaereat
1812 1908 2202 1967 conviventiaa

565 2003 783 2056 nostra:
814 2017 827 2068 ;
850 1999 954 2055 sed
966 1998 1325 2055 voluntatem
1341 2003 1611 2055 nostram
1625 2014 1661 2055 a
1674 1998 1914 2055 malitiae
1937 1996 2203 2053 sessione

566 2090 631 2144 tu
666 2088 935 2142 remove:
976 2090 1032 2141 et
1052 2085 1430 2144 meditatione
1473 2086 1619 2156 legis
1657 2089 1761 2143 tua
1796 2085 1927 2157 jugi
1966 2099 2077 2141 nos
2104 2082 2203 2139 tibi

566 2188 772 2230 amore
799 2175 929 2244 conj
942 2188 1114 2243 unge.
1138 2184 1202 2243 ἢ.
1236 2178 1441 2230 Amen.

641 2262 746 2316 Per
774 2261 1243 2318 misericordiam
1273 2266 1457 2318 tuam.

634 2348 979 2420 Antiphona
1001 2354 1053 2404 2.
1085 2352 1249 2405 Nunc
1294 2364 1461 2420 reges
1508 2348 1852 2419 intelligite:
1884 2346 2205 2406 erudimini

567 2452 775 2493 omnes
806 2437 1201 2509 quijudicatis
1229 2442 1464 2494 terram.
1518 2437 1732 2494 Servite
1773 2436 2025 2493 Domino
2050 2435 2111 2490 in
2137 2435 2205 2491 ti-

567 2540 755 2582 more.
786 2527 1059 2583 Psalmus
1088 2542 1144 2583 ιι.
1186 2526 1513 2584 Reiteretur
1540 2525 1904 2595 Antiphona.
1939 2523 2100 2581 Nunc
2122 2538 2207 2579 re-

572 2627 697 2682 ges.

645 2718 868 2775 Oratio.
899 2720 1224 2777 Servientes
1253 2719 1361 2775 tibi
1386 2719 1633 2776 Domine
1661 2717 1721 2773 in
1742 2718 1955 2774 timore
1985 2715 2063 2772 ob
2089 2730 2208 2771 me—

572 2810 688 2862 tum
699 2807 719 2877 j
732 2808 1259 2873 udicii,exultantes
1270 2823 1399 2863 cum
1415 2812 1658 2863 tremore
1674 2806 1753 2862 ob
1770 2805 2043 2860 ﬁduciam
2057 2803 2206 2875 spei,

568 2894 714 2950 doce
726 2910 835 2951 nos
860 2896 1302 2968 apprehendere
1318 2894 1713 2966 disciplinam,
1742 2909 1863 2965 qua
1872 2893 2205 2963 judicantes

566 2985 784 3038 terram
802 2985 1064 3055 corporis
1080 2982 1502 3049 nostri,veteris
1515 2982 1775 3037 hominis
1803 2980 2053 3050 ﬁgulum
2069 2995 2206 3036 con-

563 3068 931 3139 fringamus;
972 3076 1028 3126 et
1057 3072 1360 3127 exterioris
1390 3075 1555 3126 terrae
1596 3072 1992 3139 purgamenta
2021 3068 2205 3124 calce-
2242 3090 2281 3146 ρ

564 3172 690 3211 mus
706 3173 796 3213 :ac
812 3158 1137 3213 secundum
1159 3158 1414 3215 Caelestis
1428 3157 1743 3229 imaginem
1757 3156 2010 3212 Hominis
2022 3156 2201 3212 refor-

564 3245 794 3311 mati,in
810 3246 1198 3301 hereditatem
1210 3250 1374 3301 tuam
1394 3245 1673 3301 servitute
1688 3244 1978 3312 humili,et
1992 3244 2053 3301 in
2068 3260 2204 3316 pos-

564 3334 860 3389 sesionem
877 3338 1045 3389 tuam
1067 3334 1227 3389 cultu
1240 3333 1467 3405 perpeti
1490 3332 2203 3401 transferamumyutmen

632 3422 737 3477 Per
760 3421 1235 3477 misericordiam
1268 3424 1458 3477 tuam.

633 3526 981 3594 Antiphona
1011 3529 1061 3581 3.
1094 3524 1427 3581 Sacriﬁcate
1459 3524 1817 3581 sacriﬁcium
1855 3525 2122 3596 justitiaa,
2149 3529 2204 3581 et

565 3617 795 3683 sperate
826 3612 888 3667 in
921 3612 1192 3668 Domino.
1221 3613 1506 3669 Psalmus
1536 3629 1616 3669 iv.

636 3718 860 3774 Oratio.
883 3716 1261 3789 Domine,qui
1282 3717 1944 3790 semperinvocantibus
1963 3717 2129 3786 ades,
2149 3718 2205 3771 et

560 3806 623 3861 in
645 3804 1021 3862 tribulatione
1051 3806 1381 3861 constitutis
1406 3821 1584 3879 opem
1614 3806 1765 3863 ferre
1787 3804 2202 3862 misericordiae

558 3892 867 3951 delectaris
891 3913 903 3952 :
932 3894 1111 3961 dona,
1135 3899 1200 3951 ut
1221 3894 1488 3951 odientes
1517 3893 1717 3951 saeculi
1744 3894 2098 3963 vanitatem,
2120 3907 2207 3949 re-

555 3982 937 4055 futantesque
969 3982 1370 4049 mendacium,
1405 3982 1702 4040 Christum
1734 3986 1900 4038 tuum
1932 3981 2139 4054 (quem
2168 3997 2204 4037 a

560 4076 614 4127 te
643 4071 1095 4141 magniﬁcatum
1128 4070 1531 4142 agnoscimus)
1578 4076 1851 4127 nostrum
1876 4085 2005 4126 esse
2038 4085 2200 4125 sum-

557 4173 725 4214 mum
750 4162 1158 4231 aeternumque
1170 4159 1485 4230 praemium
1508 4160 1974 4230 gaudeamuth.
1995 4162 2205 4214 Amen.

627 4247 731 4302 Per
758 4246 1228 4303 misericordiam
1258 4252 1450 4303 tuam.

627 4344 691 4401 ἢ.
724 4334 811 4389 Ad
839 4339 912 4400 te,
956 4335 1219 4399 Domine,
1261 4334 1453 4391 levavi
1483 4335 1750 4391 animam
1781 4349 2003 4391 meam.
2042 4332 2108 4387 P.
2138 4334 2204 4386 ln

559 4424 615 4477 te
655 4420 890 4477 conﬁdo
913 4424 1065 4478 Deus
1094 4439 1283 4490 meus,
1306 4438 1429 4480 non
1451 4424 1823 4480 erubescam.
1842 4422 1903 4482 Ψ.
1934 4421 2076 4476 Vide
2095 4420 2203 4475 hu-
2241 4428 2284 4482 D

558 4507 865 4565 militatem
879 4515 1161 4578 meam,et
1178 4511 1450 4568 laborem
1470 4527 1673 4567 meum
1694 4527 1705 4565 :
1727 4515 1784 4566 et
1812 4509 2040 4566 dimitte
2061 4508 2209 4571 mihi

559 4596 762 4652 omnia
807 4604 1049 4669 peccata
1100 4614 1260 4656 mea.
1307 4599 1375 4656 P.
1416 4603 1480 4654 ln
1512 4604 1566 4656 te
1598 4597 1858 4653 confido.
1892 4596 1954 4656 ὴ.
1988 4595 2205 4663 Gloria,

558 4687 615 4740 et
640 4684 849 4741 honor.
878 4686 1213 4743 Reiteretur
1241 4687 1298 4741 P.
1337 4686 1422 4743 Ad
1454 4691 1511 4743 te
1553 4686 1818 4741 Domine.

634 4776 695 4827 ln
724 4773 1041 4829 Laudibus.

624 4879 723 4933 Ad
743 4880 1076 4937 Canticum.
1105 4880 1485 4949 Antiphona.
1540 4878 1897 4934 Benedicam
1924 4879 2082 4934 enim
2112 4892 2209 4933 vo-

556 4966 667 5031 bis,
696 4970 751 5022 et
789 4968 1193 5041 multiplicabo
1212 4984 1320 5023 vos
1345 4968 1497 5023 sicut
1533 4965 1729 5023 stellas
1745 4966 1898 5035 cmli,
1930 4965 2072 5023 dicit
2098 4968 2211 5021 Do-

556 5070 776 5113 minus.

760 5162 1062 5219 Canticum
1090 5161 1326 5218 Genesis
1346 5160 1505 5229 (Cap.
1536 5174 1636 5227 xu,
1669 5175 1789 5225 xm,
1820 5169 1959 5229 xvu)
1983 5199 1996 5213 .

620 5268 903 5338 Egredere
928 5268 1003 5325 de
1030 5273 1178 5323 terre
1200 5268 1396 5331 tua,et
1417 5264 1491 5319 de
1520 5264 1875 5333 cognatione
1896 5268 2019 5327 tua,
2060 5268 2117 5320 et
2139 5264 2214 5320 de

551 5357 733 5413 domo
762 5357 944 5428 patris
973 5355 1076 5420 tui,
1104 5355 1119 5370 '
1150 5355 1205 5407 et
1240 5351 1375 5406 veni
1406 5351 1466 5405 in
1516 5352 1733 5407 terram
1781 5366 1966 5423 quam
1996 5367 2171 5408 mons
2194 5382 2216 5392 -

550 5448 783 5501 travero
820 5443 945 5498 tibi.

622 5531 977 5600 Faciamque
1002 5533 1055 5587 te
1094 5528 1155 5584 in
1176 5531 1413 5597 gentem
1437 5541 1741 5599 magnam,
1756 5532 1813 5587 et
1830 5527 2199 5599 benedicam

2382 1826 2502 1894 Ego
2529 1822 2826 1893 Dominus,
2863 1821 2968 1894 qui
2995 1820 3174 1877 eduxi
3199 1821 3253 1877 te
3287 1821 3362 1877 de
3392 1823 3469 1878 Ur
3498 1822 3929 1888 Chaldceorum,

2311 1926 2422 1983 ego
2451 1914 2601 1967 Deus
2625 1909 3035 1982 omnipotens:
3069 1911 3084 1927 '
3104 1908 3342 1966 ambula
3370 1924 3577 1967 coram
3604 1925 3726 1981 me,
3756 1914 3811 1969 et
3826 1914 3939 1968 esto

2310 1999 2625 2071 perfectus.

2382 2085 2730 2157 Ponamque
2756 2084 2950 2141 {cadus
2974 2100 3144 2141 meus
3164 2086 3316 2143 inter
3341 2102 3440 2144 me
3468 2090 3527 2144 et
3562 2092 3644 2153 te,
3677 2089 3699 2110 θ
3723 2089 3781 2144 et
3805 2086 3944 2144 mul-

2312 2174 2592 2248 tiplicabo
2612 2178 2667 2230 te
2684 2174 3065 2230 vehementer
3082 2173 3277 2230 nimis.
3302 2177 3424 2246 Ego
3447 2191 3609 2241 sum,
3638 2181 3697 2233 et
3712 2178 3939 2249 pactum

2312 2278 2517 2321 meum
2542 2266 2757 2328 tecum,

2384 2352 2628 2423 Erisque
2654 2354 2822 2423 pater
2846 2350 3171 2407 multarum
3194 2351 3481 2421 gentium.
3517 2355 3537 2375 '
3558 2353 3631 2408 Et
3650 2365 3871 2424 ponam
3894 2356 3942 2406 te

2312 2441 2373 2497 in
2391 2439 2684 2511 gentibus,
2710 2454 2999 2510 regesque
3030 2454 3102 2495 ex
3117 2443 3173 2496 te
3194 2440 3593 2509 egredientur.

2386 2531 2449 2584 Et
2468 2531 2726 2584 statuam
2747 2532 2989 2599 pactum
3004 2543 3207 2584 meum
3236 2528 3389 2585 inter
3416 2544 3514 2584 me
3539 2532 3599 2585 et
3626 2532 3703 2600 te,
3730 2532 3787 2585 et
3808 2528 3944 2585 inter

2315 2631 2518 2673 semen
2538 2624 2705 2671 tuum
2728 2620 2864 2687 post
2886 2621 2939 2671 te
2966 2616 3026 2671 in
3052 2616 3526 2687 generationibus
3559 2618 3708 2683 suis,
3736 2616 3941 2673 foedera

2316 2705 2707 2776 sempiterno:
2741 2706 2760 2725 ‘
2782 2707 2847 2759 ut
2866 2704 2980 2760 sim
3004 2705 3287 2761 Dominus
3311 2708 3463 2761 Deus
3483 2709 3648 2774 tuus,
3671 2710 3729 2763 et
3747 2704 3945 2763 semini

2314 2798 2417 2849 tuo
2445 2798 2581 2865 post
2606 2796 2680 2849 te.

2386 2880 2672 2953 Daboque
2698 2880 2802 2936 tibi
2822 2885 2875 2936 et
2907 2880 3119 2937 semini
3146 2884 3247 2937 tuo
3268 2885 3487 2938 terram
3518 2882 3940 2954 peregrinatio-

2314 2970 2408 3025 nis
2440 2975 2573 3035 tute,
2602 2971 2619 2986 '
2642 2969 2703 3025 in
2723 2969 3171 3041 possessionem
3198 2973 3506 3038 aeternam,
3537 2986 3766 3045 eroque
3804 2974 3941 3027 Deus

2314 3072 2540 3114 eorum.

2382 3146 2867 3203 Matitunarium.
2909 3144 3273 3214 Antiphona.
3327 3149 3447 3202 Rex
3472 3162 3649 3204 meus
3703 3152 3760 3204 et
3810 3149 3945 3201 Deus

2312 3249 2484 3291 meus
2504 3234 2610 3290 :ad
2637 3239 2691 3290 te
2717 3233 2922 3299 orabo,
2947 3233 3217 3292 Domine.
3237 3234 3299 3295 δι’.
3330 3235 3523 3293 Verba
3551 3252 3693 3293 mea
3713 3234 3939 3297 auribus

2311 3322 2548 3394 percipe
2596 3321 2862 3386 Domine,
2912 3321 3166 3391 intellige
3218 3322 3545 3379 clamorem
3609 3340 3830 3381 meum.
3879 3326 3935 3377 P.

2312 3411 2433 3465 Rex
2460 3424 2651 3475 meus,
2672 3413 2729 3464 et
2758 3411 2910 3465 Deus
2933 3425 3125 3467 meus.
3147 3409 3214 3469 ἲν.
3254 3410 3471 3480 Gloria,
3494 3416 3551 3468 et
3580 3412 3800 3481 honor,
3848 3413 3943 3467 etc.

2312 3498 2376 3557 P.
2411 3500 2529 3553 Rex
2560 3512 2750 3553 meus.

2386 3586 2610 3643 Lauda.
2640 3585 2898 3642 Laudate
2924 3587 3241 3643 Dominum
3283 3587 3345 3643 in
3377 3588 3603 3645 sanctis
3625 3591 3791 3662 ejus:
3814 3587 3941 3645 Alle-

2314 3675 2450 3739 luia,
2476 3674 2733 3730 alleluia.
2772 3675 3029 3732 Laudate
3055 3691 3191 3731 eum
3212 3675 3271 3731 in
3300 3676 3690 3735 ﬁrmamento
3728 3676 3944 3734 virtutis

2313 3763 2466 3833 ejus.
2506 3762 2766 3832 Alleluia,
2795 3763 3051 3819 alleluia.
3086 3764 3354 3820 Psatmus
3380 3781 3445 3821 CL
3467 3767 3529 3821 P.
3557 3767 3823 3823 Laudate
3852 3768 3945 3821 Do—

2314 3852 2543 3906 minum
2573 3851 2632 3906 in
2661 3853 2878 3907 sanctis
2908 3852 3053 3921 ejus.
3080 3852 3345 3917 Alleluia,
3381 3853 3642 3912 alleluia.
3675 3853 3943 3916 V.Gloria.

2314 3943 2368 3995 et
2394 3939 2584 3995 honor
2612 3939 2763 3994 Patri
2779 3943 2835 3995 et
2864 3938 3024 4003 Filio,
3066 3944 3119 3996 et
3151 3941 3387 4011 Spiritui
3411 3944 3657 4001 Sancto.
3696 3945 3751 3997 P.
3807 3945 3943 3999 Lau-

2314 4027 2451 4083 date
2479 4042 2613 4081 eum
2636 4027 2697 4081 in
2725 4027 3100 4084 ﬁrmamento
3129 4029 3356 4084 virtutis
3377 4030 3531 4100 ejus.
3554 4031 3622 4091 V.
3654 4032 3812 4088 Sicut
3838 4032 3949 4087 erat

2315 4116 2374 4170 in
2407 4114 2719 4186 principio,
2753 4118 2809 4170 et
2836 4131 2992 4170 nunc
3017 4120 3071 4171 et
3103 4131 3356 4189 semper,
3388 4119 3519 4175 etin
3543 4119 3767 4177 saecula
3785 4133 3949 4174 seacu-

2316 4206 2530 4260 lorum.
2564 4205 2770 4258 Amen.
2815 4207 2872 4258 P.
2900 4203 3163 4270 Alleluia,
3189 4206 3445 4264 alleluia.

2390 4292 2583 4348 Lectio
2618 4293 2759 4346 libri
2788 4292 3235 4350 Proverbiorum
3265 4294 3602 4353 Salomonis
3644 4298 3811 4367 (Cap.
3862 4296 3951 4361 ιιι).

2392 4392 2451 4440 [ιο.
2488 4381 2603 4434 Deo
2637 4380 2874 4449 gratias.

2392 4469 2510 4527 Fili.
2544 4468 2703 4524 Habe
2724 4468 3005 4525 ﬁduciam
3022 4470 3082 4525 in
3102 4470 3354 4527 Domino
3379 4487 3451 4526 ex
3485 4476 3609 4529 toto
3643 4474 3821 4531 corde
3844 4477 3949 4537 tuo,

2319 4560 2373 4612 et
2396 4571 2470 4612 ne
2501 4557 2766 4612 innitaris
2794 4558 3123 4630 prudentiae
3151 4561 3284 4615 tute.
3319 4558 3383 4614 In
3408 4561 3692 4619 omnibus
3720 4563 3827 4617 viis
3855 4560 3955 4615 tuis

2318 4644 2511 4714 cogita
2540 4644 2727 4713 illum,
2760 4649 2815 4701 et
2843 4645 2968 4716 ipse
3020 4646 3232 4715 diriget
3288 4661 3527 4717 gressus
3594 4656 3752 4706 tuus.
3783 4653 3857 4706 Ne
3886 4648 3954 4701 sis

2318 4732 2554 4803 sapiens
2582 4732 2746 4804 apud
2783 4733 2900 4804 96
2945 4735 3321 4806 temetipsum
3356 4752 3369 4790 :
3419 4736 3562 4793 time
3622 4738 3952 4799 Dominum,

2319 4824 2376 4875 et
2399 4820 2605 4876 recede
2624 4835 2660 4877 a
2684 4820 2864 4877 malo.
2896 4832 2965 4887 Βι.
3005 4823 3213 4878 Amen.

2974 4911 3266 4981 Hymnus.

2534 4995 2827 5065 Fulgentis
2857 5002 3062 5053 auctor
3090 4999 3342 5070 mtheris,

2464 5084 2569 5149 Qui
2598 5083 2752 5139 lunae
2782 5084 2985 5140 lumen
3014 5087 3313 5152 noctibus,

2465 5172 2659 5229 Solem
2684 5173 2914 5229 dierum
2945 5175 3220 5230 cursibus

2466 5260 2640 5318 Certo
2659 5260 2916 5317 fundasti
2958 5264 3188 5320 tramite
3201 5307 3213 5317 .

2536 5352 2659 5404 Nox
2681 5353 2808 5405 atra
2832 5350 2959 5419 jam
2990 5352 3303 5421 repellitur,

2470 5437 2665 5494 Mundi
2693 5439 2848 5494 nitor
2871 5440 3219 5507 renascitur,

2472 5528 2789 5598 Novusque
2822 5526 2951 5598 jam
2981 5529 3197 5586 mentis
3225 5528 3413 5599 vigor.
