4160 6422
220 280 304 348 tu
1240 284 1453 357 FERIA
1492 300 1541 359 Π
1580 284 1764 359 POST
1805 300 2146 362 OCTAVAM
2183 302 2610 371 EPIPHANLE.

386 417 613 477 Dulces
641 418 709 476 in
740 420 954 478 altum
982 421 1182 491 egerit.

464 508 721 567 Laudes
750 525 986 567 sonare
1009 510 1135 581 jam

400 599 539 656 Dies
568 598 802 655 relatus
827 602 1163 666 ammonet,

404 687 706 760 Vultuque
737 686 876 744 coeli
912 687 1194 745 blandior

404 778 627 833 Nostra
653 780 896 832 serenet
926 780 1191 847 pectora.

482 863 760 920 Vitemus
786 880 975 921 omne
994 863 1315 933 lubricum,

406 952 685 1009 Declinet
706 968 900 1025 prava
925 952 1194 1025 spiritus,

404 1042 542 1098 Vita
570 1041 733 1098 facta
760 1056 888 1097 non
936 1040 1225 1114 inquinet,

407 1129 716 1201 Linguam
738 1129 923 1201 culpa
952 1144 1077 1186 non
1107 1129 1388 1203 implicet,

3542 306 3646 385 194

1934 431 1981 482 A
2082 429 2516 493 0ratio.Deduc
2532 452 2664 501 nos,
2685 439 2953 505 Domine,
2980 440 3041 497 in
3057 442 3231 500 bonis
3251 462 3265 512 ;
3285 462 3354 503 ac
3375 448 3562 521 dirige
3594 451 3657 507 in

2009 526 2337 591 conspectu
2363 528 2463 580 tuo
2496 540 2658 581 Viam
2682 530 3042 585 nostramzut
3070 530 3214 588 ﬁdes
3235 540 3454 602 nostra,
3491 538 3655 594 salu-

2007 606 2147 662 taris
2176 609 2261 664 tui
2293 613 2617 680 vocatione,
2661 619 2735 681 te,
2767 615 2874 688 qui
2898 632 2962 672 es
3013 621 3130 674 Rex
3174 627 3393 693 noster,
3419 629 3474 680 et
3498 626 3652 681 Deus

2008 698 2229 767 noster,
2256 702 2312 754 et
2340 701 2586 772 vestigio
2608 704 2918 761 comitetur
2943 705 3207 775 innoxio,
3231 714 3287 766 et
3328 727 3506 768 cursu
3560 728 3655 770 oc-

2009 788 2185 853 cupet
2222 786 2519 859 expedito.
2554 801 2617 861 Βί.
2645 794 2857 849 Amen.

2079 873 2185 927 Per
2219 875 2683 935 misericordiam
2696 923 2709 935 .

2081 961 2429 1033 Antiphona
2449 970 2501 1022 2.
2532 971 2612 1025 Ne
2642 969 2703 1025 in
2723 969 2814 1027 ira
2843 973 2945 1027 tua
2970 986 3191 1043 arguas
3212 990 3328 1043 me,
3383 977 3649 1034 Domine.

2010 1046 2283 1107 Psalmus
2309 1069 2386 1109 vr.

2082 1138 2578 1210 0ratio.Domine,
2604 1159 2673 1199 ne
2699 1145 2788 1202 ira
2813 1149 2916 1203 tua
2944 1163 3055 1205 nos
3084 1165 3303 1219 arguas
3329 1169 3342 1219 ;
3367 1168 3561 1225 neque
3590 1154 3653 1210 in

2007 1226 2109 1280 tuo
2138 1240 2249 1282 nos
2273 1227 2470 1286 furore
2493 1232 2812 1304 corripias:
2836 1236 2941 1290 sed
2971 1238 3345 1308 asperitatem
3388 1241 3652 1298 verberis

2006 1328 2164 1383 unge
2193 1314 2505 1388 clementia
2527 1319 2882 1377 lenitatiszut
2898 1338 3021 1380 non
3040 1326 3435 1396 perditionem
3452 1344 3648 1400 pinna;

2004 1400 2111 1542 :ed
2135 1404 2527 1463 eruditionem
2546 1406 2721 1464 nobis
2744 1413 2847 1467 tua
2871 1411 3137 1470 conferat
3173 1413 3514 1487 disciplina.
3582 1429 3647 1488 Βτ.

2055 1504 2211 1542 men.

2055 1504 2211 1546 men.

479 1218 601 1276 Sed
627 1217 716 1275 sol
745 1217 909 1275 diem
935 1217 1084 1275 dum
1109 1219 1363 1285 conﬁcit,

400 1307 585 1365 Fides
611 1306 921 1380 profunda
944 1306 1186 1375 ferveat,

399 1398 561 1470 Spes
592 1396 675 1453 ad
700 1395 1002 1469 promissa
1038 1400 1342 1469 provocet,

405 1486 651 1544 Christo
683 1486 1017 1557 conjungat
1041 1485 1317 1543 Charitas.

478 1579 605 1632 Deo
631 1574 792 1631 Patri
824 1574 900 1630 sit
925 1574 1138 1645 gloria.
2074 1580 2178 1633 Per
2214 1579 2683 1640 misericordiam
2714 1590 2899 1641 tuam.

288 1665 707 1736 Supplicatio.
737 1665 989 1720 Oremus
1009 1662 1457 1736 Redemptorem
1474 1666 1685 1723 mundi
1702 1667 1897 1723 Domi-
2078 1666 2424 1736 Antiphona
2440 1672 2521 1725 3.1
2529 1674 2731 1726 ustum
2745 1671 3102 1741 adjutorium
3129 1690 3313 1731 meum
3335 1692 3372 1732 a
3386 1677 3647 1746 Domino,

224 1769 370 1810 num
386 1750 898 1809 nostrumJesum
922 1750 1381 1821 Christum,cum
1407 1754 1573 1809 omni
1604 1754 1899 1827 supplica-
1925 1765 1970 1820 Β
2003 1753 2107 1825 qui
2138 1755 2337 1812 salvos
2370 1757 2507 1814 facit
2535 1756 2726 1815 rectos
2750 1761 2948 1816 corde.
2982 1764 3224 1819 Psalm.
3256 1781 3357 1822 vu.
3400 1767 3653 1825 Reitere-

228 1842 383 1899 tione
407 1856 705 1911 rogemus
740 1857 753 1907 ;
783 1844 849 1895 ut
868 1855 977 1913 per
1002 1840 1258 1910 gratiam
1288 1842 1493 1914 ipsius,
1512 1847 1567 1899 et
1597 1843 1892 1915 perinter-
2005 1848 2106 1898 tur
2124 1843 2493 1914 Antiphona.
2515 1848 2751 1904 Justum
2784 1848 3074 1906 Dominus
3096 1851 3168 1909 sit
3192 1866 3449 1925 semper.
3489 1866 3551 1923 BI.
3586 1858 3653 1911 Et

228 1932 571 1987 cessionem
622 1931 857 1986 Sanctae
905 1929 1097 1985 Mariae
1150 1929 1426 1999 Virginis,
1482 1936 1537 1987 et
1598 1932 1895 2001 genitricis
2003 1945 2163 1986 cum.

235 2036 372 2085 suae,
406 2024 465 2075 et
497 2017 781 2074 omnium
813 2018 1165 2074 Sanctorum
1180 2033 1429 2075 suorum
1450 2018 1625 2075 nobis
1643 2020 1895 2077 salutem
2076 2031 2142 2089 Βι.
2175 2020 2422 2078 Adverte
2453 2021 2664 2081 faciem
2687 2029 2851 2083 tuam
2874 2044 2904 2081 a
2924 2028 3183 2100 peccatis
3204 2028 3647 2098 meis,Domine.

233 2108 463 2173 animae,
498 2110 559 2163 et
600 2106 889 2177 corporis,
914 2105 1897 2180 etremissionempeccatorum,et
2006 2110 2081 2164 P.
2121 2110 2187 2165 Et
2205 2125 2417 2166 omnes
2458 2112 2799 2185 iniquitates
2840 2132 3009 2173 meas
3057 2117 3207 2173 dele.
3262 2130 3324 2188 Βι.
3382 2118 3650 2176 Miserere

235 2211 443 2268 pacem
477 2194 780 2267 propitius
832 2192 1091 2250 tribuere
1148 2194 1448 2265 dignetur.
1522 2208 1591 2267 Βι.
1651 2198 1891 2266 Praesta,
2004 2195 2647 2268 meiDeus,secundum
2667 2205 3439 2274 magnammisericordiam
3461 2213 3645 2264 tuam:

232 2291 442 2341 azterne
474 2282 869 2354 omnipotens
898 2285 1076 2338 Deus.
1959 2318 1964 2323 -
2002 2289 2058 2341 et
2092 2286 2425 2343 secundum
2448 2288 2885 2347 multitudinem
2907 2294 3357 2350 miserationum
3390 2299 3646 2351 tuarum.

296 2373 490 2444 Kyrie,
526 2368 1111 2439 eleison.ﬁ.Christe,
1148 2369 1389 2428 eleison.
1425 2372 1621 2443 Kyrie,
1648 2374 1889 2432 eleison.
1999 2373 2073 2429 P.
2102 2376 2167 2430 Et
2193 2390 2397 2431 omnes
2429 2375 2771 2449 iniquitates
2797 2395 2986 2437 meas.
3009 2381 3070 2442 ἡ.
3096 2382 3309 2447 Gloria,
3341 2385 3399 2439 et
3431 2382 3645 2449 honor,

292 2462 606 2529 Capitula.
636 2461 767 2517 Rex
800 2462 1016 2525 noster,
1047 2463 1103 2514 et
1148 2461 1302 2515 Deus
1335 2467 1541 2517 noster
1594 2461 1824 2533 depelle
1856 2479 1893 2520 a
1999 2465 2109 2517 etc.
2144 2464 2485 2520 Reiteretur
2516 2476 2584 2532 BI.

227 2549 504 2604 cordibus
537 2548 761 2603 nostris
792 2547 1029 2611 erroris,
1063 2550 1119 2604 et
1144 2548 1496 2617 ignorantiae
1517 2553 1754 2607 noctem
1785 2556 1893 2622 ,ut
2069 2550 2299 2608 Lauda.
2319 2550 2588 2620 Alleluia,
2617 2553 2874 2621 alleluia,
2903 2555 3160 2615 alleluia.
3186 2558 3544 2615 Gaudebunt
3564 2557 3650 2616 la—

231 2636 574 2694 renovando
606 2652 718 2692 nos
745 2636 806 2691 in
830 2650 1062 2692 novum
1094 2636 1426 2703 hominem,
1452 2654 1631 2694 mane
1656 2643 1890 2697 nostras
1988 2636 2101 2695 bia
2124 2653 2262 2694 mea
2286 2638 2433 2695 dum
2476 2645 2796 2698 cantavero
2832 2643 2955 2711 tibi,
3011 2647 3183 2709 Deus,
3215 2646 3460 2702 laudem
3481 2652 3650 2705 tuam

231 2726 548 2781 exaudiens
578 2740 785 2793 voces,
817 2724 914 2780 fac
973 2739 1085 2780 nos
1106 2724 1169 2780 in
1217 2724 1393 2781 bonis
1446 2727 1728 2798 operibus
1785 2728 1890 2785 tibi
1988 2713 2864 2800 'P.Alleluia,alleluia.V.Etego
2889 2718 3218 2788 conﬁtebor
3252 2733 3357 2790 tibi
3376 2734 3437 2789 in
3490 2735 3649 2791 vasis

235 2815 455 2870 adstare
486 2812 795 2877 diluculo;
825 2815 881 2868 et
914 2810 995 2868 ad
1027 2812 1654 2885 contemplandum‘te,
1715 2816 1890 2874 nobis
1999 2813 2398 2877 Psalmorum,
2433 2818 2607 2879 Deus,
2637 2818 2750 2887 97
2774 2818 3030 2888 psallam
3052 2819 3245 2875 tibi.P.
3278 2820 3542 2878 Alleluia.
3571 2822 3639 2880 ἲν.

237 2902 637 2976 Apparitionis
666 2906 785 2957 tua:
812 2900 1006 2958 tribue
1030 2908 1499 2960 sacramentum.

299 2992 472 3049 Pater
499 2993 727 3048 noster.
753 2994 803 3046 A
831 2988 995 3046 malo
1014 3005 1126 3046 nos
1154 2990 1360 3048 libero.
1383 2993 1627 3064 Require
1652 2996 1770 3065 fol.
1808 2999 1887 3053 to.

2002 2901 2212 2965 Gloria,
2246 2905 2303 2958 et
2316 2902 2528 2970 honor,
2561 2910 2671 2959 etc.
2699 2906 2780 2961 P.
2794 2904 3063 2975 Alleluia,
3094 2906 3346 2971 alleluia,
3387 2907 3646 2964 alleluia.

2070 2990 2265 3046 Preces
2297 3008 2310 3045 :
2334 2991 2498 3047 Alius
2523 3008 2646 3049 non
2662 2998 2773 3059 est,
2798 2993 2903 3065 qui
2948 2999 3207 3067 rogetur,
3249 2996 3344 3068 pie
3366 2996 3605 3053 Domine
3630 3013 3642 3052 :

302 3080 529 3137 Lauda.
566 3078 615 3133 A
642 3078 905 3166 peccatis
930 3077 1148 3135 nostris
1174 3078 1404 3137 munda
1436 3095 1572 3145 nos,
1623 3082 1892 3139 Domine.
1927 3110 1967 3166 ρ
2002 3077 2062 3139 il.
2083 3079 2303 3166 Alleva
2329 3080 2565 3150 jugum,
2595 3081 2747 3138 colla
2766 3088 3147 3153 prementum
3167 3084 3496 3141 inclina.P.
3526 3084 3646 3155 Pie,

235 3168 503 3236 Alleluia,
536 3166 796 3238 alleluia,
822 3165 1081 3223 alleluia.
1124 3166 1188 3228 ἣν.
1217 3169 1281 3224 Et
1334 3168 1404 3223 ab
1464 3169 1672 3226 alienis
1714 3187 1911 3243 parce‘

234 3273 394 3315 servo
426 3261 554 3313 tuo.
585 3258 651 3311 P.
684 3255 956 3325 Alleluia,
988 3255 1246 3327 alleluia,
1280 3256 1543 3316 alleluia.
1592 3259 1653 3319 if.
1700 3260 1894 3319 Gloria

230 3352 280 3402 et
303 3346 521 3415 honor,
546 3348 659 3401 etc.
688 3346 761 3400 P.
795 3343 1062 3411 Alleluia,
1088 3344 1350 3413 alleluia,
1378 3346 1640 3405 alleluia.

291 3434 639 3505 Antiphona
666 3438 721 3489 2.
747 3433 993 3491 Custodi
1021 3448 1133 3489 nos
1157 3434 1409 3491 Domine
1430 3435 1510 3492 ab
1531 3436 1694 3493 omni
1712 3437 1890 3497 malo.

226 3525 285 3577 P.
312 3523 589 3591 Alleluia,
614 3520 879 3591 alleluia,
932 3520 1193 3579 alleluia.
1226 3522 1286 3583 7?.
1348 3524 1469 3581 Sub
1497 3525 1718 3583 umbra
1774 3527 1892 3584 ala-

224 3629 351 3669 rum
375 3618 630 3669 tuarum
647 3615 893 3685 protege
919 3627 1055 3667 nos.
1080 3612 1145 3667 P.
1170 3610 1440 3678 Alleluia,
1475 3613 1729 3682 alleluia,
1757 3616 1895 3675 alle-

226 3701 358 3759 luia.
402 3701 468 3761 i’.
496 3700 722 3771 Gloria,
754 3704 813 3756 et
838 3700 1052 3757 honor.
1084 3701 1161 3758 P.
1190 3700 1457 3767 Alleluia,
1499 3702 1756 3775 alleluia,
1815 3706 1896 3763 al-

231 3789 416 3848 leluia.

288 3879 670 3937 Benedictio.
728 3877 1045 3934 Benedicat

229 3970 444 4033 Quaere.
474 3967 581 4038 fol.
619 3969 708 4022 94.

1124 3878 1509 3951 omnipotens
1581 3883 1890 3939 Dominus.

2002 3165 2158 3224 bella
2177 3168 2455 3241 reprime,
2486 3185 2698 3241 pacem
2724 3170 3005 3227 concede.
3032 3170 3093 3230 if.
3123 3172 3401 3244 Captivos
3465 3173 3649 3244 eripe,

2003 3257 2311 3314 demersos
2341 3259 2518 3328 erige.
2570 3260 2634 3314 P.
2664 3259 2784 3330 Pie,
2840 3259 3019 3316 bella.
3055 3260 3116 3320 ὢν.
3169 3261 3337 3319 Dona
3386 3262 3649 3335 veniam,

2002 3350 2219 3416 praesta
2249 3346 2524 3417 gratiam,
2582 3348 2678 3420 pie
2726 3347 2993 3415 Domine,
3026 3348 3363 3407 Reiteretur
3414 3351 3649 3420 primus

2001 3431 2063 3493 ir.
2089 3435 2294 3492 Preces
2324 3437 2543 3493 scilicet
2575 3435 2777 3492 :Alius
2808 3451 2930 3493 non
2970 3441 3076 3493 est.

2076 3525 2373 3595 Capitula.
2408 3524 2687 3593 Gloriosa,
2716 3529 2946 3598 potens,
2974 3541 3045 3582 ac
3095 3525 3431 3583 misericors
3474 3529 3648 3593 Deus,

2003 3627 2141 3667 erue
2180 3628 2289 3669 nos
2314 3613 2392 3669 ab
2412 3613 2647 3671 insidiis
2671 3614 2897 3671 inimici
2918 3633 2932 3683 ;
2952 3618 3098 3671 etne
3122 3616 3322 3673 anima
3338 3620 3651 3673 nostraru-

2003 3700 2215 3772 gientis
2243 3701 2432 3758 leonis
2456 3707 2633 3775 raptu
2659 3703 2872 3775 rapido
2897 3703 3187 3776 rapiatur,
3204 3706 3492 3777 protectio
3520 3704 3653 3761 dex-

2003 3791 2139 3845 terae
2166 3794 2281 3846 tuae
2303 3790 2363 3846 in
2388 3790 2575 3847 nostri
2596 3790 2933 3847 custodiam
2947 3791 3653 3863 deputeturmedumnon

2002 3882 2087 3934 est
2118 3877 2222 3950 qui
2252 3878 2529 3949 redimat,
2549 3879 2645 3936 ille
2664 3896 2858 3935 saevus
2880 3879 3145 3939 occidat:
3176 3884 3299 3951 aut,
3327 3882 3376 3937 si
3404 3897 3526 3939 non
3552 3881 3655 3954 qui

2003 3966 2233 4023 salvum
2262 3966 2456 4038 faciat,
2500 3966 2594 4024 ille
2625 3969 2946 4050 subvertat.
2985 3968 3099 4025 Sed
3125 3973 3189 4025 tu
3233 3972 3346 4026 Leo
3376 3970 3451 4027 de
3495 3970 3655 4027 tribu

2001 4054 2029 4109 J
2040 4055 2158 4113 uda
2181 4056 2242 4112 in
2278 4056 2369 4113 ira
2397 4062 2500 4114 tua
2529 4073 2785 4129 exurge;
2814 4062 2873 4113 et
2918 4058 3228 4114 severitate
3258 4058 3467 4129 judicii
3516 4059 3654 4116 insi-

2002 4143 2156 4201 diosi
2180 4144 2367 4202 hostis
2397 4151 2665 4202 catervas
2686 4143 3218 4218 interimeznosque
3246 4147 3306 4202 in
3333 4153 3650 4220 praecepto,

2000 4234 2165 4307 quod
2195 4233 2512 4306 mandasti,
2546 4233 2785 4291 credere
2815 4236 2871 4290 et
2894 4249 3246 4306 permanere
3268 4236 3543 4292 concede.

2071 4327 2238 4381 Pater
2268 4328 2490 4381 noster.
2517 4327 2563 4379 A
2585 4323 2747 4380 malo
2768 4338 2879 4380 nos
2905 4323 3112 4382 libera.
3132 4324 3245 4394 fol.
3283 4327 3366 4385 10.

2068 4412 2169 4469 Ad
2190 4412 2456 4481 Sextum,
2485 4413 2686 4470 omnia
2714 4412 2994 4469 dicantur
3018 4418 3083 4469 ut
3105 4413 3169 4469 in
3184 4414 3389 4481 Sexta,
3420 4415 3651 4487 guardi-

2000 4502 2158 4560 citur
2174 4517 2287 4571 per
2313 4508 2498 4560 totum
2527 4517 2773 4559 annum.
2808 4501 2902 4557 Ad
2938 4502 3195 4560 Nonam.
3230 4506 3294 4558 ut
3343 4519 3541 4576 supra.

285 4058 364 4113 Et
390 4059 481 4114 sic
509 4055 826 4127 ﬁniuntur
848 4055 1136 4112 Matutim’
1173 4056 1236 4111 in
1264 4056 1893 4116 Benedictionibus.Et

218 4147 415 4203 statim
436 4145 548 4216 fac
580 4144 1168 4201 Commemorationes
1196 4145 1531 4202 Vocationis
1579 4147 1882 4216 Ecclesiae,

218 4242 267 4291 et
299 4236 463 4293 alias
486 4248 641 4306 quas
664 4234 924 4290 volueris
956 4234 1018 4289 in
1048 4234 1259 4306 quibus
1284 4234 1642 4293 devotionem
1664 4236 1886 4294 habue-

214 4326 325 4382 ris.
360 4326 596 4384 Postea
632 4324 823 4380 Pater
851 4328 1053 4380 noster
1093 4323 1204 4379 sub
1230 4323 1645 4397 silentio-,‘quo
1701 4327 1890 4397 ﬁnito,

207 4414 318 4480 ﬁat
350 4413 860 4470 commemoratio.

276 4502 523 4560 Lauda.
557 4500 652 4556 Ad
672 4499 1162 4559 annuntiaudum
1190 4514 1394 4558 mane.
1428 4502 1650 4560 Oratio.
1703 4506 1887 4577 Mane,

208 4590 719 4657 Domine,oratio.
743 4589 954 4657 Qua're
980 4590 1161 4659 fol.7.
1182 4590 1392 4647 Lauda
1409 4591 1482 4647 de
1497 4592 1683 4661 fonte.
1715 4590 1892 4663 Apud
2602 4590 2689 4645 Ad
2730 4591 3031 4660 Vesperos.

206 4686 258 4737 te
290 4687 407 4747 est,
446 4679 728 4749 Domine,
750 4678 888 4735 fons
917 4678 1361 4736 vitae.Alleluia.
1392 4679 1453 4740 ir.
1488 4683 1554 4736 Et
1580 4680 1640 4736 in
1665 4680 1891 4737 lumine
2069 4678 2295 4734 Lauda.
2318 4677 2766 4736 Tuilluminans
2792 4678 3099 4735 lucernam
3124 4694 3343 4748 meam,
3371 4677 3644 4739 Domine.

205 4776 311 4827 tuo
346 4768 700 4826 videbimus
730 4766 958 4824 lumen.
986 4766 1053 4825 P.
1094 4766 1363 4825 Alleluia.
1414 4765 1474 4829 il.
1555 4768 1771 4834 Gloria,
1835 4772 1892 4826 et
2000 4766 2290 4822 Dominus
2316 4767 2387 4822 sit
2412 4781 2665 4838 semper.
2698 4778 2762 4835 ἢ.
2797 4769 2860 4821 Et
2892 4782 3053 4822 cum.

200 4860 435 4929 honor,
471 4864 589 4918 etc.
629 4860 696 4914 P.
724 4857 1001 4916 Alleluia.
2070 4855 2435 4925 Antiphona.
2465 4856 2657 4920 Quam
2687 4853 3036 4911 admirabile
3063 4858 3154 4910 est
3174 4870 3395 4912 nomen
3458 4859 3648 4925 tuum,

857 4948 956 5003 Ad
991 4948 1269 5005 Tertiam.
2001 4943 2269 5011 Domine,
2301 4943 2363 4999 in
2390 4944 2671 4999 universa
2702 4947 2879 5000 terra.
2910 4943 3184 5000 Psalmus
3214 4958 3334 5000 vui.

272 5042 488 5100 Lectio
522 5039 677 5097 libri
704 5036 1175 5095 Proverbiorum
1198 5035 1522 5095 Salomonis
1571 5037 1745 5110 (Cap.
1801 5038 1885 5108 '7).
2070 5031 2293 5091 Lauda.
2330 5036 2392 5087 ln
2417 5031 2545 5103 lege
2569 5030 3098 5104 Domini,Alleluia,
3123 5033 3511 5092 meditabitur
3532 5035 3647 5101 die,

276 5142 351 5199 ﬁ.
385 5130 514 5187 Deo
542 5127 793 5200 gratias.
1999 5138 2069 5179 ac
2099 5120 2565 5179 nocte.Alleluia.
2589 5120 2658 5177 P.
2675 5124 2739 5178 Et
2756 5120 3014 5178 fructum
3032 5138 3210 5178 suum
3236 5121 3404 5181 dabit
3426 5124 3486 5180 in
3504 5128 3652 5182 tem—

275 5219 405 5290 Fili,
444 5216 697 5275 Custodi
728 5230 1040 5271 sermones
1072 5228 1259 5277 meos,
1284 5218 1341 5270 et
1392 5219 1696 5287 praecepta
1752 5229 1889 5272 mea
1998 5228 2142 5285 pore
2170 5228 2300 5269 suo.
2334 5210 2599 5283 Alleluia,
2634 5209 2895 5268 alleluia.
2940 5210 3002 5271 il.
3034 5214 3103 5268 Et
3131 5212 3238 5268 erit
3274 5217 3565 5286 tanquam
3590 5209 3653 5270 li-

195 5308 471 5365 reconde
499 5307 631 5365 tibi.
692 5307 876 5361 Serva
924 5302 1219 5360 mandata
1276 5318 1431 5370 mea,
1485 5306 1541 5361 et
1589 5303 1773 5359 vives.
1821 5314 1883 5373 Βι.
1997 5317 2206 5372 gnum,
2248 5301 2412 5374 quod
2450 5300 2786 5374 plantatum
2811 5305 2897 5357 est
2927 5316 3101 5357 secus
3133 5300 3422 5358 decursus
3471 5318 3655 5375 aqua-

154 5401 645 5558 -ﬁgzlierftiphona
662 5490 680 5540 1
698 5480 991 5551 .lntellige
1013 5478 1338 5537 clamorem
1362 5496 1586 5548 meum,
1616 5478 1889 5538 Domine.

202 5576 459 5636 Intende
485 5575 626 5635 voci
643 5568 945 5632 orationis
970 5585 1140 5629 meae.
1169 5569 1395 5627 Psalm.
1414 5585 1473 5626 v.

1992 5406 2152 5467 rum,
2176 5391 2336 5464 quod
2367 5390 2625 5447 fructum
2647 5406 2823 5446 suum
2844 5389 3012 5447 dabit
3036 5390 3097 5446 in
3122 5394 3390 5463 tempore
3412 5407 3540 5448 suo.
3584 5403 3649 5460 Br

2000 5480 2064 5536 Et
2093 5480 2351 5537 fructum
2381 5496 2558 5536 suum
2590 5478 2773 5537 dabit.
2804 5477 2864 5539 ir.
2893 5478 3103 5551 Gloria,
3159 5484 3215 5537 et
3269 5479 3480 5544 honor,
3539 5482 3650 5534 etc.

1999 5567 2066 5623 P.
2100 5568 2175 5628 Et
2204 5569 2485 5627 fructum.
