  <div class='ocr_page' id='page_1' title='image "/cluster/home/n/w/nwhite01/storage/ocr_20150623/86/umn.31951002477379d/107.png"; bbox 0 0 4160 6398; ppageno 0'>
   <div class='ocr_carea' id='block_1_1' title="bbox 577 327 677 385">
    <p class='ocr_par' dir='ltr' id='par_1_1' title="bbox 577 327 677 385">
     <span class='ocr_line' id='line_1_1' title="bbox 577 327 677 385; baseline -0.03 0"><span class='ocrx_word' id='word_1_1' title='bbox 577 327 677 385; x_wconf 73' lang='grc'><strong>199</strong></span> 
     </span>
    </p>
   </div>
   <div class='ocr_carea' id='block_1_2' title="bbox 1171 430 1593 499">
    <p class='ocr_par' dir='ltr' id='par_1_2' title="bbox 1171 430 1593 499">
     <span class='ocr_line' id='line_1_2' title="bbox 1171 430 1593 499; baseline -0.024 -8"><span class='ocrx_word' id='word_1_2' title='bbox 1171 431 1270 490; x_wconf 84' lang='lat' dir='ltr'><strong>Ad</strong></span> <span class='ocrx_word' id='word_1_3' title='bbox 1304 430 1593 499; x_wconf 83' lang='lat' dir='ltr'><strong>Vesperos.</strong></span> 
     </span>
    </p>
   </div>
   <div class='ocr_carea' id='block_1_3' title="bbox 642 502 2214 593">
    <p class='ocr_par' dir='ltr' id='par_1_3' title="bbox 642 502 2214 593">
     <span class='ocr_line' id='line_1_3' title="bbox 642 502 2214 593; baseline -0.022 0"><span class='ocrx_word' id='word_1_4' title='bbox 642 533 872 593; x_wconf 84' lang='lat' dir='ltr'><strong>Lauda.</strong></span> <span class='ocrx_word' id='word_1_5' title='bbox 902 522 1260 586; x_wconf 87' lang='lat' dir='ltr'><strong>llluminatio</strong></span> <span class='ocrx_word' id='word_1_6' title='bbox 1289 532 1444 587; x_wconf 87' lang='lat' dir='ltr'><strong>mea,</strong></span> <span class='ocrx_word' id='word_1_7' title='bbox 1473 519 1528 572; x_wconf 89' lang='lat' dir='ltr'><strong>et</strong></span> <span class='ocrx_word' id='word_1_8' title='bbox 1561 512 1722 570; x_wconf 89' lang='lat' dir='ltr'><strong>salus</strong></span> <span class='ocrx_word' id='word_1_9' title='bbox 1750 523 1886 566; x_wconf 88' lang='lat' dir='ltr'><strong>mea</strong></span> <span class='ocrx_word' id='word_1_10' title='bbox 1915 510 2002 564; x_wconf 92' lang='lat' dir='ltr'><strong>est</strong></span> <span class='ocrx_word' id='word_1_11' title='bbox 2021 502 2214 562; x_wconf 87' lang='lat' dir='ltr'><strong>Domi-</strong></span> 
     </span>
    </p>
   </div>
   <div class='ocr_carea' id='block_1_4' title="bbox 571 599 2138 683">
    <p class='ocr_par' dir='ltr' id='par_1_4' title="bbox 571 599 2138 683">
     <span class='ocr_line' id='line_1_4' title="bbox 571 599 2138 683; baseline -0.022 0"><span class='ocrx_word' id='word_1_12' title='bbox 571 641 710 683; x_wconf 87' lang='lat' dir='ltr'><strong>nus.</strong></span> <span class='ocrx_word' id='word_1_13' title='bbox 739 617 1028 678; x_wconf 86' lang='lat' dir='ltr'><strong>Dominus</strong></span> <span class='ocrx_word' id='word_1_14' title='bbox 1056 612 1131 668; x_wconf 91' lang='lat' dir='ltr'><strong>sit</strong></span> <span class='ocrx_word' id='word_1_15' title='bbox 1165 621 1400 679; x_wconf 83' lang='lat' dir='ltr'><strong>semper</strong></span> <span class='ocrx_word' id='word_1_16' title='bbox 1427 602 1760 660; x_wconf 85' lang='lat' dir='ltr'><strong>vobiscum.</strong></span> <span class='ocrx_word' id='word_1_17' title='bbox 1792 608 1856 668; x_wconf 75' lang='grc' dir='ltr'><strong>Βι.</strong></span> <span class='ocrx_word' id='word_1_18' title='bbox 1890 599 1956 652; x_wconf 91' lang='lat' dir='ltr'><strong>Et</strong></span> <span class='ocrx_word' id='word_1_19' title='bbox 1981 609 2138 650; x_wconf 91' lang='lat' dir='ltr'><strong>cum.</strong></span> 
     </span>
    </p>
   </div>
   <div class='ocr_carea' id='block_1_5' title="bbox 643 683 2213 778">
    <p class='ocr_par' dir='ltr' id='par_1_5' title="bbox 643 683 2213 778">
     <span class='ocr_line' id='line_1_5' title="bbox 643 683 2213 778; baseline -0.021 -10"><span class='ocrx_word' id='word_1_20' title='bbox 643 708 1016 778; x_wconf 79' lang='lat' dir='ltr'><strong>Antiphona.</strong></span> <span class='ocrx_word' id='word_1_21' title='bbox 1050 705 1113 758; x_wconf 93' lang='lat' dir='ltr'><strong>ln</strong></span> <span class='ocrx_word' id='word_1_22' title='bbox 1140 691 1502 756; x_wconf 89' lang='lat' dir='ltr'><strong>advertendo</strong></span> <span class='ocrx_word' id='word_1_23' title='bbox 1532 687 1818 746; x_wconf 89' lang='lat' dir='ltr'><strong>Dominus</strong></span> <span class='ocrx_word' id='word_1_24' title='bbox 1859 683 2213 756; x_wconf 85' lang='lat' dir='ltr'><strong>captivatem</strong></span> 
     </span>
    </p>
   </div>
   <div class='ocr_carea' id='block_1_6' title="bbox 573 771 2214 874">
    <p class='ocr_par' dir='ltr' id='par_1_6' title="bbox 573 771 2214 874">
     <span class='ocr_line' id='line_1_6' title="bbox 573 771 2214 874; baseline -0.021 -16"><span class='ocrx_word' id='word_1_25' title='bbox 573 799 762 874; x_wconf 86' lang='lat' dir='ltr'><strong>plebis</strong></span> <span class='ocrx_word' id='word_1_26' title='bbox 779 771 922 861; x_wconf 63' lang='lat' dir='ltr'><strong>suae,</strong></span> <span class='ocrx_word' id='word_1_27' title='bbox 949 783 1392 852; x_wconf 71' lang='lat' dir='ltr'><strong>lasteturJacob,</strong></span> <span class='ocrx_word' id='word_1_28' title='bbox 1413 786 1470 837; x_wconf 92' lang='lat' dir='ltr'><strong>et</strong></span> <span class='ocrx_word' id='word_1_29' title='bbox 1488 773 1915 836; x_wconf 82' lang='lat' dir='ltr'><strong>exultetlsrael.</strong></span> <span class='ocrx_word' id='word_1_30' title='bbox 1951 771 2214 828; x_wconf 82' lang='lat' dir='ltr'><strong>Psalmus</strong></span> 
     </span>
    </p>
   </div>
   <div class='ocr_carea' id='block_1_7' title="bbox 574 862 2141 946">
    <p class='ocr_par' dir='ltr' id='par_1_7' title="bbox 574 862 2141 946">
     <span class='ocr_line' id='line_1_7' title="bbox 574 862 2141 946; baseline -0.021 0"><span class='ocrx_word' id='word_1_31' title='bbox 574 862 701 946; x_wconf 73' lang='lat' dir='ltr'><strong>xm.</strong></span> <span class='ocrx_word' id='word_1_32' title='bbox 745 884 1028 943; x_wconf 88' lang='lat' dir='ltr'><strong>Dominus</strong></span> <span class='ocrx_word' id='word_1_33' title='bbox 1058 879 1131 934; x_wconf 86' lang='lat' dir='ltr'><strong>sit</strong></span> <span class='ocrx_word' id='word_1_34' title='bbox 1167 888 1399 945; x_wconf 85' lang='lat' dir='ltr'><strong>semper</strong></span> <span class='ocrx_word' id='word_1_35' title='bbox 1427 867 1755 926; x_wconf 82' lang='lat' dir='ltr'><strong>vobiscum.</strong></span> <span class='ocrx_word' id='word_1_36' title='bbox 1795 862 1856 923; x_wconf 60' lang='grc' dir='ltr'><strong>ἲν.</strong></span> <span class='ocrx_word' id='word_1_37' title='bbox 1890 864 2141 917; x_wconf 88' lang='lat' dir='ltr'><strong>Etcum.</strong></span> 
     </span>
    </p>
   </div>
   <div class='ocr_carea' id='block_1_8' title="bbox 646 945 2216 1034">
    <p class='ocr_par' dir='ltr' id='par_1_8' title="bbox 646 945 2216 1034">
     <span class='ocr_line' id='line_1_8' title="bbox 646 945 2216 1034; baseline -0.022 0"><span class='ocrx_word' id='word_1_38' title='bbox 646 945 877 1034; x_wconf 84' lang='lat' dir='ltr'><strong>Lauda.</strong></span> <span class='ocrx_word' id='word_1_39' title='bbox 900 963 1250 1028; x_wconf 90' lang='lat' dir='ltr'><strong>lrascimini,</strong></span> <span class='ocrx_word' id='word_1_40' title='bbox 1273 965 1328 1018; x_wconf 89' lang='lat' dir='ltr'><strong>et</strong></span> <span class='ocrx_word' id='word_1_41' title='bbox 1347 958 1525 1015; x_wconf 87' lang='lat' dir='ltr'><strong>nolite</strong></span> <span class='ocrx_word' id='word_1_42' title='bbox 1545 967 1808 1027; x_wconf 80' lang='lat' dir='ltr'><strong>peccare.</strong></span> <span class='ocrx_word' id='word_1_43' title='bbox 1833 948 2095 1006; x_wconf 82' lang='lat' dir='ltr'><strong>Alleluia.</strong></span> <span class='ocrx_word' id='word_1_44' title='bbox 2127 945 2216 1001; x_wconf 93' lang='lat' dir='ltr'><strong>Di-</strong></span> 
     </span>
    </p>
   </div>
   <div class='ocr_carea' id='block_1_9' title="bbox 572 1035 2217 1121">
    <p class='ocr_par' dir='ltr' id='par_1_9' title="bbox 572 1035 2217 1121">
     <span class='ocr_line' id='line_1_9' title="bbox 572 1035 2217 1121; baseline -0.021 1"><span class='ocrx_word' id='word_1_45' title='bbox 572 1065 688 1121; x_wconf 64' lang='lat' dir='ltr'><strong>&#39;cite</strong></span> <span class='ocrx_word' id='word_1_46' title='bbox 716 1063 779 1118; x_wconf 92' lang='lat' dir='ltr'><strong>in</strong></span> <span class='ocrx_word' id='word_1_47' title='bbox 797 1056 1078 1118; x_wconf 86' lang='lat' dir='ltr'><strong>cordibus</strong></span> <span class='ocrx_word' id='word_1_48' title='bbox 1097 1049 1324 1114; x_wconf 83' lang='lat' dir='ltr'><strong>vestris,</strong></span> <span class='ocrx_word' id='word_1_49' title='bbox 1353 1051 1410 1103; x_wconf 92' lang='lat' dir='ltr'><strong>et</strong></span> <span class='ocrx_word' id='word_1_50' title='bbox 1427 1046 1489 1100; x_wconf 90' lang='lat' dir='ltr'><strong>in</strong></span> <span class='ocrx_word' id='word_1_51' title='bbox 1509 1040 1800 1099; x_wconf 89' lang='lat' dir='ltr'><strong>cubilibus</strong></span> <span class='ocrx_word' id='word_1_52' title='bbox 1823 1035 2038 1093; x_wconf 85' lang='lat' dir='ltr'><strong>vestris</strong></span> <span class='ocrx_word' id='word_1_53' title='bbox 2062 1049 2217 1090; x_wconf 90' lang='lat' dir='ltr'><strong>com-</strong></span> 
     </span>
    </p>
   </div>
   <div class='ocr_carea' id='block_1_10' title="bbox 576 1120 2220 1224">
    <p class='ocr_par' dir='ltr' id='par_1_10' title="bbox 576 1120 2220 1224">
     <span class='ocr_line' id='line_1_10' title="bbox 576 1120 2220 1224; baseline -0.023 -14"><span class='ocrx_word' id='word_1_54' title='bbox 576 1145 934 1224; x_wconf 91' lang='lat' dir='ltr'><strong>pungimini.</strong></span> <span class='ocrx_word' id='word_1_55' title='bbox 961 1147 1028 1200; x_wconf 95' lang='lat' dir='ltr'><strong>P.</strong></span> <span class='ocrx_word' id='word_1_56' title='bbox 1053 1138 1318 1224; x_wconf 89' lang='lat' dir='ltr'><strong>Alleluia,</strong></span> <span class='ocrx_word' id='word_1_57' title='bbox 1350 1131 1603 1196; x_wconf 84' lang='lat' dir='ltr'><strong>alleluia,</strong></span> <span class='ocrx_word' id='word_1_58' title='bbox 1627 1125 1886 1224; x_wconf 58' lang='lat' dir='ltr'><strong>alleluia.</strong></span> <span class='ocrx_word' id='word_1_59' title='bbox 1902 1123 1964 1184; x_wconf 53' lang='grc' dir='ltr'><strong>ἡ.</strong></span> <span class='ocrx_word' id='word_1_60' title='bbox 1985 1120 2220 1224; x_wconf 52' lang='grc' dir='ltr'><strong>δαοῑὶξὶτ</strong></span> 
     </span>
    </p>
   </div>
   <div class='ocr_carea' id='block_1_11' title="bbox 577 1207 2220 1299">
    <p class='ocr_par' dir='ltr' id='par_1_11' title="bbox 577 1207 2220 1299">
     <span class='ocr_line' id='line_1_11' title="bbox 577 1207 2220 1299; baseline -0.018 -2"><span class='ocrx_word' id='word_1_61' title='bbox 577 1207 1094 1296; x_wconf 52' lang='grc' dir='ltr'><strong>ἒδῑθυεεοιθίίὶοὶυω</strong></span> <span class='ocrx_word' id='word_1_62' title='bbox 1108 1223 1367 1299; x_wconf 69' lang='lat' dir='ltr'><strong>justitiaa,</strong></span> <span class='ocrx_word' id='word_1_63' title='bbox 1387 1222 1619 1292; x_wconf 86' lang='lat' dir='ltr'><strong>sperate</strong></span> <span class='ocrx_word' id='word_1_64' title='bbox 1640 1217 1696 1271; x_wconf 91' lang='lat' dir='ltr'><strong>in</strong></span> <span class='ocrx_word' id='word_1_65' title='bbox 1717 1211 2015 1299; x_wconf 78' lang='lat' dir='ltr'><strong>Domino;</strong></span> <span class='ocrx_word' id='word_1_66' title='bbox 2047 1207 2220 1299; x_wconf 88' lang='lat' dir='ltr'><strong>multi</strong></span> 
     </span>
    </p>
   </div>
   <div class='ocr_carea' id='block_1_12' title="bbox 575 1296 2215 1386">
    <p class='ocr_par' dir='ltr' id='par_1_12' title="bbox 575 1296 2215 1386">
     <span class='ocr_line' id='line_1_12' title="bbox 575 1296 2215 1386; baseline -0.022 -1"><span class='ocrx_word' id='word_1_67' title='bbox 575 1327 778 1383; x_wconf 86' lang='lat' dir='ltr'><strong>dicunt</strong></span> <span class='ocrx_word' id='word_1_68' title='bbox 809 1342 820 1382; x_wconf 91' lang='lat'>:</span> <span class='ocrx_word' id='word_1_69' title='bbox 856 1319 996 1386; x_wconf 88' lang='lat' dir='ltr'><strong>Quis</strong></span> <span class='ocrx_word' id='word_1_70' title='bbox 1025 1296 1284 1373; x_wconf 80' lang='lat' dir='ltr'><strong>ostendit</strong></span> <span class='ocrx_word' id='word_1_71' title='bbox 1311 1307 1485 1365; x_wconf 92' lang='lat' dir='ltr'><strong>nobis</strong></span> <span class='ocrx_word' id='word_1_72' title='bbox 1514 1303 1675 1359; x_wconf 91' lang='lat' dir='ltr'><strong>bona</strong></span> <span class='ocrx_word' id='word_1_73' title='bbox 1703 1302 1731 1358; x_wconf 81' lang='lat'>?</span> <span class='ocrx_word' id='word_1_74' title='bbox 1761 1303 1825 1355; x_wconf 92' lang='lat' dir='ltr'><strong>P.</strong></span> <span class='ocrx_word' id='word_1_75' title='bbox 1855 1297 2120 1386; x_wconf 81' lang='lat' dir='ltr'><strong>Alleluia.</strong></span> <span class='ocrx_word' id='word_1_76' title='bbox 2142 1296 2215 1386; x_wconf 18' lang='lat' dir='ltr'><strong>Av.</strong></span> 
     </span>
    </p>
   </div>
   <div class='ocr_carea' id='block_1_13' title="bbox 575 1384 2214 1480">
    <p class='ocr_par' dir='ltr' id='par_1_13' title="bbox 575 1384 2214 1480">
     <span class='ocr_line' id='line_1_13' title="bbox 575 1384 2214 1480; baseline -0.02 -8"><span class='ocrx_word' id='word_1_77' title='bbox 575 1413 787 1480; x_wconf 86' lang='lat' dir='ltr'><strong>Gloria,</strong></span> <span class='ocrx_word' id='word_1_78' title='bbox 818 1384 1110 1469; x_wconf 67' lang='lat' dir='ltr'><strong>ethonor,</strong></span> <span class='ocrx_word' id='word_1_79' title='bbox 1144 1404 1251 1456; x_wconf 86' lang='lat' dir='ltr'><strong>etc.</strong></span> <span class='ocrx_word' id='word_1_80' title='bbox 1284 1400 1344 1452; x_wconf 92' lang='lat' dir='ltr'><strong>P.</strong></span> <span class='ocrx_word' id='word_1_81' title='bbox 1376 1391 1642 1458; x_wconf 85' lang='lat' dir='ltr'><strong>Alleluia,</strong></span> <span class='ocrx_word' id='word_1_82' title='bbox 1674 1386 1930 1450; x_wconf 79' lang='lat' dir='ltr'><strong>alleluia,</strong></span> <span class='ocrx_word' id='word_1_83' title='bbox 1958 1384 2214 1442; x_wconf 87' lang='lat' dir='ltr'><strong>alleluia.</strong></span> 
     </span>
    </p>
   </div>
   <div class='ocr_carea' id='block_1_14' title="bbox 1153 1485 1647 1558">
    <p class='ocr_par' dir='ltr' id='par_1_14' title="bbox 1153 1485 1647 1558">
     <span class='ocr_line' id='line_1_14' title="bbox 1153 1485 1647 1558; baseline -0.018 -17"><span class='ocrx_word' id='word_1_84' title='bbox 1153 1487 1326 1558; x_wconf 75' lang='lat'><strong>100</strong></span> <span class='ocrx_word' id='word_1_85' title='bbox 1351 1485 1647 1553; x_wconf 81' lang='lat' dir='ltr'><strong>Hymnus.</strong></span> 
     </span>
    </p>
   </div>
   <div class='ocr_carea' id='block_1_15' title="bbox 821 1575 1689 1645">
    <p class='ocr_par' dir='ltr' id='par_1_15' title="bbox 821 1575 1689 1645">
     <span class='ocr_line' id='line_1_15' title="bbox 821 1575 1689 1645; baseline -0.025 -3"><span class='ocrx_word' id='word_1_86' title='bbox 821 1583 1048 1643; x_wconf 89' lang='lat' dir='ltr'><strong>Christe</strong></span> <span class='ocrx_word' id='word_1_87' title='bbox 1079 1579 1284 1635; x_wconf 89' lang='lat' dir='ltr'><strong>lumen</strong></span> <span class='ocrx_word' id='word_1_88' title='bbox 1312 1575 1689 1645; x_wconf 89' lang='lat' dir='ltr'><strong>perpetuum,</strong></span> 
     </span>
    </p>
   </div>
   <div class='ocr_carea' id='block_1_16' title="bbox 699 1658 1585 1733">
    <p class='ocr_par' dir='ltr' id='par_1_16' title="bbox 699 1658 1585 1733">
     <span class='ocr_line' id='line_1_16' title="bbox 699 1658 1585 1733; baseline -0.027 0"><span class='ocrx_word' id='word_1_89' title='bbox 699 1723 702 1726; x_wconf 90' lang='lat'><strong>.</strong></span> <span class='ocrx_word' id='word_1_90' title='bbox 751 1677 1062 1730; x_wconf 85' lang='lat' dir='ltr'><strong>Astrorum</strong></span> <span class='ocrx_word' id='word_1_91' title='bbox 1092 1664 1286 1733; x_wconf 80' lang='lat' dir='ltr'><strong>fulgor</strong></span> <span class='ocrx_word' id='word_1_92' title='bbox 1321 1658 1585 1715; x_wconf 88' lang='lat' dir='ltr'><strong>siderum</strong></span> 
     </span>
    </p>
   </div>
   <div class='ocr_carea' id='block_1_17' title="bbox 752 1745 1621 1820">
    <p class='ocr_par' dir='ltr' id='par_1_17' title="bbox 752 1745 1621 1820">
     <span class='ocr_line' id='line_1_17' title="bbox 752 1745 1621 1820; baseline -0.028 0"><span class='ocrx_word' id='word_1_93' title='bbox 752 1763 994 1820; x_wconf 90' lang='lat' dir='ltr'><strong>Noctem</strong></span> <span class='ocrx_word' id='word_1_94' title='bbox 1023 1757 1290 1811; x_wconf 91' lang='lat' dir='ltr'><strong>nostram</strong></span> <span class='ocrx_word' id='word_1_95' title='bbox 1328 1745 1621 1812; x_wconf 87' lang='lat' dir='ltr'><strong>illumina,</strong></span> 
     </span>
    </p>
   </div>
   <div class='ocr_carea' id='block_1_18' title="bbox 753 1839 1517 1913">
    <p class='ocr_par' dir='ltr' id='par_1_18' title="bbox 753 1839 1517 1913">
     <span class='ocr_line' id='line_1_18' title="bbox 753 1839 1517 1913; baseline -0.029 -5"><span class='ocrx_word' id='word_1_96' title='bbox 753 1853 1054 1908; x_wconf 84' lang='lat' dir='ltr'><strong>Conserva</strong></span> <span class='ocrx_word' id='word_1_97' title='bbox 1081 1854 1233 1913; x_wconf 92' lang='lat' dir='ltr'><strong>pura</strong></span> <span class='ocrx_word' id='word_1_98' title='bbox 1256 1839 1517 1909; x_wconf 89' lang='lat' dir='ltr'><strong>pectora.</strong></span> 
     </span>
    </p>
   </div>
   <div class='ocr_carea' id='block_1_19' title="bbox 824 1921 1542 1994">
    <p class='ocr_par' dir='ltr' id='par_1_19' title="bbox 824 1921 1542 1994">
     <span class='ocr_line' id='line_1_19' title="bbox 824 1921 1542 1994; baseline -0.025 -3"><span class='ocrx_word' id='word_1_99' title='bbox 824 1933 1004 1991; x_wconf 86' lang='lat' dir='ltr'><strong>Nullis</strong></span> <span class='ocrx_word' id='word_1_100' title='bbox 1029 1927 1265 1985; x_wconf 91' lang='lat' dir='ltr'><strong>incedat</strong></span> <span class='ocrx_word' id='word_1_101' title='bbox 1292 1921 1542 1994; x_wconf 87' lang='lat' dir='ltr'><strong>laqueis,</strong></span> 
     </span>
    </p>
   </div>
   <div class='ocr_carea' id='block_1_20' title="bbox 758 2008 1587 2091">
    <p class='ocr_par' dir='ltr' id='par_1_20' title="bbox 758 2008 1587 2091">
     <span class='ocr_line' id='line_1_20' title="bbox 758 2008 1587 2091; baseline -0.024 -11"><span class='ocrx_word' id='word_1_102' title='bbox 758 2020 942 2080; x_wconf 86' lang='lat' dir='ltr'><strong>Nullis</strong></span> <span class='ocrx_word' id='word_1_103' title='bbox 973 2020 1250 2091; x_wconf 76' lang='lat' dir='ltr'><strong>gravetur</strong></span> <span class='ocrx_word' id='word_1_104' title='bbox 1277 2008 1549 2068; x_wconf 89' lang='lat' dir='ltr'><strong>hostibus</strong></span> <span class='ocrx_word' id='word_1_105' title='bbox 1573 2023 1587 2074; x_wconf 88' lang='lat'><strong>;</strong></span> 
     </span>
    </p>
   </div>
   <div class='ocr_carea' id='block_1_21' title="bbox 753 2104 1559 2167">
    <p class='ocr_par' dir='ltr' id='par_1_21' title="bbox 753 2104 1559 2167">
     <span class='ocr_line' id='line_1_21' title="bbox 753 2104 1559 2167; baseline -0.024 1"><span class='ocrx_word' id='word_1_106' title='bbox 753 2109 869 2167; x_wconf 91' lang='lat' dir='ltr'><strong>Nec</strong></span> <span class='ocrx_word' id='word_1_107' title='bbox 900 2104 1277 2163; x_wconf 81' lang='lat' dir='ltr'><strong>maculantur</strong></span> <span class='ocrx_word' id='word_1_108' title='bbox 1305 2107 1559 2167; x_wconf 88' lang='lat' dir='ltr'><strong>corpora</strong></span> 
     </span>
    </p>
   </div>
   <div class='ocr_carea' id='block_1_22' title="bbox 760 2194 1497 2264">
    <p class='ocr_par' dir='ltr' id='par_1_22' title="bbox 760 2194 1497 2264">
     <span class='ocr_line' id='line_1_22' title="bbox 760 2194 1497 2264; baseline -0.026 -9"><span class='ocrx_word' id='word_1_109' title='bbox 760 2194 1022 2255; x_wconf 87' lang='lat' dir='ltr'><strong>Lascivia</strong></span> <span class='ocrx_word' id='word_1_110' title='bbox 1059 2205 1165 2264; x_wconf 92' lang='lat' dir='ltr'><strong>per</strong></span> <span class='ocrx_word' id='word_1_111' title='bbox 1194 2199 1497 2258; x_wconf 90' lang='lat' dir='ltr'><strong>soporem.</strong></span> 
     </span>
    </p>
   </div>
   <div class='ocr_carea' id='block_1_23' title="bbox 831 2271 1588 2343">
    <p class='ocr_par' dir='ltr' id='par_1_23' title="bbox 831 2271 1588 2343">
     <span class='ocr_line' id='line_1_23' title="bbox 831 2271 1588 2343; baseline -0.026 0"><span class='ocrx_word' id='word_1_112' title='bbox 831 2280 1074 2343; x_wconf 88' lang='lat' dir='ltr'><strong>Custodi</strong></span> <span class='ocrx_word' id='word_1_113' title='bbox 1094 2276 1278 2335; x_wconf 91' lang='lat' dir='ltr'><strong>corda</strong></span> <span class='ocrx_word' id='word_1_114' title='bbox 1296 2271 1588 2332; x_wconf 91' lang='lat' dir='ltr'><strong>omnium,</strong></span> 
     </span>
    </p>
   </div>
   <div class='ocr_carea' id='block_1_24' title="bbox 761 2363 1463 2440">
    <p class='ocr_par' dir='ltr' id='par_1_24' title="bbox 761 2363 1463 2440">
     <span class='ocr_line' id='line_1_24' title="bbox 761 2363 1463 2440; baseline -0.021 -9"><span class='ocrx_word' id='word_1_115' title='bbox 761 2372 1168 2440; x_wconf 87' lang='lat' dir='ltr'><strong>Fideliumque</strong></span> <span class='ocrx_word' id='word_1_116' title='bbox 1197 2363 1463 2421; x_wconf 89' lang='lat' dir='ltr'><strong>maxima</strong></span> 
     </span>
    </p>
   </div>
   <div class='ocr_carea' id='block_1_25' title="bbox 757 2450 1421 2527">
    <p class='ocr_par' dir='ltr' id='par_1_25' title="bbox 757 2450 1421 2527">
     <span class='ocr_line' id='line_1_25' title="bbox 757 2450 1421 2527; baseline -0.02 -9"><span class='ocrx_word' id='word_1_117' title='bbox 757 2460 1143 2522; x_wconf 89' lang='lat' dir='ltr'><strong>Protectione,</strong></span> <span class='ocrx_word' id='word_1_118' title='bbox 1174 2450 1421 2527; x_wconf 90' lang='lat' dir='ltr'><strong>propria</strong></span> 
     </span>
    </p>
   </div>
   <div class='ocr_carea' id='block_1_26' title="bbox 759 2538 1498 2616">
    <p class='ocr_par' dir='ltr' id='par_1_26' title="bbox 759 2538 1498 2616">
     <span class='ocr_line' id='line_1_26' title="bbox 759 2538 1498 2616; baseline -0.022 -8"><span class='ocrx_word' id='word_1_119' title='bbox 759 2553 901 2616; x_wconf 88' lang='lat' dir='ltr'><strong>Tua,</strong></span> <span class='ocrx_word' id='word_1_120' title='bbox 937 2545 1178 2608; x_wconf 86' lang='lat' dir='ltr'><strong>Christe,</strong></span> <span class='ocrx_word' id='word_1_121' title='bbox 1211 2538 1498 2614; x_wconf 89' lang='lat' dir='ltr'><strong>potentia.</strong></span> 
     </span>
    </p>
   </div>
   <div class='ocr_carea' id='block_1_27' title="bbox 833 2628 1499 2705">
    <p class='ocr_par' dir='ltr' id='par_1_27' title="bbox 833 2628 1499 2705">
     <span class='ocr_line' id='line_1_27' title="bbox 833 2628 1499 2705; baseline -0.02 -12"><span class='ocrx_word' id='word_1_122' title='bbox 833 2639 902 2692; x_wconf 94' lang='lat' dir='ltr'><strong>Ut</strong></span> <span class='ocrx_word' id='word_1_123' title='bbox 931 2632 1256 2705; x_wconf 81' lang='lat' dir='ltr'><strong>gratuletur</strong></span> <span class='ocrx_word' id='word_1_124' title='bbox 1278 2628 1499 2688; x_wconf 90' lang='lat' dir='ltr'><strong>anima,</strong></span> 
     </span>
    </p>
   </div>
   <div class='ocr_carea' id='block_1_28' title="bbox 759 2721 1594 2789">
    <p class='ocr_par' dir='ltr' id='par_1_28' title="bbox 759 2721 1594 2789">
     <span class='ocr_line' id='line_1_28' title="bbox 759 2721 1594 2789; baseline -0.018 -8"><span class='ocrx_word' id='word_1_125' title='bbox 759 2721 990 2780; x_wconf 84' lang='lat' dir='ltr'><strong>Vidisse</strong></span> <span class='ocrx_word' id='word_1_126' title='bbox 1020 2721 1215 2776; x_wconf 88' lang='lat' dir='ltr'><strong>lucem</strong></span> <span class='ocrx_word' id='word_1_127' title='bbox 1244 2726 1594 2789; x_wconf 85' lang='lat' dir='ltr'><strong>prosperam</strong></span> 
     </span>
    </p>
   </div>
   <div class='ocr_carea' id='block_1_29' title="bbox 762 2803 1459 2884">
    <p class='ocr_par' dir='ltr' id='par_1_29' title="bbox 762 2803 1459 2884">
     <span class='ocr_line' id='line_1_29' title="bbox 762 2803 1459 2884; baseline -0.014 -16"><span class='ocrx_word' id='word_1_128' title='bbox 762 2811 1047 2884; x_wconf 90' lang='lat' dir='ltr'><strong>lmplesse</strong></span> <span class='ocrx_word' id='word_1_129' title='bbox 1075 2813 1209 2864; x_wconf 86' lang='lat' dir='ltr'><strong>vota</strong></span> <span class='ocrx_word' id='word_1_130' title='bbox 1237 2803 1459 2868; x_wconf 88' lang='lat' dir='ltr'><strong>debita,</strong></span> 
     </span>
    </p>
   </div>
   <div class='ocr_carea' id='block_1_30' title="bbox 759 2891 1534 2957">
    <p class='ocr_par' dir='ltr' id='par_1_30' title="bbox 759 2891 1534 2957">
     <span class='ocr_line' id='line_1_30' title="bbox 759 2891 1534 2957; baseline -0.015 0"><span class='ocrx_word' id='word_1_131' title='bbox 759 2896 1083 2957; x_wconf 82' lang='lat' dir='ltr'><strong>Reddenda</strong></span> <span class='ocrx_word' id='word_1_132' title='bbox 1108 2893 1234 2956; x_wconf 83' lang='lat' dir='ltr'><strong>tibi,</strong></span> <span class='ocrx_word' id='word_1_133' title='bbox 1267 2891 1534 2949; x_wconf 85' lang='lat' dir='ltr'><strong>Trinitas.</strong></span> 
     </span>
    </p>
   </div>
   <div class='ocr_carea' id='block_1_31' title="bbox 828 2979 1462 3052">
    <p class='ocr_par' dir='ltr' id='par_1_31' title="bbox 828 2979 1462 3052">
     <span class='ocr_line' id='line_1_31' title="bbox 828 2979 1462 3052; baseline -0.013 -8"><span class='ocrx_word' id='word_1_134' title='bbox 828 2989 947 3044; x_wconf 94' lang='lat' dir='ltr'><strong>Deo</strong></span> <span class='ocrx_word' id='word_1_135' title='bbox 976 2984 1128 3042; x_wconf 91' lang='lat' dir='ltr'><strong>Patri</strong></span> <span class='ocrx_word' id='word_1_136' title='bbox 1151 2983 1226 3039; x_wconf 90' lang='lat' dir='ltr'><strong>sit</strong></span> <span class='ocrx_word' id='word_1_137' title='bbox 1255 2979 1462 3052; x_wconf 84' lang='lat' dir='ltr'><strong>gloria,</strong></span> 
     </span>
    </p>
   </div>
   <div class='ocr_carea' id='block_1_32' title="bbox 763 3069 1336 3148">
    <p class='ocr_par' dir='ltr' id='par_1_32' title="bbox 763 3069 1336 3148">
     <span class='ocr_line' id='line_1_32' title="bbox 763 3069 1336 3148; baseline -0.017 -15"><span class='ocrx_word' id='word_1_138' title='bbox 763 3077 1020 3148; x_wconf 89' lang='lat' dir='ltr'><strong>Ejusque</strong></span> <span class='ocrx_word' id='word_1_139' title='bbox 1045 3069 1155 3128; x_wconf 92' lang='lat' dir='ltr'><strong>soli</strong></span> <span class='ocrx_word' id='word_1_140' title='bbox 1176 3069 1336 3135; x_wconf 89' lang='lat' dir='ltr'><strong>Filio,</strong></span> 
     </span>
    </p>
   </div>
   <div class='ocr_carea' id='block_1_33' title="bbox 764 3155 1453 3233">
    <p class='ocr_par' dir='ltr' id='par_1_33' title="bbox 764 3155 1453 3233">
     <span class='ocr_line' id='line_1_33' title="bbox 764 3155 1453 3233; baseline -0.013 -13"><span class='ocrx_word' id='word_1_141' title='bbox 764 3165 910 3220; x_wconf 89' lang='lat' dir='ltr'><strong>Cum</strong></span> <span class='ocrx_word' id='word_1_142' title='bbox 934 3159 1152 3233; x_wconf 89' lang='lat' dir='ltr'><strong>Spiritu</strong></span> <span class='ocrx_word' id='word_1_143' title='bbox 1168 3155 1453 3214; x_wconf 88' lang='lat' dir='ltr'><strong>Paraclito</strong></span> 
     </span>
    </p>
   </div>
   <div class='ocr_carea' id='block_1_34' title="bbox 768 3242 1489 3322">
    <p class='ocr_par' dir='ltr' id='par_1_34' title="bbox 768 3242 1489 3322">
     <span class='ocr_line' id='line_1_34' title="bbox 768 3242 1489 3322; baseline -0.017 -13"><span class='ocrx_word' id='word_1_144' title='bbox 768 3257 833 3309; x_wconf 90' lang='lat' dir='ltr'><strong>In</strong></span> <span class='ocrx_word' id='word_1_145' title='bbox 861 3249 1224 3322; x_wconf 89' lang='lat' dir='ltr'><strong>sempiterna</strong></span> <span class='ocrx_word' id='word_1_146' title='bbox 1249 3242 1489 3301; x_wconf 81' lang='lat' dir='ltr'><strong>saecula.</strong></span> 
     </span>
    </p>
   </div>
   <div class='ocr_carea' id='block_1_35' title="bbox 835 3348 1043 3395">
    <p class='ocr_par' dir='ltr' id='par_1_35' title="bbox 835 3348 1043 3395">
     <span class='ocr_line' id='line_1_35' title="bbox 835 3348 1043 3395; baseline -0.019 1"><span class='ocrx_word' id='word_1_147' title='bbox 835 3348 1043 3395; x_wconf 88' lang='lat' dir='ltr'><strong>Amen.</strong></span> 
     </span>
    </p>
   </div>
   <div class='ocr_carea' id='block_1_36' title="bbox 657 3420 2086 3509">
    <p class='ocr_par' dir='ltr' id='par_1_36' title="bbox 657 3420 2086 3509">
     <span class='ocr_line' id='line_1_36' title="bbox 657 3420 2086 3509; baseline -0.017 -12"><span class='ocrx_word' id='word_1_148' title='bbox 657 3436 1047 3509; x_wconf 80' lang='lat' dir='ltr'><strong>Supplicatio.</strong></span> <span class='ocrx_word' id='word_1_149' title='bbox 1075 3432 1326 3488; x_wconf 91' lang='lat' dir='ltr'><strong>Oremus</strong></span> <span class='ocrx_word' id='word_1_150' title='bbox 1358 3425 1840 3509; x_wconf 76' lang='lat' dir='ltr'><strong>Redemptorem.</strong></span> <span class='ocrx_word' id='word_1_151' title='bbox 1862 3420 1976 3509; x_wconf 71' lang='lat' dir='ltr'><strong>fol.</strong></span> <span class='ocrx_word' id='word_1_152' title='bbox 1999 3421 2086 3474; x_wconf 89' lang='lat'><strong>96.</strong></span> 
     </span>
    </p>
   </div>
   <div class='ocr_carea' id='block_1_37' title="bbox 661 3507 2232 3597">
    <p class='ocr_par' dir='ltr' id='par_1_37' title="bbox 661 3507 2232 3597">
     <span class='ocr_line' id='line_1_37' title="bbox 661 3507 2232 3597; baseline -0.017 -11"><span class='ocrx_word' id='word_1_153' title='bbox 661 3507 1363 3597; x_wconf 68' lang='lat' dir='ltr'><strong>Cdpitula.0mnipotens</strong></span> <span class='ocrx_word' id='word_1_154' title='bbox 1376 3517 1546 3576; x_wconf 89' lang='lat' dir='ltr'><strong>Deus,</strong></span> <span class='ocrx_word' id='word_1_155' title='bbox 1567 3517 1732 3568; x_wconf 88' lang='lat' dir='ltr'><strong>tuam</strong></span> <span class='ocrx_word' id='word_1_156' title='bbox 1750 3507 1981 3578; x_wconf 81' lang='lat' dir='ltr'><strong>indigni</strong></span> <span class='ocrx_word' id='word_1_157' title='bbox 1997 3520 2232 3579; x_wconf 79' lang='lat' dir='ltr'><strong>quaesu-</strong></span> 
     </span>
    </p>
   </div>
   <div class='ocr_carea' id='block_1_38' title="bbox 587 3593 2231 3683">
    <p class='ocr_par' dir='ltr' id='par_1_38' title="bbox 587 3593 2231 3683">
     <span class='ocr_line' id='line_1_38' title="bbox 587 3593 2231 3683; baseline -0.016 -9"><span class='ocrx_word' id='word_1_158' title='bbox 587 3632 727 3674; x_wconf 92' lang='lat' dir='ltr'><strong>mus</strong></span> <span class='ocrx_word' id='word_1_159' title='bbox 748 3593 1028 3683; x_wconf 79' lang='lat' dir='ltr'><strong>gloriam,</strong></span> <span class='ocrx_word' id='word_1_160' title='bbox 1049 3623 1120 3664; x_wconf 93' lang='lat' dir='ltr'><strong>ac</strong></span> <span class='ocrx_word' id='word_1_161' title='bbox 1149 3605 1421 3677; x_wconf 90' lang='lat' dir='ltr'><strong>petimus,</strong></span> <span class='ocrx_word' id='word_1_162' title='bbox 1456 3606 1519 3657; x_wconf 92' lang='lat' dir='ltr'><strong>ut</strong></span> <span class='ocrx_word' id='word_1_163' title='bbox 1537 3601 1616 3658; x_wconf 90' lang='lat' dir='ltr'><strong>ad</strong></span> <span class='ocrx_word' id='word_1_164' title='bbox 1645 3598 1846 3655; x_wconf 89' lang='lat' dir='ltr'><strong>sedem</strong></span> <span class='ocrx_word' id='word_1_165' title='bbox 1868 3602 1984 3653; x_wconf 78' lang='lat' dir='ltr'><strong>tuae</strong></span> <span class='ocrx_word' id='word_1_166' title='bbox 2005 3593 2231 3666; x_wconf 90' lang='lat' dir='ltr'><strong>pietatis</strong></span> 
     </span>
    </p>
   </div>
   <div class='ocr_carea' id='block_1_39' title="bbox 583 3680 2232 3772">
    <p class='ocr_par' dir='ltr' id='par_1_39' title="bbox 583 3680 2232 3772">
     <span class='ocr_line' id='line_1_39' title="bbox 583 3680 2232 3772; baseline -0.017 -9"><span class='ocrx_word' id='word_1_167' title='bbox 583 3680 822 3762; x_wconf 78' lang='lat' dir='ltr'><strong>nostras</strong></span> <span class='ocrx_word' id='word_1_168' title='bbox 853 3711 1059 3772; x_wconf 88' lang='lat' dir='ltr'><strong>preces</strong></span> <span class='ocrx_word' id='word_1_169' title='bbox 1085 3693 1389 3755; x_wconf 89' lang='lat' dir='ltr'><strong>admittas,</strong></span> <span class='ocrx_word' id='word_1_170' title='bbox 1433 3687 1717 3747; x_wconf 84' lang='lat' dir='ltr'><strong>auxilium</strong></span> <span class='ocrx_word' id='word_1_171' title='bbox 1745 3683 2082 3758; x_wconf 88' lang='lat' dir='ltr'><strong>petentibus</strong></span> <span class='ocrx_word' id='word_1_172' title='bbox 2135 3680 2232 3737; x_wconf 89' lang='lat' dir='ltr'><strong>tri-</strong></span> 
     </span>
    </p>
   </div>
   <div class='ocr_carea' id='block_1_40' title="bbox 582 3770 2230 3862">
    <p class='ocr_par' dir='ltr' id='par_1_40' title="bbox 582 3770 2230 3862">
     <span class='ocr_line' id='line_1_40' title="bbox 582 3770 2230 3862; baseline -0.015 -12"><span class='ocrx_word' id='word_1_173' title='bbox 582 3793 761 3862; x_wconf 87' lang='lat' dir='ltr'><strong>buas,</strong></span> <span class='ocrx_word' id='word_1_174' title='bbox 789 3770 1131 3845; x_wconf 80' lang='lat' dir='ltr'><strong>nostrorum</strong></span> <span class='ocrx_word' id='word_1_175' title='bbox 1165 3781 1435 3838; x_wconf 90' lang='lat' dir='ltr'><strong>omnium</strong></span> <span class='ocrx_word' id='word_1_176' title='bbox 1481 3776 1898 3851; x_wconf 86' lang='lat' dir='ltr'><strong>peccaminum</strong></span> <span class='ocrx_word' id='word_1_177' title='bbox 1930 3770 2230 3828; x_wconf 88' lang='lat' dir='ltr'><strong>maculam</strong></span> 
     </span>
    </p>
   </div>
   <div class='ocr_carea' id='block_1_41' title="bbox 582 3860 2231 3950">
    <p class='ocr_par' dir='ltr' id='par_1_41' title="bbox 582 3860 2231 3950">
     <span class='ocr_line' id='line_1_41' title="bbox 582 3860 2231 3950; baseline -0.015 -12"><span class='ocrx_word' id='word_1_178' title='bbox 582 3860 916 3950; x_wconf 88' lang='lat' dir='ltr'><strong>abstergas,</strong></span> <span class='ocrx_word' id='word_1_179' title='bbox 957 3871 1259 3944; x_wconf 88' lang='lat' dir='ltr'><strong>ﬂagellum</strong></span> <span class='ocrx_word' id='word_1_180' title='bbox 1288 3881 1620 3936; x_wconf 88' lang='lat' dir='ltr'><strong>removeas,</strong></span> <span class='ocrx_word' id='word_1_181' title='bbox 1650 3860 2073 3935; x_wconf 87' lang='lat' dir='ltr'><strong>languentibus</strong></span> <span class='ocrx_word' id='word_1_182' title='bbox 2110 3873 2231 3915; x_wconf 85' lang='lat' dir='ltr'><strong>me-</strong></span> 
     </span>
    </p>
   </div>
   <div class='ocr_carea' id='block_1_42' title="bbox 585 3950 2227 4038">
    <p class='ocr_par' dir='ltr' id='par_1_42' title="bbox 585 3950 2227 4038">
     <span class='ocr_line' id='line_1_42' title="bbox 585 3950 2227 4038; baseline -0.015 -12"><span class='ocrx_word' id='word_1_183' title='bbox 585 3967 785 4026; x_wconf 91' lang='lat' dir='ltr'><strong>delam</strong></span> <span class='ocrx_word' id='word_1_184' title='bbox 841 3977 1132 4038; x_wconf 89' lang='lat' dir='ltr'><strong>apponas,</strong></span> <span class='ocrx_word' id='word_1_185' title='bbox 1192 3959 1566 4015; x_wconf 89' lang='lat' dir='ltr'><strong>inimicorum</strong></span> <span class='ocrx_word' id='word_1_186' title='bbox 1611 3955 1899 4025; x_wconf 88' lang='lat' dir='ltr'><strong>impetum</strong></span> <span class='ocrx_word' id='word_1_187' title='bbox 1943 3950 2227 4019; x_wconf 84' lang='lat' dir='ltr'><strong>frangas;</strong></span> 
     </span>
    </p>
   </div>
   <div class='ocr_carea' id='block_1_43' title="bbox 583 4035 2226 4129">
    <p class='ocr_par' dir='ltr' id='par_1_43' title="bbox 583 4035 2226 4129">
     <span class='ocr_line' id='line_1_43' title="bbox 583 4035 2226 4129; baseline -0.015 -16"><span class='ocrx_word' id='word_1_188' title='bbox 583 4070 815 4129; x_wconf 90' lang='lat' dir='ltr'><strong>pacem,</strong></span> <span class='ocrx_word' id='word_1_189' title='bbox 834 4035 1228 4116; x_wconf 68' lang='lat' dir='ltr'><strong>securitatem,</strong></span> <span class='ocrx_word' id='word_1_190' title='bbox 1245 4045 1569 4118; x_wconf 89' lang='lat' dir='ltr'><strong>etquietem</strong></span> <span class='ocrx_word' id='word_1_191' title='bbox 1587 4035 2226 4112; x_wconf 88' lang='lat' dir='ltr'><strong>temporumlargiaris,</strong></span> 
     </span>
    </p>
   </div>
   <div class='ocr_carea' id='block_1_44' title="bbox 581 4123 2227 4214">
    <p class='ocr_par' dir='ltr' id='par_1_44' title="bbox 581 4123 2227 4214">
     <span class='ocr_line' id='line_1_44' title="bbox 581 4123 2227 4214; baseline -0.015 -15"><span class='ocrx_word' id='word_1_192' title='bbox 581 4123 636 4199; x_wconf 79' lang='lat' dir='ltr'><strong>et</strong></span> <span class='ocrx_word' id='word_1_193' title='bbox 685 4138 982 4214; x_wconf 89' lang='lat' dir='ltr'><strong>quidquid</strong></span> <span class='ocrx_word' id='word_1_194' title='bbox 1029 4151 1140 4192; x_wconf 90' lang='lat' dir='ltr'><strong>sua</strong></span> <span class='ocrx_word' id='word_1_195' title='bbox 1185 4131 1622 4190; x_wconf 87' lang='lat' dir='ltr'><strong>illecebratione</strong></span> <span class='ocrx_word' id='word_1_196' title='bbox 1659 4128 1879 4184; x_wconf 85' lang='lat' dir='ltr'><strong>vicerat</strong></span> <span class='ocrx_word' id='word_1_197' title='bbox 1930 4123 2227 4189; x_wconf 91' lang='lat' dir='ltr'><strong>inimicus,</strong></span> 
     </span>
    </p>
   </div>
   <div class='ocr_carea' id='block_1_45' title="bbox 578 4211 2224 4294">
    <p class='ocr_par' dir='ltr' id='par_1_45' title="bbox 578 4211 2224 4294">
     <span class='ocr_line' id='line_1_45' title="bbox 578 4211 2224 4294; baseline -0.014 -7"><span class='ocrx_word' id='word_1_198' title='bbox 578 4211 988 4287; x_wconf 77' lang='lat' dir='ltr'><strong>misericordia</strong></span> <span class='ocrx_word' id='word_1_199' title='bbox 1007 4228 1294 4282; x_wconf 90' lang='lat' dir='ltr'><strong>consueta</strong></span> <span class='ocrx_word' id='word_1_200' title='bbox 1312 4234 1589 4294; x_wconf 90' lang='lat' dir='ltr'><strong>reparare</strong></span> <span class='ocrx_word' id='word_1_201' title='bbox 1614 4215 1875 4288; x_wconf 85' lang='lat' dir='ltr'><strong>digneris</strong></span> <span class='ocrx_word' id='word_1_202' title='bbox 1901 4213 1962 4269; x_wconf 93' lang='lat' dir='ltr'><strong>in</strong></span> <span class='ocrx_word' id='word_1_203' title='bbox 1988 4211 2224 4268; x_wconf 89' lang='lat' dir='ltr'><strong>melius.</strong></span> 
     </span>
    </p>
   </div>
   <div class='ocr_carea' id='block_1_46' title="bbox 651 4301 2154 4373">
    <p class='ocr_par' dir='ltr' id='par_1_46' title="bbox 651 4301 2154 4373">
     <span class='ocr_line' id='line_1_46' title="bbox 651 4301 2154 4373; baseline -0.011 -2"><span class='ocrx_word' id='word_1_204' title='bbox 651 4318 815 4373; x_wconf 89' lang='lat' dir='ltr'><strong>Pater</strong></span> <span class='ocrx_word' id='word_1_205' title='bbox 835 4318 1060 4372; x_wconf 84' lang='lat' dir='ltr'><strong>noster.</strong></span> <span class='ocrx_word' id='word_1_206' title='bbox 1090 4313 1135 4366; x_wconf 86' lang='lat' dir='ltr'><strong>A</strong></span> <span class='ocrx_word' id='word_1_207' title='bbox 1157 4310 1316 4368; x_wconf 89' lang='lat' dir='ltr'><strong>malo</strong></span> <span class='ocrx_word' id='word_1_208' title='bbox 1335 4324 1448 4368; x_wconf 91' lang='lat' dir='ltr'><strong>nos</strong></span> <span class='ocrx_word' id='word_1_209' title='bbox 1467 4307 1672 4364; x_wconf 91' lang='lat' dir='ltr'><strong>libera.</strong></span> <span class='ocrx_word' id='word_1_210' title='bbox 1700 4305 1909 4370; x_wconf 65' lang='grc' dir='ltr'><strong>φααννέ</strong></span> <span class='ocrx_word' id='word_1_211' title='bbox 1929 4301 2031 4372; x_wconf 84' lang='lat' dir='ltr'><strong>fol.</strong></span> <span class='ocrx_word' id='word_1_212' title='bbox 2066 4301 2154 4354; x_wconf 79' lang='grc'><strong>10.</strong></span> 
     </span>
    </p>
   </div>
   <div class='ocr_carea' id='block_1_47' title="bbox 649 4385 2299 4474">
    <p class='ocr_par' dir='ltr' id='par_1_47' title="bbox 649 4385 2299 4474">
     <span class='ocr_line' id='line_1_47' title="bbox 649 4385 2299 4474; baseline -0.013 -12"><span class='ocrx_word' id='word_1_213' title='bbox 649 4405 1010 4462; x_wconf 76' lang='lat' dir='ltr'><strong>Benedictio.</strong></span> <span class='ocrx_word' id='word_1_214' title='bbox 1027 4401 1306 4460; x_wconf 90' lang='lat' dir='ltr'><strong>Dominus</strong></span> <span class='ocrx_word' id='word_1_215' title='bbox 1317 4415 1430 4454; x_wconf 91' lang='lat' dir='ltr'><strong>nos</strong></span> <span class='ocrx_word' id='word_1_216' title='bbox 1443 4411 1553 4452; x_wconf 91' lang='lat' dir='ltr'><strong>sua</strong></span> <span class='ocrx_word' id='word_1_217' title='bbox 1563 4385 2226 4459; x_wconf 88' lang='lat' dir='ltr'><strong>benedictionelocuple-</strong></span> <span class='ocrx_word' id='word_1_218' title='bbox 2252 4418 2299 4474; x_wconf 66' lang='grc' dir='ltr'><strong>Β</strong></span> 
     </span>
    </p>
   </div>
   <div class='ocr_carea' id='block_1_48' title="bbox 575 4477 2220 4564">
    <p class='ocr_par' dir='ltr' id='par_1_48' title="bbox 575 4477 2220 4564">
     <span class='ocr_line' id='line_1_48' title="bbox 575 4477 2220 4564; baseline -0.013 -12"><span class='ocrx_word' id='word_1_219' title='bbox 575 4498 674 4561; x_wconf 90' lang='lat' dir='ltr'><strong>tet,</strong></span> <span class='ocrx_word' id='word_1_220' title='bbox 708 4497 762 4551; x_wconf 91' lang='lat' dir='ltr'><strong>et</strong></span> <span class='ocrx_word' id='word_1_221' title='bbox 807 4507 1130 4564; x_wconf 86' lang='lat' dir='ltr'><strong>regnorum</strong></span> <span class='ocrx_word' id='word_1_222' title='bbox 1173 4486 1506 4545; x_wconf 69' lang='lat' dir='ltr'><strong>caelestium</strong></span> <span class='ocrx_word' id='word_1_223' title='bbox 1552 4481 1732 4537; x_wconf 84' lang='lat' dir='ltr'><strong>faciat</strong></span> <span class='ocrx_word' id='word_1_224' title='bbox 1782 4477 2123 4534; x_wconf 88' lang='lat' dir='ltr'><strong>coheredes.</strong></span> <span class='ocrx_word' id='word_1_225' title='bbox 2156 4487 2220 4547; x_wconf 57' lang='grc' dir='ltr'><strong>ἢ.</strong></span> 
     </span>
    </p>
   </div>
   <div class='ocr_carea' id='block_1_49' title="bbox 573 4565 2220 4652">
    <p class='ocr_par' dir='ltr' id='par_1_49' title="bbox 573 4565 2220 4652">
     <span class='ocr_line' id='line_1_49' title="bbox 573 4565 2220 4652; baseline -0.014 -10"><span class='ocrx_word' id='word_1_226' title='bbox 573 4587 779 4640; x_wconf 88' lang='lat' dir='ltr'><strong>Amen.</strong></span> <span class='ocrx_word' id='word_1_227' title='bbox 801 4580 1093 4639; x_wconf 86' lang='lat' dir='ltr'><strong>Detnobis</strong></span> <span class='ocrx_word' id='word_1_228' title='bbox 1108 4574 1386 4652; x_wconf 64' lang='lat' dir='ltr'><strong>praesenti</strong></span> <span class='ocrx_word' id='word_1_229' title='bbox 1404 4571 1538 4626; x_wconf 69' lang='lat' dir='ltr'><strong>vitae</strong></span> <span class='ocrx_word' id='word_1_230' title='bbox 1558 4567 1840 4640; x_wconf 86' lang='lat' dir='ltr'><strong>spatium,</strong></span> <span class='ocrx_word' id='word_1_231' title='bbox 1861 4573 1916 4622; x_wconf 90' lang='lat' dir='ltr'><strong>et</strong></span> <span class='ocrx_word' id='word_1_232' title='bbox 1930 4565 2220 4638; x_wconf 88' lang='lat' dir='ltr'><strong>propitius</strong></span> 
     </span>
    </p>
   </div>
   <div class='ocr_carea' id='block_1_50' title="bbox 574 4655 2222 4730">
    <p class='ocr_par' dir='ltr' id='par_1_50' title="bbox 574 4655 2222 4730">
     <span class='ocr_line' id='line_1_50' title="bbox 574 4655 2222 4730; baseline -0.014 1"><span class='ocrx_word' id='word_1_233' title='bbox 574 4673 857 4730; x_wconf 84' lang='lat' dir='ltr'><strong>attribuat</strong></span> <span class='ocrx_word' id='word_1_234' title='bbox 871 4667 1236 4727; x_wconf 88' lang='lat' dir='ltr'><strong>consortium</strong></span> <span class='ocrx_word' id='word_1_235' title='bbox 1249 4661 1592 4717; x_wconf 90' lang='lat' dir='ltr'><strong>electorum.</strong></span> <span class='ocrx_word' id='word_1_236' title='bbox 1606 4667 1670 4724; x_wconf 54' lang='lat' dir='ltr'><strong>ne.</strong></span> <span class='ocrx_word' id='word_1_237' title='bbox 1688 4656 1894 4710; x_wconf 89' lang='lat' dir='ltr'><strong>Amen.</strong></span> <span class='ocrx_word' id='word_1_238' title='bbox 1909 4655 2096 4726; x_wconf 89' lang='lat' dir='ltr'><strong>Atque</strong></span> <span class='ocrx_word' id='word_1_239' title='bbox 2110 4669 2222 4710; x_wconf 91' lang='lat' dir='ltr'><strong>nos</strong></span> 
     </span>
    </p>
   </div>
   <div class='ocr_carea' id='block_1_51' title="bbox 573 4743 2222 4832">
    <p class='ocr_par' dir='ltr' id='par_1_51' title="bbox 573 4743 2222 4832">
     <span class='ocr_line' id='line_1_51' title="bbox 573 4743 2222 4832; baseline -0.01 -17"><span class='ocrx_word' id='word_1_240' title='bbox 573 4759 655 4817; x_wconf 87' lang='lat' dir='ltr'><strong>ita</strong></span> <span class='ocrx_word' id='word_1_241' title='bbox 676 4759 886 4832; x_wconf 89' lang='lat' dir='ltr'><strong>eripiat</strong></span> <span class='ocrx_word' id='word_1_242' title='bbox 901 4768 1137 4826; x_wconf 89' lang='lat' dir='ltr'><strong>semper</strong></span> <span class='ocrx_word' id='word_1_243' title='bbox 1157 4755 1194 4807; x_wconf 82' lang='lat' dir='ltr'><strong>a</strong></span> <span class='ocrx_word' id='word_1_244' title='bbox 1210 4748 1394 4818; x_wconf 89' lang='lat' dir='ltr'><strong>malo,</strong></span> <span class='ocrx_word' id='word_1_245' title='bbox 1417 4753 1479 4801; x_wconf 89' lang='lat' dir='ltr'><strong>ut</strong></span> <span class='ocrx_word' id='word_1_246' title='bbox 1497 4743 1814 4813; x_wconf 88' lang='lat' dir='ltr'><strong>custodiat,</strong></span> <span class='ocrx_word' id='word_1_247' title='bbox 1836 4747 1892 4799; x_wconf 92' lang='lat' dir='ltr'><strong>et</strong></span> <span class='ocrx_word' id='word_1_248' title='bbox 1912 4745 2222 4799; x_wconf 90' lang='lat' dir='ltr'><strong>conservet</strong></span> 
     </span>
    </p>
   </div>
   <div class='ocr_carea' id='block_1_52' title="bbox 573 4831 2169 4906">
    <p class='ocr_par' dir='ltr' id='par_1_52' title="bbox 573 4831 2169 4906">
     <span class='ocr_line' id='line_1_52' title="bbox 573 4831 2169 4906; baseline -0.013 -1"><span class='ocrx_word' id='word_1_249' title='bbox 573 4831 892 4904; x_wconf 87' lang='lat' dir='ltr'><strong>clementer</strong></span> <span class='ocrx_word' id='word_1_250' title='bbox 915 4843 977 4898; x_wconf 89' lang='lat' dir='ltr'><strong>in</strong></span> <span class='ocrx_word' id='word_1_251' title='bbox 1001 4841 1186 4897; x_wconf 87' lang='lat' dir='ltr'><strong>bono.</strong></span> <span class='ocrx_word' id='word_1_252' title='bbox 1215 4849 1277 4906; x_wconf 59' lang='lat'><strong>13;.</strong></span> <span class='ocrx_word' id='word_1_253' title='bbox 1301 4836 1509 4892; x_wconf 89' lang='lat' dir='ltr'><strong>Amen.</strong></span> <span class='ocrx_word' id='word_1_254' title='bbox 1537 4834 1641 4888; x_wconf 90' lang='lat' dir='ltr'><strong>Per</strong></span> <span class='ocrx_word' id='word_1_255' title='bbox 1658 4831 2169 4890; x_wconf 59' lang='lat' dir='ltr'><strong>misericordiam.-</strong></span> 
     </span>
    </p>
   </div>
   <div class='ocr_carea' id='block_1_53' title="bbox 647 4917 2221 4991">
    <p class='ocr_par' dir='ltr' id='par_1_53' title="bbox 647 4917 2221 4991">
     <span class='ocr_line' id='line_1_53' title="bbox 647 4917 2221 4991; baseline -0.011 -1"><span class='ocrx_word' id='word_1_256' title='bbox 647 4933 881 4989; x_wconf 87' lang='lat' dir='ltr'><strong>Lauda.</strong></span> <span class='ocrx_word' id='word_1_257' title='bbox 903 4923 1390 4985; x_wconf 87' lang='lat' dir='ltr'><strong>Gloriabunturin</strong></span> <span class='ocrx_word' id='word_1_258' title='bbox 1407 4926 1461 4978; x_wconf 89' lang='lat' dir='ltr'><strong>te</strong></span> <span class='ocrx_word' id='word_1_259' title='bbox 1481 4935 1709 4986; x_wconf 88' lang='lat' dir='ltr'><strong>omnes,</strong></span> <span class='ocrx_word' id='word_1_260' title='bbox 1727 4918 1831 4991; x_wconf 87' lang='lat' dir='ltr'><strong>qui</strong></span> <span class='ocrx_word' id='word_1_261' title='bbox 1848 4917 2102 4988; x_wconf 90' lang='lat' dir='ltr'><strong>diligunt</strong></span> <span class='ocrx_word' id='word_1_262' title='bbox 2117 4932 2221 4973; x_wconf 86' lang='lat' dir='ltr'><strong>no-</strong></span> 
     </span>
    </p>
   </div>
   <div class='ocr_carea' id='block_1_54' title="bbox 573 5003 2219 5084">
    <p class='ocr_par' dir='ltr' id='par_1_54' title="bbox 573 5003 2219 5084">
     <span class='ocr_line' id='line_1_54' title="bbox 573 5003 2219 5084; baseline -0.012 -6"><span class='ocrx_word' id='word_1_263' title='bbox 573 5035 715 5078; x_wconf 90' lang='lat' dir='ltr'><strong>men</strong></span> <span class='ocrx_word' id='word_1_264' title='bbox 730 5024 924 5084; x_wconf 89' lang='lat' dir='ltr'><strong>tuum,</strong></span> <span class='ocrx_word' id='word_1_265' title='bbox 946 5013 1210 5076; x_wconf 92' lang='lat' dir='ltr'><strong>Domine,</strong></span> <span class='ocrx_word' id='word_1_266' title='bbox 1225 5009 1488 5066; x_wconf 88' lang='lat' dir='ltr'><strong>Alleluia.</strong></span> <span class='ocrx_word' id='word_1_267' title='bbox 1510 5009 1647 5064; x_wconf 88' lang='lat' dir='ltr'><strong>P.1n</strong></span> <span class='ocrx_word' id='word_1_268' title='bbox 1665 5012 1973 5073; x_wconf 70' lang='lat' dir='ltr'><strong>aeternum,</strong></span> <span class='ocrx_word' id='word_1_269' title='bbox 1989 5003 2219 5061; x_wconf 88' lang='lat' dir='ltr'><strong>etexul-</strong></span> 
     </span>
    </p>
   </div>
   <div class='ocr_carea' id='block_1_55' title="bbox 573 5092 2216 5166">
    <p class='ocr_par' dir='ltr' id='par_1_55' title="bbox 573 5092 2216 5166">
     <span class='ocr_line' id='line_1_55' title="bbox 573 5092 2216 5166; baseline -0.01 0"><span class='ocrx_word' id='word_1_270' title='bbox 573 5107 808 5166; x_wconf 85' lang='lat' dir='ltr'><strong>tabnnt.</strong></span> <span class='ocrx_word' id='word_1_271' title='bbox 832 5102 1094 5160; x_wconf 90' lang='lat' dir='ltr'><strong>Alleluia.</strong></span> <span class='ocrx_word' id='word_1_272' title='bbox 1127 5101 1189 5155; x_wconf 89' lang='lat' dir='ltr'><strong>P.</strong></span> <span class='ocrx_word' id='word_1_273' title='bbox 1233 5103 1297 5154; x_wconf 89' lang='lat' dir='ltr'><strong>Et</strong></span> <span class='ocrx_word' id='word_1_274' title='bbox 1327 5095 1670 5154; x_wconf 89' lang='lat' dir='ltr'><strong>inhabitatis</strong></span> <span class='ocrx_word' id='word_1_275' title='bbox 1699 5099 1761 5151; x_wconf 88' lang='lat' dir='ltr'><strong>in</strong></span> <span class='ocrx_word' id='word_1_276' title='bbox 1790 5095 1894 5151; x_wconf 89' lang='lat' dir='ltr'><strong>eis.</strong></span> <span class='ocrx_word' id='word_1_277' title='bbox 1950 5092 2216 5160; x_wconf 89' lang='lat' dir='ltr'><strong>Alleluia,</strong></span> 
     </span>
    </p>
   </div>
   <div class='ocr_carea' id='block_1_56' title="bbox 575 5187 2217 5277">
    <p class='ocr_par' dir='ltr' id='par_1_56' title="bbox 575 5187 2217 5277">
     <span class='ocr_line' id='line_1_56' title="bbox 575 5187 2217 5277; baseline -0.01 -24"><span class='ocrx_word' id='word_1_278' title='bbox 575 5196 830 5277; x_wconf 79' lang='lat' dir='ltr'><strong>alleluia,</strong></span> <span class='ocrx_word' id='word_1_279' title='bbox 874 5191 1126 5250; x_wconf 91' lang='lat' dir='ltr'><strong>alleluia.</strong></span> <span class='ocrx_word' id='word_1_280' title='bbox 1159 5189 1223 5250; x_wconf 65' lang='lat' dir='ltr'><strong>V.</strong></span> <span class='ocrx_word' id='word_1_281' title='bbox 1257 5193 1322 5247; x_wconf 83' lang='lat' dir='ltr'><strong>Et</strong></span> <span class='ocrx_word' id='word_1_282' title='bbox 1347 5189 1616 5245; x_wconf 81' lang='lat' dir='ltr'><strong>laetentur</strong></span> <span class='ocrx_word' id='word_1_283' title='bbox 1647 5187 1708 5242; x_wconf 90' lang='lat' dir='ltr'><strong>in</strong></span> <span class='ocrx_word' id='word_1_284' title='bbox 1748 5191 1800 5241; x_wconf 92' lang='lat' dir='ltr'><strong>te</strong></span> <span class='ocrx_word' id='word_1_285' title='bbox 1831 5198 2062 5248; x_wconf 91' lang='lat' dir='ltr'><strong>omnes,</strong></span> <span class='ocrx_word' id='word_1_286' title='bbox 2111 5187 2217 5254; x_wconf 91' lang='lat' dir='ltr'><strong>qui</strong></span> 
     </span>
    </p>
   </div>
   <div class='ocr_carea' id='block_1_57' title="bbox 578 5271 2220 5356">
    <p class='ocr_par' dir='ltr' id='par_1_57' title="bbox 578 5271 2220 5356">
     <span class='ocr_line' id='line_1_57' title="bbox 578 5271 2220 5356; baseline -0.009 -16"><span class='ocrx_word' id='word_1_287' title='bbox 578 5271 812 5356; x_wconf 83' lang='lat' dir='ltr'><strong>sperant</strong></span> <span class='ocrx_word' id='word_1_288' title='bbox 845 5283 904 5338; x_wconf 92' lang='lat' dir='ltr'><strong>in</strong></span> <span class='ocrx_word' id='word_1_289' title='bbox 942 5287 1014 5338; x_wconf 90' lang='lat' dir='ltr'><strong>te.</strong></span> <span class='ocrx_word' id='word_1_290' title='bbox 1049 5280 1111 5334; x_wconf 88' lang='lat' dir='ltr'><strong>P.</strong></span> <span class='ocrx_word' id='word_1_291' title='bbox 1147 5283 1208 5335; x_wconf 82' lang='lat' dir='ltr'><strong>In</strong></span> <span class='ocrx_word' id='word_1_292' title='bbox 1240 5286 1543 5335; x_wconf 62' lang='lat' dir='ltr'><strong>internum.</strong></span> <span class='ocrx_word' id='word_1_293' title='bbox 1573 5275 1634 5334; x_wconf 56' lang='grc' dir='ltr'><strong>ἰν.</strong></span> <span class='ocrx_word' id='word_1_294' title='bbox 1669 5273 1880 5337; x_wconf 90' lang='lat' dir='ltr'><strong>Gloria,</strong></span> <span class='ocrx_word' id='word_1_295' title='bbox 1927 5277 1984 5326; x_wconf 92' lang='lat' dir='ltr'><strong>et</strong></span> <span class='ocrx_word' id='word_1_296' title='bbox 2028 5271 2220 5327; x_wconf 89' lang='lat' dir='ltr'><strong>honor</strong></span> 
     </span>
    </p>
   </div>
   <div class='ocr_carea' id='block_1_58' title="bbox 576 5367 1485 5441">
    <p class='ocr_par' dir='ltr' id='par_1_58' title="bbox 576 5367 1485 5441">
     <span class='ocr_line' id='line_1_58' title="bbox 576 5367 1485 5441; baseline -0.008 -12"><span class='ocrx_word' id='word_1_297' title='bbox 576 5371 748 5441; x_wconf 89' lang='lat' dir='ltr'><strong>Patri,</strong></span> <span class='ocrx_word' id='word_1_298' title='bbox 782 5376 894 5426; x_wconf 88' lang='lat' dir='ltr'><strong>etc.</strong></span> <span class='ocrx_word' id='word_1_299' title='bbox 919 5371 976 5425; x_wconf 90' lang='lat' dir='ltr'><strong>P.</strong></span> <span class='ocrx_word' id='word_1_300' title='bbox 1013 5372 1077 5424; x_wconf 92' lang='lat' dir='ltr'><strong>Et</strong></span> <span class='ocrx_word' id='word_1_301' title='bbox 1104 5367 1485 5424; x_wconf 88' lang='lat' dir='ltr'><strong>inhabitabis.</strong></span> 
     </span>
    </p>
   </div>
   <div class='ocr_carea' id='block_1_59' title="bbox 649 5448 2218 5524">
    <p class='ocr_par' dir='ltr' id='par_1_59' title="bbox 649 5448 2218 5524">
     <span class='ocr_line' id='line_1_59' title="bbox 649 5448 2218 5524; baseline -0.008 -8"><span class='ocrx_word' id='word_1_302' title='bbox 649 5461 876 5518; x_wconf 78' lang='lat' dir='ltr'><strong>Oratio.</strong></span> <span class='ocrx_word' id='word_1_303' title='bbox 890 5462 1064 5516; x_wconf 87' lang='lat' dir='ltr'><strong>Notas</strong></span> <span class='ocrx_word' id='word_1_304' title='bbox 1075 5457 1187 5524; x_wconf 89' lang='lat' dir='ltr'><strong>fac,</strong></span> <span class='ocrx_word' id='word_1_305' title='bbox 1205 5455 1472 5523; x_wconf 90' lang='lat' dir='ltr'><strong>Domine,</strong></span> <span class='ocrx_word' id='word_1_306' title='bbox 1484 5453 1636 5508; x_wconf 89' lang='lat' dir='ltr'><strong>vitas</strong></span> <span class='ocrx_word' id='word_1_307' title='bbox 1650 5450 1783 5506; x_wconf 87' lang='lat' dir='ltr'><strong>vitae</strong></span> <span class='ocrx_word' id='word_1_308' title='bbox 1809 5465 1822 5503; x_wconf 93' lang='lat'><strong>:</strong></span> <span class='ocrx_word' id='word_1_309' title='bbox 1851 5453 2027 5521; x_wconf 87' lang='lat' dir='ltr'><strong>atque</strong></span> <span class='ocrx_word' id='word_1_310' title='bbox 2040 5448 2218 5520; x_wconf 90' lang='lat' dir='ltr'><strong>imple</strong></span> 
     </span>
    </p>
   </div>
   <div class='ocr_carea' id='block_1_60' title="bbox 573 5536 2218 5610">
    <p class='ocr_par' dir='ltr' id='par_1_60' title="bbox 573 5536 2218 5610">
     <span class='ocr_line' id='line_1_60' title="bbox 573 5536 2218 5610; baseline -0.008 -3"><span class='ocrx_word' id='word_1_311' title='bbox 573 5565 686 5607; x_wconf 90' lang='lat' dir='ltr'><strong>nos</strong></span> <span class='ocrx_word' id='word_1_312' title='bbox 696 5547 1083 5610; x_wconf 86' lang='lat' dir='ltr'><strong>delectatione</strong></span> <span class='ocrx_word' id='word_1_313' title='bbox 1093 5545 1349 5604; x_wconf 83' lang='lat' dir='ltr'><strong>dexterae</strong></span> <span class='ocrx_word' id='word_1_314' title='bbox 1363 5547 1477 5602; x_wconf 88' lang='lat' dir='ltr'><strong>tuae</strong></span> <span class='ocrx_word' id='word_1_315' title='bbox 1509 5559 1521 5598; x_wconf 93' lang='lat'>:</span> <span class='ocrx_word' id='word_1_316' title='bbox 1550 5546 1606 5596; x_wconf 86' lang='lat' dir='ltr'><strong>et</strong></span> <span class='ocrx_word' id='word_1_317' title='bbox 1610 5538 1631 5610; x_wconf 88' lang='lat' dir='ltr'>j</span> <span class='ocrx_word' id='word_1_318' title='bbox 1642 5552 1846 5608; x_wconf 88' lang='lat' dir='ltr'><strong>ugum,</strong></span> <span class='ocrx_word' id='word_1_319' title='bbox 1859 5536 2024 5610; x_wconf 89' lang='lat' dir='ltr'><strong>quod</strong></span> <span class='ocrx_word' id='word_1_320' title='bbox 2035 5552 2218 5594; x_wconf 86' lang='lat' dir='ltr'><strong>suave</strong></span> 
     </span>
    </p>
   </div>
   <div class='ocr_carea' id='block_1_61' title="bbox 1833 283 2712 352">
    <p class='ocr_par' dir='ltr' id='par_1_61' title="bbox 1833 283 2712 352">
     <span class='ocr_line' id='line_1_61' title="bbox 1833 283 2712 352; baseline -0.01 1"><span class='ocrx_word' id='word_1_321' title='bbox 1833 286 2287 352; x_wconf 78' lang='lat' dir='ltr'><strong>BREVIARJUM</strong></span> <span class='ocrx_word' id='word_1_322' title='bbox 2323 283 2712 344; x_wconf 88' lang='lat' dir='ltr'><strong>COTHICUM.</strong></span> 
     </span>
    </p>
   </div>
   <div class='ocr_carea' id='block_1_62' title="bbox 2239 403 3944 483">
    <p class='ocr_par' dir='ltr' id='par_1_62' title="bbox 2239 403 3944 483">
     <span class='ocr_line' id='line_1_62' title="bbox 2239 403 3944 483; baseline 0.001 -17"><span class='ocrx_word' id='word_1_323' title='bbox 2239 411 2286 466; x_wconf 88' lang='lat' dir='ltr'><strong>A</strong></span> <span class='ocrx_word' id='word_1_324' title='bbox 2320 418 2410 468; x_wconf 91' lang='lat' dir='ltr'><strong>est</strong></span> <span class='ocrx_word' id='word_1_325' title='bbox 2447 412 2580 483; x_wconf 88' lang='lat' dir='ltr'><strong>ipsa</strong></span> <span class='ocrx_word' id='word_1_326' title='bbox 2602 424 2780 482; x_wconf 88' lang='lat' dir='ltr'><strong>super</strong></span> <span class='ocrx_word' id='word_1_327' title='bbox 2807 423 2918 465; x_wconf 91' lang='lat' dir='ltr'><strong>nos</strong></span> <span class='ocrx_word' id='word_1_328' title='bbox 2946 422 3164 464; x_wconf 88' lang='lat' dir='ltr'><strong>manus</strong></span> <span class='ocrx_word' id='word_1_329' title='bbox 3195 413 3310 461; x_wconf 87' lang='lat' dir='ltr'><strong>tuae</strong></span> <span class='ocrx_word' id='word_1_330' title='bbox 3348 403 3759 464; x_wconf 90' lang='lat' dir='ltr'><strong>moderatione</strong></span> <span class='ocrx_word' id='word_1_331' title='bbox 3788 423 3944 467; x_wconf 86' lang='lat' dir='ltr'><strong>cons-</strong></span> 
     </span>
    </p>
   </div>
   <div class='ocr_carea' id='block_1_63' title="bbox 2320 493 3695 569">
    <p class='ocr_par' dir='ltr' id='par_1_63' title="bbox 2320 493 3695 569">
     <span class='ocr_line' id='line_1_63' title="bbox 2320 493 3695 569; baseline -0.006 -13"><span class='ocrx_word' id='word_1_332' title='bbox 2320 500 2479 556; x_wconf 89' lang='lat' dir='ltr'><strong>titue.</strong></span> <span class='ocrx_word' id='word_1_333' title='bbox 2513 511 2582 569; x_wconf 53' lang='lat' dir='ltr'><strong>Bg.</strong></span> <span class='ocrx_word' id='word_1_334' title='bbox 2621 502 2834 554; x_wconf 87' lang='lat' dir='ltr'><strong>Amen.</strong></span> <span class='ocrx_word' id='word_1_335' title='bbox 2882 497 2991 552; x_wconf 86' lang='lat' dir='ltr'><strong>Per</strong></span> <span class='ocrx_word' id='word_1_336' title='bbox 3020 493 3483 553; x_wconf 88' lang='lat' dir='ltr'><strong>misericordiam</strong></span> <span class='ocrx_word' id='word_1_337' title='bbox 3509 498 3695 551; x_wconf 90' lang='lat' dir='ltr'><strong>tuam.</strong></span> 
     </span>
    </p>
   </div>
   <div class='ocr_carea' id='block_1_64' title="bbox 3855 286 3949 343">
    <p class='ocr_par' dir='ltr' id='par_1_64' title="bbox 3855 286 3949 343">
     <span class='ocr_line' id='line_1_64' title="bbox 3855 286 3949 343; baseline 0 0"><span class='ocrx_word' id='word_1_338' title='bbox 3855 286 3949 343; x_wconf 80' lang='lat'><strong>200</strong></span> 
     </span>
    </p>
   </div>
   <div class='ocr_carea' id='block_1_65' title="bbox 2390 583 3014 643">
    <p class='ocr_par' dir='ltr' id='par_1_65' title="bbox 2390 583 3014 643">
     <span class='ocr_line' id='line_1_65' title="bbox 2390 583 3014 643; baseline -0.006 0"><span class='ocrx_word' id='word_1_339' title='bbox 2390 589 2454 643; x_wconf 91' lang='lat' dir='ltr'><strong>In</strong></span> <span class='ocrx_word' id='word_1_340' title='bbox 2479 586 2720 643; x_wconf 92' lang='lat' dir='ltr'><strong>nomine</strong></span> <span class='ocrx_word' id='word_1_341' title='bbox 2761 583 3014 641; x_wconf 87' lang='lat' dir='ltr'><strong>Domini.</strong></span> 
     </span>
    </p>
   </div>
   <div class='ocr_carea' id='block_1_66' title="bbox 2393 671 3881 740">
    <p class='ocr_par' dir='ltr' id='par_1_66' title="bbox 2393 671 3881 740">
     <span class='ocr_line' id='line_1_66' title="bbox 2393 671 3881 740; baseline -0.002 -9"><span class='ocrx_word' id='word_1_342' title='bbox 2393 673 2897 740; x_wconf 79' lang='lat' dir='ltr'><strong>Commemoratio,</strong></span> <span class='ocrx_word' id='word_1_343' title='bbox 2917 679 2980 728; x_wconf 76' lang='lat' dir='ltr'><strong>ut</strong></span> <span class='ocrx_word' id='word_1_344' title='bbox 2996 673 3217 729; x_wconf 77' lang='lat' dir='ltr'><strong>dictum</strong></span> <span class='ocrx_word' id='word_1_345' title='bbox 3233 678 3316 729; x_wconf 84' lang='lat' dir='ltr'><strong>est</strong></span> <span class='ocrx_word' id='word_1_346' title='bbox 3340 672 3403 728; x_wconf 89' lang='lat' dir='ltr'><strong>in</strong></span> <span class='ocrx_word' id='word_1_347' title='bbox 3415 671 3676 728; x_wconf 83' lang='lat' dir='ltr'><strong>secunda</strong></span> <span class='ocrx_word' id='word_1_348' title='bbox 3686 672 3881 730; x_wconf 87' lang='lat' dir='ltr'><strong>Feria.</strong></span> 
     </span>
    </p>
   </div>
   <div class='ocr_carea' id='block_1_67' title="bbox 2920 777 3344 827">
    <p class='ocr_par' dir='ltr' id='par_1_67' title="bbox 2920 777 3344 827">
     <span class='ocr_line' id='line_1_67' title="bbox 2920 777 3344 827; baseline -0.005 -9"><span class='ocrx_word' id='word_1_349' title='bbox 2920 778 3140 827; x_wconf 71' lang='lat' dir='ltr'><strong>QUARTA</strong></span> <span class='ocrx_word' id='word_1_350' title='bbox 3165 777 3344 817; x_wconf 75' lang='lat' dir='ltr'><strong>FERIA.</strong></span> 
     </span>
    </p>
   </div>
   <div class='ocr_carea' id='block_1_68' title="bbox 2883 849 3389 906">
    <p class='ocr_par' dir='ltr' id='par_1_68' title="bbox 2883 849 3389 906">
     <span class='ocr_line' id='line_1_68' title="bbox 2883 849 3389 906; baseline -0.006 -1"><span class='ocrx_word' id='word_1_351' title='bbox 2883 851 2982 906; x_wconf 85' lang='lat' dir='ltr'><strong>Ad</strong></span> <span class='ocrx_word' id='word_1_352' title='bbox 3007 849 3389 906; x_wconf 78' lang='lat' dir='ltr'><strong>Matutinum.</strong></span> 
     </span>
    </p>
   </div>
   <div class='ocr_carea' id='block_1_69' title="bbox 2392 954 3951 1030">
    <p class='ocr_par' dir='ltr' id='par_1_69' title="bbox 2392 954 3951 1030">
     <span class='ocr_line' id='line_1_69' title="bbox 2392 954 3951 1030; baseline -0.003 -14"><span class='ocrx_word' id='word_1_353' title='bbox 2392 959 2761 1030; x_wconf 82' lang='lat' dir='ltr'><strong>Antiphona.</strong></span> <span class='ocrx_word' id='word_1_354' title='bbox 2785 956 2939 1021; x_wconf 90' lang='lat' dir='ltr'><strong>Dele,</strong></span> <span class='ocrx_word' id='word_1_355' title='bbox 2970 956 3235 1025; x_wconf 87' lang='lat' dir='ltr'><strong>Domine,</strong></span> <span class='ocrx_word' id='word_1_356' title='bbox 3257 954 3580 1026; x_wconf 91' lang='lat' dir='ltr'><strong>inquitates</strong></span> <span class='ocrx_word' id='word_1_357' title='bbox 3609 968 3774 1010; x_wconf 87' lang='lat' dir='ltr'><strong>meas</strong></span> <span class='ocrx_word' id='word_1_358' title='bbox 3807 971 3820 1010; x_wconf 90' lang='lat'><strong>:</strong></span> <span class='ocrx_word' id='word_1_359' title='bbox 3850 961 3900 1011; x_wconf 90' lang='lat' dir='ltr'><strong>et</strong></span> <span class='ocrx_word' id='word_1_360' title='bbox 3919 969 3951 1012; x_wconf 86' lang='lat' dir='ltr'><strong>a</strong></span> 
     </span>
    </p>
   </div>
   <div class='ocr_carea' id='block_1_70' title="bbox 2324 1043 3532 1119">
    <p class='ocr_par' dir='ltr' id='par_1_70' title="bbox 2324 1043 3532 1119">
     <span class='ocr_line' id='line_1_70' title="bbox 2324 1043 3532 1119; baseline -0.005 -16"><span class='ocrx_word' id='word_1_361' title='bbox 2324 1048 2580 1119; x_wconf 86' lang='lat' dir='ltr'><strong>peccatis</strong></span> <span class='ocrx_word' id='word_1_362' title='bbox 2601 1046 2748 1104; x_wconf 91' lang='lat' dir='ltr'><strong>meis</strong></span> <span class='ocrx_word' id='word_1_363' title='bbox 2774 1044 3004 1102; x_wconf 92' lang='lat' dir='ltr'><strong>munda</strong></span> <span class='ocrx_word' id='word_1_364' title='bbox 3026 1059 3142 1099; x_wconf 90' lang='lat' dir='ltr'><strong>me.</strong></span> <span class='ocrx_word' id='word_1_365' title='bbox 3174 1043 3446 1100; x_wconf 83' lang='lat' dir='ltr'><strong>Psalmus</strong></span> <span class='ocrx_word' id='word_1_366' title='bbox 3475 1058 3532 1097; x_wconf 82' lang='lat'><strong>1..</strong></span> 
     </span>
    </p>
   </div>
   <div class='ocr_carea' id='block_1_71' title="bbox 2397 1128 3952 1202">
    <p class='ocr_par' dir='ltr' id='par_1_71' title="bbox 2397 1128 3952 1202">
     <span class='ocr_line' id='line_1_71' title="bbox 2397 1128 3952 1202; baseline -0.003 -11"><span class='ocrx_word' id='word_1_367' title='bbox 2397 1135 2618 1192; x_wconf 80' lang='lat' dir='ltr'><strong>Oratio.</strong></span> <span class='ocrx_word' id='word_1_368' title='bbox 2661 1134 2922 1192; x_wconf 85' lang='lat' dir='ltr'><strong>Miserere</strong></span> <span class='ocrx_word' id='word_1_369' title='bbox 2958 1128 3733 1199; x_wconf 87' lang='lat' dir='ltr'><strong>nobis,Domine,miserere</strong></span> <span class='ocrx_word' id='word_1_370' title='bbox 3759 1145 3772 1185; x_wconf 91' lang='lat'><strong>:</strong></span> <span class='ocrx_word' id='word_1_371' title='bbox 3790 1133 3850 1186; x_wconf 90' lang='lat' dir='ltr'><strong>ut</strong></span> <span class='ocrx_word' id='word_1_372' title='bbox 3861 1129 3952 1202; x_wconf 88' lang='lat' dir='ltr'><strong>qui</strong></span> 
     </span>
    </p>
   </div>
   <div class='ocr_carea' id='block_1_72' title="bbox 2324 1217 3952 1295">
    <p class='ocr_par' dir='ltr' id='par_1_72' title="bbox 2324 1217 3952 1295">
     <span class='ocr_line' id='line_1_72' title="bbox 2324 1217 3952 1295; baseline -0.003 -17"><span class='ocrx_word' id='word_1_373' title='bbox 2324 1228 2581 1280; x_wconf 89' lang='lat' dir='ltr'><strong>nostram</strong></span> <span class='ocrx_word' id='word_1_374' title='bbox 2599 1221 2971 1295; x_wconf 85' lang='lat' dir='ltr'><strong>agnoscimus</strong></span> <span class='ocrx_word' id='word_1_375' title='bbox 2983 1219 3274 1276; x_wconf 89' lang='lat' dir='ltr'><strong>miseriam</strong></span> <span class='ocrx_word' id='word_1_376' title='bbox 3283 1259 3297 1282; x_wconf 94' lang='lat'><strong>,</strong></span> <span class='ocrx_word' id='word_1_377' title='bbox 3306 1223 3406 1274; x_wconf 91' lang='lat' dir='ltr'><strong>tua</strong></span> <span class='ocrx_word' id='word_1_378' title='bbox 3415 1233 3528 1273; x_wconf 89' lang='lat' dir='ltr'><strong>nos</strong></span> <span class='ocrx_word' id='word_1_379' title='bbox 3541 1218 3790 1289; x_wconf 75' lang='lat' dir='ltr'><strong>praeveni</strong></span> <span class='ocrx_word' id='word_1_380' title='bbox 3799 1225 3852 1274; x_wconf 89' lang='lat' dir='ltr'><strong>at</strong></span> <span class='ocrx_word' id='word_1_381' title='bbox 3863 1217 3952 1274; x_wconf 88' lang='lat' dir='ltr'><strong>mi-</strong></span> 
     </span>
    </p>
   </div>
   <div class='ocr_carea' id='block_1_73' title="bbox 2326 1305 3951 1381">
    <p class='ocr_par' dir='ltr' id='par_1_73' title="bbox 2326 1305 3951 1381">
     <span class='ocr_line' id='line_1_73' title="bbox 2326 1305 3951 1381; baseline -0.003 -14"><span class='ocrx_word' id='word_1_382' title='bbox 2326 1311 2646 1368; x_wconf 88' lang='lat' dir='ltr'><strong>sericordia</strong></span> <span class='ocrx_word' id='word_1_383' title='bbox 2663 1328 2676 1367; x_wconf 92' lang='lat'><strong>:</strong></span> <span class='ocrx_word' id='word_1_384' title='bbox 2700 1310 2782 1368; x_wconf 89' lang='lat' dir='ltr'><strong>Sit</strong></span> <span class='ocrx_word' id='word_1_385' title='bbox 2792 1309 2874 1381; x_wconf 87' lang='lat' dir='ltr'><strong>igi</strong></span> <span class='ocrx_word' id='word_1_386' title='bbox 2882 1313 2972 1365; x_wconf 88' lang='lat' dir='ltr'><strong>tur</strong></span> <span class='ocrx_word' id='word_1_387' title='bbox 2980 1323 3096 1363; x_wconf 84' lang='lat' dir='ltr'><strong>vox</strong></span> <span class='ocrx_word' id='word_1_388' title='bbox 3109 1322 3218 1363; x_wconf 91' lang='lat' dir='ltr'><strong>con</strong></span> <span class='ocrx_word' id='word_1_389' title='bbox 3228 1306 3503 1362; x_wconf 86' lang='lat' dir='ltr'><strong>fessionis</strong></span> <span class='ocrx_word' id='word_1_390' title='bbox 3519 1305 3951 1378; x_wconf 81' lang='lat' dir='ltr'><strong>prompta,venia</strong></span> 
     </span>
    </p>
   </div>
   <div class='ocr_carea' id='block_1_74' title="bbox 2325 1393 3952 1472">
    <p class='ocr_par' dir='ltr' id='par_1_74' title="bbox 2325 1393 3952 1472">
     <span class='ocr_line' id='line_1_74' title="bbox 2325 1393 3952 1472; baseline -0.006 -15"><span class='ocrx_word' id='word_1_391' title='bbox 2325 1400 2600 1472; x_wconf 90' lang='lat' dir='ltr'><strong>proxima</strong></span> <span class='ocrx_word' id='word_1_392' title='bbox 2622 1417 2637 1466; x_wconf 86' lang='lat'><strong>;</strong></span> <span class='ocrx_word' id='word_1_393' title='bbox 2661 1403 2838 1470; x_wconf 90' lang='lat' dir='ltr'><strong>atque</strong></span> <span class='ocrx_word' id='word_1_394' title='bbox 2861 1396 2935 1453; x_wconf 90' lang='lat' dir='ltr'><strong>de</strong></span> <span class='ocrx_word' id='word_1_395' title='bbox 2957 1399 3060 1452; x_wconf 88' lang='lat' dir='ltr'><strong>tua</strong></span> <span class='ocrx_word' id='word_1_396' title='bbox 3073 1394 3486 1467; x_wconf 88' lang='lat' dir='ltr'><strong>propitiatione</strong></span> <span class='ocrx_word' id='word_1_397' title='bbox 3504 1393 3576 1449; x_wconf 88' lang='lat' dir='ltr'><strong>sit</strong></span> <span class='ocrx_word' id='word_1_398' title='bbox 3591 1393 3876 1450; x_wconf 89' lang='lat' dir='ltr'><strong>exauditio</strong></span> <span class='ocrx_word' id='word_1_399' title='bbox 3887 1393 3952 1449; x_wconf 90' lang='lat' dir='ltr'><strong>ci-</strong></span> 
     </span>
    </p>
   </div>
   <div class='ocr_carea' id='block_1_75' title="bbox 2327 1481 3951 1554">
    <p class='ocr_par' dir='ltr' id='par_1_75' title="bbox 2327 1481 3951 1554">
     <span class='ocr_line' id='line_1_75' title="bbox 2327 1481 3951 1554; baseline -0.004 -11"><span class='ocrx_word' id='word_1_400' title='bbox 2327 1492 2384 1544; x_wconf 87' lang='lat' dir='ltr'><strong>to</strong></span> <span class='ocrx_word' id='word_1_401' title='bbox 2405 1505 2418 1553; x_wconf 90' lang='lat'>;</span> <span class='ocrx_word' id='word_1_402' title='bbox 2439 1491 2500 1543; x_wconf 92' lang='lat' dir='ltr'><strong>ut</strong></span> <span class='ocrx_word' id='word_1_403' title='bbox 2519 1493 2720 1544; x_wconf 90' lang='lat' dir='ltr'><strong>nostra</strong></span> <span class='ocrx_word' id='word_1_404' title='bbox 2731 1485 2932 1542; x_wconf 90' lang='lat' dir='ltr'><strong>deleas</strong></span> <span class='ocrx_word' id='word_1_405' title='bbox 2947 1483 3224 1540; x_wconf 90' lang='lat' dir='ltr'><strong>universa</strong></span> <span class='ocrx_word' id='word_1_406' title='bbox 3242 1486 3489 1554; x_wconf 90' lang='lat' dir='ltr'><strong>peccata</strong></span> <span class='ocrx_word' id='word_1_407' title='bbox 3513 1497 3528 1547; x_wconf 88' lang='lat'><strong>;</strong></span> <span class='ocrx_word' id='word_1_408' title='bbox 3551 1487 3608 1537; x_wconf 92' lang='lat' dir='ltr'><strong>et</strong></span> <span class='ocrx_word' id='word_1_409' title='bbox 3626 1481 3843 1537; x_wconf 89' lang='lat' dir='ltr'><strong>tribuas</strong></span> <span class='ocrx_word' id='word_1_410' title='bbox 3853 1481 3951 1537; x_wconf 89' lang='lat' dir='ltr'><strong>vir-</strong></span> 
     </span>
    </p>
   </div>
   <div class='ocr_carea' id='block_1_76' title="bbox 2328 1569 3945 1646">
    <p class='ocr_par' dir='ltr' id='par_1_76' title="bbox 2328 1569 3945 1646">
     <span class='ocr_line' id='line_1_76' title="bbox 2328 1569 3945 1646; baseline -0.004 -17"><span class='ocrx_word' id='word_1_411' title='bbox 2328 1579 2536 1638; x_wconf 91' lang='lat' dir='ltr'><strong>tutem,</strong></span> <span class='ocrx_word' id='word_1_412' title='bbox 2561 1589 2667 1645; x_wconf 89' lang='lat' dir='ltr'><strong>per</strong></span> <span class='ocrx_word' id='word_1_413' title='bbox 2689 1588 2874 1646; x_wconf 91' lang='lat' dir='ltr'><strong>quam</strong></span> <span class='ocrx_word' id='word_1_414' title='bbox 2895 1575 2997 1628; x_wconf 91' lang='lat' dir='ltr'><strong>tua</strong></span> <span class='ocrx_word' id='word_1_415' title='bbox 3016 1569 3308 1626; x_wconf 90' lang='lat' dir='ltr'><strong>faciamus</strong></span> <span class='ocrx_word' id='word_1_416' title='bbox 3329 1573 3648 1642; x_wconf 65' lang='lat' dir='ltr'><strong>praecepta.</strong></span> <span class='ocrx_word' id='word_1_417' title='bbox 3677 1580 3739 1638; x_wconf 59' lang='lat' dir='ltr'><strong>nr.</strong></span> <span class='ocrx_word' id='word_1_418' title='bbox 3761 1571 3945 1626; x_wconf 90' lang='lat' dir='ltr'><strong>Amen.</strong></span> 
     </span>
    </p>
   </div>
   <div class='ocr_carea' id='block_1_77' title="bbox 2397 1659 3222 1718">
    <p class='ocr_par' dir='ltr' id='par_1_77' title="bbox 2397 1659 3222 1718">
     <span class='ocr_line' id='line_1_77' title="bbox 2397 1659 3222 1718; baseline -0.004 -2"><span class='ocrx_word' id='word_1_419' title='bbox 2397 1663 2503 1718; x_wconf 86' lang='lat' dir='ltr'><strong>Per</strong></span> <span class='ocrx_word' id='word_1_420' title='bbox 2534 1659 2999 1718; x_wconf 88' lang='lat' dir='ltr'><strong>misericordiam</strong></span> <span class='ocrx_word' id='word_1_421' title='bbox 3031 1663 3222 1714; x_wconf 90' lang='lat' dir='ltr'><strong>tuam.</strong></span> 
     </span>
    </p>
   </div>
   <div class='ocr_carea' id='block_1_78' title="bbox 2249 1744 3947 1819">
    <p class='ocr_par' dir='ltr' id='par_1_78' title="bbox 2249 1744 3947 1819">
     <span class='ocr_line' id='line_1_78' title="bbox 2249 1744 3947 1819; baseline -0.004 -16"><span class='ocrx_word' id='word_1_422' title='bbox 2249 1747 2292 1803; x_wconf 90' lang='grc' dir='ltr'>Β</span> <span class='ocrx_word' id='word_1_423' title='bbox 2399 1749 2748 1819; x_wconf 74' lang='lat' dir='ltr'><strong>Antiphone</strong></span> <span class='ocrx_word' id='word_1_424' title='bbox 2765 1751 2815 1803; x_wconf 81' lang='grc'><strong>1.</strong></span> <span class='ocrx_word' id='word_1_425' title='bbox 2837 1745 3112 1817; x_wconf 89' lang='lat' dir='ltr'><strong>Adimple</strong></span> <span class='ocrx_word' id='word_1_426' title='bbox 3132 1760 3242 1801; x_wconf 92' lang='lat' dir='ltr'><strong>nos</strong></span> <span class='ocrx_word' id='word_1_427' title='bbox 3265 1744 3460 1801; x_wconf 65' lang='lat' dir='ltr'><strong>laetitia</strong></span> <span class='ocrx_word' id='word_1_428' title='bbox 3481 1760 3623 1801; x_wconf 92' lang='lat' dir='ltr'><strong>cum</strong></span> <span class='ocrx_word' id='word_1_429' title='bbox 3643 1744 3801 1801; x_wconf 93' lang='lat' dir='ltr'><strong>vultu</strong></span> <span class='ocrx_word' id='word_1_430' title='bbox 3820 1747 3910 1802; x_wconf 91' lang='lat' dir='ltr'><strong>tuo</strong></span> <span class='ocrx_word' id='word_1_431' title='bbox 3936 1761 3947 1796; x_wconf 90' lang='lat'><strong>:</strong></span> 
     </span>
    </p>
   </div>
   <div class='ocr_carea' id='block_1_79' title="bbox 2331 1833 3952 1906">
    <p class='ocr_par' dir='ltr' id='par_1_79' title="bbox 2331 1833 3952 1906">
     <span class='ocr_line' id='line_1_79' title="bbox 2331 1833 3952 1906; baseline -0.004 -11"><span class='ocrx_word' id='word_1_432' title='bbox 2331 1838 2750 1895; x_wconf 88' lang='lat' dir='ltr'><strong>delectationes</strong></span> <span class='ocrx_word' id='word_1_433' title='bbox 2761 1837 2823 1893; x_wconf 92' lang='lat' dir='ltr'><strong>in</strong></span> <span class='ocrx_word' id='word_1_434' title='bbox 2839 1837 3082 1892; x_wconf 85' lang='lat' dir='ltr'><strong>dextera</strong></span> <span class='ocrx_word' id='word_1_435' title='bbox 3094 1838 3195 1891; x_wconf 90' lang='lat' dir='ltr'><strong>tua</strong></span> <span class='ocrx_word' id='word_1_436' title='bbox 3211 1849 3400 1906; x_wconf 90' lang='lat' dir='ltr'><strong>usque</strong></span> <span class='ocrx_word' id='word_1_437' title='bbox 3412 1834 3473 1890; x_wconf 89' lang='lat' dir='ltr'><strong>in</strong></span> <span class='ocrx_word' id='word_1_438' title='bbox 3485 1834 3692 1891; x_wconf 85' lang='lat' dir='ltr'><strong>ﬁnem.</strong></span> <span class='ocrx_word' id='word_1_439' title='bbox 3707 1833 3952 1890; x_wconf 82' lang='lat' dir='ltr'><strong>Psalmus</strong></span> 
     </span>
    </p>
   </div>
   <div class='ocr_carea' id='block_1_80' title="bbox 2329 1944 2423 1984">
    <p class='ocr_par' dir='ltr' id='par_1_80' title="bbox 2329 1944 2423 1984">
     <span class='ocr_line' id='line_1_80' title="bbox 2329 1944 2423 1984; baseline -0.021 0"><span class='ocrx_word' id='word_1_440' title='bbox 2329 1944 2423 1984; x_wconf 76' lang='lat' dir='ltr'><strong>XV.</strong></span> 
     </span>
    </p>
   </div>
   <div class='ocr_carea' id='block_1_81' title="bbox 2403 2005 3949 2080">
    <p class='ocr_par' dir='ltr' id='par_1_81' title="bbox 2403 2005 3949 2080">
     <span class='ocr_line' id='line_1_81' title="bbox 2403 2005 3949 2080; baseline -0.005 -10"><span class='ocrx_word' id='word_1_441' title='bbox 2403 2014 2631 2070; x_wconf 78' lang='lat' dir='ltr'><strong>Oratio.</strong></span> <span class='ocrx_word' id='word_1_442' title='bbox 2668 2015 2844 2068; x_wconf 87' lang='lat' dir='ltr'><strong>Notas</strong></span> <span class='ocrx_word' id='word_1_443' title='bbox 2865 2010 2958 2068; x_wconf 89' lang='lat' dir='ltr'><strong>fac</strong></span> <span class='ocrx_word' id='word_1_444' title='bbox 2978 2009 3177 2076; x_wconf 89' lang='lat' dir='ltr'><strong>nobis,</strong></span> <span class='ocrx_word' id='word_1_445' title='bbox 3206 2010 3474 2066; x_wconf 89' lang='lat' dir='ltr'><strong>Domine.</strong></span> <span class='ocrx_word' id='word_1_446' title='bbox 3505 2009 3759 2080; x_wconf 82' lang='lat' dir='ltr'><strong>Require</strong></span> <span class='ocrx_word' id='word_1_447' title='bbox 3773 2005 3949 2078; x_wconf 73' lang='lat' dir='ltr'><strong>supra.</strong></span> 
     </span>
    </p>
   </div>
   <div class='ocr_carea' id='block_1_82' title="bbox 2401 2097 3952 2171">
    <p class='ocr_par' dir='ltr' id='par_1_82' title="bbox 2401 2097 3952 2171">
     <span class='ocr_line' id='line_1_82' title="bbox 2401 2097 3952 2171; baseline -0.004 -13"><span class='ocrx_word' id='word_1_448' title='bbox 2401 2102 2748 2171; x_wconf 81' lang='lat' dir='ltr'><strong>Antiphona</strong></span> <span class='ocrx_word' id='word_1_449' title='bbox 2774 2103 2834 2158; x_wconf 83' lang='lat'><strong>2.</strong></span> <span class='ocrx_word' id='word_1_450' title='bbox 2877 2102 2998 2169; x_wconf 88' lang='lat' dir='ltr'><strong>Ego</strong></span> <span class='ocrx_word' id='word_1_451' title='bbox 3037 2098 3315 2164; x_wconf 89' lang='lat' dir='ltr'><strong>clamavi,</strong></span> <span class='ocrx_word' id='word_1_452' title='bbox 3345 2097 3490 2170; x_wconf 89' lang='lat' dir='ltr'><strong>quia</strong></span> <span class='ocrx_word' id='word_1_453' title='bbox 3519 2097 3808 2154; x_wconf 87' lang='lat' dir='ltr'><strong>exaudisti</strong></span> <span class='ocrx_word' id='word_1_454' title='bbox 3854 2111 3952 2161; x_wconf 89' lang='lat' dir='ltr'><strong>me,</strong></span> 
     </span>
    </p>
   </div>
   <div class='ocr_carea' id='block_1_83' title="bbox 2334 2185 3950 2250">
    <p class='ocr_par' dir='ltr' id='par_1_83' title="bbox 2334 2185 3950 2250">
     <span class='ocr_line' id='line_1_83' title="bbox 2334 2185 3950 2250; baseline -0.004 -4"><span class='ocrx_word' id='word_1_455' title='bbox 2334 2191 2488 2246; x_wconf 89' lang='lat' dir='ltr'><strong>Deus</strong></span> <span class='ocrx_word' id='word_1_456' title='bbox 2521 2206 2534 2244; x_wconf 88' lang='lat'><strong>:</strong></span> <span class='ocrx_word' id='word_1_457' title='bbox 2568 2188 2788 2244; x_wconf 86' lang='lat' dir='ltr'><strong>inclina</strong></span> <span class='ocrx_word' id='word_1_458' title='bbox 2844 2203 3051 2243; x_wconf 88' lang='lat' dir='ltr'><strong>aurem</strong></span> <span class='ocrx_word' id='word_1_459' title='bbox 3104 2191 3268 2242; x_wconf 87' lang='lat' dir='ltr'><strong>tuam</strong></span> <span class='ocrx_word' id='word_1_460' title='bbox 3314 2185 3479 2250; x_wconf 87' lang='lat' dir='ltr'><strong>mihi,</strong></span> <span class='ocrx_word' id='word_1_461' title='bbox 3514 2191 3573 2241; x_wconf 92' lang='lat' dir='ltr'><strong>et</strong></span> <span class='ocrx_word' id='word_1_462' title='bbox 3602 2185 3809 2242; x_wconf 82' lang='lat' dir='ltr'><strong>exaudi</strong></span> <span class='ocrx_word' id='word_1_463' title='bbox 3852 2199 3950 2240; x_wconf 90' lang='lat' dir='ltr'><strong>me.</strong></span> 
     </span>
    </p>
   </div>
   <div class='ocr_carea' id='block_1_84' title="bbox 2333 2273 3769 2347">
    <p class='ocr_par' dir='ltr' id='par_1_84' title="bbox 2333 2273 3769 2347">
     <span class='ocr_line' id='line_1_84' title="bbox 2333 2273 3769 2347; baseline -0.003 -15"><span class='ocrx_word' id='word_1_464' title='bbox 2333 2277 2599 2334; x_wconf 84' lang='lat' dir='ltr'><strong>Psalmus</strong></span> <span class='ocrx_word' id='word_1_465' title='bbox 2627 2293 2743 2332; x_wconf 78' lang='lat' dir='ltr'><strong>XVI.</strong></span> <span class='ocrx_word' id='word_1_466' title='bbox 2778 2291 2960 2347; x_wconf 83' lang='lat' dir='ltr'><strong>usque</strong></span> <span class='ocrx_word' id='word_1_467' title='bbox 2989 2276 3034 2329; x_wconf 89' lang='lat' dir='ltr'><strong>A</strong></span> <span class='ocrx_word' id='word_1_468' title='bbox 3057 2273 3468 2330; x_wconf 87' lang='lat' dir='ltr'><strong>resistentibus</strong></span> <span class='ocrx_word' id='word_1_469' title='bbox 3493 2273 3769 2330; x_wconf 84' lang='lat' dir='ltr'><strong>dexterae.</strong></span> 
     </span>
    </p>
   </div>
   <div class='ocr_carea' id='block_1_85' title="bbox 2406 2359 3949 2429">
    <p class='ocr_par' dir='ltr' id='par_1_85' title="bbox 2406 2359 3949 2429">
     <span class='ocr_line' id='line_1_85' title="bbox 2406 2359 3949 2429; baseline -0.005 -7"><span class='ocrx_word' id='word_1_470' title='bbox 2406 2367 2630 2422; x_wconf 81' lang='lat' dir='ltr'><strong>Oratio.</strong></span> <span class='ocrx_word' id='word_1_471' title='bbox 2652 2364 2878 2420; x_wconf 88' lang='lat' dir='ltr'><strong>Exaudi</strong></span> <span class='ocrx_word' id='word_1_472' title='bbox 2891 2379 3001 2418; x_wconf 91' lang='lat' dir='ltr'><strong>nos</strong></span> <span class='ocrx_word' id='word_1_473' title='bbox 3028 2363 3180 2418; x_wconf 90' lang='lat' dir='ltr'><strong>Deus</strong></span> <span class='ocrx_word' id='word_1_474' title='bbox 3195 2361 3525 2418; x_wconf 89' lang='lat' dir='ltr'><strong>clamantes</strong></span> <span class='ocrx_word' id='word_1_475' title='bbox 3540 2361 3619 2417; x_wconf 89' lang='lat' dir='ltr'><strong>ad</strong></span> <span class='ocrx_word' id='word_1_476' title='bbox 3636 2365 3688 2416; x_wconf 92' lang='lat' dir='ltr'><strong>te</strong></span> <span class='ocrx_word' id='word_1_477' title='bbox 3699 2359 3949 2429; x_wconf 83' lang='lat' dir='ltr'><strong>Domine;</strong></span> 
     </span>
    </p>
   </div>
   <div class='ocr_carea' id='block_1_86' title="bbox 2335 2445 3951 2525">
    <p class='ocr_par' dir='ltr' id='par_1_86' title="bbox 2335 2445 3951 2525">
     <span class='ocr_line' id='line_1_86' title="bbox 2335 2445 3951 2525; baseline -0.006 -15"><span class='ocrx_word' id='word_1_478' title='bbox 2335 2469 2576 2525; x_wconf 88' lang='lat' dir='ltr'><strong>gressus</strong></span> <span class='ocrx_word' id='word_1_479' title='bbox 2595 2457 2831 2508; x_wconf 88' lang='lat' dir='ltr'><strong>nostros</strong></span> <span class='ocrx_word' id='word_1_480' title='bbox 2852 2451 2913 2506; x_wconf 92' lang='lat' dir='ltr'><strong>in</strong></span> <span class='ocrx_word' id='word_1_481' title='bbox 2935 2449 3053 2506; x_wconf 90' lang='lat' dir='ltr'><strong>tuis</strong></span> <span class='ocrx_word' id='word_1_482' title='bbox 3075 2449 3298 2506; x_wconf 88' lang='lat' dir='ltr'><strong>semitis</strong></span> <span class='ocrx_word' id='word_1_483' title='bbox 3314 2449 3534 2521; x_wconf 88' lang='lat' dir='ltr'><strong>perﬁce</strong></span> <span class='ocrx_word' id='word_1_484' title='bbox 3560 2465 3572 2504; x_wconf 93' lang='lat'>:</span> <span class='ocrx_word' id='word_1_485' title='bbox 3599 2449 3812 2504; x_wconf 90' lang='lat' dir='ltr'><strong>utdum</strong></span> <span class='ocrx_word' id='word_1_486' title='bbox 3826 2445 3951 2516; x_wconf 85' lang='lat' dir='ltr'><strong>legis</strong></span> 
     </span>
    </p>
   </div>
   <div class='ocr_carea' id='block_1_87' title="bbox 2339 2535 3952 2610">
    <p class='ocr_par' dir='ltr' id='par_1_87' title="bbox 2339 2535 3952 2610">
     <span class='ocr_line' id='line_1_87' title="bbox 2339 2535 3952 2610; baseline -0.006 -11"><span class='ocrx_word' id='word_1_487' title='bbox 2339 2549 2452 2600; x_wconf 71' lang='lat' dir='ltr'><strong>tuae</strong></span> <span class='ocrx_word' id='word_1_488' title='bbox 2473 2546 2792 2610; x_wconf 88' lang='lat' dir='ltr'><strong>angustam</strong></span> <span class='ocrx_word' id='word_1_489' title='bbox 2817 2539 3126 2610; x_wconf 88' lang='lat' dir='ltr'><strong>gradimur</strong></span> <span class='ocrx_word' id='word_1_490' title='bbox 3145 2537 3328 2601; x_wconf 84' lang='lat' dir='ltr'><strong>viam,</strong></span> <span class='ocrx_word' id='word_1_491' title='bbox 3349 2537 3656 2594; x_wconf 87' lang='lat' dir='ltr'><strong>charitatis</strong></span> <span class='ocrx_word' id='word_1_492' title='bbox 3677 2535 3952 2594; x_wconf 88' lang='lat' dir='ltr'><strong>latitudine</strong></span> 
     </span>
    </p>
   </div>
   <div class='ocr_carea' id='block_1_88' title="bbox 2334 2625 3805 2703">
    <p class='ocr_par' dir='ltr' id='par_1_88' title="bbox 2334 2625 3805 2703">
     <span class='ocr_line' id='line_1_88' title="bbox 2334 2625 3805 2703; baseline -0.003 -16"><span class='ocrx_word' id='word_1_493' title='bbox 2334 2634 2570 2703; x_wconf 90' lang='lat' dir='ltr'><strong>portam</strong></span> <span class='ocrx_word' id='word_1_494' title='bbox 2599 2629 2836 2684; x_wconf 82' lang='lat' dir='ltr'><strong>introire</strong></span> <span class='ocrx_word' id='word_1_495' title='bbox 2853 2641 3189 2683; x_wconf 86' lang='lat' dir='ltr'><strong>mereamur</strong></span> <span class='ocrx_word' id='word_1_496' title='bbox 3211 2625 3469 2697; x_wconf 69' lang='lat' dir='ltr'><strong>justitias.</strong></span> <span class='ocrx_word' id='word_1_497' title='bbox 3506 2637 3572 2696; x_wconf 67' lang='lat' dir='ltr'><strong>Ra.</strong></span> <span class='ocrx_word' id='word_1_498' title='bbox 3598 2630 3805 2682; x_wconf 88' lang='lat' dir='ltr'><strong>Amen.</strong></span> 
     </span>
    </p>
   </div>
   <div class='ocr_carea' id='block_1_89' title="bbox 2407 2715 3218 2774">
    <p class='ocr_par' dir='ltr' id='par_1_89' title="bbox 2407 2715 3218 2774">
     <span class='ocr_line' id='line_1_89' title="bbox 2407 2715 3218 2774; baseline -0.005 -2"><span class='ocrx_word' id='word_1_499' title='bbox 2407 2719 2511 2774; x_wconf 88' lang='lat' dir='ltr'><strong>Per</strong></span> <span class='ocrx_word' id='word_1_500' title='bbox 2530 2715 2999 2772; x_wconf 90' lang='lat' dir='ltr'><strong>misericordiam</strong></span> <span class='ocrx_word' id='word_1_501' title='bbox 3030 2719 3218 2769; x_wconf 91' lang='lat' dir='ltr'><strong>tuam.</strong></span> 
     </span>
    </p>
   </div>
   <div class='ocr_carea' id='block_1_90' title="bbox 2405 2797 3952 2875">
    <p class='ocr_par' dir='ltr' id='par_1_90' title="bbox 2405 2797 3952 2875">
     <span class='ocr_line' id='line_1_90' title="bbox 2405 2797 3952 2875; baseline -0.006 -14"><span class='ocrx_word' id='word_1_502' title='bbox 2405 2804 2757 2875; x_wconf 80' lang='lat' dir='ltr'><strong>Antiphona</strong></span> <span class='ocrx_word' id='word_1_503' title='bbox 2789 2807 2839 2860; x_wconf 91' lang='lat'><strong>3.</strong></span> <span class='ocrx_word' id='word_1_504' title='bbox 2870 2802 3109 2859; x_wconf 88' lang='lat' dir='ltr'><strong>Custodi</strong></span> <span class='ocrx_word' id='word_1_505' title='bbox 3141 2816 3256 2866; x_wconf 91' lang='lat' dir='ltr'><strong>me,</strong></span> <span class='ocrx_word' id='word_1_506' title='bbox 3300 2800 3575 2872; x_wconf 89' lang='lat' dir='ltr'><strong>Domine,</strong></span> <span class='ocrx_word' id='word_1_507' title='bbox 3604 2806 3672 2858; x_wconf 88' lang='lat' dir='ltr'><strong>ut</strong></span> <span class='ocrx_word' id='word_1_508' title='bbox 3695 2797 3952 2874; x_wconf 89' lang='lat' dir='ltr'><strong>pupillam</strong></span> 
     </span>
    </p>
   </div>
   <div class='ocr_carea' id='block_1_91' title="bbox 2337 2885 3954 2958">
    <p class='ocr_par' dir='ltr' id='par_1_91' title="bbox 2337 2885 3954 2958">
     <span class='ocr_line' id='line_1_91' title="bbox 2337 2885 3954 2958; baseline -0.007 -8"><span class='ocrx_word' id='word_1_509' title='bbox 2337 2892 2510 2950; x_wconf 91' lang='lat' dir='ltr'><strong>oculi.</strong></span> <span class='ocrx_word' id='word_1_510' title='bbox 2533 2891 2653 2949; x_wconf 91' lang='lat' dir='ltr'><strong>Sub</strong></span> <span class='ocrx_word' id='word_1_511' title='bbox 2675 2891 2888 2947; x_wconf 88' lang='lat' dir='ltr'><strong>umbra</strong></span> <span class='ocrx_word' id='word_1_512' title='bbox 2899 2890 3129 2947; x_wconf 90' lang='lat' dir='ltr'><strong>alarum</strong></span> <span class='ocrx_word' id='word_1_513' title='bbox 3142 2887 3374 2944; x_wconf 88' lang='lat' dir='ltr'><strong>custodi</strong></span> <span class='ocrx_word' id='word_1_514' title='bbox 3395 2903 3513 2958; x_wconf 89' lang='lat' dir='ltr'><strong>me,</strong></span> <span class='ocrx_word' id='word_1_515' title='bbox 3538 2889 3800 2946; x_wconf 91' lang='lat' dir='ltr'><strong>Domine.</strong></span> <span class='ocrx_word' id='word_1_516' title='bbox 3817 2885 3954 2942; x_wconf 76' lang='lat' dir='ltr'><strong>Psal-</strong></span> 
     </span>
    </p>
   </div>
   <div class='ocr_carea' id='block_1_92' title="bbox 2337 2997 2615 3039">
    <p class='ocr_par' dir='ltr' id='par_1_92' title="bbox 2337 2997 2615 3039">
     <span class='ocr_line' id='line_1_92' title="bbox 2337 2997 2615 3039; baseline -0.014 0"><span class='ocrx_word' id='word_1_517' title='bbox 2337 2997 2466 3039; x_wconf 83' lang='lat' dir='ltr'><strong>mus</strong></span> <span class='ocrx_word' id='word_1_518' title='bbox 2495 2997 2590 3036; x_wconf 78' lang='lat' dir='ltr'><strong>XVI</strong></span> <span class='ocrx_word' id='word_1_519' title='bbox 2603 3022 2615 3035; x_wconf 91' lang='lat'><strong>.</strong></span> 
     </span>
    </p>
   </div>
   <div class='ocr_carea' id='block_1_93' title="bbox 2261 3061 3958 3138">
    <p class='ocr_par' dir='ltr' id='par_1_93' title="bbox 2261 3061 3958 3138">
     <span class='ocr_line' id='line_1_93' title="bbox 2261 3061 3958 3138; baseline -0.008 -11"><span class='ocrx_word' id='word_1_520' title='bbox 2261 3079 2302 3136; x_wconf 88' lang='lat' dir='ltr'><strong>C</strong></span> <span class='ocrx_word' id='word_1_521' title='bbox 2414 3070 2638 3126; x_wconf 82' lang='lat' dir='ltr'><strong>Oratio.</strong></span> <span class='ocrx_word' id='word_1_522' title='bbox 2655 3067 2892 3124; x_wconf 89' lang='lat' dir='ltr'><strong>Custodi</strong></span> <span class='ocrx_word' id='word_1_523' title='bbox 2905 3082 3035 3133; x_wconf 90' lang='lat' dir='ltr'><strong>nos,</strong></span> <span class='ocrx_word' id='word_1_524' title='bbox 3055 3066 3318 3132; x_wconf 87' lang='lat' dir='ltr'><strong>Domine,</strong></span> <span class='ocrx_word' id='word_1_525' title='bbox 3337 3069 3401 3120; x_wconf 92' lang='lat' dir='ltr'><strong>ut</strong></span> <span class='ocrx_word' id='word_1_526' title='bbox 3416 3064 3714 3138; x_wconf 91' lang='lat' dir='ltr'><strong>pupillam</strong></span> <span class='ocrx_word' id='word_1_527' title='bbox 3734 3061 3958 3128; x_wconf 89' lang='lat' dir='ltr'><strong>oculi,ne</strong></span> 
     </span>
    </p>
   </div>
   <div class='ocr_carea' id='block_1_94' title="bbox 2337 3149 3957 3227">
    <p class='ocr_par' dir='ltr' id='par_1_94' title="bbox 2337 3149 3957 3227">
     <span class='ocr_line' id='line_1_94' title="bbox 2337 3149 3957 3227; baseline -0.006 -14"><span class='ocrx_word' id='word_1_528' title='bbox 2337 3155 2686 3213; x_wconf 71' lang='lat' dir='ltr'><strong>innocentia:</strong></span> <span class='ocrx_word' id='word_1_529' title='bbox 2717 3157 2932 3210; x_wconf 75' lang='lat' dir='ltr'><strong>nostrae</strong></span> <span class='ocrx_word' id='word_1_530' title='bbox 2956 3153 3184 3210; x_wconf 87' lang='lat' dir='ltr'><strong>lumina</strong></span> <span class='ocrx_word' id='word_1_531' title='bbox 3208 3152 3464 3210; x_wconf 89' lang='lat' dir='ltr'><strong>carnalis</strong></span> <span class='ocrx_word' id='word_1_532' title='bbox 3485 3149 3957 3227; x_wconf 72' lang='lat' dir='ltr'><strong>concupiscentia:</strong></span> 
     </span>
    </p>
   </div>
   <div class='ocr_carea' id='block_1_95' title="bbox 2339 3241 3956 3315">
    <p class='ocr_par' dir='ltr' id='par_1_95' title="bbox 2339 3241 3956 3315">
     <span class='ocr_line' id='line_1_95' title="bbox 2339 3241 3956 3315; baseline -0.007 -12"><span class='ocrx_word' id='word_1_533' title='bbox 2339 3246 2514 3304; x_wconf 90' lang='lat' dir='ltr'><strong>turbo</strong></span> <span class='ocrx_word' id='word_1_534' title='bbox 2551 3247 2896 3315; x_wconf 90' lang='lat' dir='ltr'><strong>corrumpat</strong></span> <span class='ocrx_word' id='word_1_535' title='bbox 2925 3259 2938 3296; x_wconf 91' lang='lat'><strong>:</strong></span> <span class='ocrx_word' id='word_1_536' title='bbox 2964 3246 3205 3314; x_wconf 89' lang='lat' dir='ltr'><strong>protege</strong></span> <span class='ocrx_word' id='word_1_537' title='bbox 3226 3257 3337 3297; x_wconf 92' lang='lat' dir='ltr'><strong>nos</strong></span> <span class='ocrx_word' id='word_1_538' title='bbox 3368 3241 3482 3298; x_wconf 87' lang='lat' dir='ltr'><strong>sub</strong></span> <span class='ocrx_word' id='word_1_539' title='bbox 3513 3244 3728 3298; x_wconf 88' lang='lat' dir='ltr'><strong>umbra</strong></span> <span class='ocrx_word' id='word_1_540' title='bbox 3756 3241 3956 3298; x_wconf 87' lang='lat' dir='ltr'><strong>alarum</strong></span> 
     </span>
    </p>
   </div>
   <div class='ocr_carea' id='block_1_96' title="bbox 2341 3328 3957 3401">
    <p class='ocr_par' dir='ltr' id='par_1_96' title="bbox 2341 3328 3957 3401">
     <span class='ocr_line' id='line_1_96' title="bbox 2341 3328 3957 3401; baseline -0.006 -11"><span class='ocrx_word' id='word_1_541' title='bbox 2341 3343 2587 3398; x_wconf 87' lang='lat' dir='ltr'><strong>tuarum,</strong></span> <span class='ocrx_word' id='word_1_542' title='bbox 2602 3347 2676 3387; x_wconf 92' lang='lat' dir='ltr'><strong>ne</strong></span> <span class='ocrx_word' id='word_1_543' title='bbox 2689 3329 3098 3386; x_wconf 89' lang='lat' dir='ltr'><strong>insidiantium</strong></span> <span class='ocrx_word' id='word_1_544' title='bbox 3111 3329 3407 3401; x_wconf 84' lang='lat' dir='ltr'><strong>capiamur</strong></span> <span class='ocrx_word' id='word_1_545' title='bbox 3421 3329 3714 3389; x_wconf 88' lang='lat' dir='ltr'><strong>illecebris</strong></span> <span class='ocrx_word' id='word_1_546' title='bbox 3727 3328 3957 3398; x_wconf 88' lang='lat' dir='ltr'><strong>volupta-</strong></span> 
     </span>
    </p>
   </div>
   <div class='ocr_carea' id='block_1_97' title="bbox 2342 3410 3954 3491">
    <p class='ocr_par' dir='ltr' id='par_1_97' title="bbox 2342 3410 3954 3491">
     <span class='ocr_line' id='line_1_97' title="bbox 2342 3410 3954 3491; baseline -0.007 -14"><span class='ocrx_word' id='word_1_547' title='bbox 2342 3431 2466 3477; x_wconf 91' lang='lat' dir='ltr'><strong>tum</strong></span> <span class='ocrx_word' id='word_1_548' title='bbox 2494 3437 2511 3476; x_wconf 91' lang='lat'><strong>:</strong></span> <span class='ocrx_word' id='word_1_549' title='bbox 2526 3424 2589 3476; x_wconf 90' lang='lat' dir='ltr'><strong>ut</strong></span> <span class='ocrx_word' id='word_1_550' title='bbox 2600 3419 2702 3491; x_wconf 91' lang='lat' dir='ltr'><strong>qui</strong></span> <span class='ocrx_word' id='word_1_551' title='bbox 2717 3419 2814 3488; x_wconf 86' lang='lat' dir='ltr'><strong>adj</strong></span> <span class='ocrx_word' id='word_1_552' title='bbox 2823 3417 2900 3473; x_wconf 87' lang='lat' dir='ltr'><strong>uti</strong></span> <span class='ocrx_word' id='word_1_553' title='bbox 2915 3418 3100 3489; x_wconf 86' lang='lat' dir='ltr'><strong>gratia</strong></span> <span class='ocrx_word' id='word_1_554' title='bbox 3112 3417 3361 3474; x_wconf 86' lang='lat' dir='ltr'><strong>durante</strong></span> <span class='ocrx_word' id='word_1_555' title='bbox 3376 3417 3777 3487; x_wconf 90' lang='lat' dir='ltr'><strong>subsistimus,</strong></span> <span class='ocrx_word' id='word_1_556' title='bbox 3790 3410 3954 3472; x_wconf 88' lang='lat' dir='ltr'><strong>satiari</strong></span> 
     </span>
    </p>
   </div>
   <div class='ocr_carea' id='block_1_98' title="bbox 2339 3504 3952 3578">
    <p class='ocr_par' dir='ltr' id='par_1_98' title="bbox 2339 3504 3952 3578">
     <span class='ocr_line' id='line_1_98' title="bbox 2339 3504 3952 3578; baseline -0.006 -14"><span class='ocrx_word' id='word_1_557' title='bbox 2339 3525 2449 3564; x_wconf 92' lang='lat' dir='ltr'><strong>nos</strong></span> <span class='ocrx_word' id='word_1_558' title='bbox 2471 3523 2608 3563; x_wconf 91' lang='lat' dir='ltr'><strong>cum</strong></span> <span class='ocrx_word' id='word_1_559' title='bbox 2621 3505 2963 3578; x_wconf 86' lang='lat' dir='ltr'><strong>apparuerit</strong></span> <span class='ocrx_word' id='word_1_560' title='bbox 2979 3511 3078 3561; x_wconf 89' lang='lat' dir='ltr'><strong>tua</strong></span> <span class='ocrx_word' id='word_1_561' title='bbox 3099 3504 3290 3576; x_wconf 89' lang='lat' dir='ltr'><strong>gloria</strong></span> <span class='ocrx_word' id='word_1_562' title='bbox 3304 3521 3668 3563; x_wconf 87' lang='lat' dir='ltr'><strong>mereamur.</strong></span> <span class='ocrx_word' id='word_1_563' title='bbox 3693 3517 3753 3570; x_wconf 66' lang='lat' dir='ltr'><strong>BI.</strong></span> <span class='ocrx_word' id='word_1_564' title='bbox 3770 3507 3952 3559; x_wconf 84' lang='lat' dir='ltr'><strong>Amen.</strong></span> 
     </span>
    </p>
   </div>
   <div class='ocr_carea' id='block_1_99' title="bbox 2409 3577 3773 3652">
    <p class='ocr_par' dir='ltr' id='par_1_99' title="bbox 2409 3577 3773 3652">
     <span class='ocr_line' id='line_1_99' title="bbox 2409 3577 3773 3652; baseline -0.003 -2"><span class='ocrx_word' id='word_1_565' title='bbox 2409 3598 2515 3652; x_wconf 85' lang='lat' dir='ltr'><strong>Per</strong></span> <span class='ocrx_word' id='word_1_566' title='bbox 2553 3577 3022 3650; x_wconf 83' lang='lat' dir='ltr'><strong>misericordiam</strong></span> <span class='ocrx_word' id='word_1_567' title='bbox 3052 3599 3240 3650; x_wconf 89' lang='lat' dir='ltr'><strong>tuam.</strong></span> <span class='ocrx_word' id='word_1_568' title='bbox 3769 3577 3773 3579; x_wconf 50' lang='grc'><em>’</em></span> 
     </span>
    </p>
   </div>
   <div class='ocr_carea' id='block_1_100' title="bbox 2411 3677 3953 3754">
    <p class='ocr_par' dir='ltr' id='par_1_100' title="bbox 2411 3677 3953 3754">
     <span class='ocr_line' id='line_1_100' title="bbox 2411 3677 3953 3754; baseline -0.006 -15"><span class='ocrx_word' id='word_1_569' title='bbox 2411 3695 2476 3753; x_wconf 55' lang='grc' dir='ltr'><strong>[ρ.</strong></span> <span class='ocrx_word' id='word_1_570' title='bbox 2507 3681 2767 3754; x_wconf 89' lang='lat' dir='ltr'><strong>Adjutor,</strong></span> <span class='ocrx_word' id='word_1_571' title='bbox 2795 3686 2852 3736; x_wconf 89' lang='lat' dir='ltr'><strong>et</strong></span> <span class='ocrx_word' id='word_1_572' title='bbox 2869 3680 3148 3738; x_wconf 90' lang='lat' dir='ltr'><strong>liberator</strong></span> <span class='ocrx_word' id='word_1_573' title='bbox 3173 3686 3373 3737; x_wconf 88' lang='lat' dir='ltr'><strong>noster</strong></span> <span class='ocrx_word' id='word_1_574' title='bbox 3391 3697 3474 3736; x_wconf 85' lang='lat' dir='ltr'><strong>es.</strong></span> <span class='ocrx_word' id='word_1_575' title='bbox 3509 3683 3570 3738; x_wconf 89' lang='lat' dir='ltr'><strong>P.</strong></span> <span class='ocrx_word' id='word_1_576' title='bbox 3589 3686 3690 3749; x_wconf 89' lang='lat' dir='ltr'><strong>Tu,</strong></span> <span class='ocrx_word' id='word_1_577' title='bbox 3718 3677 3953 3736; x_wconf 90' lang='lat' dir='ltr'><strong>Domine.</strong></span> 
     </span>
    </p>
   </div>
   <div class='ocr_carea' id='block_1_101' title="bbox 2341 3765 3957 3842">
    <p class='ocr_par' dir='ltr' id='par_1_101' title="bbox 2341 3765 3957 3842">
     <span class='ocr_line' id='line_1_101' title="bbox 2341 3765 3957 3842; baseline -0.006 -15"><span class='ocrx_word' id='word_1_578' title='bbox 2341 3783 2409 3842; x_wconf 60' lang='lat' dir='ltr'><strong>Ba.</strong></span> <span class='ocrx_word' id='word_1_579' title='bbox 2441 3773 2592 3826; x_wconf 90' lang='lat' dir='ltr'><strong>Deus</strong></span> <span class='ocrx_word' id='word_1_580' title='bbox 2622 3769 2683 3825; x_wconf 93' lang='lat' dir='ltr'><strong>in</strong></span> <span class='ocrx_word' id='word_1_581' title='bbox 2709 3769 3072 3841; x_wconf 87' lang='lat' dir='ltr'><strong>adjutorium</strong></span> <span class='ocrx_word' id='word_1_582' title='bbox 3101 3774 3375 3826; x_wconf 89' lang='lat' dir='ltr'><strong>nostrum</strong></span> <span class='ocrx_word' id='word_1_583' title='bbox 3409 3769 3654 3828; x_wconf 90' lang='lat' dir='ltr'><strong>intende</strong></span> <span class='ocrx_word' id='word_1_584' title='bbox 3677 3789 3690 3826; x_wconf 91' lang='lat'><strong>:</strong></span> <span class='ocrx_word' id='word_1_585' title='bbox 3713 3769 3789 3826; x_wconf 89' lang='lat' dir='ltr'><strong>ad</strong></span> <span class='ocrx_word' id='word_1_586' title='bbox 3814 3765 3957 3836; x_wconf 87' lang='lat' dir='ltr'><strong>adju-</strong></span> 
     </span>
    </p>
   </div>
   <div class='ocr_carea' id='block_1_102' title="bbox 2338 3853 3957 3922">
    <p class='ocr_par' dir='ltr' id='par_1_102' title="bbox 2338 3853 3957 3922">
     <span class='ocr_line' id='line_1_102' title="bbox 2338 3853 3957 3922; baseline -0.006 -7"><span class='ocrx_word' id='word_1_587' title='bbox 2338 3858 2608 3915; x_wconf 92' lang='lat' dir='ltr'><strong>vandum</strong></span> <span class='ocrx_word' id='word_1_588' title='bbox 2636 3872 2746 3914; x_wconf 86' lang='lat' dir='ltr'><strong>nos</strong></span> <span class='ocrx_word' id='word_1_589' title='bbox 2776 3857 3006 3914; x_wconf 84' lang='lat' dir='ltr'><strong>festina.</strong></span> <span class='ocrx_word' id='word_1_590' title='bbox 3048 3858 3112 3912; x_wconf 89' lang='lat' dir='ltr'><strong>P.</strong></span> <span class='ocrx_word' id='word_1_591' title='bbox 3149 3859 3249 3922; x_wconf 88' lang='lat' dir='ltr'><strong>Tu,</strong></span> <span class='ocrx_word' id='word_1_592' title='bbox 3279 3857 3549 3915; x_wconf 90' lang='lat' dir='ltr'><strong>Domine.</strong></span> <span class='ocrx_word' id='word_1_593' title='bbox 3582 3858 3643 3918; x_wconf 50' lang='lat' dir='ltr'><strong>tr.</strong></span> <span class='ocrx_word' id='word_1_594' title='bbox 3689 3855 3886 3921; x_wconf 88' lang='lat' dir='ltr'><strong>Gloria,</strong></span> <span class='ocrx_word' id='word_1_595' title='bbox 3911 3853 3957 3906; x_wconf 86' lang='lat' dir='ltr'><strong>et</strong></span> 
     </span>
    </p>
   </div>
   <div class='ocr_carea' id='block_1_103' title="bbox 2339 3946 3464 4017">
    <p class='ocr_par' dir='ltr' id='par_1_103' title="bbox 2339 3946 3464 4017">
     <span class='ocr_line' id='line_1_103' title="bbox 2339 3946 3464 4017; baseline -0.001 -12"><span class='ocrx_word' id='word_1_596' title='bbox 2339 3947 2551 4017; x_wconf 90' lang='lat' dir='ltr'><strong>honor,</strong></span> <span class='ocrx_word' id='word_1_597' title='bbox 2581 3951 2687 4003; x_wconf 90' lang='lat' dir='ltr'><strong>etc.</strong></span> <span class='ocrx_word' id='word_1_598' title='bbox 2720 3946 3054 4003; x_wconf 79' lang='lat' dir='ltr'><strong>Reiteretur</strong></span> <span class='ocrx_word' id='word_1_599' title='bbox 3083 3957 3151 4016; x_wconf 50' lang='lat' dir='ltr'><strong>Ii.</strong></span> <span class='ocrx_word' id='word_1_600' title='bbox 3191 3946 3464 4017; x_wconf 87' lang='lat' dir='ltr'><strong>Adjutor.</strong></span> 
     </span>
    </p>
   </div>
   <div class='ocr_carea' id='block_1_104' title="bbox 2943 4052 3366 4109">
    <p class='ocr_par' dir='ltr' id='par_1_104' title="bbox 2943 4052 3366 4109">
     <span class='ocr_line' id='line_1_104' title="bbox 2943 4052 3366 4109; baseline -0.002 -2"><span class='ocrx_word' id='word_1_601' title='bbox 2943 4052 3017 4108; x_wconf 87' lang='lat' dir='ltr'><strong>In</strong></span> <span class='ocrx_word' id='word_1_602' title='bbox 3043 4052 3366 4109; x_wconf 86' lang='lat' dir='ltr'><strong>Laudibus.</strong></span> 
     </span>
    </p>
   </div>
   <div class='ocr_carea' id='block_1_105' title="bbox 2410 4149 3954 4230">
    <p class='ocr_par' dir='ltr' id='par_1_105' title="bbox 2410 4149 3954 4230">
     <span class='ocr_line' id='line_1_105' title="bbox 2410 4149 3954 4230; baseline -0.006 -16"><span class='ocrx_word' id='word_1_603' title='bbox 2410 4160 2496 4216; x_wconf 86' lang='lat' dir='ltr'><strong>Ad</strong></span> <span class='ocrx_word' id='word_1_604' title='bbox 2560 4158 2885 4216; x_wconf 82' lang='lat' dir='ltr'><strong>Canticum.</strong></span> <span class='ocrx_word' id='word_1_605' title='bbox 2923 4158 3297 4228; x_wconf 77' lang='lat' dir='ltr'><strong>Antiphona.</strong></span> <span class='ocrx_word' id='word_1_606' title='bbox 3355 4159 3628 4228; x_wconf 88' lang='lat' dir='ltr'><strong>Domine,</strong></span> <span class='ocrx_word' id='word_1_607' title='bbox 3654 4157 3758 4230; x_wconf 87' lang='lat' dir='ltr'><strong>qui</strong></span> <span class='ocrx_word' id='word_1_608' title='bbox 3788 4149 3954 4212; x_wconf 83' lang='lat' dir='ltr'><strong>dixisti</strong></span> 
     </span>
    </p>
   </div>
   <div class='ocr_carea' id='block_1_106' title="bbox 2339 4243 3955 4317">
    <p class='ocr_par' dir='ltr' id='par_1_106' title="bbox 2339 4243 3955 4317">
     <span class='ocr_line' id='line_1_106' title="bbox 2339 4243 3955 4317; baseline -0.006 -14"><span class='ocrx_word' id='word_1_609' title='bbox 2339 4247 2486 4304; x_wconf 90' lang='lat' dir='ltr'><strong>mihi</strong></span> <span class='ocrx_word' id='word_1_610' title='bbox 2517 4263 2528 4302; x_wconf 90' lang='lat'>:</span> <span class='ocrx_word' id='word_1_611' title='bbox 2560 4249 2862 4303; x_wconf 84' lang='lat' dir='ltr'><strong>Revertere</strong></span> <span class='ocrx_word' id='word_1_612' title='bbox 2894 4248 3059 4317; x_wconf 80' lang='lat'><strong>101</strong></span> <span class='ocrx_word' id='word_1_613' title='bbox 3081 4245 3139 4302; x_wconf 88' lang='lat' dir='ltr'><strong>in</strong></span> <span class='ocrx_word' id='word_1_614' title='bbox 3170 4251 3386 4303; x_wconf 89' lang='lat' dir='ltr'><strong>terram</strong></span> <span class='ocrx_word' id='word_1_615' title='bbox 3404 4251 3595 4311; x_wconf 88' lang='lat' dir='ltr'><strong>tuam,</strong></span> <span class='ocrx_word' id='word_1_616' title='bbox 3629 4246 3759 4304; x_wconf 88' lang='lat' dir='ltr'><strong>etin</strong></span> <span class='ocrx_word' id='word_1_617' title='bbox 3784 4243 3955 4300; x_wconf 88' lang='lat' dir='ltr'><strong>locum</strong></span> 
     </span>
    </p>
   </div>
   <div class='ocr_carea' id='block_1_107' title="bbox 2338 4337 2831 4394">
    <p class='ocr_par' dir='ltr' id='par_1_107' title="bbox 2338 4337 2831 4394">
     <span class='ocr_line' id='line_1_107' title="bbox 2338 4337 2831 4394; baseline -0.004 -2"><span class='ocrx_word' id='word_1_618' title='bbox 2338 4337 2661 4394; x_wconf 82' lang='lat' dir='ltr'><strong>nativitatis</strong></span> <span class='ocrx_word' id='word_1_619' title='bbox 2692 4340 2807 4393; x_wconf 76' lang='lat' dir='ltr'><strong>tuae</strong></span> <span class='ocrx_word' id='word_1_620' title='bbox 2819 4378 2831 4390; x_wconf 97' lang='lat'><strong>.</strong></span> 
     </span>
    </p>
   </div>
   <div class='ocr_carea' id='block_1_108' title="bbox 2646 4440 3666 4516">
    <p class='ocr_par' dir='ltr' id='par_1_108' title="bbox 2646 4440 3666 4516">
     <span class='ocr_line' id='line_1_108' title="bbox 2646 4440 3666 4516; baseline -0.004 -14"><span class='ocrx_word' id='word_1_621' title='bbox 2646 4440 2957 4502; x_wconf 82' lang='lat' dir='ltr'><strong>Canticum</strong></span> <span class='ocrx_word' id='word_1_622' title='bbox 2989 4441 3225 4499; x_wconf 87' lang='lat' dir='ltr'><strong>Genesis</strong></span> <span class='ocrx_word' id='word_1_623' title='bbox 3254 4442 3424 4513; x_wconf 83' lang='lat' dir='ltr'><strong>(Cap.</strong></span> <span class='ocrx_word' id='word_1_624' title='bbox 3455 4442 3666 4516; x_wconf 84' lang='lat' dir='ltr'><strong>xxxu).</strong></span> 
     </span>
    </p>
   </div>
   <div class='ocr_carea' id='block_1_109' title="bbox 2404 4546 3956 4630">
    <p class='ocr_par' dir='ltr' id='par_1_109' title="bbox 2404 4546 3956 4630">
     <span class='ocr_line' id='line_1_109' title="bbox 2404 4546 3956 4630; baseline -0.009 -14"><span class='ocrx_word' id='word_1_625' title='bbox 2404 4561 2556 4616; x_wconf 90' lang='lat' dir='ltr'><strong>Deus</strong></span> <span class='ocrx_word' id='word_1_626' title='bbox 2584 4557 2770 4630; x_wconf 88' lang='lat' dir='ltr'><strong>patris</strong></span> <span class='ocrx_word' id='word_1_627' title='bbox 2787 4555 2972 4613; x_wconf 89' lang='lat' dir='ltr'><strong>nostri</strong></span> <span class='ocrx_word' id='word_1_628' title='bbox 2992 4555 3315 4625; x_wconf 87' lang='lat' dir='ltr'><strong>Abraham,</strong></span> <span class='ocrx_word' id='word_1_629' title='bbox 3330 4561 3386 4613; x_wconf 91' lang='lat' dir='ltr'><strong>et</strong></span> <span class='ocrx_word' id='word_1_630' title='bbox 3413 4547 3570 4613; x_wconf 89' lang='lat' dir='ltr'><strong>Deus</strong></span> <span class='ocrx_word' id='word_1_631' title='bbox 3591 4555 3772 4629; x_wconf 88' lang='lat' dir='ltr'><strong>patris</strong></span> <span class='ocrx_word' id='word_1_632' title='bbox 3793 4546 3956 4610; x_wconf 86' lang='lat' dir='ltr'><strong>nostri</strong></span> 
     </span>
    </p>
   </div>
   <div class='ocr_carea' id='block_1_110' title="bbox 2333 4643 3959 4716">
    <p class='ocr_par' dir='ltr' id='par_1_110' title="bbox 2333 4643 3959 4716">
     <span class='ocr_line' id='line_1_110' title="bbox 2333 4643 3959 4716; baseline -0.006 -14"><span class='ocrx_word' id='word_1_633' title='bbox 2333 4650 2534 4704; x_wconf 84' lang='lat' dir='ltr'><strong>Isaac:</strong></span> <span class='ocrx_word' id='word_1_634' title='bbox 2567 4645 2871 4714; x_wconf 70' lang='lat' dir='ltr'><strong>‘Domine,</strong></span> <span class='ocrx_word' id='word_1_635' title='bbox 2901 4644 3003 4716; x_wconf 90' lang='lat' dir='ltr'><strong>qui</strong></span> <span class='ocrx_word' id='word_1_636' title='bbox 3027 4643 3223 4702; x_wconf 88' lang='lat' dir='ltr'><strong>dixisti</strong></span> <span class='ocrx_word' id='word_1_637' title='bbox 3249 4645 3396 4700; x_wconf 89' lang='lat' dir='ltr'><strong>mihi</strong></span> <span class='ocrx_word' id='word_1_638' title='bbox 3429 4647 3770 4702; x_wconf 85' lang='lat' dir='ltr'><strong>:Revertere</strong></span> <span class='ocrx_word' id='word_1_639' title='bbox 3789 4643 3843 4699; x_wconf 90' lang='lat' dir='ltr'><strong>in</strong></span> <span class='ocrx_word' id='word_1_640' title='bbox 3869 4644 3959 4696; x_wconf 85' lang='lat' dir='ltr'><strong>ter-</strong></span> 
     </span>
    </p>
   </div>
   <div class='ocr_carea' id='block_1_111' title="bbox 2328 4725 3958 4803">
    <p class='ocr_par' dir='ltr' id='par_1_111' title="bbox 2328 4725 3958 4803">
     <span class='ocr_line' id='line_1_111' title="bbox 2328 4725 3958 4803; baseline -0.007 -11"><span class='ocrx_word' id='word_1_641' title='bbox 2328 4752 2459 4792; x_wconf 90' lang='lat' dir='ltr'><strong>ram</strong></span> <span class='ocrx_word' id='word_1_642' title='bbox 2490 4739 2676 4803; x_wconf 87' lang='lat' dir='ltr'><strong>tuam,</strong></span> <span class='ocrx_word' id='word_1_643' title='bbox 2708 4734 2841 4790; x_wconf 90' lang='lat' dir='ltr'><strong>etin</strong></span> <span class='ocrx_word' id='word_1_644' title='bbox 2866 4732 3067 4789; x_wconf 90' lang='lat' dir='ltr'><strong>locum</strong></span> <span class='ocrx_word' id='word_1_645' title='bbox 3107 4732 3432 4792; x_wconf 86' lang='lat' dir='ltr'><strong>nativitatis</strong></span> <span class='ocrx_word' id='word_1_646' title='bbox 3457 4738 3597 4803; x_wconf 90' lang='lat' dir='ltr'><strong>tuae,</strong></span> <span class='ocrx_word' id='word_1_647' title='bbox 3648 4739 3706 4791; x_wconf 91' lang='lat' dir='ltr'><strong>et</strong></span> <span class='ocrx_word' id='word_1_648' title='bbox 3748 4725 3958 4789; x_wconf 89' lang='lat' dir='ltr'><strong>benefa—</strong></span> 
     </span>
    </p>
   </div>
   <div class='ocr_carea' id='block_1_112' title="bbox 2330 4821 2679 4879">
    <p class='ocr_par' dir='ltr' id='par_1_112' title="bbox 2330 4821 2679 4879">
     <span class='ocr_line' id='line_1_112' title="bbox 2330 4821 2679 4879; baseline -0.006 0"><span class='ocrx_word' id='word_1_649' title='bbox 2330 4825 2483 4879; x_wconf 89' lang='lat' dir='ltr'><strong>ciam</strong></span> <span class='ocrx_word' id='word_1_650' title='bbox 2523 4821 2627 4879; x_wconf 86' lang='lat' dir='ltr'><strong>tibi</strong></span> <span class='ocrx_word' id='word_1_651' title='bbox 2667 4840 2679 4877; x_wconf 91' lang='lat'>:</span> 
     </span>
    </p>
   </div>
   <div class='ocr_carea' id='block_1_113' title="bbox 2401 4899 3954 4978">
    <p class='ocr_par' dir='ltr' id='par_1_113' title="bbox 2401 4899 3954 4978">
     <span class='ocr_line' id='line_1_113' title="bbox 2401 4899 3954 4978; baseline -0.008 -11"><span class='ocrx_word' id='word_1_652' title='bbox 2401 4914 2622 4968; x_wconf 89' lang='lat' dir='ltr'><strong>Memor</strong></span> <span class='ocrx_word' id='word_1_653' title='bbox 2652 4927 2786 4967; x_wconf 91' lang='lat' dir='ltr'><strong>sum</strong></span> <span class='ocrx_word' id='word_1_654' title='bbox 2812 4910 3037 4966; x_wconf 92' lang='lat' dir='ltr'><strong>cunctis</strong></span> <span class='ocrx_word' id='word_1_655' title='bbox 3063 4909 3573 4978; x_wconf 88' lang='lat' dir='ltr'><strong>miserationibus,</strong></span> <span class='ocrx_word' id='word_1_656' title='bbox 3606 4911 3622 4928; x_wconf 84' lang='lat'><strong>&#39;</strong></span> <span class='ocrx_word' id='word_1_657' title='bbox 3654 4914 3710 4968; x_wconf 89' lang='lat' dir='ltr'><strong>et</strong></span> <span class='ocrx_word' id='word_1_658' title='bbox 3747 4899 3954 4964; x_wconf 87' lang='lat' dir='ltr'><strong>veritati</strong></span> 
     </span>
    </p>
   </div>
   <div class='ocr_carea' id='block_1_114' title="bbox 2329 4998 3145 5074">
    <p class='ocr_par' dir='ltr' id='par_1_114' title="bbox 2329 4998 3145 5074">
     <span class='ocr_line' id='line_1_114' title="bbox 2329 4998 3145 5074; baseline -0.006 -15"><span class='ocrx_word' id='word_1_659' title='bbox 2329 5017 2516 5074; x_wconf 90' lang='lat' dir='ltr'><strong>quam</strong></span> <span class='ocrx_word' id='word_1_660' title='bbox 2540 4998 2787 5072; x_wconf 85' lang='lat' dir='ltr'><strong>explesti</strong></span> <span class='ocrx_word' id='word_1_661' title='bbox 2815 5013 2982 5054; x_wconf 83' lang='lat' dir='ltr'><strong>servo</strong></span> <span class='ocrx_word' id='word_1_662' title='bbox 3020 5002 3145 5054; x_wconf 92' lang='lat' dir='ltr'><strong>tuo.</strong></span> 
     </span>
    </p>
   </div>
   <div class='ocr_carea' id='block_1_115' title="bbox 2402 5079 3961 5146">
    <p class='ocr_par' dir='ltr' id='par_1_115' title="bbox 2402 5079 3961 5146">
     <span class='ocr_line' id='line_1_115' title="bbox 2402 5079 3961 5146; baseline -0.006 0"><span class='ocrx_word' id='word_1_663' title='bbox 2402 5094 2464 5146; x_wconf 86' lang='lat' dir='ltr'><strong>in</strong></span> <span class='ocrx_word' id='word_1_664' title='bbox 2510 5088 2726 5146; x_wconf 89' lang='lat' dir='ltr'><strong>baculo</strong></span> <span class='ocrx_word' id='word_1_665' title='bbox 2768 5103 2903 5143; x_wconf 91' lang='lat' dir='ltr'><strong>meo</strong></span> <span class='ocrx_word' id='word_1_666' title='bbox 2952 5087 3198 5142; x_wconf 88' lang='lat' dir='ltr'><strong>transivi</strong></span> <span class='ocrx_word' id='word_1_667' title='bbox 3253 5087 3578 5144; x_wconf 89' lang='lat' dir='ltr'><strong>Jordanem</strong></span> <span class='ocrx_word' id='word_1_668' title='bbox 3633 5079 3961 5144; x_wconf 77' lang='lat' dir='ltr'><strong>istumz&#39;et</strong></span> 
     </span>
    </p>
   </div>
   <div class='ocr_carea' id='block_1_116' title="bbox 2328 5175 3510 5245">
    <p class='ocr_par' dir='ltr' id='par_1_116' title="bbox 2328 5175 3510 5245">
     <span class='ocr_line' id='line_1_116' title="bbox 2328 5175 3510 5245; baseline -0.003 -10"><span class='ocrx_word' id='word_1_669' title='bbox 2328 5194 2488 5236; x_wconf 91' lang='lat' dir='ltr'><strong>nunc</strong></span> <span class='ocrx_word' id='word_1_670' title='bbox 2510 5194 2647 5234; x_wconf 90' lang='lat' dir='ltr'><strong>cum</strong></span> <span class='ocrx_word' id='word_1_671' title='bbox 2679 5175 2918 5232; x_wconf 92' lang='lat' dir='ltr'><strong>duabus</strong></span> <span class='ocrx_word' id='word_1_672' title='bbox 2951 5175 3159 5231; x_wconf 90' lang='lat' dir='ltr'><strong>turmis</strong></span> <span class='ocrx_word' id='word_1_673' title='bbox 3188 5175 3510 5245; x_wconf 89' lang='lat' dir='ltr'><strong>regredior.</strong></span> 
     </span>
    </p>
   </div>
   <div class='ocr_carea' id='block_1_117' title="bbox 2400 5255 3958 5337">
    <p class='ocr_par' dir='ltr' id='par_1_117' title="bbox 2400 5255 3958 5337">
     <span class='ocr_line' id='line_1_117' title="bbox 2400 5255 3958 5337; baseline -0.011 -13"><span class='ocrx_word' id='word_1_674' title='bbox 2400 5271 2548 5324; x_wconf 89' lang='lat' dir='ltr'><strong>Erue</strong></span> <span class='ocrx_word' id='word_1_675' title='bbox 2579 5281 2674 5321; x_wconf 92' lang='lat' dir='ltr'><strong>me</strong></span> <span class='ocrx_word' id='word_1_676' title='bbox 2703 5265 2777 5320; x_wconf 93' lang='lat' dir='ltr'><strong>de</strong></span> <span class='ocrx_word' id='word_1_677' title='bbox 2808 5280 2993 5320; x_wconf 89' lang='lat' dir='ltr'><strong>manu</strong></span> <span class='ocrx_word' id='word_1_678' title='bbox 3018 5263 3213 5320; x_wconf 88' lang='lat' dir='ltr'><strong>fratris</strong></span> <span class='ocrx_word' id='word_1_679' title='bbox 3246 5263 3364 5319; x_wconf 91' lang='lat' dir='ltr'><strong>mei</strong></span> <span class='ocrx_word' id='word_1_680' title='bbox 3411 5267 3590 5330; x_wconf 72' lang='lat' dir='ltr'><strong>Esau,</strong></span> <span class='ocrx_word' id='word_1_681' title='bbox 3623 5264 3766 5337; x_wconf 90' lang='lat' dir='ltr'><strong>quia</strong></span> <span class='ocrx_word' id='word_1_682' title='bbox 3810 5255 3958 5315; x_wconf 76' lang='lat' dir='ltr'><strong>valde</strong></span> 
     </span>
    </p>
   </div>
   <div class='ocr_carea' id='block_1_118' title="bbox 2329 5351 3956 5426">
    <p class='ocr_par' dir='ltr' id='par_1_118' title="bbox 2329 5351 3956 5426">
     <span class='ocr_line' id='line_1_118' title="bbox 2329 5351 3956 5426; baseline -0.009 -12"><span class='ocrx_word' id='word_1_683' title='bbox 2329 5373 2468 5414; x_wconf 91' lang='lat' dir='ltr'><strong>eum</strong></span> <span class='ocrx_word' id='word_1_684' title='bbox 2500 5357 2676 5411; x_wconf 87' lang='lat' dir='ltr'><strong>timeo</strong></span> <span class='ocrx_word' id='word_1_685' title='bbox 2710 5371 2722 5409; x_wconf 91' lang='lat'>:</span> <span class='ocrx_word' id='word_1_686' title='bbox 2757 5357 2776 5376; x_wconf 78' lang='lat'><strong><em>&#39;</em></strong></span> <span class='ocrx_word' id='word_1_687' title='bbox 2806 5369 2881 5410; x_wconf 91' lang='lat' dir='ltr'><strong>ne</strong></span> <span class='ocrx_word' id='word_1_688' title='bbox 2905 5351 3052 5409; x_wconf 85' lang='lat' dir='ltr'><strong>forte</strong></span> <span class='ocrx_word' id='word_1_689' title='bbox 3098 5354 3340 5411; x_wconf 88' lang='lat' dir='ltr'><strong>veniens</strong></span> <span class='ocrx_word' id='word_1_690' title='bbox 3385 5354 3678 5426; x_wconf 90' lang='lat' dir='ltr'><strong>percutiat</strong></span> <span class='ocrx_word' id='word_1_691' title='bbox 3732 5353 3956 5407; x_wconf 87' lang='lat' dir='ltr'><strong>matrem</strong></span> 
     </span>
    </p>
   </div>
   <div class='ocr_carea' id='block_1_119' title="bbox 2328 5443 2650 5502">
    <p class='ocr_par' dir='ltr' id='par_1_119' title="bbox 2328 5443 2650 5502">
     <span class='ocr_line' id='line_1_119' title="bbox 2328 5443 2650 5502; baseline -0.016 0"><span class='ocrx_word' id='word_1_692' title='bbox 2328 5462 2467 5502; x_wconf 89' lang='lat' dir='ltr'><strong>cum</strong></span> <span class='ocrx_word' id='word_1_693' title='bbox 2495 5443 2650 5499; x_wconf 84' lang='lat' dir='ltr'><strong>ﬁliis.</strong></span> 
     </span>
    </p>
   </div>
   <div class='ocr_carea' id='block_1_120' title="bbox 2396 5522 3958 5599">
    <p class='ocr_par' dir='ltr' id='par_1_120' title="bbox 2396 5522 3958 5599">
     <span class='ocr_line' id='line_1_120' title="bbox 2396 5522 3958 5599; baseline -0.008 -8"><span class='ocrx_word' id='word_1_694' title='bbox 2396 5537 2480 5591; x_wconf 90' lang='lat' dir='ltr'><strong>Tu</strong></span> <span class='ocrx_word' id='word_1_695' title='bbox 2501 5532 2660 5591; x_wconf 90' lang='lat' dir='ltr'><strong>enim</strong></span> <span class='ocrx_word' id='word_1_696' title='bbox 2678 5531 2913 5589; x_wconf 91' lang='lat' dir='ltr'><strong>locutus</strong></span> <span class='ocrx_word' id='word_1_697' title='bbox 2926 5547 2990 5589; x_wconf 89' lang='lat' dir='ltr'><strong>es</strong></span> <span class='ocrx_word' id='word_1_698' title='bbox 3017 5535 3083 5588; x_wconf 93' lang='lat' dir='ltr'><strong>ut</strong></span> <span class='ocrx_word' id='word_1_699' title='bbox 3105 5529 3259 5588; x_wconf 91' lang='lat' dir='ltr'><strong>bene</strong></span> <span class='ocrx_word' id='word_1_700' title='bbox 3277 5529 3420 5588; x_wconf 89' lang='lat' dir='ltr'><strong>mihi</strong></span> <span class='ocrx_word' id='word_1_701' title='bbox 3438 5529 3687 5599; x_wconf 89' lang='lat' dir='ltr'><strong>faceres,</strong></span> <span class='ocrx_word' id='word_1_702' title='bbox 3724 5532 3738 5547; x_wconf 89' lang='lat'>&#39;</span> <span class='ocrx_word' id='word_1_703' title='bbox 3761 5533 3815 5586; x_wconf 91' lang='lat' dir='ltr'><strong>et</strong></span> <span class='ocrx_word' id='word_1_704' title='bbox 3829 5522 3958 5582; x_wconf 84' lang='lat' dir='ltr'><strong>dila-</strong></span> 
     </span>
    </p>
   </div>
  </div>
