4160 6428
189 250 281 309 eoi
1249 258 1465 316 FERIA
1498 259 1571 329 ιν
1610 258 1791 316 POST
1832 257 1897 315 ο(

2009 258 2171 318 ,νΑΜ
2208 263 2631 328 ΕΡΙΡΗΑΝῘᾸΞ.
3538 300 3649 355 202

207 383 358 436 tares
381 392 613 435 semen
642 395 873 436 meum
895 380 1045 437 sicut
1058 396 1609 456 arenam,quaepraa
1634 382 1895 440 multitu-
1928 383 1976 437 A
2008 387 2179 492 trem,
2211 392 2268 445 et
2296 389 2596 452 ﬂuxerunt
2629 412 2834 492 aquae.
2869 403 2935 456 P.
2962 405 3042 461 De
3071 407 3283 469 fructu.
3324 415 3384 473 v.
3423 416 3642 492 Gloria,

215 469 343 525 dine
366 469 697 523 numerari
734 484 865 524 non
895 473 1098 540 potest.
2003 476 2059 529 et
2080 474 2294 540 honor,
2326 484 2435 535 etc.
2465 482 2535 538 P.
2576 469 2843 553 Alleluia,
2883 489 3136 561 alleluia,
3170 469 3427 559 alleluia.

288 557 507 625 Gloria,
541 566 601 612 et
625 557 839 613 honor
876 558 1041 628 Patri,
1062 563 1170 614 etc.
1811 648 1822 655 _
1876 647 1887 655 -
2070 563 2186 655 _Hz'c
2212 568 2405 633 faciat
2433 569 3031 645 Commemorationes,
3062 557 3130 636 ut
3154 585 3217 639 in
3244 588 3355 655 fot.
3384 557 3478 646 94.

284 647 367 701 Ad
400 646 1641 720 Matutinarium.Antip/zona.Praeceptum
1654 647 1890 704 Domini
2071 651 2134 706 In
2155 654 2402 711 nomine
2428 659 2662 715 Domini
2687 665 2875 721 nostri
2894 667 3030 722 Jesu
3043 646 3253 729 Christi
3261 676 3642 746 perﬁciamus

218 735 510 791 lucidum.
554 735 629 790 P.
677 734 1038 791 llluminans
1068 736 1294 793 oculos.
1322 737 1385 798 ἢν.
1418 737 1620 794 Timor
1657 738 1891 794 Domini
2000 752 2139 795 cum
2182 756 2351 811 pace.
2378 755 2441 814 1p.
2466 748 2583 804 Deo
2605 751 2849 819 gratias.

216 828 483 888 sanctus,
506 826 839 895 permanet
863 824 924 879 in
969 825 1255 881 saeculum
1282 826 1501 882 saeculi.
1543 828 1622 884 P.
1675 826 1891 882 lllumi—
2634 839 2722 894 Ad
2747 845 3005 901 tertiam.

216 930 371 969 nans
400 911 641 970 oculos.
673 911 738 973 ἲν.
767 913 983 977 Gloria,
1037 918 1094 972 et
1134 915 1346 971 honor.
1387 916 1459 971 P.
1519 915 1889 972 Illumimans
2016 1002 2034 1009 Α
2071 915 2419 1009 ξ’νοῃήειὶα.
2448 922 2571 989 Fili,
2604 925 2847 986 Custodi
2877 947 3187 992 sermones
3212 953 3404 997 meos.
3442 942 3648 1009 Quaere

214 1002 457 1060 oculos.
1996 1002 2113 1070 fol.
2156 1009 2241 1062 96.

282 1090 528 1147 Lauda.
562 1090 636 1145 1n
668 1090 896 1147 sanctis
935 1091 1064 1160 ejus
1086 1089 1325 1147 laudate
1355 1092 1669 1147 Dominum
1698 1114 1708 1144 :
1733 1091 1891 1189 Alle-
2005 1181 2032 1189 Α
2071 1094 2421 1163 Antz'p/zona
2455 1100 2503 1155 1.
2545 1102 2735 1159 Virtus
2774 1122 2931 1173 mea,
2972 1111 3239 1179 Domine,
3290 1116 3542 1189 diligam
3594 1125 3648 1178 te

208 1179 357 1247 luia,
391 1177 666 1235 alleluia.
700 1179 767 1233 P.
799 1183 864 1234 In
891 1179 1275 1236 ﬁrmamento
1309 1181 1537 1237 virtutis
1562 1186 1712 1253 ejus.
1740 1180 1889 1236 Alle-
1998 1181 2445 1276 ﬁrmamentum
2476 1205 2689 1276 meum.
2714 1195 2981 1253 Psalmus
3010 1217 3148 1271 xvu,
3176 1177 3362 1276 usque
3389 1177 3457 1263 ἐι
3477 1177 3646 1265 ι’θιτὶξ

207 1267 362 1324 luia.
406 1268 701 1323 Psalmus
727 1283 810 1321 CL.
1996 1269 2126 1325 buit
2146 1271 2289 1327 mihi
2319 1275 2626 1333 Dominus.

276 1356 644 1421 Prophetia,
687 1355 813 1427 Fili,
851 1355 1013 1412 Habe
1038 1356 1347 1413 ﬁduciam.
1370 1358 1482 1427 fol.
1512 1357 1598 1412 95.
2070 1359 2295 1415 Oratio.
2321 1362 2636 1432 Refugium
2649 1372 3291 1446 nostrum,Domine,in
3306 1387 3473 1437 tuum
3492 1397 3645 1441 sem-

904 1464 1123 1533 Hymm
1132 1479 1217 1519 us.
1998 1460 2102 1517 per
2114 1446 2473 1505 collocemus
2492 1452 2799 1511 arbitrium
2816 1474 2829 1511 :
2846 1464 2908 1514 ut
2926 1475 3036 1516 nec
3049 1464 3308 1535 scopulis
3324 1467 3642 1537 alidamur,

1994 1538 2365 1594 nec'tumenti
2374 1556 2474 1596 um
2488 1544 2936 1604 mundanorum
2952 1549 3254 1625 ﬂuctibus;
3273 1557 3378 1611 sed
3396 1557 3459 1613 in
3469 1574 3646 1614 cunc-

1994 1623 2066 1679 tis
2092 1625 2379 1715 adversis,
2406 1628 2662 1689 dexterae
2691 1638 2808 1690 tuae
2835 1639 3178 1697 fortitudine
3206 1623 3438 1715 protegi
3460 1662 3648 1703 mere-

1920 1726 1966 1783 Β
1996 1727 2216 1781 amur;
2275 1714 2593 1786 disciplina
2654 1722 2757 1777 tua
2812 1722 3139 1783 doceamur
3171 1747 3183 1797 ;
3210 1714 3497 1789 doctrina
3543 1738 3650 1792 tua

1995 1801 2330 1872 dirigamur
2353 1823 2366 1873 ;
2390 1810 2445 1862 et
2474 1806 2856 1867 incrementis
2868 1814 3275 1885 spiritualibus
3305 1820 3643 1879 dilatemur:

1996 1893 2377 1950 Famulatum
2423 1895 2565 1953 ﬁdei
2611 1898 2716 1955 tibi
2752 1902 3007 1960 Domino
3037 1904 3477 1977 inpendamus:
3518 1914 3649 1967 uta

1996 1985 2051 2035 te
2070 1980 2272 2050 gloria;
2294 1998 2580 2041 coronam
2609 1986 2673 2044 in
2699 1993 3177 2050 remuneratione
3194 1997 3497 2070 percipere
3530 2014 3651 2055 me-

430 1568 596 1624 Deus
623 1571 794 1640 pater
827 1568 1091 1639 ingenito

358 1659 427 1712 Et
445 1656 555 1711 Fili
582 1656 908 1727 unigenite,

359 1747 528 1811 Quos
562 1745 863 1801 Trinitatis
895 1746 1093 1802 unitas

360 1836 584 1891 Sancto
614 1838 935 1890 connectat
960 1834 1219 1906 Spiritui.

434 1924 509 1977 Te
528 1921 759 1979 frustra
792 1921 993 1976 nullus
1019 1922 1279 1994 invocat,

368 2013 479 2065 Nec
507 2010 699 2066 cassis
722 2023 1020 2081 umquam
1050 2011 1303 2069 vocibus
2000 2010 2051 2035 ιο
2070 2010 2272 2050 siuna:
2294 2010 2453 2040 υυι-υι

376 2103 614 2128 Am-..“
646 2097 727 2128 tu:
764 2097 1006 2128 i..m:..:..
1998 2083 2262 2126 reamur.
2314 2083 2383 2128 Rt.
2408 2076 2453 2128 A

366 2103 614 2155 Amator
646 2097 732 2154 tui
761 2097 1007 2153 luminis
1998 2083 2262 2126 reamur-
2314 2083 2383 2141 BI-
2408 2083 2619 2132 Amen.

363 2186 472 2251 Ad,
505 2187 730 2243 emtum
756 2186 959 2243 vultus
984 2187 1173 2257 erigit.

437 2279 501 2300 De
533 2280 594 2300 ι.-
634 2275 1034 2300 -.-,...ε......ι,....
1087 2280 1239 2300 n---..

2070 2157 2178 2213 Per
2200 2159 2696 2220 misericordiam.

2070 2248 2410 2300 Antio/zona
2432 2254 2485 2300 2.
2535 2252 2814 2300 Lamiam:
2829 2255 3127 2300 invnnnhn
3144 2262 3310 2300 nnmi

437 2248 503 2331 ει
533 2280 600 2332 ω
634 2248 1265 2348 suspirantemjeus’
2004 2332 2013 2341 '
2068 2248 2410 2348 Antiphonti
2432 2254 2485 2304 2.
2534 2252 2814 2348 haudans
2829 2255 3127 2348 invocabo
3141 2262 3651 2322 Dominumzetab

1998 2332 2255 2391 inimicis
2285 2337 2434 2393 meis
2472 2338 2672 2396 salvus
2691 2358 2809 2399 ero.
2836 2344 3339 2409 Psalmusxvu.Et
3358 2353 3647 2420 retribuit,

2000 2436 2183 2493 usque
2215 2426 2388 2491 Deus,
2432 2428 2538 2499 qui
2564 2430 2893 2500 praecinxit.

2074 2512 2295 2569 Oratio.
2324 2514 2594 2583 Domine,
2620 2516 3071 2579 ﬁrmamentum
3097 2530 3391 2599 nostrum,
3414 2532 3471 2585 et
3497 2529 3645 2585 refu-

2000 2598 2168 2668 gium
2184 2605 2482 2670 nostrum,
2497 2603 2571 2659 de
2589 2607 2906 2664 tentatione
2925 2625 3036 2667 nos
3050 2613 3227 2684 eripe:
3248 2615 3327 2672 da
3337 2598 3647 2688 protectio-

2000 2701 2140 2777 nem
2170 2688 2508 2777 salutistuaa
2535 2712 2547 2760 ;
2576 2698 2630 2749 et
2649 2693 2898 2753 dextera
2918 2701 3022 2755 tua
3059 2702 3229 2770 102
3260 2718 3375 2759 nos
3417 2706 3653 2777 suscipe

2000 2782 2054 2830 et
2070 2774 2380 2847 disciplina
2404 2782 2505 2834 tua
2534 2794 2645 2835 nos
2685 2781 2884 2852 edoce,
2909 2790 2969 2840 et
3014 2786 3465 2846 immaculatam
3489 2774 3651 2849 viam

2002 2868 2293 2930 nostram,
2316 2866 2620 2937 vitamque
2633 2869 2921 2927 constitue
2951 2879 3039 2929 :et
3060 2875 3201 2945 quia
3213 2879 3277 2931 tu
3306 2880 3649 2935 sanctusin-

2004 2951 2233 3007 Sanctis
2262 2968 2324 3007 es
2348 2970 2365 3023 ;
2399 2969 2510 3009 nos
2535 2970 2777 3029 quoque
2818 2957 2921 3014 tibi
2964 2960 3277 3020 collatione
3316 2966 3651 3025 sanctitatis

1925 3077 1970 3134 c
2002 3039 2254 3095 associa.
2278 3041 2640 3111 ReSpondeat
2668 3043 2909 3102 Chorus.
2941 3052 3151 3106 Amen.

2076 3129 2179 3183 Per
2203 3128 2679 3187 misericordiam
2704 3137 2890 3191 tuam.

2073 3218 2448 3287 Anta‘phona.
2484 3223 2535 3274 3.
2562 3220 2704 3285 Quis
2726 3224 2879 3279 Deus
2908 3230 3121 3297 praeter
3146 3229 3334 3285 Deum
3348 3234 3655 3289 nostrum?

2003 3311 2107 3362 aut
2134 3307 2269 3378 quis
2299 3309 2454 3363 Deus
2476 3314 2690 3380 praeter
2721 3312 3043 3371 Dominum
3063 3317 3090 3372 τί
3109 3318 3325 3374 Psalm.
3365 3337 3501 3377 xvn.
3526 3323 3653 3380 Rei-

2003 3401 2247 3451 teretur.
2282 3397 2643 3467 Antiphona.
2687 3400 2825 3465 Quis
2851 3404 3030 3460 Deus.

2076 3485 2367 3542 Dominus
2388 3486 2461 3542 sit
2492 3503 2729 3561 semper
2757 3490 3104 3550 vobiscum.
3145 3508 3216 3565 Βι.
3246 3500 3315 3555 Et
3342 3514 3501 3556 cum.

232 3542 330 3612 fol.
372 3545 472 3598 96.

2081 3584 2143 3643 [ιν.
2171 3574 2450 3642 Audiam,
2480 3577 2748 3647 Domine,
2785 3596 2992 3639 vocem
3024 3583 3223 3641 laudis
3251 3591 3389 3643 tum.

300 3648 618 3719 Capitula.
638 3646 758 3703 Lex
788 3654 890 3702 tua
908 3644 1256 3702 indeﬁciens
1272 3661 1348 3737 ac
1366 3644 1896 3737 irreprehensibilis
2076 3665 2138 3717 Ρ,
2178 3666 2241 3719 Et
2272 3679 2544 3721 enarrem
2574 3644 2855 3727 universa
2885 3671 3182 3731 mirabilia
3204 3678 3333 3733 tua,
3366 3676 3427 3737 ν,
3463 3677 3659 3735 Domi-

235 3742 549 3795 convertat
572 3736 812 3792 animas
832 3740 1071 3791 nostras
1105 3755 1116 3793 :
1153 3740 1209 3790 et
1224 3735 1629 3791 testimonium
1651 3734 1897 3827 tuumﬁ-
2004 3764 2103 3822 ne,
2126 3751 2597 3811 dilexidecorem
2616 3757 2833 3815 domus
2855 3764 2988 3827 ωδε,
3022 3766 3078 3818 ει
3105 3763 3308 3821 locum
3345 3765 3661 3826 habitatio-

233 3827 360 3883 dele
384 3823 1898 3926 ρι’ωειθιρθτνιμίεεξλιρίθηιίειωτιυξτεςιξιοᾳυερυειί·
2004 3842 2099 3897 nis
2138 3840 2338 3912 gloriae
2365 3847 2500 3909 tuae,
2539 3847 2604 3901 P.
2638 3849 2702 3903 Et
2724 3823 3017 3911 enarrem.
3040 3851 3099 3911 ir.
3136 3853 3348 3919 Gloria,
3378 3823 3658 3926 ethonor,

232 3916 325 3974 tim
357 3915 553 3973 corda
581 3919 790 3971 nostra
819 3913 1137 3979 laetiﬁcent,
1167 3928 1278 3968 nec
1298 3913 1641 3969 contristent
1668 3929 1679 3967 :
1715 3917 1897 3968 tuum-

2009 3938 2117 3989 etc.
2150 3933 2494 3990 Reiteretur.
2526 3945 2586 3996 R3.

228 4021 345 4077 qua
380 4010 757 4077 ΡνωοθΡίυω
800 4000 1007 4058 οουῙοε
1064 4001 1358 4058 mentium
1394 4004 1737 4067 nostrarum
1772 4000 1900 4056 illu‘
2076 4020 2307 4079 Lauda.
2334 4021 2603 4092 Alleluia,
2623 4024 2881 4083 alleluia.
2915 4028 3121 4085 Salvos
3136 4047 3250 4088 nos
3276 4033 3390 4101 fac,
3411 4036 3661 4093 Domine

229 4094 437 4151 minet.
968 4178 981 4193 ‘
1434 4180 1471 4193 Λ
1669 4179 1693 4193 Β
1734 4180 1747 4193 1
1792 4180 1845 4193 Μ
2012 4112 2164 4165 Deus
2185 4114 2403 4166 noster.
2444 4111 2714 4182 Alleluia,
2740 4114 2997 4173 alleluia.
3034 4117 3096 4175 γ.
3132 4122 3198 4176 Et
3227 4094 3528 4193 congrega
3551 4138 3664 4181 nos

300 4184 477 4240 Pater
520 4185 751 4238 n08ter.
781 4182 829 4233 Α
864 4178 1025 4237 malo
1046 4195 1158 4236 1108
1188 4178 1396 4237 libera.
1426 4180 1631 4248 Οακνϐ
1653 4179 1874 4249 Γοιμιο.
2010 4199 2083 4254 de
2124 4198 2421 4269 gentibus.
2441 4200 2513 4255 P.
2546 4178 2814 4267 Alleluia,
2844 4203 3098 4264 alleluia.
3134 4206 3193 4266 Ψ.
3222 4178 3531 4281 (ἱΙοιθῖδ,υέί
3552 4178 3664 4270 lio;

313 4289 540 4345 Lauda.
572 4286 733 4343 Odor
767 4289 1118 4342 Sanctorum
1156 4290 1423 4342 tuorum.
1457 4285 1526 4352 Ρ,
1552 4284 1717 4342 Sicut
1754 4284 1903 4342 odor
2011 4301 2139 4351 nor,
2183 4288 2376 4343 etc.P.
2411 4287 2675 4354 Alleluia,
2709 4289 2969 4350 alleluia.

359 2365 462 2421 Vel
489 2371 635 2421 vota
662 2364 1153 2437 supplicantium,

359 2455 465 2511 Vel
492 2455 685 2511 corda
715 2454 1149 2525 conﬁtentium,

362 2546 615 2614 Semper
634 2542 937 2613 benignus
960 2543 1181 2615 aspice.

433 2636 556 2689 Nos
578 2632 730 2687 lucis
758 2636 924 2687 ortus
946 2631 1251 2699 admonet,

365 2725 577 2781 Grates
595 2720 827 2777 deferre
849 2720 1083 2777 debitas
1101 2741 1117 2792 ;

359 2811 619 2883 Tibique
639 2808 852 2866 laudes
881 2809 1098 2873 dicere,

362 2898 545 2966 Quod
570 2914 692 2954 nox
721 2896 986 2953 obscura
1012 2898 1299 2970 praeterit.

444 2987 621 3043 Diem
642 3001 966 3058 precamur
992 2987 1224 3042 bonum
1252 3004 1266 3052 ;

366 3080 437 3133 Et
460 3081 723 3139 nostros,
761 3074 1051 3142 Salvator,
1085 3080 1253 3132 actus

372 3164 729 3223 Sinceritate
766 3164 993 3235 perpeti

365 3256 508 3312 Pius
539 3253 805 3323 benigne
830 3253 1111 3310 instruas.

443 3345 568 3399 Deo
596 3343 755 3415 patri
786 3343 863 3398 sit
893 3342 1103 3411 gloria,
1136 3345 1245 3398 etc.

297 3450 955 3523 Supplicatioﬂremus
972 3449 1433 3520 Redemptorem
1448 3447 1680 3507 mundi.
1691 3448 1897 3517 Quaere

232 4374 777 4441 Libani.Alleluia,
821 4374 1079 4439 alleluia,
1116 4374 1371 4431 alleluia.
1438 4373 1499 4433 if.
1545 4373 1790 4431 Plantati
1842 4374 1903 4429 in
1937 4429 1978 4451 η
2085 4377 2543 4435 Preces.Averte
2569 4379 2720 4436 iram
2740 4384 2902 4437 tuam
2932 4399 2966 4439 a
2992 4384 3258 4451 nobis,P.
3285 4388 3665 4446 Etmiserere.

228 4429 1012 4529 dom—o—Dominipinatriis
1033 4429 1262 4518 domus
1292 4429 1393 4518 Dei
1408 4429 1623 4518 nostri.
1646 4429 1906 4519 P.vSicut
1936 4429 1979 4483 Β
2018 4464 2076 4524 r.
2102 4464 2269 4523 Adsit
2297 4467 2562 4537 potentia
2611 4472 2728 4539 tua,
2764 4470 3032 4529 Domine.
3062 4474 3121 4531 P.
3154 4429 3220 4531 ἐι
3264 4476 3564 4534 miserere.
3601 4478 3662 4538 if.

226 4555 405 4612 odor.
441 4554 506 4615 ἢν.
543 4552 761 4619 Gloria,
802 4555 860 4607 et
894 4552 1089 4608 honor
1136 4550 1313 4616 Patri,
1351 4555 1459 4607 etc.
1501 4552 1577 4607 P.
1632 4550 1900 4618 Alleluia,
2018 4554 2268 4609 Benedic
2289 4555 2602 4613 hereditati
2625 4562 2762 4625 tuae,
2792 4560 3062 4620 Domine.
3094 4564 3150 4617 P.
3176 4566 3243 4621 Et
3268 4566 3570 4623 miserere.
3603 4566 3666 4626 V.

226 4643 498 4708 alleluia,
538 4640 795 4698 alleluia.
2023 4642 2293 4700 Concede
2318 4659 2530 4716 pacem
2568 4647 2837 4705 Ecclesiae
2870 4654 3004 4708 tuae.
3032 4653 3091 4707 P.
3136 4655 3203 4709 Et
3261 4654 3564 4711 miserere.
3607 4654 3675 4730 ιιν,

297 4735 451 4790 Alia
471 4731 720 4788 Lauda.
750 4732 1100 4798 Sanctuses,
1122 4729 1456 4801 Domine,et
1471 4730 1531 4785 in
1552 4729 1781 4787 Sanctis
1803 4729 1907 4785 ha-
2023 4732 2242 4789 Delicta
2266 4733 2417 4801 dele,
2447 4736 2688 4792 veniam
2730 4740 2992 4796 concede
3026 4741 3283 4798 Domine.
3318 4743 3375 4797 P.
3401 4746 3464 4800 Et
3498 4729 3671 4800 miseé

222 4823 421 4880 bitas.
441 4820 724 4877 Alleluia.
757 4820 823 4874 P.
844 4821 912 4875 Et
940 4835 1080 4875 cum
1104 4819 1331 4876 Sanctis
1353 4818 1457 4875 tibi
1486 4834 1723 4891 semper
1749 4818 1905 4875 laus.
2023 4836 2169 4877 rere.
2191 4824 2546 4881 Beiteretur.
2577 4826 2781 4883 Averte
2814 4828 3082 4885 Domine.

225 4912 516 4977 Alleluia,
537 4909 802 4974 alleluia,
836 4907 1095 4965 alleluia.
1134 4908 1193 4969 ir.
1221 4908 1517 4974 Quoniam
1533 4922 1791 4978 magnus
1804 4909 1913 4965 Do.
2095 4911 2494 4981 Supplicatz’o.
2511 4914 2759 4971 Oremus
2779 4917 3675 4994 Redemptorem.fol.96.Kyrie,

226 5004 461 5074 minus,
496 5005 557 5057 et
602 4997 959 5056 laudabilis.
1002 4999 1068 5053 P.
1100 5000 1329 5083 Etcum
1376 4998 1622 5054 Sanctis.
1656 4998 1723 5058 IV.
1786 4998 1913 5055 Glo-
2024 4999 2269 5056 eleison.
2320 5013 2383 5069 R'.
2418 5002 2661 5067 Christe,
2698 5004 2939 5076 eleison,
2972 5008 3175 5080 Kyrie,
3202 5009 3445 5068 eleison.

224 5094 340 5159 ria,
377 5098 437 5149 et
469 5092 691 5157 honor,
722 5093 837 5145 etc.
869 5089 920 5143 Ρ
972 5086 1237 5153 Alleluia,
1268 5086 1523 5157 alleluia,
1558 5086 1813 5144 alleluia.

2099 5090 2403 5162 Capztula.
2428 5093 2729 5149 Fortitudo
2760 5104 2967 5154 nostra
2996 5098 3246 5156 Domine
3284 5101 3448 5158 dona
3486 5101 3677 5167 nobis,

302 5180 681 5240 Benedictio.
704 5178 1000 5233 Dominus
1016 5191 1127 5231 nos
1141 5191 1249 5232 sua
1262 5175 1689 5232 benedictione.
1711 5178 1918 5245 Quaere
2029 5179 2407 5237 dilectionem
2421 5182 2505 5237 tui
2523 5183 2783 5239 nominis
2800 5188 3079 5258 perpetim
3096 5189 3683 5261 possiderezdignare

226 5273 343 5343 χὀι,
382 5274 511 5328 100,
2034 5286 2161 5325 esse
2176 5277 2376 5326 nostra
2390 5278 2595 5329 contra
2608 5273 3000 5333 adversantes
3013 5279 3222 5348 virtus;
3236 5280 3684 5337 ﬁrmamentum

298 5363 517 5419 Lauda
533 5360 620 5418 ad
632 5360 895 5429 fontem.
914 5355 1133 5426 Rigans
1153 5360 1404 5421 montes,
1423 5356 1496 5410 de
1512 5356 1916 5427 superioribus
2039 5364 2246 5414 contra
2271 5361 2721 5432 impugnantes;
2745 5363 3029 5422 liberator
3058 5373 3266 5424 contra
3293 5368 3682 5441 captivantes:

226 5454 368 5510 tuis.
399 5450 684 5509 Alleluia.
720 5448 785 5504 P.
818 5446 900 5500 De
936 5442 1134 5499 fructu
1154 5450 1258 5501 tuo
1284 5443 1609 5517 replebitur
1628 5450 1800 5501 terra.
1829 5445 1921 5501 ΑΙ-
2033 5446 2229 5503 uttuis
2248 5450 3303 5525 extotodefensaculiscircumcincti,
3328 5458 3412 5513 sic
3438 5456 3689 5511 adversa

219 5543 439 5615 leluia,
471 5539 749 5603 alleluia,
773 5532 1042 5592 alleluia.
1074 5533 1134 5593 ir.
1164 5535 1465 5600 Quoniam
1495 5535 1787 5606 percussit
1823 5551 1920 5609 pe—
2038 5537 2252 5594 mundi
2282 5553 2453 5596 mens
2476 5544 2681 5598 nostra
2701 5558 2822 5600 non
2854 5550 3096 5612 metuat,
3130 5550 3194 5602 ut
3222 5550 3279 5602 et
3306 5542 3533 5687 blanda
3564 5556 3687 5597 non

534 5631 785 5685 PATROL.
832 5621 1127 5679 LXXXVI.

534 5631 785 5685 PATROL.
832 5631 1127 5679 ωυςλνι.
