4160 6404
212 254 304 317 ’Ἀῒν

248 483 371 542 xisti
393 481 471 538 de
509 484 684 539 terra
716 481 969 555 Egypti
996 481 1056 537 in
1078 481 1288 539 virtute
1310 488 1417 542 tua
1444 499 1688 557 magna,
1716 488 1771 541 et
1794 485 1928 542 bra-

264 575 381 634 chio
404 577 515 629 tuo
538 575 819 628 extento.

324 662 538 726 Gloria,
569 666 630 717 et
666 661 879 718 honor
902 661 1077 727 Patri,
1118 664 1235 719 etc.

322 753 407 809 Ad
420 750 912 809 Matutinarium
922 751 1381 821 .AntiphonaJn
1394 754 1494 810 tuo
1513 754 1668 809 Deus
1680 752 1925 809 lumine.

261 847 317 900 P.
351 841 707 899 Videbimus
749 840 981 896 lumen.
1036 840 1096 899 ὴ.
1153 840 1407 898 Ostende
1456 842 1930 900 misericordiam

261 938 403 991 tuam
428 930 769 988 scientibus
790 933 874 995 te;
905 933 963 986 et
986 930 1281 1000 justitiam
1313 934 1483 988 tuam
1501 931 1597 998 iis,
1636 932 1742 1004 qui
1768 935 1929 988 recto

260 1026 391 1079 sunt
402 1019 590 1077 corde
603 1061 618 1075 .
642 1021 724 1076 P.
740 1018 1091 1074 Videbimus
1106 1018 1381 1080 lumenJl’
1392 1063 1405 1077 .
1433 1020 1646 1092 Gloria,
1658 1024 1716 1077 et
1735 1021 1930 1077 honor

258 1111 498 1173 Patri,et
515 1107 1610 1178 Filio,etc.Reiteretur.AntiphonaJn
1622 1112 1725 1166 tuo
1739 1111 1916 1165 Deus.

324 1198 557 1255 Lauda.
592 1196 861 1253 Laudato
915 1197 1238 1252 Dominum
1260 1198 1322 1253 in
1360 1199 1580 1254 sanctis
1605 1199 1757 1269 ejus,
1780 1197 1922 1254 Alle-

248 1288 387 1351 luia,
418 1285 688 1347 alleluia,
714 1284 989 1341 alleluia:
1017 1284 1259 1342 laudate
1290 1301 1429 1343 eum
1452 1287 1512 1344 in
1544 1287 1927 1345 ﬁrmamento

250 1376 481 1433 virtutis
514 1375 672 1446 ejus.
707 1373 977 1430 Alleluia.
1013 1374 1231 1431 Psalm.
1261 1391 1349 1431 CL.

310 1464 669 1535 Prophetia.
702 1463 829 1531 Fili,
862 1462 1027 1520 Habe
1056 1462 1366 1521 ﬁduciam.
1397 1465 1652 1537 Require
1692 1466 1799 1535 fol.
1835 1469 1923 1521 95-

944 1570 1234 1641 Hymnus.

506 1683 572 1734 In
603 1677 918 1734 matutinis
950 1678 1251 1748 surgimus

428 1768 777 1825 Reddentes
805 1765 1019 1823 laudes
1039 1766 1298 1833 debitas,

436 1861 581 1920 Deo,
614 1856 885 1928 Jesuque
916 1856 1171 1912 Domino

436 1950 501 2002 In
522 1945 821 2002 unitatem
846 1944 1071 2015 gloriae.

507 2038 874 2092 Sanctorum
908 2033 1093 2089 choro
1119 2033 1462 2107 psallimus.

328 2188 333 2201 ,
436 2124 713 2181 Cervices
752 2126 993 2179 nostras
1024 2122 1341 2189 ﬂectimus,

434 2217 505 2270 Ft
544 2228 750 2284 genua
773 2212 1232 2283 prosternimus.

430 2305 691 2358 Peccata
719 2305 927 2357 nostra
948 2301 1292 2373 pandimus,

509 2392 773 2447 Oremus
807 2393 995 2446 Deum
1019 2390 1254 2462 jugiter,

435 2480 768 2536 Vincamus
799 2478 861 2535 in
885 2478 1051 2535 bono
1082 2478 1313 2535 malum

432 2568 587 2624 Cum
620 2567 826 2624 fructu
854 2566 1239 2639 poenitentiae,

432 2657 662 2713 Votum
691 2671 954 2729 perenne
984 2655 1258 2713 reddere.

510 2746 820 2802 Christum
844 2760 1149 2815 rogemus,
1191 2749 1248 2803 et
1284 2746 1535 2814 Patrem,

439 2835 665 2891 Christi
693 2834 999 2907 Patrisque
1038 2834 1320 2908 Spiritum
1346 2856 1357 2906 ;

436 2927 509 2983 Ut
540 2923 646 2982 det
675 2923 855 2980 nobis
888 2924 1195 2991 auxilium,

436 3016 507 3069 Et
532 3012 789 3087 repellat
816 3012 1053 3069 hostem
1082 3012 1440 3073 individum.

514 3104 639 3159 Deo
672 3101 834 3159 Patri
865 3101 937 3157 sit
967 3101 1175 3172 gloria,
1207 3107 1320 3159 etc.

322 3210 737 3282 Supplicatio.
770 3210 1022 3266 Oremus
1067 3209 1525 3284 Redemptorem
1557 3212 1786 3271 mundi.
1821 3213 1927 3271 Re-
1956 3200 2006 3265 G

257 3302 421 3371 quire
436 3301 556 3370 fol.
596 3302 686 3357 96.

323 3408 644 3477 Capitula.
682 3406 1046 3476 Deus,cujus
1074 3404 1321 3463 arbitrio
1354 3407 1596 3466 condita
1637 3413 1778 3467 sunt
1802 3426 1929 3467 om-

249 3496 635 3567 nia,veritate
664 3495 999 3551 subsistunt
1019 3496 1570 3563 manentia,coelum
1594 3500 1930 3558 continetur

249 3592 305 3643 et
325 3594 488 3643 terra
512 3604 526 3653 ;
554 3583 1034 3641 misericordiam
1046 3587 1209 3641 tuam
1230 3601 1535 3656 rogamus,
1564 3605 1770 3646 coram
1791 3606 1930 3647 ocu-

246 3675 317 3731 lis
346 3674 575 3733 nostris
608 3673 934 3746 praetende,
961 3689 1037 3731 ne
1066 3689 1361 3732 asummo
1374 3675 1538 3734 bono
1569 3682 1802 3736 tumore
1831 3680 1930 3737 de-

241 3766 539 3836 jiciamur
568 3763 870 3835 superbiae
902 3779 915 3818 :
948 3778 1185 3836 semper
1227 3764 1577 3823 humilitatis
1614 3768 1809 3838 gradu
1852 3770 1931 3827 ad

248 3854 475 3911 coelum
501 3868 851 3909 mereamur
877 3853 1279 3910 conscendere
1312 3871 1325 3910 :
1360 3860 1414 3912 et
1440 3856 1577 3928 quia
1618 3861 1683 3913 tu
1713 3859 1848 3915 fons
1877 3862 1933 3917 et

248 3945 383 4000 vitae
406 3942 633 4008 ﬂuens,
679 3957 752 3998 ex
803 3946 859 3998 te
903 3942 1261 4000 hauriamus
1296 3944 1465 4016 quod
1514 3945 1634 4002 ﬁde
1675 3947 1928 4015 sitimus,

258 4031 440 4105 104
458 4035 518 4088 et
546 4031 612 4086 in
628 4034 731 4087 tuo
747 4030 975 4087 lumine
992 4030 1221 4089 lumine
1242 4032 1505 4090 scientiae
1526 4033 1933 4105 luceamus,ac

244 4122 503 4193 justitiae
519 4119 775 4177 fructum
788 4119 1134 4192 sempiterna
1164 4122 1227 4178 in
1241 4122 1601 4181 exaltatione
1639 4130 1927 4183 metamus.

324 4211 507 4267 Pater
545 4212 774 4266 noster.
806 4212 855 4265 A
884 4208 1050 4266 malo
1079 4225 1192 4268 nos
1218 4210 1423 4271 libera.
1452 4213 1709 4285 Require
1722 4215 1928 4284 fol.lO.

327 4318 566 4375 Lauda.
592 4317 659 4373 In
691 4317 921 4374 Sanctis
936 4316 1358 4390 tuis,Domine,
1378 4336 1589 4378 omnes
1615 4322 1888 4381 dicamus
1914 4340 1926 4381 :

250 4408 477 4472 Gloria,
510 4410 570 4463 et
594 4406 811 4463 honor.
844 4408 904 4462 P.
941 4406 1049 4463 Ubi
1087 4412 1225 4465 sunt
1262 4409 1540 4482 repositae
1573 4414 1929 4470 Sanctorum

245 4495 551 4570 reliquiae.
578 4495 853 4566 Alleluia,
877 4494 1136 4564 alleluia,
1166 4496 1421 4555 alleluia.
1471 4499 1533 4561 ἣν.
1572 4501 1934 4560 Exaltabunt

246 4587 313 4643 in
344 4584 547 4659 gloria
591 4600 605 4639 :
647 4588 705 4641 et
728 4584 1098 4643 laetabuntur
1127 4586 1190 4642 in
1233 4586 1534 4645 cubilibus
1560 4590 1700 4648 suis.
1729 4591 1787 4647 P.
1824 4592 1931 4650 Ubi

252 4681 401 4733 sunt
430 4673 745 4747 repositae.

327 4766 478 4822 Alia
510 4765 747 4822 Lauda.
775 4767 899 4820 Vox
941 4764 1179 4828 laetitiae,
1208 4768 1264 4822 et
1293 4767 1517 4824 salutis.
1563 4769 1829 4829 Alleluia.
1871 4775 1930 4829 P.

254 4858 323 4911 In
376 4853 792 4911 tabernaculis
839 4854 1175 4925 justorum.
1235 4855 1500 4923 Alleluia,
1557 4858 1813 4917 alleluia.
1868 4860 1930 4922 νγ.

256 4943 520 5000 Dextera
570 4942 810 4999 Domini
861 4942 1001 4999 fecit
1048 4942 1348 5016 virtutem,
1403 4945 1645 5005 dextera
1700 4950 1935 5007 Domini

254 5032 549 5090 exaltavit
579 5047 697 5089 me.
742 5034 803 5088 P.
838 5035 903 5088 In
930 5031 1358 5092 tabernaculis.
1388 5034 1433 5098 ιζ’
1462 5035 1677 5106 Gloria,
1731 5042 1788 5096 et
1831 5040 1939 5097 ho-

256 5138 375 5180 nor
394 5120 573 5189 Patri,
605 5125 720 5179 etc.
750 5124 813 5177 P.
846 5125 913 5178 ln
943 5121 1365 5180 tabernaculis.

1311 262 1527 321 FERIA
1563 266 1612 325 V
1646 264 1825 324 POST
1864 263 2219 328 OCTAVAM
2257 270 2677 335 EPIPHANLE.

292 393 357 448 Et
376 389 486 448 hic
512 390 813 464 populus
846 395 1016 460 tuus,
1046 393 1101 448 et
1128 392 1392 464 operatio
1412 397 1533 461 tua,
1558 396 1579 415 '
1610 409 1763 467 quos
1785 394 1927 450 edu-
1965 391 2015 448 A
2043 394 2128 450 vit
2153 394 2369 455 fontes.
2408 401 2679 469 Alleluia,
2720 404 2976 474 alleluia,
3013 411 3267 474 alleluia.

3594 300 3705 361 eos

3296 418 3364 479 il.
3405 422 3702 489 Quoniam

2041 488 2334 576 percussit
2352 494 2604 562 petram,
2634 496 2693 549 et
2719 492 3021 555 ﬂuxerunt
3076 517 3270 576 aquae,
3309 511 3369 565 et
3412 488 3701 574 torrentes

2040 571 2624 668 inundaveruntzP.
2652 582 2879 640 Sitienti
2909 571 3156 660 populo:
3180 593 3487 668 V.Gloria,
3515 571 3574 661 et

2040 674 2169 732 nor,
2199 667 2307 720 etc.
2340 666 2412 721 P.
2438 667 2665 727 Sitienti
2692 673 2940 744 populo.

2108 751 2452 851 Prophetia.
2478 756 2599 824 Fili,
2635 760 2875 820 Custodi
2898 780 3206 826 sermones
3229 785 3418 833 meos.
3443 776 3697 851 Require

2035 838 2150 907 fol.
2184 840 2270 896 96.

2111 927 2453 1023 Antiphona
2487 940 2535 993 1.
2566 937 2719 995 Deus
2750 941 2905 998 Deus
2936 949 3135 1004 noster
3150 951 3496 1022 respicenos
3528 968 3543 1023 ;
3571 971 3695 1014 non

2038 1030 2150 1073 nos
2175 1017 2555 1095 derelinquas
2581 1034 2888 1100 sperantes
2911 1034 2972 1089 in
3002 1038 3076 1101 te,
3090 1017 3364 1098 Psalrnus
3391 1043 3491 1099 xxi
3511 1017 3695 1117 usque

2038 1106 2122 1162 Tu
2160 1114 2360 1167 autem
2402 1113 2670 1183 Domine,
2698 1134 2773 1176 ne
2799 1121 3203 1193 elongaberis.

2110 1196 2335 1289 Oratio.
2368 1202 2615 1274 Christe,
2656 1209 2759 1278 qui
2802 1209 2877 1266 de
2920 1214 3193 1283 patibulo
3239 1218 3317 1275 ad
3347 1222 3599 1289 Patrem,
3628 1228 3695 1281 ut

2037 1284 2185 1377 quid
2214 1291 2267 1343 te
2284 1288 2680 1364 dereliquerit,
2716 1297 3067 1359 adclamasti
3096 1319 3109 1371 ;
3131 1306 3236 1377 qui
3262 1309 3444 1366 Cruce
3462 1312 3564 1369 tua
3580 1284 3692 1370 ho-

2040 1372 2257 1473 minem
2287 1384 2531 1449 peccato
2560 1383 2859 1454 perditum
2879 1372 3212 1463 redemisti;
3246 1395 3537 1471 illumque
3557 1415 3691 1473 pec-

2040 1464 2153 1520 cati
2179 1471 2482 1526 auctorem
2508 1475 2742 1529 aeternis
2773 1492 3050 1537 arsurum
3079 1481 3320 1554 ignibus
3349 1464 3648 1548 tradidi-sti
3672 1508 3687 1546 :

2036 1554 2414 1623 postulamus
2435 1564 2704 1617 sanctam
2742 1564 3119 1625 clementiam
3138 1574 3403 1645 tuam,ut
3423 1592 3556 1643 nos,
3582 1579 3691 1653 qui

2034 1641 2095 1698 in
2124 1646 2179 1699 te
2204 1644 2525 1715 credimus,
2563 1665 2901 1725 numquam
2925 1641 3338 1731 derelinquas;
3373 1680 3483 1722 nec
3505 1641 3687 1725 conﬁ-

2037 1731 2303 1829 dentiam
2333 1740 2600 1795 nostram
2632 1754 2669 1796 a
2697 1745 2802 1798 tua
2843 1745 3062 1803 Deitate
3086 1749 3341 1822 repellas
3375 1770 3388 1809 :
3439 1756 3546 1812 sed
3583 1771 3692 1829 per

1959 1855 1997 1907 Β
2035 1820 2198 1878 diem
2226 1823 2553 1884 clamorem
2591 1832 2864 1888 nostrum
2900 1820 3174 1908 sucipe;
3191 1842 3248 1895 et
3282 1840 3345 1897 in
3368 1846 3541 1900 nocte
3569 1820 3694 1917 pla-

2038 1909 2152 1967 cito
2200 1911 2308 1968 tibi
2357 1913 2650 1974 famulatu
2706 1921 2926 1978 servire
2975 1926 3277 1983 concede:
3335 1909 3694 2005 semperque

2039 1999 2225 2057 corda
2270 2008 2475 2061 nostra
2525 2006 2588 2061 in
2637 2024 2907 2066 amorem
2950 2013 3034 2069 tui
3066 2013 3356 2086 ﬂagantia
3406 1999 3695 2093 spirituali

2041 2090 2369 2158 succende;
2398 2098 2453 2149 et
2474 2095 2725 2165 gratiam
2743 2102 2930 2169 tuam,
2958 2117 3145 2175 quam
3167 2090 3473 2177 peccando
3494 2109 3694 2168 amisi-

2040 2192 2196 2245 mus,
2226 2184 2631 2241 convertendo
2660 2187 2918 2246 restitue.
2954 2201 3020 2261 ἣτ.
3054 2195 3263 2251 Amen.

2112 2267 2221 2325 Per
2244 2269 2716 2332 misericordiam
2742 2280 2927 2335 tuam.

2111 2358 2461 2429 Antiphonti
2477 2366 2532 2420 2.
2551 2364 2642 2420 Ad
2671 2364 3081 2427 defensionem
3112 2375 3387 2432 nostram
3414 2377 3568 2434 Deus
3588 2391 3694 2435 no-

2043 2451 2159 2505 ster
2176 2450 2421 2522 respice.
2450 2452 2723 2511 Psalmus
2753 2472 2875 2515 xxr.

2116 2537 2340 2595 Oratio.
2373 2542 2620 2615 Respice
2650 2545 2712 2600 in
2737 2560 2851 2602 nos
2874 2550 3114 2606 Domine
3141 2554 3293 2609 Deus
3318 2557 3558 2628 noster;
3583 2570 3695 2614 nec

2043 2629 2361 2686 avertendo
2382 2630 2596 2689 faciem
2615 2636 2779 2691 tuam
2797 2652 2833 2693 a
2848 2639 3165 2709 nobis,nos
3186 2642 3564 2715 aliquatenus
3591 2646 3696 2703 de-

2041 2716 2344 2790 relinquas
2379 2737 2392 2775 :
2421 2736 2559 2777 vere
2580 2723 2739 2779 enim
2771 2725 2921 2782 salvi
2949 2729 3191 2802 erimus,
3218 2731 3268 2786 si
3298 2732 3498 2790 vultus
3527 2733 3613 2790 tui
3632 2735 3696 2791 in

2040 2820 2153 2862 nos
2193 2811 2501 2879 aspectum
2549 2815 2930 2879 converteris,
2985 2820 3042 2872 et
3082 2817 3348 2876 hilariter
3385 2822 3603 2878 nostris
3639 2826 3697 2879 te

2039 2893 2362 2952 animabus
2393 2898 2777 2969 conjunxeris
2809 2918 2821 2957 :
2855 2906 2922 2958 ut
2946 2904 3090 2975 quia
3127 2906 3190 2963 in
3212 2910 3274 2965 te
3304 2915 3697 2982 speraverunt

2036 2990 2237 3055 patres
2269 2986 2475 3055 nostri,
2515 2991 2572 3044 et
2614 2988 2767 3045 salvi
2797 2990 2935 3049 facti
2970 2998 3127 3062 sunt,
3172 3011 3284 3054 nos
3326 2996 3695 3057 hereditariae

2035 3076 2130 3132 fac
2163 3089 2371 3131 eorum
2390 3076 2516 3148 spei
2529 3078 2878 3149 succedere;
2902 3086 2958 3139 et
2974 3084 3263 3156 parilitate
3280 3087 3697 3157 horum,reter-

2034 3179 2234 3238 naque
2262 3181 2401 3222 cum
2429 3167 2514 3222 eis
2542 3168 2905 3229 exultatione
2937 3175 3219 3245 gaudere.
3252 3188 3316 3249 Βι.
3349 3182 3562 3237 Amen.

2107 3258 2213 3311 Per
2233 3256 2708 3315 misericordiam
2740 3264 2929 3318 tuam.

2105 3346 2458 3415 Antiphona
2489 3351 2539 3404 3.
2566 3348 2630 3404 In
2660 3349 2861 3407 medio
2886 3353 3158 3411 Ecclesiae
3186 3355 3446 3417 laudabo
3472 3363 3548 3429 te,
3582 3359 3692 3419 Do-

2036 3434 2219 3493 mine.
2241 3435 2514 3492 Psalmus
2542 3454 2663 3493 XXI.
2712 3440 2789 3495 Et
2819 3441 3150 3499 reiteretur.

2110 3534 2175 3594 BI.
2204 3523 2435 3595 Adjuva
2472 3541 2588 3593 me,
2625 3528 2872 3585 Domine
2929 3534 3084 3589 Deus
3112 3548 3325 3592 meus:
3357 3535 3423 3591 P.
3474 3538 3540 3594 Et
3577 3536 3695 3594 sal-

2037 3627 2181 3669 vum
2212 3629 2309 3670 me
2339 3614 2432 3671 fac
2462 3615 2524 3671 in
2556 3619 2659 3674 tua
2686 3618 3115 3680 misericordia.
3146 3622 3208 3685 ν.
3239 3624 3465 3683 lnclina
3489 3627 3565 3683 ad
3596 3643 3693 3683 me

2041 3717 2245 3758 aurem
2274 3707 2460 3772 tuam,
2494 3705 2758 3764 accelera
2776 3710 2843 3765 ut
2870 3709 3090 3783 eripias
3118 3728 3233 3768 me.
3257 3713 3323 3769 P.
3358 3715 3424 3771 Et
3453 3715 3691 3772 salvum

2038 3807 2135 3847 me
2165 3792 2278 3849 fac.
2321 3792 2383 3854 ὴν.
2418 3793 2630 3865 Gloria,
2664 3799 2722 3853 et
2744 3797 2956 3865 honor,
2977 3804 3084 3857 etc.
3120 3802 3450 3860 Reiteretur
3479 3815 3542 3877 13:.

2108 3882 2351 3939 Lauda.
2391 3882 2659 3951 Alleluia,
2701 3886 2956 3955 alleluia,
2994 3889 3253 3961 alleluia,
3278 3893 3535 3960 alleluia,
3558 3893 3697 3953 alle-

2038 3969 2182 4026 luia.
2206 3973 2269 4026 P.
2300 3973 2567 4029 Cantabo
2598 3974 2851 4032 Domino
2877 3978 2936 4033 in
2966 3978 3089 4035 vita
3110 3982 3535 4050 mea,Alleluia,
3557 3983 3696 4041 alle-

2037 4058 2161 4116 luia
2190 4078 2203 4117 :
2236 4059 2298 4119 t'.
2328 4060 2583 4118 Psallam
2613 4063 2733 4119 Deo
2787 4080 2923 4122 meo
2970 4068 3238 4137 quandiu
3278 4085 3398 4125 ero.
3438 4073 3499 4127 P.
3545 4071 3693 4129 ΑΗΘ-

2037 4146 2183 4217 luia,
2206 4147 2462 4215 alleluia,
2504 4149 2758 4209 alleluia.
2807 4152 2852 4213 ῒ
2893 4154 3108 4225 Gloria,
3165 4159 3223 4213 et
3264 4157 3460 4215 honor
3511 4159 3689 4232 Patri,

2039 4239 2150 4294 etc.
2191 4236 2257 4292 P.
2291 4238 2557 4294 Cantabo
2597 4240 2872 4299 Domino.

2107 4325 2332 4383 Preces.
2357 4326 2608 4384 Domine
2622 4329 2653 4383 J
2658 4344 2766 4385 esu
2787 4329 3032 4402 Christe,
3060 4331 3278 4391 exaudi
3293 4350 3405 4393 nos
3421 4336 3691 4395 Domine.

2037 4413 2102 4477 il.
2126 4414 2294 4471 Bellis
2322 4416 2773 4475 imminentibus
2794 4421 2954 4495 eripe
2970 4437 3083 4479 nos
3111 4425 3374 4483 Domine.
3401 4424 3465 4488 7.
3490 4428 3695 4486 Custo-

2040 4505 2155 4561 diis
2180 4506 2473 4577 Angelicis
2502 4506 2754 4566 defende
2794 4526 2905 4567 nos
2932 4512 3201 4571 Domine.
3237 4526 3299 4587 Βί.
3334 4515 3693 4575 Delictorum

2040 4594 2292 4652 vinculis
2324 4596 2567 4655 absolve
2608 4615 2717 4656 nos
2765 4600 3035 4659 Domine.
3069 4603 3403 4661 Reiteretur
3440 4607 3692 4664 Domine

2041 4686 2179 4742 Jesu
2197 4686 2441 4754 Christe,
2469 4688 2687 4745 exaudi
2712 4705 2823 4746 nos
2848 4692 3116 4748 Domine.

2112 4775 2308 4846 Kyrie,
2341 4775 2582 4832 eleison.
2617 4789 2679 4847 Bp.
2700 4778 2941 4847 Christe,
2966 4780 3205 4837 eleison.
3228 4783 3422 4855 Kyrie,
3447 4780 3691 4842 eleison.

2116 4863 2420 4933 Capitula.
2438 4864 2525 4919 Ad
2547 4864 2958 4923 defensionem
2980 4873 3250 4927 nostram
3274 4871 3521 4929 Domine
3542 4875 3697 4930 Deus

2042 4955 2262 5017 noster,
2303 4950 2620 5022 dignanter
2645 4955 2873 5026 respice
2900 4978 2914 5023 ,
2955 4956 3118 5029 eripe
3144 4973 3182 5015 a
3200 4958 3431 5017 framea
3460 4961 3697 5019 animas

2044 5045 2281 5098 nostras
2315 5059 2328 5094 :
2360 5047 2416 5098 et
2442 5057 2519 5099 ne
2547 5042 2821 5101 doctrina
2857 5060 3185 5119 pascamur
3207 5048 3391 5118 letali,
3422 5066 3534 5107 nos
3550 5055 3701 5109 tuta-

2045 5131 2209 5188 mine
2237 5147 2409 5204 rege;
2440 5131 2732 5207 simulque
2762 5134 2835 5192 de
2861 5151 2962 5193 ore
2990 5136 3199 5207 leonis,
3224 5154 3433 5213 rapere
3458 5157 3572 5200 nos
3595 5156 3697 5199 cu-

332 5212 707 5269 Benedictio.
752 5209 1055 5268 Concedat
1106 5211 1281 5269 nobis
1329 5213 1635 5273 Dominus.
1682 5218 1941 5290 Require
2048 5222 2284 5293 pientis,
2315 5222 2502 5281 libera
2540 5240 2552 5280 :
2587 5229 2643 5281 et
2698 5224 2776 5282 ab
2803 5226 3156 5286 oblatrantis
3200 5209 3456 5302 perﬁdia
3508 5232 3697 5304 canis,

252 5301 366 5373 fol.
395 5304 517 5358 102.

341 5394 404 5447 In
426 5405 681 5448 nomine
715 5390 979 5447 Domini.

342 5481 558 5538 Lauda
580 5480 647 5536 de
670 5481 879 5536 Fonte.
909 5480 1161 5549 Magnus
1186 5484 1273 5537 est
1294 5480 1586 5539 Dominus
1608 5499 1787 5557 super
1820 5501 1946 5544 om-

269 5583 381 5629 nes
407 5574 643 5644 gentes.
686 5567 967 5628 Alleluia.
991 5569 1053 5625 P.
1086 5566 1313 5628 Sitienti
1331 5570 1561 5644 populo
1579 5571 1949 5637 demonstra.

2050 5311 2319 5383 pervigili
2354 5314 2633 5381 contuitu,
2670 5314 2919 5374 sollicita
2947 5332 3058 5376 nos
3089 5326 3334 5393 protege
3363 5337 3529 5381 cura.

2124 5401 2293 5458 Pater
2311 5408 2536 5460 noster.

2126 5491 2225 5547 Ad
2232 5492 2494 5561 Sextum,
2519 5496 2719 5552 omnia
2737 5492 3026 5554 dicantur
3035 5503 3097 5555 ut
3113 5500 3177 5555 in
3192 5499 3403 5569 Sexta,
3422 5510 3553 5573 quae
3562 5493 3701 5555 dici-

2060 5585 2162 5636 tur
2184 5595 2294 5651 per
2323 5586 2511 5640 totum
2532 5597 2781 5643 annum.
2820 5586 2921 5643 Ad
2940 5586 3197 5655 Nonum,
3221 5594 3289 5645 ut
3313 5601 3519 5657 supra.
