4160 6414
464 294 569 353 207
1716 265 2169 331 BREVIARIUM
2207 265 2600 327 GOTHICUM.
3785 264 3917 323 2m

880 406 974 464 Ad
1009 405 1289 473 Vesperos
1315 401 1387 456 de
1418 398 1699 468 Inﬁrmis.
2149 394 2195 446 A
2407 394 2642 451 Nemini
2669 394 2863 456 Trino,
2896 391 3101 448 Deitati
3133 390 3242 448 soli

543 500 770 558 Lauda.
801 494 1092 552 Dominus
1119 487 1474 546 illuminatio
1502 503 1658 554 mea,
1687 491 1741 544 et
1770 485 1928 544 salus
1958 497 2113 545 mea,
2618 481 2822 539 Sidera
2851 479 3127 537 clament.

477 604 658 663 quem
688 582 956 642 timebo?
2313 659 2344 663 Α.
2478 658 2514 663 η
2613 572 2820 663 Amen.

554 675 844 733 Dominus
869 670 945 726 sit
983 682 1220 738 semper
1243 664 1575 723 vobiscum.
1606 675 1668 732 ﬁ.
1696 665 1938 718 Etcum.
2297 658 2687 728 Supplicatio.
2711 659 2960 714 Oremus
2975 655 3431 728 Redemptorem
3448 655 3670 712 mundi
3689 656 3920 712 Domi-

551 765 722 821 Sono.
766 763 926 819 Sana
959 755 1205 814 Domine
1257 768 1466 811 omnes
1507 752 1825 823 languores
1865 751 2118 812 nostros,
2229 762 2376 802 num
2404 752 2674 803 nostrum
2692 749 2892 802 Jesum
2919 745 3213 803 Christum
3234 760 3373 801 cum
3394 745 3561 800 omni
3592 744 3924 818 supplica-

488 850 754 908 Alleluia.
787 847 1023 903 Redime
1046 845 1119 900 de
1150 841 1382 898 interitu
1422 839 1610 897 vitam
1653 842 1942 901 nostram,
1975 834 2122 890 Alle-
2233 835 2386 890 tione
2402 850 2704 903 rogemus,
2723 839 2788 890 ut
2810 833 3059 890 vulnera
3087 832 3453 891 famulorum
3477 848 3738 890 suorum
3768 849 3926 890 om-

481 939 623 1005 ιυίιίι³
654 936 907 995 alleluia,
2231 924 2397 978 nium
2422 922 2683 979 ﬁdelium
2709 922 3085 978 inﬁrmorum
3116 921 3410 993 propitius
3440 937 3654 978 curare
3685 922 3927 993 digne-

549 1025 837 1082 Dominus
886 1022 958 1078 sit
987 1035 1222 1092 semper
1250 1016 1588 1074 vobiscum.
1626 1027 1686 1083 Βι.
1727 1017 1792 1069 Et
1821 1028 1978 1068 cum.
2232 1018 2345 1068 tur.
2375 1025 2438 1080 ἢ.
2471 1015 2684 1068 Ρτωείᾶ
2705 1018 2921 1068 aeterne
2950 1011 3330 1083 omnipotens
3356 1012 3919 1084 Deus.Kyrie,elei-

543 1114 905 1184 Antiphona.
931 1109 1152 1164 Christe
1173 1107 1438 1175 Domine,
1461 1103 1642 1176 quies
1663 1101 1934 1158 medicus
1962 1101 2122 1154 salu-
2231 1116 2360 1157 son.
2395 1113 2460 1162 ιιι.
2497 1101 2742 1168 Christe,
2765 1099 3006 1156 eleison.
3043 1100 3236 1170 Kyrie,
3271 1099 3512 1156 eleison.

476 1202 715 1270 taris,P.
745 1198 956 1254 Tribue
985 1195 1278 1265 languidis
1300 1191 1640 1248 subsidium
1667 1187 1978 1244 medicinae
2009 1201 2122 1240 σω·
2303 1189 2600 1258 Capitula.
2625 1191 2941 1244 Precamur
2961 1187 3231 1253 Domine,
3254 1191 3444 1243 utnos
3465 1187 3757 1245 iniratua
3777 1203 3929 1245 non

472 1290 654 1345 lestis.
683 1288 744 1348 in
789 1288 830 1342 O
863 1285 1128 1346 Domine,
1166 1281 1362 1336 salvos
1404 1294 1514 1334 nos
1562 1277 1688 1333 fac!
1746 1278 1789 1332 O
1842 1272 2118 1330 Domine!
2231 1291 2486 1347 arguas;
2515 1282 2571 1332 et
2598 1276 2861 1332 furorem
2902 1281 3070 1330 tuum
3099 1275 3161 1330 in
3199 1290 3310 1330 nos
3337 1274 3628 1332 desaevire
3659 1291 3797 1332 non
3828 1276 3930 1332 si-

473 1377 625 1432 bene
651 1388 1026 1447 prosperare.
1056 1373 1126 1426 P.
1150 1369 1359 1425 Tribue
1384 1365 1710 1435 languidis.
1734 1364 1796 1423 ῑὶν.
1820 1361 2034 1427 Gloria,
2067 1365 2124 1417 et
2231 1381 2376 1421 nas:
2412 1365 2510 1420 sed
2531 1363 2806 1438 placidus
2837 1368 3132 1420 corrector
3164 1362 3301 1419 tolle
3333 1363 3624 1434 peccandi
3659 1380 3866 1421 usum
3907 1383 3922 1431 ;

474 1466 687 1528 honor,
716 1469 832 1519 etc.
865 1461 926 1516 P.
960 1459 1188 1515 Tribue.
2231 1469 2304 1510 ne
2322 1467 2435 1509 nos
2467 1453 2772 1522 arguendo
2797 1451 3020 1516 durius,
3051 1451 3342 1523 propellat
3370 1451 3447 1507 ad
3484 1452 3772 1508 nihilum.
3807 1454 3926 1510 Mi—

543 1552 828 1608 Dominus
854 1549 928 1604 sit
951 1561 1184 1616 semper
1212 1544 1548 1600 vobiscum.
1577 1553 1639 1610 Βι.
1669 1544 1736 1595 Et
1761 1555 1920 1595 cum.
2233 1557 2423 1596 serere
2449 1556 2590 1610 ergo
2616 1540 2938 1596 inﬁrmitati
2982 1546 3201 1596 nostrae
3237 1558 3249 1594 :
3279 1545 3334 1596 et
3357 1539 3734 1596 famulorum
3766 1547 3922 1599 tuo-

539 1640 814 1697 Laudal.
838 1636 1047 1693 Salvos
1068 1649 1176 1689 nos
1208 1632 1385 1688 faciat
1414 1630 1660 1686 dextera
1688 1633 1807 1683 tua.
1842 1625 2113 1682 Alleluia.
2231 1646 2366 1685 rum
2395 1629 2668 1684 omnium
2698 1628 2966 1684 ﬁdelium
3014 1628 3393 1683 inﬁrmorum
3443 1631 3611 1684 tuam
3650 1629 3925 1701 imperti

483 1730 652 1800 105
689 1731 748 1783 P.
776 1725 999 1781 Exaudi
1027 1738 1138 1778 nos
1158 1719 1408 1777 Domine
1429 1721 1582 1774 Deus
1607 1726 1828 1782 noster,
1852 1713 2119 1779 Alleluia,
2155 1733 2198 1788 Β
2232 1718 2528 1774 medelam
2559 1721 2616 1773 et
2651 1732 2806 1788 quos
2835 1716 3024 1771 cernis
3061 1715 3296 1788 proprio
3349 1715 3570 1772 turbati
3614 1722 3918 1789 peccato,

471 1816 725 1872 alleluia.
759 1815 820 1873 v.
864 1815 934 1868 Ut
966 1809 1355 1867 conﬁteamur
1392 1806 1621 1863 nomini
1651 1807 1856 1860 sancto
1887 1807 2025 1858 tuo:
2067 1802 2126 1858 et
2231 1805 2463 1878 quietos
2487 1805 2728 1877 deputa,
2755 1804 3212 1860 misericorditer
3239 1803 3635 1874 indulgendo.

473 1903 795 1974 gloriemur
825 1901 886 1956 in
918 1899 1095 1956 laude
1131 1902 1250 1954 tua.
1279 1899 1344 1951 P.
1386 1893 1614 1951 Exaudi
1643 1907 1772 1950 nos.
1810 1891 1871 1952 Ψ.
1905 1889 2122 1960 Gloria,
2303 1894 2468 1949 Pater
2496 1896 2714 1948 noster.
2747 1896 2793 1948 A
2815 1892 2973 1949 malo
3001 1908 3111 1948 nos
3133 1891 3340 1948 libera.
3368 1893 3482 1962 fol.
3510 1897 3596 1948 10.

470 1997 528 2048 et
556 1993 773 2058 honor,
799 1994 911 2045 etc.
936 1988 1001 2044 P.
1033 1985 1259 2042 Exaudi
1289 2000 1424 2040 nos.
2303 1981 2654 2038 Benedictio.
2673 1980 3061 2052 Omnipotens
3079 1979 3500 2050 Dominus,qui
3517 1980 3924 2040 ﬁdelissimis

541 2081 682 2136 Atia
710 2078 941 2136 Lauda.
967 2076 1176 2132 Salvos
1187 2089 1298 2130 nos
1320 2073 1412 2128 fac
1437 2071 1685 2128 Domine
1702 2073 1855 2126 Deus
1880 2071 2081 2124 noster
2105 2084 2117 2122 :
2231 2067 2488 2124 famulos
2519 2083 2658 2124 suos
2687 2083 2896 2124 omnes
2919 2067 3126 2123 ﬁdeles
3149 2067 3420 2123 inﬁrmos
3443 2069 3758 2140 corporali
3781 2087 3929 2128 cor-

473 2167 740 2224 Alleluia.
766 2170 822 2231 P,
856 2169 1236 2233 Etcongrega
1254 2177 1366 2217 nos
1385 2161 1460 2216 de
1476 2155 2118 2219 nationibus.Alleluia,
2231 2157 2367 2230 ripit
2393 2157 2650 2222 vulnere,
2685 2157 2810 2230 ipse
2836 2157 2986 2222 illos,
3029 2161 3086 2214 et
3115 2172 3227 2213 nos
3265 2172 3302 2213 a
3344 2157 3617 2229 corporis
3646 2161 3926 2217 mentis-

473 2256 725 2312 alleluia.
758 2255 818 2313 it.
854 2256 923 2309 Ut
951 2253 1344 2308 contiteamur
1385 2248 1614 2305 nomini
1639 2253 1844 2304 sancto
1887 2251 1987 2302 tuo
2020 2262 2034 2300 :
2066 2249 2123 2300 et
2229 2262 2347 2318 que
2379 2245 2832 2315 aegritudinibus
2863 2245 3083 2318 expiet.
3127 2257 3189 2315 Βί.
3231 2248 3437 2302 Amen.
3494 2246 3733 2320 Quique
3763 2264 3927 2306 nos-

477 2345 800 2416 gloriemur
824 2343 885 2398 in
922 2341 1098 2396 laude
1123 2345 1245 2395 tua.
1278 2339 1339 2394 P.
1377 2340 1440 2393 Et
1467 2351 1783 2407 congrege.
1809 2335 1868 2394 v.
1901 2333 2118 2398 Gloria,
2230 2342 2382 2392 tram
2409 2335 2468 2390 in
2491 2351 2554 2390 se
2586 2335 2849 2407 suscepit
2873 2335 3298 2400 inﬁrmitatem,
3334 2335 3460 2408 ipse
3486 2336 3694 2405 nobis,
3753 2343 3816 2396 et
3853 2340 3928 2397 il-

477 2437 538 2488 et
570 2433 784 2501 honor,
808 2436 917 2488 etc.
950 2430 1007 2484 P.
1037 2427 1299 2492 Alleluia,
1331 2424 1586 2481 alleluia.
2227 2423 2298 2479 lis
2325 2423 2545 2480 tribuat
2575 2423 2897 2480 tolerantiae
2920 2423 3044 2479 sine
3066 2423 3184 2479 ﬁne
3212 2424 3576 2481 mercedem.
3602 2431 3920 2494 11:.Amen.

1158 2517 1453 2585 Hymnus.

724 2607 950 2666 Christe
984 2605 1240 2661 caelestis
1272 2602 1575 2660 medicina
1599 2601 1804 2671 Patris,

651 2699 832 2753 Verus
860 2696 1143 2752 humana:
1169 2691 1438 2748 medicus
1457 2690 1665 2746 salutis

654 2784 927 2841 Providae
959 2782 1150 2854 plebis
1171 2779 1455 2853 precibus
1485 2782 1753 2852 potenter

857 2871 1054 2927 Pande
1073 2871 1339 2927 favorem
1351 2911 1366 2926 .

713 2965 798 3018 En
831 2961 910 3017 ob
957 2959 1228 3016 infirmos
1255 2957 1364 3014 tibi
1405 2955 1833 3029 supplicamus,

653 3053 810 3117 Quos
845 3064 1068 3106 nocens
1096 3047 1279 3119 pestis
1309 3045 1574 3102 valitudo
1599 3047 1834 3108 cassat;

656 3141 726 3194 Ut
745 3138 878 3208 pius
899 3135 1180 3193 morbum
1210 3133 1432 3190 releves
1453 3133 1780 3204 jacentum,

857 3227 984 3290 Quo
1022 3223 1391 3296 quatiuntur.

718 3313 825 3381 Qui
853 3316 1141 3385 potestate
1161 3309 1516 3367 manifestus
1536 3311 1766 3373 extans,

649 3405 778 3460 Mox
804 3402 954 3458 Petri
986 3416 1226 3458 socrum
1255 3397 1522 3455 febribus
1548 3398 1870 3469 jacentem,

651 3491 854 3562 Reguli
892 3488 1146 3562 prolem,
1177 3501 1554 3560 puerumque
1583 3485 1821 3542 salvans

859 3575 1252 3632 Centurionis.

726 3667 892 3722 Ferto
930 3663 1238 3735 languenti
1270 3661 1493 3734 populo
1513 3661 1812 3732 vigorem;

655 3754 843 3809 Efﬂue
872 3752 1105 3822 largam
1135 3751 1376 3824 populis
1417 3750 1666 3807 salutem
1702 3769 1715 3818 ;

654 3841 925 3898 Pristinis
962 3856 1128 3896 more
1160 3839 1330 3896 solito
1355 3839 1690 3895 reformans

866 3929 1098 3986 Viribus
1130 3944 1344 3998 aagros.

723 4023 1049 4090 Corporum
1083 4017 1329 4073 morbos
1355 4015 1694 4088 animaeque
1725 4030 1908 4082 sana;

651 4108 976 4164 Vulnerum
1020 4107 1218 4163 causis
1248 4105 1468 4161 adhibe
1497 4104 1797 4161 medelam
1825 4124 1837 4162 :

654 4199 737 4254 Ne
765 4197 892 4253 sine
924 4197 1117 4250 fructu
1144 4194 1440 4250 cruciatus
1465 4199 1595 4250 urat

867 4287 1128 4355 Corpora
1157 4290 1379 4339 nostra.

655 4374 858 4431 Omnis
891 4371 1184 4442 impulsus
1212 4371 1443 4442 penitus
1469 4371 1741 4438 recedat;

659 4461 866 4518 Omnis
898 4461 1174 4515 incursus
1198 4460 1471 4518 crucians
1498 4459 1789 4533 liquescat
1815 4477 1827 4526 ;

651 4550 819 4606 Viror
849 4553 1066 4621 Optata;
1106 4549 1299 4605 foveat
1336 4549 1544 4607 salutis

864 4637 1126 4693 Membra
1151 4636 1422 4693 dolentis.

727 4730 858 4783 Jam
891 4729 1044 4782 Deus
1064 4725 1249 4782 nostri
1278 4726 1553 4783 miserere
1584 4725 1778 4794 ﬂetus,

657 4818 767 4872 Pro
797 4816 1014 4887 quibus
1049 4820 1100 4870 te
1126 4831 1285 4870 nunc
1310 4815 1569 4887 petimus
1603 4811 1860 4876 mederi;

659 4907 729 4960 Ut
761 4908 925 4960 tuam
956 4905 1150 4959 omnis
1172 4903 1470 4960 recubans
1498 4901 1797 4958 medelam

869 4992 1087 5049 Sentiat
1125 5007 1282 5063 aeger
1305 5011 1318 5048 :

735 5081 862 5145 Quo
893 5097 998 5153 per
1022 5081 1182 5138 illata
1203 5079 1364 5136 mala
1385 5080 1534 5135 dum
1555 5081 1844 5142 teruntur,

658 5170 1030 5226 Eruditorum
1060 5185 1313 5226 numero
1338 5168 1537 5223 decori

660 5259 973 5331 Compotes
998 5260 1234 5323 intrent,
1267 5256 1530 5311 sociante
1557 5253 1771 5319 fructu,

873 5350 1078 5424 Regna
1107 5345 1407 5417 polorum.

733 5435 992 5492 Gloriam
1021 5432 1244 5506 psallat
1268 5431 1507 5498 chorus,
1539 5432 1594 5486 et
1621 5428 1880 5500 resultet,

701 5523 963 5582 Gloriam
989 5520 1165 5586 dicat,
1193 5522 1388 5586 canat,
1421 5523 1478 5576 et
1504 5517 1807 5586 revolvat;

2231 2513 2322 2571 Sic
2345 2528 2555 2569 omnes
2579 2512 2639 2567 in
2671 2513 2979 2568 communi
3019 2513 3147 2584 ejus
3178 2512 3369 2584 pietas
3400 2513 3638 2580 foveat;
3687 2521 3761 2572 ut
3792 2534 3923 2574 nec

2227 2605 2506 2672 corrupta
2530 2603 2733 2656 nostra
2781 2600 2942 2657 salus
2981 2600 3283 2667 desaeviat,
3322 2618 3432 2658 nec
3481 2602 3922 2675 desperationi

2226 2689 2536 2746 inﬁrmitas
2574 2688 2735 2744 illata
2761 2690 3131 2747 succumbat.
3156 2702 3218 2760 ιφ.
3255 2693 3468 2748 Amen.

2297 2782 2403 2834 Per
2430 2777 2924 2834 misericordiam.

2297 2867 2528 2924 Lauda.
2563 2865 2770 2924 Salvos
2799 2882 2912 2923 nos
2944 2865 3036 2924 fac
3056 2867 3303 2926 Domine
3329 2869 3486 2926 Deus
3517 2873 3729 2927 noster
3771 2893 3786 2928 :
3815 2873 3924 2930 Al-

2227 2955 2502 3025 leluiaﬁ.
2517 2955 3452 3014 Utconﬁteamurnominisancto
3464 2961 3588 3015 tuo.
3615 2958 3922 3020 Alleluia.

2158 3044 2292 3124 CP.
2326 3047 2617 3100 Memento
2648 3044 2855 3110 nostri,
2910 3044 3182 3112 Domine,
3239 3047 3299 3102 in
3359 3046 3748 3118 beneplacito
3808 3065 3929 3123 po-

2224 3132 2356 3206 puli
2385 3133 2466 3189 tui
2497 3149 2510 3188 :
2541 3132 2718 3190 visita
2742 3148 2853 3190 nos
2876 3133 2938 3190 in
2968 3134 3215 3192 salutari
3240 3139 3362 3192 tuo.
3395 3137 3454 3191 P.
3504 3139 3572 3192 Ut
3602 3138 3928 3197 conﬁtea-

2188 3223 2192 3230 '
2230 3236 2385 3278 mur.
2418 3220 2484 3281 ἡ.
2525 3220 2741 3290 Gloria,
2783 3226 2839 3279 et
2877 3221 3092 3291 honor,
3140 3227 3247 3282 etc.
3277 3225 3336 3279 P.
3376 3227 3447 3281 Ut
3475 3225 3925 3286 conﬁteamur.

2305 3311 2528 3368 Oratio.
2544 3311 2915 3382 Omnipotens
2928 3313 3279 3385 sempiterna
3295 3315 3695 3382 Deus.Qumre
3712 3317 3921 3389 infra.

2853 3434 3013 3474 FERIA
3070 3435 3255 3476 SEXTA.

2802 3543 2900 3599 Ad
2917 3544 3307 3601 Matutinum.

2302 3670 2673 3740 Antiphona.
2705 3673 2784 3726 Ne
2815 3670 3095 3743 projicias
3112 3686 3222 3729 nos
3238 3671 3488 3728 Domine
3518 3689 3556 3729 a
3580 3672 3740 3731 facie
3764 3679 3920 3736 tua:

2233 3762 2291 3814 et
2321 3758 2593 3831 Spiritum
2621 3759 2906 3816 Sanctum
2925 3763 3182 3816 tuumne
3209 3760 3450 3817 auferas
3475 3777 3512 3817 a
3538 3762 3926 3823 nobis.Psal-

2234 3861 2384 3902 mus.
2406 3863 2459 3902 L.

2307 3935 2536 3991 Oratio.
2599 3936 2678 3991 Ne
2704 3935 2986 4008 projicias
3024 3951 3134 3992 nos
3186 3937 3436 3994 Domine
3480 3952 3518 3994 a
3561 3937 3720 3996 facie
3763 3945 3880 4000 tua
3907 3975 3923 4008 ε

2235 4040 2344 4080 nec
2374 4024 2616 4080 auferas
2632 4024 3102 4081 misericordiam
3130 4029 3295 4082 tuam
3323 4043 3359 4082 a
3395 4025 3574 4083 nobis
3611 4045 3624 4082 :
3650 4033 3721 4085 ut
3747 4003 3925 4103 quos

2234 4117 2433 4168 reatus
2463 4112 2742 4168 facinoris
2791 4117 2946 4168 tenet
2984 4114 3299 4181 obnoxios,
3334 4115 3748 4172 miserationis
3795 4123 3927 4177 tum

2237 4201 2550 4257 clementia
2580 4200 2755 4255 faciat
2787 4201 3119 4259 absolutos.
3155 4214 3218 4273 Βτ.
3260 4209 3472 4261 Amen.

2308 4290 2415 4343 Per
2448 4289 2916 4346 misericordiam
2950 4296 3134 4347 tuam.

2309 4378 2660 4448 Antiphona
2680 4382 2731 4435 1.
2759 4379 3025 4436 Salvator
3047 4386 3250 4437 noster
3284 4381 3445 4438 salva
3474 4397 3587 4438 nos
3621 4383 3686 4438 in
3720 4383 3925 4443 dilec-

2240 4466 2396 4522 tione
2427 4472 2546 4522 tua.
2577 4469 2641 4522 P.
2686 4470 2750 4523 Et
2787 4467 3156 4538 indulgentia
3181 4474 3283 4526 tua
3313 4469 3502 4526 libera
3531 4486 3666 4528 nos.
3703 4472 3770 4532 ῒν.
3823 4476 3927 4533 Ad

2189 4554 2192 4558 ’
2238 4563 2291 4611 te
2321 4556 2594 4614 levamus
2617 4556 2823 4613 oculos
2845 4563 3102 4624 nostros,
3132 4561 3238 4631 qui
3257 4559 3496 4617 habitas
3518 4561 3584 4616 in
3613 4561 3818 4620 caelis.
3853 4567 3926 4622 P.

2239 4647 2304 4700 Et
2328 4644 2713 4718 indulgentia.
2746 4645 2806 4706 Ψ.
2835 4645 3121 4715 Gloria,et
3146 4647 3360 4714 honor,
3387 4653 3496 4706 etc.
3522 4648 3587 4704 P.
3614 4652 3684 4706 Et
3705 4650 3927 4710 indul-

2238 4733 2459 4805 gentia.

2309 4823 2531 4878 Oratio.
2558 4823 2947 4895 Omnipotens
2984 4825 3340 4898 sempiterne
3369 4829 3523 4883 Deus
3545 4827 3784 4886 inclina
3803 4847 3921 4888 au-

2237 4926 2362 4966 rem
2389 4915 2554 4966 tuam
2583 4912 3118 4984 supplicationibus
3144 4915 3382 4982 nostris,
3410 4919 3468 4971 et
3503 4915 3758 4975 famulis
3791 4920 3923 4977 tuis

2237 4998 2520 5055 omnibus
2546 4998 2822 5056 ﬁdelibus
2848 5000 3099 5057 inﬁrmis
3129 5003 3382 5058 adversa
3431 5005 3707 5076 corporis
3746 5007 3923 5065 vale-

2238 5087 2440 5143 tudine
2464 5087 2879 5144 laborantibus
2911 5089 3161 5147 coelestis
3199 5091 3373 5162 106
3395 5093 3605 5163 gratiae
3659 5095 3924 5154 medici-

2236 5191 2380 5232 nam
2407 5177 2686 5234 concede.
2721 5189 2790 5246 n.
2821 5185 3030 5236 Amen.

2308 5268 2412 5321 Per
2439 5266 2936 5323 misericordiam.

2308 5353 2354 5407 Α
2366 5354 2659 5423 ntiphona
2676 5355 2984 5412 2.0stende
2999 5355 3170 5414 nobis
3185 5357 3426 5415 Domine
3445 5359 3922 5420 misericordiam

2239 5445 2404 5499 tuam
2437 5458 2450 5496 :
2477 5443 2533 5495 P.
2566 5443 2904 5501 Etsalutare
2929 5449 3099 5502 tuum
3119 5445 3200 5502 da
3224 5446 3424 5504 nobis.
3452 5447 3514 5508 ἵ.
3540 5450 3926 5511 Utconﬁtea-

2239 5545 2381 5590 mur
2406 5532 2640 5591 nomini
2679 5537 2885 5593 sancto
2914 5539 3016 5594 tuo
3057 5554 3071 5592 :
3099 5539 3158 5598 et
3180 5535 3507 5605 gloriemur
3525 5537 3587 5595 in
3603 5538 3796 5602 laude
3811 5546 3925 5603 tua
