4160 6426
249 340 350 396 209

1329 339 1539 396 FERIA
1576 338 1649 395 VI
1687 335 1865 394 POST
1903 334 2248 395 OCTAVAM
2286 338 2720 398 EPIPHANl/E.

3609 351 3721 406 210

263 466 321 521 P.
348 468 419 522 Et
446 465 763 524 salutare.
818 467 892 527 il.
933 465 1138 531 Gloria,
1183 466 1242 520 et
1272 464 1487 530 honor,
1536 466 1643 520 etc.
1664 464 1722 517 P.
1755 464 1822 518 Et
1867 476 1957 517 sa-
1985 461 2031 515 A
2070 462 2343 530 salutem,
2373 466 2813 538 etpatientiam.
2847 466 2911 520 Et
2936 464 3290 523 invocabilis
3307 484 3428 540 me,
3473 474 3531 528 et
3552 472 3720 530 time-

275 556 477 614 lutare.

347 645 578 703 Oratio.
611 646 808 710 Deus,
871 643 977 716 qui
1012 642 1539 699 conﬁtentiumtibi
1561 637 1962 711 cordapuriﬁ-

290 751 401 807 cas,
423 740 481 791 et
501 738 913 791 accusantem
958 732 1385 789 conscientiam
1418 731 1495 787 ab
1526 730 1694 786 omni
1716 726 1955 783 vinculo

292 824 609 898 iniquitatis
622 822 904 879 absolvis
923 840 940 874 :
955 821 1034 877 da
1046 820 1477 890 indulgentiam
1502 818 1827 882 famulis,et
1844 832 1959 871 cce-

290 914 438 971 lestis
450 913 665 983 gratiae
685 912 997 967 sinceram
1012 909 1376 966 medicinam
1390 924 1598 964 eorum
1621 907 1809 963 tribue
1830 921 1954 961 cor-

290 1002 554 1076 poribus.
592 1012 657 1071 Re.
692 1006 910 1056 Amen.

353 1092 456 1146 Per
500 1088 1010 1145 misericordiam.

354 1179 718 1249 Antiphona
738 1172 1509 1244 3.Converlere,Domine,et
1538 1172 1699 1243 eripe
1721 1170 1954 1226 animas

289 1272 527 1325 nostras
564 1282 576 1321 :
606 1268 663 1320 Ρ.
685 1263 965 1321 Etsalvos
979 1279 1091 1320 nos
1108 1262 1201 1319 fac
1226 1265 1468 1334 propter
1484 1257 1951 1316 misericordiam

289 1362 479 1413 tuam.
516 1355 675 1421 Quia
704 1368 829 1409 non
859 1356 949 1409 est
976 1352 1037 1408 in
1070 1355 1275 1417 morte,
1307 1349 1412 1421 qui
1431 1363 1661 1404 memor
1680 1346 1754 1401 sit
1780 1344 1952 1405 tuiJi'.

290 1443 566 1509 Domine,
599 1457 679 1498 ne
706 1441 769 1497 in
798 1439 997 1497 furore
1029 1442 1131 1496 tuo
1151 1453 1371 1508 arguas
1396 1452 1527 1505 nos,
1561 1449 1755 1506 neque
1772 1434 1833 1488 in
1868 1432 1954 1488 ira

288 1538 391 1588 tua
416 1529 723 1601 corripias
743 1544 878 1585 nos.
910 1529 1041 1583 P.Et
1074 1525 1295 1583 salvos.
1327 1524 1612 1590 v.Gtoria,
1657 1526 1712 1578 et
1740 1521 1950 1585 honor,

291 1624 396 1677 etc.
432 1622 503 1675 Et
535 1618 743 1674 salvos
772 1632 904 1673 nos.

361 1709 591 1765 Oratio.
625 1706 867 1770 Adesto,
897 1719 1267 1776 quaesumus,
1302 1701 1551 1758 Domine
1582 1698 1957 1771 supplicibus

2067 551 2229 607 bitis:
2255 554 2504 610 orabitis
2527 569 2643 621 me,
2670 558 2728 608 et
2753 567 2864 623 ego
2912 554 3231 611 exaudiam
3266 573 3397 613 vos.
3432 561 3719 624 Qumretis

2066 646 2247 706 me,et
2271 642 2580 699 invenietis
2604 663 2621 697 :
2657 657 2796 697 cum
2821 642 3174 714 quaesieritis
3193 660 3289 700 me
3312 645 3373 701 in
3392 650 3513 703 toto
3538 650 3718 707 corde

2067 734 2357 786 vestro.Et
2370 731 2642 787 inveniar
2665 747 2701 787 a
2716 730 2996 799 vobis,ait
3009 730 3301 787 Dominus
3314 734 3717 807 omnipotens.

2138 828 2202 885 ῖς.
2234 817 2442 874 Amen.

2136 906 2422 977 Hymnus.
2471 908 2691 963 Christe
2722 906 2990 962 caelestis.
3041 907 3439 979 Supplicatio.
3472 912 3720 968 Oremus

2064 993 2519 1065 Redemptorem
2553 995 2767 1050 mundi.
2812 996 3065 1066 Require
3091 996 3200 1066 fol.
3253 1000 3372 1052 108.

2135 1082 2684 1155 Capitula.Respice
2700 1084 2947 1139 Domine
2961 1099 3141 1156 super
3164 1084 3425 1142 famulos
3452 1089 3586 1143 tuos
3598 1102 3723 1143 om-

2061 1183 2168 1224 nes
2183 1169 2391 1226 fideles
2414 1176 2672 1240 aegrotos
2700 1171 2785 1227 tui
2804 1172 3064 1228 nominis
3087 1172 3466 1229 invocatione
3481 1174 3715 1230 auden-

2062 1262 2179 1316 tes:
2214 1257 2408 1314 tribue
2435 1260 2519 1315 eis
2547 1260 2909 1316 medicinam
2933 1260 3230 1317 caelestem
3243 1280 3261 1332 ;
3294 1262 3529 1319 tutelam
3558 1278 3724 1319 men-

2062 1345 2137 1400 tis
2164 1344 2432 1415 infnnde,
2457 1352 2514 1402 et
2533 1347 2610 1403 ab
2650 1346 2815 1402 omni
2832 1347 3196 1411 inﬁrmitate,
3226 1354 3282 1404 et
3311 1347 3599 1418 languore
3614 1364 3716 1406 eos

2060 1421 2312 1489 liberare
2336 1434 2608 1504 dignare.

2131 1522 2297 1577 Pater
2326 1526 2552 1578 noster.
2592 1526 2641 1578 Α
2669 1520 2832 1578 malo
2860 1537 2972 1577 nos
2996 1521 3203 1579 libera.
3230 1524 3476 1595 Require
3498 1525 3701 1594 fol.lO.

2132 1611 2358 1666 Lauda.
2385 1610 2591 1666 Salvos
2616 1626 2726 1666 nos
2755 1610 2868 1668 fac.
2924 1610 3281 1667 Benedictio.
3327 1612 3719 1684 Omnipotens

2064 1698 2371 1755 Dominus.
2403 1700 2782 1771 Requirefol.
2815 1703 2933 1754 105.

362 1748 591 1765 eum...
625 1748 867 1770 ..μυυιη
897 1748 1267 1776 Ὶμυυυμ-...η
1302 1748 1550 1758 μνη-ων
1584 1748 1954 1771 "rrum"
2064 1748 2095 1750 _
2118 1748 2371 1755 -_-__-.
2403 1748 2480 1755 ---
2631 1748 2653 1755 -
2707 1748 2781 1755 η-
2818 1748 2933 1754 --μ
3386 1748 3391 1749 κ

289 1797 541 1855 nostris:
576 1800 636 1851 et
675 1794 901 1868 quibus
931 1792 1339 1850 austeritatem
1365 1790 1543 1861 justre
1574 1787 1954 1843 correctionis
1992 1797 2036 1853 Β
2136 1789 2249 1844 Per
2272 1790 2470 1845 Horas
2483 1748 2623 1853 diei,
2656 1748 2721 1843 at
2745 1790 2807 1844 in
2835 1789 2956 1845 alio
2984 1794 3239 1857 tempore
3261 1803 3283 1859 ,'
3305 1796 3534 1858 excepto
3562 1791 3722 1860 quod

287 1887 528 1957 inﬁigis,
559 1884 864 1957 propitius
906 1880 1125 1937 adhibe
1155 1879 1446 1935 auxilium
1479 1876 1955 1933 misericordissi-

292 1993 409 2033 mre
436 1972 892 2031 consolationis.
926 1982 991 2039 Ri.
1016 1972 1229 2025 Amen.

364 2066 465 2121 Per
500 2060 1004 2119 misericordiam.

355 2165 421 2223 ﬁ.
443 2153 647 2208 Virtus
676 2153 908 2213 nostra,
944 2147 1214 2213 Domine,
1240 2146 1369 2201 esto
1394 2143 1847 2199 ﬁrmamentum
1869 2140 1957 2196 in-

286 2243 500 2309 ﬁrmis,
535 2242 619 2299 P.
652 2242 792 2296 Esto
822 2236 1148 2308 refugium,
1180 2233 1536 2291 etliberator
1561 2229 1953 2303 oppressis.V.

287 2335 422 2388 Esto
441 2329 771 2387 brachium
797 2330 1071 2383 nostrum
1102 2325 1161 2380 in
1188 2321 1622 2386 mane,etsalus
1651 2318 1959 2375 nostrasin

288 2426 564 2493 tempore
584 2415 1009 2474 tribulationis.
1040 2416 1098 2470 P.
1133 2416 1266 2469 Esto
1305 2410 1623 2481 refugium.
1744 2406 1957 2473 Gloria,

290 2515 345 2567 et
362 2510 587 2574 honor,
624 2511 742 2562 etc.
772 2505 1127 2561 Reiteretur.
1150 2514 1213 2571 ἢ.

361 2600 488 2668 Ego
504 2595 809 2664 occidam,
846 2592 1111 2648 etvivere
1130 2589 1348 2646 faciam
1374 2605 1386 2643 :
1412 2586 1765 2659 percutiam,
1784 2588 1961 2654 etego

293 2685 532 2744 sanabo
546 2726 559 2739 .

511 2772 840 2829 Canticum
891 2765 1342 2825 Deuteronomii
1367 2762 1738 2833 (Cap.xxxu).

358 2861 516 2918 Vidit
546 2860 713 2916 enim
741 2872 845 2912 eos
869 2855 1184 2928 fatigatos,
1218 2855 1231 2869 '
1258 2856 1314 2908 et
1365 2849 1629 2907 defectos
1678 2848 1737 2903 in
1770 2846 1961 2904 obdu-

287 2951 508 3016 ctione,
542 2955 604 3005 et
630 2945 979 3003 dissolutos.

354 3043 425 3095 Et
455 3038 646 3094 dixit:
675 3035 789 3091 Ubi
812 3032 1047 3089 suntdii
1075 3033 1157 3087 tui
1205 3029 1399 3091 Israel,
1428 3030 1445 3049 '
1478 3029 1539 3083 in
1576 3026 1794 3099 quibus
1823 3040 1963 3080 con-

282 3128 523 3185 ﬁdebas
550 3128 615 3183 in
650 3124 799 3198 ipsis
821 3123 850 3177 ‘I

354 3218 437 3273 De
466 3230 740 3289 quorum
772 3212 951 3283 adipe
974 3208 1408 3265 sacrificiorum
1439 3204 1728 3273 edebatis,
1750 3206 1763 3220 '
1787 3206 1842 3258 et
1867 3201 1959 3257 bi-

284 3305 525 3362 bebatis
550 3304 764 3359 vinum
795 3299 1157 3357 libationum
1183 3311 1421 3352 eorum:

356 3398 675 3466 Exurgant
700 3407 884 3456 nunc,
918 3392 974 3444 et
1001 3387 1290 3458 adjuvent
1311 3400 1440 3450 vos,
1468 3385 1497 3416 δ’
1523 3386 1579 3438 et
1616 3382 1764 3438 ﬁant
1792 3379 1961 3437 vobis

286 3490 661 3560 protectores

361 3575 591 3645 Videte,
617 3571 810 3627 videte
861 3567 1154 3641 quoniam
1186 3580 1297 3635 ego
1330 3580 1465 3619 sum
1522 3560 1828 3624 Dominus,
1855 3559 1869 3573 '
1908 3560 1964 3614 et

290 3679 412 3722 non
450 3668 545 3719 est
568 3661 725 3717 alius
756 3662 970 3731 praeter
1000 3670 1095 3711 me
1125 3671 1137 3708 :

364 3756 491 3822 Ego
521 3766 684 3815 sum,
709 3747 814 3821 qui
848 3744 1134 3807 occidam,
1164 3746 1220 3797 et
1249 3740 1445 3796 vivere
1486 3737 1703 3793 faciam
1736 3757 1748 3791 :
1780 3735 1801 3756 '
1834 3749 1965 3807 per-

285 3843 545 3908 cutiam,
578 3844 637 3894 et
656 3853 771 3908 ego
802 3834 1056 3891 sanabo.

360 3930 588 3995 Gloria,
621 3932 679 3983 et
718 3926 916 3981 honor
932 3922 1107 3990 Patri,
1139 3924 1249 3977 etc.

357 4021 695 4077 Reiteretur
735 4012 1111 4082 Antiphona.

354 4105 851 4165 Matutinarium.
866 4098 1241 4170 Antiphone.
1265 4086 1965 4159 lllumina,Domine,vul-

274 4203 414 4255 tum
445 4203 624 4253 tuum
650 4208 828 4265 super
869 4206 1003 4254 nos,
1035 4193 1093 4244 et
1135 4187 1420 4243 miserere
1450 4180 1644 4237 nobis.
1673 4179 1740 4233 P.
1769 4178 1839 4233 Ut
1870 4192 1968 4233 co-

278 4300 654 4358 gnoscamus
684 4283 747 4339 in
769 4286 924 4338 terra
947 4280 1109 4335 viam
1138 4280 1324 4332 tuam.
1342 4273 1407 4333 ἲν.
1430 4271 1586 4327 Deus
1608 4268 1965 4325 misereatur

272 4354 494 4441 nostri,
520 4378 579 4430 et
603 4369 925 4428 benedicat
984 4382 1115 4423 nos.
1168 4365 1231 4418 P.
1290 4364 1360 4418 Ut
1405 4372 1863 4431 cognoscamus.
1898 4354 1961 4415 ἡ.

275 4465 509 4529 Gloria,
540 4466 599 4519 et
627 4462 845 4524 honor,
873 4462 985 4514 etc.
1012 4456 1076 4513 P.
1112 4457 1182 4509 Ut
1209 4463 1672 4521 cognoscamus.

352 4552 593 4611 Lauda.
620 4547 884 4605 Laudate
908 4544 1231 4601 Dominum
1260 4554 1471 4597 omnes
1528 4538 1775 4592 Gentes:
1811 4531 1959 4587 Alle-

274 4645 431 4710 luia,
469 4638 733 4698 alleluia.
758 4638 821 4692 P.
854 4638 919 4691 Et
951 4631 1287 4690 collaudate
1320 4642 1460 4684 eum
1492 4639 1703 4682 omnes
1728 4619 1962 4710 populi,

2064 1877 2146 1934 ad
2177 1878 2431 1934 Tertiam
2451 1878 2734 1933 dicantur
2763 1878 2888 1933 haec
2909 1877 3123 1946 omnia,
3147 1893 3272 1947 qua:
3294 1885 3642 1947 sequuntur.

2135 1965 2467 2036 Prophetia.
2496 1965 2622 2029 Fili,
2655 1964 2899 2021 Custodi
2934 1980 3232 2021 sermones
3262 1980 3431 2022 meos
3449 1966 3707 2037 Require

2062 2054 2169 2123 fol.
2201 2058 2286 2109 95.

2138 2142 2473 2212 Antiphona
2500 2144 2551 2198 1.
2574 2142 2863 2198 Dominus
2885 2142 3168 2198 virtutum
3189 2142 3319 2214 ipse
3349 2145 3441 2199 est
3462 2156 3568 2198 rex
3597 2142 3724 2212 glo-

2066 2246 2187 2287 ωδε.

2142 2319 2368 2376 Oratio.
2404 2319 2654 2375 Domine
2676 2318 2837 2375 fertis
2872 2321 2927 2373 et
2956 2321 3189 2389 potens,
3262 2319 3509 2374 Domine
3548 2318 3729 2373 virtu-

2070 2412 2219 2477 tum,
2251 2408 2378 2479 ipse
2404 2423 2466 2463 es
2490 2422 2590 2462 rex
2618 2406 2855 2477 gloriae:
2889 2406 2967 2462 ab
3017 2406 3181 2461 omni
3208 2410 3455 2477 peccato
3483 2422 3585 2460 cor
3621 2421 3725 2461 no-

2071 2501 2260 2553 strum
2281 2495 2531 2562 munda,
2551 2500 2605 2551 et
2628 2511 2844 2552 manus
2865 2498 3101 2550 nostras
3118 2494 3395 2551 innoxias
3418 2509 3621 2559 serva;
3664 2498 3723 2548 et

2071 2585 2304 2642 animas
2329 2588 2563 2640 nostras
2593 2600 2629 2639 a
2646 2583 2902 2640 vanitate
2918 2582 3211 2639 dissocia:
3239 2587 3303 2638 ut
3340 2582 3401 2637 in
3434 2582 3565 2637 loco
3588 2597 3723 2637 san-

2071 2678 2165 2729 cto
2187 2677 2286 2731 tuo
2308 2677 2594 2741 stare,eta
2620 2676 2674 2727 te
2701 2672 2951 2727 Domino
2976 2672 3094 2727 Deo
3112 2677 3319 2728 nostro
3347 2669 3704 2734 benedictio,

2069 2775 2210 2816 nem
2246 2775 2583 2815 mereamur
2607 2759 2926 2830 percipere.
2971 2770 3034 2825 Re.
3066 2761 3275 2813 Amen.

2139 2848 2249 2902 Per
2296 2847 2769 2903 misericordiam
2800 2851 2991 2901 tuam.

2143 2935 2429 2991 Dominus
2466 2935 2540 2989 sit
2569 2948 2807 3004 semper
2837 2930 3166 2987 vobiscum.
3198 2942 3260 3001 Br.
3292 2933 3357 2986 Et
3413 2946 3576 2988 cum.

2150 3025 2316 3095 107
2338 3024 2690 3093 Antiphona
2720 3026 2773 3077 2.
2798 3021 2886 3077 Ad
2919 3025 2970 3075 te
2992 3020 3238 3075 Domine
3255 3018 3447 3076 levavi
3463 3020 3729 3076 animam

2008 3141 2027 3159 η
2072 3130 2292 3173 meam.
2319 3115 2469 3169 Deus
2493 3128 2681 3167 meus.
2722 3112 2996 3167 Psalmus
3038 3126 3229 3165 xxxrv.

2147 3200 2467 3258 0ratz’o.Ad
2482 3204 2533 3255 te
2550 3199 2797 3256 Domine
2811 3199 3070 3254 formam
3089 3197 3306 3253 animae
3361 3197 3735 3267 nostrae,spei

2071 3289 2437 3347 adminiculo
2475 3289 3143 3359 erigentes,precamur;
3168 3286 3251 3341 sic
3265 3301 3399 3341 eam
3414 3284 3729 3339 desideriis

2072 3377 2486 3451 spiritualibus
2508 3376 2767 3441 imbuas,
2824 3380 2888 3430 ut
2912 3373 3225 3430 carnaliter
3269 3372 3607 3428 conversari
3635 3372 3737 3428 de-

2071 3469 2265 3525 sistat:
2300 3483 2375 3522 ne
2400 3464 2627 3521 inimici
2674 3463 2987 3520 derideant
3052 3462 3454 3535 promittendo
3494 3465 3729 3516 terrena

2071 3557 2177 3613 sed
2198 3554 2474 3628 specialis
2501 3554 2693 3625 gratia
2709 3553 3012 3625 pertrahat
3032 3552 3109 3607 ad
3128 3566 3410 3622 superna.
3426 3551 3505 3604 'l‘u
3531 3549 3735 3620 itaque

2070 3648 2226 3702 Deus
2241 3645 2395 3701 omni
2405 3649 2611 3716 potens
2627 3642 2687 3697 id
2701 3657 2909 3714 sapere
2928 3642 3279 3704 concede,ut
3294 3638 3521 3694 veritati
3538 3636 3730 3709 potius

2070 3749 2259 3807 quam
2276 3731 2586 3789 mandatio
2616 3729 2845 3787 ambiat
2866 3729 3185 3795 inhaerere;
3215 3727 3298 3782 sic
3322 3725 3505 3782 libeat
3534 3724 3733 3781 humi-

2072 3822 2217 3879 litati
2255 3822 2612 3885 insistere,ut
2624 3834 2729 3891 per
2739 3818 2799 3874 id
2812 3817 3162 3875 etmorbum
3178 3814 3476 3889 superbiae
3497 3816 3734 3883 caveat,

2074 3916 2130 3967 et
2143 3916 2381 3967 tuorum
2396 3908 2648 3980 praemia
2665 3907 2965 3964 bonorum
2980 3921 3118 3962 cum
3134 3904 3360 3962 Sanctis
3373 3902 3731 3975 participare

2074 4004 2325 4055 suescat.
2359 4010 2429 4068 Βτ.
2468 4002 2677 4053 Amen.

2144 4088 2249 4141 Per
2275 4085 2751 4142 misericordiam
2791 4087 2978 4138 tuam.

2142 4174 2484 4244 Antiphona
2517 4177 2567 4228 '3.
2596 4171 2737 4228 Vide
2780 4168 3175 4225 humilitatem
3196 4180 3418 4231 meam,
3448 4163 3711 4227 Domine,

2073 4262 2209 4318 vide
2266 4260 2535 4317 laborem
2599 4272 2843 4314 meum:
2875 4261 2933 4313 et
2976 4253 3207 4311 dimitte
3265 4256 3511 4325 peccata
3561 4266 3717 4308 mea.

2073 4350 2349 4407 Psalmus
2376 4364 2533 4404 xxrv.

2149 4437 2305 4510 13,.Ad
2323 4436 2731 4509 adjuvandum
2744 4451 2857 4491 nos
2870 4431 3369 4501 festina,Domine;
3386 4429 3463 4486 ad
3475 4428 3730 4486 liberan-

2075 4529 2223 4585 dum
2240 4528 2529 4585 nos.P.Ne
2548 4523 3127 4584 tardaveris.V.Deus
3141 4521 3199 4576 in
3214 4520 3459 4576 nomine
3478 4524 3577 4575 tuo
3602 4516 3716 4573 sal-

2072 4634 2180 4674 vos
2194 4633 2306 4674 nos
2336 4617 2430 4673 fac
2455 4634 2467 4671 :
2490 4616 2618 4673 etin
2643 4615 2860 4671 virtute
2879 4612 3179 4669 tualibera
3207 4611 3504 4665 nos.P.Ne
3528 4606 3721 4663 tarda-

274 4734 343 4793 ἓν.
381 4700 693 4799 Quoniam
709 4725 1065 4783 conﬁrmata
1079 4726 1165 4776 est
1204 4732 1382 4792 super
1414 4730 1527 4771 nos
1554 4709 1965 4771 misericordia
2074 4707 2242 4764 veris.
2264 4706 2327 4766 ἲν.
2358 4705 2573 4775 Gloria,
2602 4709 2659 4761 et
2681 4703 2889 4772 honor,
2921 4706 3032 4757 etc.
3059 4700 3414 4755 Reiteretur.
3444 4707 3507 4764 1r.

276 4797 459 4894 ejus:
496 4823 555 4876 et
582 4816 805 4874 veritas
832 4810 1072 4870 Domini
1099 4812 1301 4865 manet
1341 4805 1402 4860 in
1438 4808 1745 4859 aeternum.
1781 4799 1845 4853 P.
1894 4797 1967 4894 Et

268 4880 627 4969 collaudate
660 4920 821 4961 eum.
869 4902 939 4962 V.
1003 4898 1217 4964 Gloria,
1260 4898 1316 4952 et
1362 4894 1578 4959 honor,
1616 4894 1725 4946 etc.
1779 4888 1844 4945 P.
1894 4880 1962 4942 Et

267 5000 621 5059 collaudate
644 5010 806 5052 eum.

338 5088 547 5146 Lectio
582 5084 731 5141 libri
758 5078 1082 5137 Hieremiae
1106 5072 1417 5142 Prophetas
1451 5070 1624 5141 (Cap.
1661 5076 1839 5137 χχιχ),

343 5190 406 5248 ἢ.
454 5177 582 5232 Deo
613 5170 863 5243 gratias.

336 5244 475 5323 Haec
502 5263 648 5321 dicit
675 5256 1014 5317 Dominus:
1050 5255 1192 5307 Ecce
1245 5264 1357 5318 ego
1388 5245 1648 5303 visitabo
1681 5259 1789 5299 vos
1826 5258 1838 5297 :
1893 5244 1950 5297 et

264 5355 581 5412 suscitabo
603 5363 792 5422 super
817 5360 931 5400 vos
951 5339 1203 5396 verbum
1223 5352 1430 5393 meum
1445 5329 1954 5397 bonum,utredu-

269 5460 407 5502 cam
421 5460 530 5501 vos
559 5441 642 5499 ad
658 5418 874 5495 locum
901 5431 1105 5486 istum.
1138 5430 1255 5497 Ego
1284 5425 1446 5482 enim
1470 5422 1592 5478 scio
1642 5418 1955 5491 cogitatio-

271 5550 399 5599 nes,
427 5549 585 5608 quas
603 5526 818 5598 cogito
841 5532 1027 5591 super
1040 5532 1166 5579 vos,
1197 5515 1278 5571 ait
1308 5507 1950 5608 Dominus,_cogitatio-

277 5596 597 5699 nespacis,
632 5596 707 5675 et
727 5627 860 5673 non
888 5604 1245 5671 afﬂictionis,
1274 5606 1338 5659 ut
1362 5602 1501 5657 dem
1536 5598 1712 5654 vobis
1749 5596 1953 5669 ﬁdem,

2143 4794 2372 4852 Lauda.
2396 4782 3721 4860 Alleluia,alleluia,elleluia,alleluia,alleluia,

2070 4884 2328 4941 alleluia.
2355 4885 2506 4939 Laus
2536 4880 2661 4945 tibi,
2680 4880 2812 4936 laus
2830 4878 2959 4942 tibi,
2979 4876 3112 4932 laus
3131 4875 3255 4941 tibi,
3286 4872 3560 4937 laustibi,
3587 4872 3616 4926 J
3621 4887 3728 4928 esu

2069 4972 2320 5029 Christe.
2360 4970 2423 5032 ἢ.
2447 4968 2661 5037 Gloria,
2696 4972 2752 5025 et
2801 4966 2994 5022 honor
3052 4963 3234 5031 Patri,
3274 4967 3330 5018 et
3370 4960 3511 5018 Filio
3584 4976 3722 5017 cum

2069 5063 2284 5119 Sancto
2304 5058 2555 5132 Spiritus
2567 5072 2675 5129 per
2691 5059 2905 5113 cuncta
2928 5049 3717 5116 smeula.Amen.P.Alleluia,

2066 5150 2322 5207 alleluia.

2134 5242 2365 5296 Preces.
2401 5239 2527 5293 Non
2556 5240 2644 5292 est
2672 5233 2842 5291 alius.
2897 5234 2959 5289 P.
2990 5232 3108 5288 Nisi
3130 5235 3193 5287 tu
3238 5230 3412 5285 Deus.
3464 5227 3525 5287 if.
3579 5228 3718 5292 Quae

2064 5327 2220 5385 orari
2290 5326 2500 5399 poscit.
2554 5327 2613 5379 P.
2677 5323 2799 5379 Nisi
2857 5325 2921 5378 tu
2964 5322 3137 5377 Deus.
3184 5318 3245 5379 ὲν.
3300 5317 3411 5383 Qui
3460 5313 3716 5370 misereri

2064 5416 2272 5489 poscit.
2298 5416 2356 5468 Ρ.
2403 5412 2630 5473 Nisiﬂi’.
2663 5412 2767 5484 qui
2822 5410 3103 5467 contritos
3144 5410 3331 5464 sanet.
3358 5407 3418 5470 P,
3470 5401 3614 5489 Nisi.
3655 5400 3714 5459 V.

2066 5488 2173 5571 Qui
2202 5502 2470 5559 inﬁrmos
2498 5500 2709 5556 visitet.
2742 5502 2804 5557 P.
2832 5498 2966 5555 Nisi.
3000 5495 3180 5562 V.Qui
3204 5494 3470 5566 captivos
3491 5488 3711 5545 liberet.

2066 5594 2127 5648 P.
2157 5591 2297 5648 Nisi.
2323 5590 2677 5648 Reiteretur.
2710 5590 2837 5643 Non
2859 5590 2948 5643 est
2973 5585 3142 5643 alius.
