4160 6448
453 377 558 437 811

457 603 796 666 precamur,
827 589 893 643 ut
906 601 1009 643 eas
1033 583 1322 657 spirituali
1339 582 1619 640 sustollas
1637 578 1949 644 desiderio,
1969 593 2106 650 qum

459 676 688 736 carnali
701 675 921 747 saepius
931 673 1353 743 demerguntur
1365 674 1507 728 voto
1516 671 1697 739 ,dona
1707 667 2106 733 humilitatem,

463 781 653 840 quam
674 763 1041 837 ipsevideas,
1077 760 1363 834 etperﬁce
1379 759 1752 816 fructuosum
1762 756 2113 823 laborem,ut

461 856 712 928 peccata
738 851 1038 910 dimittas:
1062 848 1408 921 simplicitas
1429 851 1487 904 et
1515 846 1765 919 aequitas
1794 843 2010 901 nostris
2022 843 2112 898 in-

463 943 732 1000 hmreant
755 939 991 1009 animis;
1021 937 1198 995 dolus
1211 936 1569 1008 etinjustitia
1587 933 1794 1008 procul
1813 932 2109 996 recedant,

465 1029 530 1087 in
554 1029 752 1086 nobis.

537 1121 712 1175 Pater
739 1120 964 1174 noster.
1003 1118 1046 1171 A
1069 1118 1233 1172 malo
1263 1129 1376 1170 nos
1403 1112 1722 1182 liberafol.
1748 1113 1831 1166 lO.

539 1206 638 1261 Ad
656 1203 1115 1273 Sextam,omnia
1143 1203 1517 1271 dc'cantur,ut
1545 1201 1608 1256 in
1629 1201 1836 1263 Sexta,
1858 1210 1992 1268 qua:
2028 1194 2114 1250 di-

477 1296 631 1352 citur
651 1308 754 1366 per
784 1299 971 1350 totum
1001 1290 1350 1350 annum.Ad
1362 1291 1597 1346 Nonam
1616 1293 1899 1356 utsupra.

831 1381 1139 1438 SABBATO
1162 1379 1448 1436 SANCTA']
1466 1379 1722 1435 MABUE.

538 1471 858 1528 Sciendum
885 1475 981 1536 est,
1011 1469 1165 1541 quod
1184 1467 1456 1524 omnibus
1477 1465 1749 1523 Sabbatis
1773 1478 1885 1533 per
1935 1466 2115 1518 totum

470 1573 695 1617 annum
716 1561 955 1630 (praeter
974 1557 1166 1614 sinon
1195 1557 1524 1613 occurrerit
1553 1556 1773 1624 festum
1803 1566 2008 1608 novem
2036 1552 2118 1606 le-

471 1650 750 1720 ctionum)
777 1662 1002 1718 semper
1033 1647 1291 1716 facimus
1328 1645 1593 1715 ofﬁcium
1632 1644 1705 1699 Β.
1736 1642 1821 1699 M.
1857 1641 1923 1696 V.
1953 1639 2118 1696 modo

473 1739 738 1815 sequenti
767 1754 782 1794 :
816 1735 1239 1805 Incipiendum
1265 1739 1374 1790 est.

1070 1822 1168 1878 Ad
1193 1823 1524 1893 gVesperos.

545 1914 766 1972 Lauda.
798 1912 974 1983 Virgo
1003 1910 1200 1975 Israel,
1231 1925 1443 1966 ornare
1469 1908 1771 1981 tympanis
1800 1907 1942 1963 tuis.
1971 1907 2033 1962 P.
2055 1907 2123 1961 Et

474 2003 756 2076 egredere
780 2001 843 2057 in
874 2001 1055 2056 choro
1074 1999 1476 2073 psallentium.
1507 1997 1570 2058 ἲν.
1597 1999 1774 2055 Beata
1796 2011 1860 2051 es
1893 1994 2119 2066 regina,

474 2108 612 2166 quae
631 2089 903 2164 propicis,’
921 2088 1097 2160 quasi
1120 2088 1347 2144 lumen.
1365 2087 1428 2141 P.
1449 2089 1515 2142 Et
1529 2085 1807 2156 egredere
1824 2083 1885 2140 in
1914 2084 2120 2140 choro.

546 2178 960 2247 0ratio.Virgo
1000 2176 1196 2247 Israel,
1238 2193 1372 2248 qua:
1425 2175 1629 2247 utique
1654 2177 1841 2230 mater
1860 2171 2122 2228 Videntis

477 2267 821 2340 intelligeris
842 2287 854 2326 :
871 2265 1101 2323 adorna
1120 2269 1406 2336 tympana
1417 2262 1608 2332 tua,id
1627 2261 2122 2327 est,membraEc—

481 2357 673 2414 clesise
705 2360 820 2412 tum
843 2371 858 2422 ;
881 2359 944 2411 ut
983 2359 1038 2411 te
1062 2353 1397 2409 habeamus
1435 2356 1751 2425 patronam
1767 2351 1828 2406 in
1881 2349 2118 2420 saeculo,

478 2462 665 2520 quam
699 2445 942 2502 beatam
982 2443 1253 2516 reginam
1331 2441 1629 2497 credimus
1683 2454 2033 2513 permanere
2061 2439 2122 2494 in

478 2534 680 2592 futuro
696 2550 708 2589 :
727 2538 794 2589 ut
803 2532 1228 2605 prospicientes
1245 2535 1298 2587 te
1310 2531 1514 2587 lumen
1532 2528 1892 2585 credulitatis
1908 2531 2123 2584 nostrae

485 2623 611 2679 sine
631 2621 818 2678 dubio
846 2637 998 2687 esse,
1026 2623 1082 2677 te
1122 2618 1553 2692 interpellante,
1578 2617 1841 2674 favorem
1871 2615 2124 2672 beatitu-

487 2711 646 2767 dinis
670 2724 1011 2767 mereamur
1037 2707 1400 2764 ﬁrmissimas
1417 2706 1708 2764 obtinere.
1747 2717 1810 2775 Βι.
1843 2709 2051 2761 Amen.

550 2803 656 2855 Per
675 2797 1164 2855 misericordiam.

548 2888 723 2944 Sana.
744 2888 1022 2944 Dominus
1039 2889 1191 2942 Deus
1212 2885 1345 2941 caali
1373 2884 1690 2942 benedicat
1714 2883 2127 2950 tibi,honorem

478 2975 647 3048 regni
676 2975 846 3032 dabit
873 2976 930 3031 in
959 2991 1146 3033 manu
1163 2977 1285 3031 tua.
1318 2975 1377 3028 P.
1396 2977 1461 3031 Et
1491 2973 1832 3031 adorabunt
1856 2989 2060 3030 coram
2073 2975 2128 3029 te

477 3064 583 3120 ﬁlii
611 3065 934 3121 multarum
959 3065 1253 3120 Gentium.
1293 3062 1560 3119 Alleluia.
1586 3061 2129 3135 V.Audi,ﬁlia,quia

1721 358 2177 422 BBEVIARIUM
2217 362 2610 423 GOTHICUM.

529 499 842 571 Capitula.
869 496 960 554 Ad
982 498 1040 554 te
1069 495 1319 553 Domine
1339 494 1605 552 levantes
1621 491 1854 549 animas
1869 491 2105 546 nostras
2135 489 2181 543 A

2467 489 2578 557 Qui
2607 488 2690 545 sic
2710 484 2975 558 suscepit
2998 483 3324 555 Virginem,

2390 579 2515 636 Poli
2541 582 2827 649 terraeque
2859 574 3149 644 Reginam
3168 591 3186 644 ;

2390 670 2455 724 Et
2477 666 2843 738 Angelorum
2870 666 3215 735 compotem

2394 756 2548 814 Fecit
2574 758 2635 813 in
2664 770 2862 812 arcem
2885 751 3226 808 sublimem.

2467 845 2591 902 Illic
2615 845 2792 914 Virgo
2812 841 3214 909 sanctissima,

2397 939 2606 992 Nostra
2643 933 2806 990 defer
2833 932 3206 1006 precamina.

2406 1028 2448 1096 1
2461 1026 2579 1097 08
2596 1027 2724 1091 Quo
2754 1027 2817 1080 tu
2838 1022 3084 1080 tranasti
3123 1019 3334 1090 gloria,

2400 1111 2995 1170 Commemorationis
3020 1108 3266 1180 inclyta.

2472 1202 2584 1258 Per
2602 1204 2773 1258 tuum
2808 1198 3210 1271 Unigenitum,

2401 1292 2588 1356 Quem
2609 1289 2864 1361 genuisti
2891 1288 3232 1354 Dominum,

2402 1378 2537 1435 Caeli
2564 1382 2843 1452 petamus
2877 1375 3178 1448 gremium

2404 1467 2515 1524 Diu
2543 1483 2651 1540 per
2675 1483 2855 1526 omne
2880 1466 3186 1523 saeculum.
3213 1466 3423 1521 Amen.

2295 1556 2684 1626 Supplicatio.
2707 1559 2956 1614 Oremus
2983 1555 3445 1626 Redemptorem
3458 1555 3683 1612 mundi
3699 1557 3906 1614 Domi-

2226 1660 2360 1700 num
2373 1648 2832 1702 uostrumJesum
2844 1645 3284 1708 Ghristum,cum
3297 1643 3452 1700 omni
3465 1644 3906 1717 supplicatione

2227 1749 2507 1806 rogemus
2523 1752 2537 1802 ;
2553 1739 2618 1792 ut
2634 1751 2743 1791 nos
2761 1735 2950 1805 gratia
2966 1734 3236 1806 ipsius,et
3252 1749 3357 1805 per
3382 1733 3901 1791 intercessionem

2156 1829 2201 1886 Β
2231 1825 2458 1880 Sanctae
2481 1824 2673 1880 Mariae
2691 1824 2941 1894 Virginis
2963 1821 3260 1893 genitricis
3284 1838 3408 1878 sum
3427 1822 3609 1880 nobis
3637 1824 3906 1881 salutem

2228 1913 2464 1979 animae,
2493 1913 2829 1984 etcorporis
2849 1910 3137 1984 propitius
3186 1910 3445 1968 tribuere
3481 1911 3804 1983 dignetur.
3838 1925 3904 1986 ﬁ.

2227 2001 2445 2057 Praesta
2475 2004 2691 2057 aeterne
2721 2003 3100 2073 omnipotens
3124 2000 3298 2055 Deus.

2297 2089 2498 2162 Kyrie,
2527 2089 2773 2146 eleison.
2797 2101 2860 2160 Et.
2892 2087 3386 2153 Christe,eleison.
3419 2089 3621 2163 Kyrie,
3644 2092 3903 2151 eleison.

2301 2178 2592 2248 Capitula.
2609 2177 2781 2249 Virgo
2810 2177 3018 2234 Christi
3031 2177 3365 2248 genitrix,et
3383 2178 3642 2237 humani
3659 2185 3906 2251 generis

2227 2267 2574 2339 reparatrix,
2603 2267 3056 2340 implorantium
3085 2280 3293 2338 preces
3323 2267 3576 2324 auribus
3609 2270 3774 2327 oﬂ‘er
3815 2273 3902 2332 di-

2227 2354 2385 2411 vinis
2417 2374 2431 2412 :
2458 2359 2522 2411 ut
2550 2359 2651 2411 tuo
2673 2356 3049 2427 gaudeamus
3069 2370 3307 2411 munere
3334 2355 3521 2427 digni,
3558 2357 3908 2418 intercessu

2230 2445 2332 2499 tuo
2345 2443 2762 2514 peccaminum
2781 2443 2944 2515 apud
2960 2444 3148 2499 Deum
3165 2442 3433 2500 obtinere
3446 2446 3909 2516 remissionem,

2232 2536 2406 2603 cujus
2431 2548 2610 2588 sexus
2629 2533 2861 2607 absque
2891 2533 3141 2606 pudoris
3185 2533 3570 2604 corruptione
3602 2539 3897 2596 omnium

2233 2621 2440 2692 genuit
2463 2620 2858 2678 Salvatorem.

2304 2709 2476 2765 Pater
2496 2714 2719 2766 noster.
2751 2710 3003 2767 Liberati
3036 2725 3072 2766 a
3101 2710 3281 2766 malo.
3306 2712 3515 2780 Quaere
3527 2714 3643 2782 fol.
3676 2717 3734 2770 '2.

2306 2798 2666 2855 Benedictio.
2703 2799 2991 2855 Dominus
3018 2800 3188 2855 Jesus
3218 2799 3498 2866 Christus,
3534 2803 3643 2875 qui
3661 2803 3818 2862 olim
3840 2821 3914 2863 ex

2235 2885 2468 2958 Virgine
2494 2887 2775 2956 dignatus
2793 2892 2882 2944 est
2899 2889 3217 2958 nasci,suee
3247 2903 3359 2945 nos
3385 2890 3709 2950 Genitricis
3730 2894 3915 2953 inter-

2237 2974 2502 3031 cessione
2519 2977 2741 3032 sanctiﬁ
2751 2981 2858 3033 cet.
2866 2977 3382 3050 H.Amen.Quique
3398 2983 3664 3036 matrem
3686 2999 3902 3040 serva-

2238 3063 2322 3118 vit
2352 3078 2388 3119 a
2413 3065 2768 3136 corruptelae
2789 3065 3289 3136 contagio.sinum
3319 3067 3508 3123 nostri
3527 3069 3739 3125 cordis
3752 3087 3918 3130 ema-

481 3153 741 3210 exaltata
770 3169 852 3221 es,
876 3158 932 3210 et
956 3152 1136 3210 facies
1162 3153 1347 3223 fulget
1370 3153 1432 3207 in
1462 3152 1688 3224 templo
1723 3152 1825 3208 Dei
1854 3169 1869 3208 :
1902 3151 1989 3208 sol
2006 3152 2131 3224 jus—
2167 3180 2208 3236 α
2237 3150 2390 3208 culet
2427 3151 2710 3210 adelicto.
2745 3164 2807 3225 ηε.
2841 3155 3048 3208 Amen.
3074 3156 3138 3209 Et
3161 3154 3263 3226 qui
3289 3168 3426 3210 eam
3439 3155 3578 3211 fecit
3594 3156 3911 3229 Virginem

482 3241 622 3298 titius
652 3241 714 3296 in
743 3240 1015 3313 ingressu
1045 3246 1147 3297 tuo
1181 3241 1421 3296 orietur.
1454 3240 1519 3296 P.
1541 3239 1808 3296 Alleluia.

553 3329 844 3387 Dominus
875 3329 949 3386 sit
978 3343 1215 3402 semper
1262 3327 1598 3383 vobiscum.
1619 3338 1684 3398 ἢ.
1737 3330 1987 3385 Etcum.

556 3418 910 3490 Antiphone.
952 3417 1272 3474 Benedicta
1326 3420 1392 3471 tu
1437 3431 1474 3472 a
1503 3418 1622 3472 Deo
1667 3416 2130 3489 Altissimo,pree

484 3507 766 3565 omnibus
790 3506 1164 3564 mulieribus.
1186 3507 1244 3560 P.
1279 3506 1520 3576 Propter
1547 3505 1662 3561 hoc
1718 3521 1841 3560 non
1871 3504 2134 3562 discedet

481 3597 616 3654 laus
629 3601 725 3653 tua
749 3597 828 3653 ab
847 3612 950 3651 ore
975 3595 1294 3652 hominum
1324 3610 1514 3668 usque
1536 3595 1597 3650 in
1617 3594 2136 3656 smeulum.V.Bea—

481 3691 605 3742 tam
641 3699 738 3740 me
761 3684 958 3741 dicent
977 3699 1186 3740 omnes
1208 3683 1641 3754 generationes.
1673 3683 1824 3749 Quia
1847 3681 2130 3740 ancillam

483 3771 774 3830 humilem
801 3773 1060 3845 respexit
1104 3787 1190 3828 me
1228 3773 1402 3828 Deus.
1463 3770 1527 3826 P.
1612 3771 1860 3844 Propter
1904 3770 2038 3827 hoc.
2094 3770 2137 3832 ἵ

487 3863 704 3935 Gloria,
727 3867 785 3920 et
818 3863 1033 3933 honor,
1059 3867 1168 3921 etc.
1200 3867 1260 3922 Ρ.
1277 3865 1539 3936 Propter.

560 3952 850 4008 Dominus
877 3953 951 4008 sit
979 3969 1235 4025 semper.
1259 3964 1321 4021 Β.
1357 3955 1421 4008 Et
1445 3967 1603 4007 cum.

560 4042 790 4098 Lauda.
834 4041 1101 4100 Alleluia.
1156 4041 1379 4105 Gaude,
1404 4040 1527 4097 ﬁlia
1571 4038 1752 4097 Sion:
1799 4039 2017 4109 laetare,
2081 4045 2138 4098 et

489 4130 681 4187 exulta
705 4131 941 4188 inomni
962 4132 1161 4200 corde,
1183 4131 1304 4188 ﬁlia
1332 4131 1721 4189 Hierusalem.
1758 4131 1816 4186 P.
1842 4132 2135 4197 Quoniam

491 4219 733 4276 abstulit
758 4219 1034 4277 inimicos
1065 4224 1200 4277 tuos
1223 4219 1514 4276 rexlsrael
1536 4220 1843 4276 Dominus.
1866 4219 2134 4287 Alleluia,

490 4307 559 4366 ν.
583 4307 788 4364 Lauda
804 4307 1177 4365 Hierusalem
1202 4307 1554 4364 Dominum:
1579 4311 1637 4364 et
1659 4307 1937 4365 collauda
1949 4310 2138 4365 Deum

492 4402 664 4456 tuum
684 4397 1208 4462 Sion.P.Quoniam
1222 4397 1483 4456 abstulit.
1501 4398 1561 4460 V.
1591 4398 1803 4464 Gloria,
1839 4402 1895 4456 et
1924 4399 2136 4456 honor,

495 4487 608 4543 etc.
637 4484 696 4538 P.
725 4485 1039 4552 Quoniam.

1191 4573 1480 4646 Hymnus.

743 4665 785 4719 Ο
817 4662 999 4720 decus
1029 4679 1266 4720 sacrum
1295 4665 1618 4735 Virginum,

671 4753 858 4818 Quem
891 4753 1062 4824 Virgo
1087 4753 1249 4810 vehit
1279 4755 1552 4818 Unicum,

672 4843 740 4899 Et
759 4842 1017 4914 virgines
1038 4842 1368 4900 Almiﬁcum

671 4931 1010 5003 Sequuntur
1035 4936 1253 4989 sanctae
1283 4932 1571 4989 Domina.

747 5017 858 5083 Qui
880 5019 1217 5090 plaustrum
1243 5018 1643 5078 domicilium.

676 5105 883 5163 Faxisti
901 5107 1029 5178 jam
1061 5108 1415 5179 virgineum,

672 5194 801 5259 Quo
827 5210 966 5252 cum
999 5198 1225 5262 cuneis,
1252 5196 1556 5265 virginum

672 5281 822 5340 Cluit
849 5288 1030 5356 caput
1051 5285 1451 5357 praecipuum.

740 5375 859 5430 Hoc
888 5373 1180 5446 templum
1191 5373 1320 5442 jam
1360 5370 1722 5442 terrigenum

669 5458 898 5513 Numen
921 5455 1082 5511 cudit
1141 5454 1502 5510 caelicolum.

666 5550 713 5599 A
743 5560 869 5615 qua
891 5542 1274 5612 redemptum
1301 5542 1589 5599 saeculum

666 5633 852 5696 Extat,
887 5633 939 5684 et
969 5628 1164 5684 omnis
1189 5633 1459 5688 tartarus.

2236 3253 2479 3294 manere
2491 3244 2627 3312 post
2648 3241 3131 3312 partum,coelum
3146 3240 3322 3297 nobis
3341 3242 3566 3301 tribuat
3586 3247 3913 3317 possidere

2239 3331 2376 3400 post
2395 3328 2731 3385 transitum.
2764 3342 2830 3401 Βί.
2863 3331 3070 3386 Amen.

2308 3415 2417 3471 Per
2453 3417 2925 3475 misericordiam
2951 3419 3138 3491 ipsius
3161 3418 3260 3475 Dei
3290 3420 3500 3492 nostri,
3533 3425 3650 3478 etc.

2309 3506 2715 3564 Lauda.Rami
2729 3508 3025 3574 mei,rami
3037 3508 3365 3576 honoris,et
3376 3510 3584 3579 gratim
3599 3555 3613 3568 .
3627 3511 3914 3581 Alleluia,

2242 3595 2303 3650 P.
2340 3597 2459 3664 Ego
2480 3597 2654 3668 quasi
2678 3596 2815 3652 vitis
2832 3596 3180 3653 fructiﬁcavi
3195 3598 3557 3655 suavitatem
3577 3601 3920 3660 odoris.Al-

2244 3681 2440 3749 leluia,
2484 3683 2740 3750 alleluia,
2769 3684 3025 3741 alleluia.
3049 3685 3110 3744 i7.
3156 3687 3276 3756 Ego
3307 3691 3531 3755 autem,
3576 3689 3740 3747 sicut
3757 3691 3923 3750 oliva

2244 3770 2543 3828 fructifera
2571 3773 2632 3828 in
2654 3772 2836 3829 domo
2859 3773 3114 3842 Domini,
3155 3775 3441 3845 sperabo;
3476 3779 3534 3831 et
3585 3777 3652 3833 in
3682 3780 3923 3838 miseri-

2245 3859 2450 3915 cordia
2471 3861 2571 3916 Dei
2597 3862 2716 3916 mei
2743 3862 2804 3917 in
2831 3865 3141 3927 aeternum,
3159 3863 3172 3934 ζ
3188 3867 3244 3920 et
3271 3863 3332 3918 in
3361 3865 3657 3922 saeculum
3681 3870 3920 3926 saeculi.

2244 3946 2308 4000 P.
2328 3949 2448 4018 Ego
2469 3950 2646 4020 quasi
2675 3951 2826 4007 vitis.
2881 3951 2942 4011 in
2979 3951 3191 4023 Gloria,
3242 3955 3300 4007 et
3327 3952 3522 4010 honor
3579 3957 3765 4025 Patri,
3805 3964 3918 4016 etc.

2243 4035 2315 4092 P.
2340 4039 2461 4107 Ego
2473 4039 2647 4110 quasi
2678 4040 2828 4095 vitis.

2319 4125 2538 4182 Oratio.
2560 4128 2699 4184 Mira
2726 4127 2890 4194 satis,
2923 4128 3191 4192 Domine,
3226 4129 3398 4184 radix
3457 4131 3739 4192 Ecclesiae
3775 4138 3919 4205 tum,

2246 4228 2380 4286 quae
2399 4214 2650 4286 proﬁcit,
2679 4219 2735 4272 et
2758 4217 2964 4272 crescit
2983 4233 3173 4290 usque
3212 4217 3290 4274 ad
3338 4217 3677 4290 perfectum
3727 4224 3917 4290 diem,

2247 4301 2418 4372 cujus
2430 4303 3072 4377 ramiMartyres,cujus
3090 4307 3539 4378 praependicula
3560 4310 3764 4369 eﬂ‘ecti
3779 4319 3923 4371 sunt

2249 4391 2646 4460 Confessores,
2683 4393 2833 4450 inter
2862 4409 3014 4466 quos
3028 4395 3370 4451 Beatissima
3401 4396 3576 4467 Virgo
3603 4401 3796 4458 Maria
3820 4406 3928 4459 Ge-

2247 4479 2425 4537 nitrix
2445 4482 2747 4555 tua,quasi
2765 4482 2900 4539 vitis
2928 4498 3072 4538 vera
3092 4483 3640 4549 fructiﬁcans,dum
3658 4489 3922 4548 odorem

2249 4569 2456 4642 gratiae
2479 4569 2759 4626 ﬁdelibus
2777 4571 3056 4644 propinat
3085 4571 3148 4627 in
3178 4573 3653 4640 saeculo,aeterno
3675 4593 3924 4652 prome-

2247 4661 2408 4716 retur
2428 4660 2726 4716 consolari
2771 4661 2845 4717 de
2882 4662 3166 4733 praemio:
3217 4677 3572 4734 qumsumus
3632 4681 3808 4738 ergo,
3857 4673 3925 4727 ut

2251 4743 2551 4815 suffragiis
2577 4749 2707 4819 ejus
2750 4749 2933 4806 odore
2971 4750 3255 4806 virtutum
3308 4751 3526 4808 odores
3580 4755 3922 4814 criminum

2247 4833 2572 4906 fugiamus,
2617 4849 2679 4908 3;.
2713 4839 2923 4894 Amen.

2326 4929 2437 4982 Per
2459 4926 2933 4984 misericordiam
2952 4927 3136 4999 ltuam
3169 4930 3321 4985 Deus
3354 4933 3574 4986 noster.

2318 5022 2384 5074 In
2413 5016 2659 5074 nomine
2686 5015 2945 5073 Domini.

2840 5106 2934 5161 Ad
2959 5106 3345 5163 Matutinum.

2315 5197 2674 5264 Antiphona.
2700 5195 2881 5252 Labia
2903 5209 3059 5265 mea,
3087 5195 3355 5264 Domine,
3388 5195 3635 5267 ’aperies
3672 5217 3686 5255 :
3717 5206 3781 5258 et
3854 5219 3919 5260 os

2245 5299 2450 5340 meum
2480 5284 2854 5341 annuntiabit
2874 5283 3116 5340 laudem
3147 5288 3333 5352 tuam,
3366 5284 3645 5343 Psalmus
3712 5306 3770 5346 L.

2318 5372 2538 5428 Oratio.
2563 5372 2838 5429 Exullent
2862 5373 2922 5428 in
2941 5377 3016 5438 te,
3035 5372 3303 5438 Domine,
3329 5372 3491 5430 labia
3519 5379 3740 5436 nostra
3763 5395 3920 5450 prae-

2247 5460 2420 5516 conio
2443 5461 2703 5516 veritatis
2720 5461 2795 5516 ad
2811 5460 3274 5517 collaudandam
3300 5477 3510 5518 veram
3527 5479 3918 5523 commemo-

2245 5547 2536 5604 rationem
2559 5548 2794 5605 illibatze
2812 5551 3002 5606 Mariae
3030 5549 3328 5618 genitricis
3354 5567 3366 5604 :
3392 5555 3447 5605 et
3467 5566 3606 5622 quae
3635 5553 3916 5624 deiterris

2245 5637 2637 5709 potentialiter
2665 5639 2876 5694 meruit
2907 5637 3178 5708 supernis
3210 5637 3453 5693 sedibus
3499 5638 3797 5700 divinitus
3829 5649 3915 5703 at-
