4160 6416
235 310 324 369 ιη

1302 320 1629 380 SABBATO
1666 322 1853 382 POST
1886 324 2233 388 OCTAVAM
2268 330 2691 395 ΕΡΙΡΗΑΝΙΕ.

3596 360 3703 417 214

246 437 381 508 tolli,
408 456 805 553 mereamur
836 447 959 553 "ob
980 446 1117 553 ‘ejus
1142 445 1405 553 favorem
1436 449 1514 505 ab
1554 451 1830 553 omnibus
1844 454 1940 510 hic
1972 454 2019 510 A
2048 458 2319 515 omnium
2350 463 2711 520 saeculorum
2744 481 2757 532 ;
2790 467 2855 523 ut
2884 480 2991 539 per
3015 472 3071 527 te
3126 473 3394 534 fruamur
3432 484 3702 553 paradisi

262 533 508 632 peccatis
537 536 703 645 er‘ui,
735 541 799 635 et
832 536 957 645 iljlic
978 536 1285 645 beatorum
1327 538 1691 609 fulgentibus
1746 544 1940 601 choris
2048 548 2231 645 florea
2261 550 2586 623 voluptate,
2638 570 2773 625 quae
2802 533 3029 627 integra
3089 533 3695 645 permansistrimvwirgo

274 622 746 681 misericorditer
780 625 1013 682 induci.
1048 638 1110 695 ﬁ.
1136 628 1343 683 Amen.

335 711 443 769 Per
473 713 977 771 misericordiam
1006 720 1171 771 tuam
1202 718 1355 772 Deus
1376 722 1600 777 noster.

339 802 692 872 Antiphona
719 808 770 859 1.
808 804 936 860 Ave
966 803 1169 871 Maria,
1202 806 1395 875 gratia
1417 807 1628 879 plena:
1650 809 1939 868 Dominus

2049 636 2287 695 Deiﬁca.
2320 650 2387 709 Βε.
2422 644 2627 697 Amen.

2123 726 2227 781 Per
2255 728 2718 787 misericordiam
2748 736 2935 793 tuam.

2118 826 2180 883 Βί.
2198 815 2417 873 Placuit
2446 819 2566 875 Deo
2580 822 2838 889 castitas,
2864 827 2920 881 et
2938 824 3333 888 Immaculata
3347 833 3658 905 virginitas
3672 878 3686 893 .

279 897 487 948 tecum.
519 892 586 947 P.
642 894 831 951 Beata
862 896 925 951 tu
954 896 1106 953 inter
1143 895 1445 967 mulieres,
1492 901 1549 954 et
1586 898 1935 957 benedictus
2046 904 2123 959 P.
2167 906 2409 977 Propter
2444 907 2557 963 hoc
2584 909 2643 964 in
2671 915 2838 967 utero
2868 913 2997 983 ejus
3029 916 3299 987 ingressa
3345 892 3694 984 estusancta

275 980 497 1037 fructus
516 982 751 1037 ventris
806 982 912 1039 tui.
948 995 1010 1055 ﬁ.
1040 985 1263 1041 Diffusa
1325 990 1413 1042 est
1442 987 1632 1057 gratia
1666 988 1726 1044 in
1763 988 1937 1045 labiis

272 1071 383 1125 tuis
411 1087 423 1126 :
449 1075 782 1143 propterea
804 1072 1111 1131 benedixit
1151 1079 1206 1130 te
1228 1078 1383 1131 Deus
1433 1076 1494 1132 in
1524 1080 1831 1134 aeternum.
1857 1081 1924 1136 P.

267 1161 449 1217 Beata
476 1164 543 1215 tu
568 1159 728 1216 inter
747 1162 1053 1219 mulieres.
1086 1164 1151 1225 ν.
1174 1164 1389 1233 Gloria,
1419 1166 1689 1223 ethonor
1752 1168 1931 1238 Patri,

266 1262 379 1313 etc.
404 1258 480 1312 P.
524 1260 707 1315 Beata
734 1262 797 1315 tu
828 1260 983 1316 inter
1007 1260 1301 1317 mulieres.

331 1348 573 1403 Oratio.
602 1347 871 1405 Gratiam
887 1349 1130 1421 plenam
1168 1350 1391 1407 habere
1434 1355 1487 1408 te
1549 1354 1866 1422 credimus,
1896 1372 1932 1413 o

254 1435 451 1506 Virgo
464 1436 685 1493 Christi
708 1438 1049 1510 genitrix,et
1067 1440 1317 1495 humani
1336 1442 1569 1512 generis
1604 1445 1933 1515 reparatrix

252 1524 533 1594 gloriosa
549 1527 737 1583 Maria
762 1547 774 1595 ;
804 1544 942 1600 quae
965 1531 1129 1585 tanta
1155 1529 1331 1585 nobis
1369 1532 1592 1599 gaudia
1642 1534 1932 1605 pariendo

250 1613 591 1683 contulisti,
624 1615 935 1671 utfructus
964 1618 1185 1673 ventris
1200 1619 1303 1683 tui,
1332 1620 1437 1691 qui
1462 1624 1549 1675 est
1581 1621 1841 1677 Christus
1867 1623 1932 1677 ﬁ-

250 1702 381 1759 lius
403 1703 509 1758 Dei
540 1719 577 1758 a
635 1704 909 1760 dominio
938 1705 999 1760 in
1030 1721 1142 1761 nos
1200 1708 1498 1763 saevientis
1541 1709 1792 1781 eriperet
1821 1712 1931 1766 ini-

2043 992 2232 1063 pietas
2261 994 2335 1049 de
2356 996 2568 1065 verbo;
2590 1001 2645 1054 et
2666 1004 2903 1070 partum
2934 1006 3191 1063 ostendit
3206 1008 3692 1071 admirabile:Ge-

2043 1081 2241 1137 nuisse
2269 1083 2561 1153 virginem
2592 1089 2779 1145 Deum
2810 1095 2867 1147 et
2893 1091 3227 1153 hominem.
3256 1098 3317 1158 ἵ.
3370 1103 3698 1161 Annuntia-

2041 1176 2255 1263 verunt
2275 1173 2406 1228 coeli
2421 1175 2710 1243 justitiam
2738 1180 2922 1236 Dei:et
2947 1182 3223 1241 viderunt
3252 1202 3463 1245 omnes
3488 1192 3696 1263 populi

2042 1256 2295 1326 gloriam
2325 1261 2475 1330 ejus.
2526 1264 2591 1316 P.
2625 1266 2870 1337 Propter
2898 1268 3030 1325 hoc.
3053 1272 3113 1331 Ψ.
3149 1274 3365 1341 Gloria,
3417 1280 3473 1332 et
3489 1256 3695 1337 lio-nor

2041 1346 2215 1412 Patri,
2250 1352 2358 1403 etc.
2401 1352 2721 1408 Reiteretur
2748 1366 2809 1423 ἢ.
2846 1357 3073 1415 Placuit
3099 1358 3243 1418 Deo.

2114 1437 2334 1492 Oratio.
2368 1439 2411 1492 Ο
2444 1442 2849 1501 sacratissima
2882 1446 3053 1501 Verbi
3103 1450 3339 1520 ancilla,
3374 1456 3431 1509 et
3474 1458 3687 1525 mater,

2016 1541 2225 1607 ‘quam
2255 1529 2510 1583 ostendit
2561 1534 2862 1599 generatio
2916 1536 3232 1605 Virginem,
3290 1544 3347 1597 et
3379 1542 3694 1613 virginitas

2042 1615 2755 1686 comprobatGenitricem
2776 1641 2793 1691 ;
2814 1624 3020 1693 patulo
3042 1626 3274 1697 pietatis
3292 1629 3427 1686 sinu
3448 1647 3695 1689 concur-

2040 1708 2268 1759 rentem
2290 1706 2368 1760 ad
2395 1710 2448 1761 te
2479 1708 2767 1779 populum
2799 1712 3038 1784 suscipe
3064 1730 3077 1779 ;
3103 1719 3166 1770 tu
3180 1717 3439 1788 profusis
3452 1720 3692 1791 pietatis

250 1790 424 1853 mlci,
455 1795 514 1847 et
536 1792 603 1847 in
633 1807 825 1862 regno
852 1798 1070 1850 aeterno
1102 1800 1410 1851 consortes
1443 1796 1657 1854 faceret
1688 1799 1934 1856 sibime-
1962 1807 2005 1863 Β
2041 1793 2159 1846 tum
2180 1792 2507 1850 Visceribus
2527 1798 2759 1867 pascito
2786 1814 3049 1871 gregem,
3077 1819 3261 1875 quem
3291 1822 3400 1863 suo
3419 1790 3599 1863 Filius
3621 1824 3695 1865 ex

252 1879 438 1949 tipsi:
471 1879 734 1951 proinde
762 1884 817 1936 te
872 1898 1245 1955 quaesumus,
1304 1888 1479 1956 teque
1524 1894 1936 1957 rogamus;ut

264 1968 436 2022 adsis
464 1974 726 2039 patrona
778 1971 979 2043 nobis,
1010 1976 1075 2027 ut
1112 1976 1169 2028 et
1198 1973 1408 2029 merito
1465 1981 1569 2031 tuo
1590 1991 1703 2031 nos
1760 1977 1934 2033 Filius

271 2060 415 2111 tuus
444 2073 478 2113 a
505 2058 728 2115 delicto
760 2059 965 2117 exules
993 2061 1224 2127 reddat,
1260 2068 1315 2119 et
1350 2068 1488 2136 post
1508 2064 1568 2120 in
1613 2080 1800 2135 regno
1823 2084 1932 2124 suo

258 2146 615 2217 perenniter
641 2148 1030 2207 habitaturos
1060 2150 1419 2209 introducat.
1446 2164 1507 2223 Βι.
1540 2157 1748 2209 Amen.

336 2236 448 2292 Per
485 2238 973 2295 misericordiam
1003 2244 1190 2307 tuam,
1221 2245 1327 2296 etc.

330 2328 635 2385 Dominus
664 2330 739 2385 sit
769 2346 1008 2403 semper
1032 2331 1359 2388 vobiscum.
1382 2343 1446 2403 Ir.
1472 2336 1537 2389 Et
1561 2350 1699 2390 cum
1723 2335 1936 2408 spiritu

248 2420 381 2474 tuo.

321 2508 691 2577 Antiphona
713 2512 1054 2579 2.Magnum
1074 2511 1433 2567 miraculum
1443 2513 1572 2583 jam
1596 2514 1858 2570 vidimus
1872 2515 1933 2571 in

245 2596 513 2668 Virginis
535 2600 943 2671 Conceptione
970 2604 1189 2665 ;utnec
1210 2600 1605 2671 virginitatem
1619 2604 1928 2677 amitteret,

242 2700 360 2741 nec
387 2686 702 2755 genitricis
724 2688 995 2759 pondera
1042 2688 1363 2745 didicisset.
1420 2690 1485 2747 Ψ.
1534 2690 1670 2748 Sola
1716 2696 1939 2755 meruit

241 2774 441 2831 Deum
466 2776 626 2832 ferre
663 2781 803 2848 post
844 2777 1025 2833 caelos
1049 2795 1063 2845 ;
1088 2779 1215 2834 sola
1265 2779 1480 2835 meruit
1526 2779 1697 2851 Virgo
1735 2784 1933 2841 venire

240 2868 381 2935 post
406 2872 686 2938 partum.
711 2866 773 2926 ir.
811 2867 1047 2923 Domini
1068 2872 1160 2923 est
1178 2871 1415 2933 terra,et
1431 2868 1740 2940 plenitudo
1763 2873 1890 2942 ejus
1915 2891 1931 2930 :

243 2954 417 3010 orbis
440 2960 773 3023 terrarum,
816 2960 872 3012 et
896 2956 1159 3013 universi
1197 2957 1301 3030 qui
1327 2958 1601 3015 habitant
1638 2960 1697 3015 in
1730 2977 1819 3018 eo.
1864 2963 1927 3017 P.

244 3042 389 3099 Sola
419 3046 653 3101 meruit
684 3047 895 3101 Deum.
923 3045 987 3105 ἲν.
1048 3045 1266 3113 Gloria,
1299 3050 1354 3103 et
1386 3047 1580 3104 honor
1610 3048 1783 3117 Patri,
1808 3055 1919 3108 etc.

240 3134 309 3186 P.
348 3132 492 3190 Sola
521 3134 769 3191 meruit.

317 3221 853 3293 0ratio.Magnum
874 3222 1050 3279 valde
1068 3223 1423 3280 miraculum
1445 3225 1707 3281 vidimus
1737 3227 1797 3283 in
1812 3228 1930 3283 Vir-

243 3309 406 3379 ginis
441 3312 857 3384 Conceptione
877 3331 891 3382 ;
916 3317 979 3368 ut
1019 3327 1129 3369 nec
1156 3314 1370 3369 decore
1406 3314 1655 3385 pudoris
1682 3321 1925 3383 careret,

246 3414 363 3455 nec
394 3401 767 3472 genitricum
795 3416 981 3458 onera
993 3402 1306 3458 sustineret
1330 3417 1467 3458 :nec
1490 3405 1649 3459 enim
1668 3404 1758 3461 fas
1784 3410 1927 3471 erat,

238 3494 306 3545 ut
336 3491 444 3547 illa
462 3490 728 3548 haberet
759 3492 1177 3564 suspiria,quae
1199 3492 1471 3547 omnium
1497 3494 1721 3563 gaudia
1739 3496 1932 3567 parie-

234 3580 383 3637 bat:
415 3585 525 3637 aut
547 3581 722 3651 origo
774 3580 990 3637 laetitiae
1024 3586 1310 3650 nosceret,
1368 3582 1492 3638 vim
1550 3583 1810 3639 doloris:
1846 3586 1928 3641 sic

237 3671 466 3727 etenim
492 3670 629 3727 sola
650 3670 873 3727 meruit
896 3671 1067 3743 virgo
1087 3671 1291 3727 venire
1316 3676 1449 3743 post
1474 3676 1736 3744 partum,
1751 3675 1924 3745 109

236 3760 387 3831 quia
421 3760 486 3815 in
508 3760 647 3831 ipsa
677 3759 929 3816 verbum
987 3764 1074 3816 est
1127 3775 1266 3816 caro
1316 3760 1576 3816 factum:
1603 3761 1683 3819 ob
1713 3762 1828 3817 hoc
1871 3766 1923 3819 te

239 3850 739 3920 precamur,Jesu
766 3848 1122 3921 bone,quod
1154 3849 1308 3905 sicut
1334 3848 1604 3904 Genitrici
1647 3853 1761 3906 tuae
1779 3866 1921 3905 con-

238 3938 430 3993 tulisti
455 3938 575 3994 hoc
595 3938 940 4010 praemium,
973 3939 1050 3995 ita
1080 3937 1257 3994 nobis
1306 3938 1540 3993 miseris
1572 3938 1735 3995 adsis
1784 3955 1921 3995 con-

239 4026 523 4084 cedendo
548 4027 908 4083 remedium.
934 4038 999 4098 Ir.
1030 4031 1239 4083 Amen.

314 4120 427 4173 Per
446 4118 928 4173 misericordiam
950 4121 1114 4173 tuam
1148 4116 1304 4172 Deus
1344 4120 1567 4173 noster.

314 4207 680 4277 Antiphona
705 4210 758 4262 3.
792 4206 1137 4277 Magniﬁcat
1168 4206 1371 4263 anima
1402 4206 1863 4264 meaDominum
1896 4225 1908 4265 :

240 4298 301 4351 et
336 4296 622 4353 exultavit
654 4296 899 4368 spiritus
928 4312 1100 4352 meus
1122 4297 1182 4351 in
1206 4295 1326 4352 Deo
1357 4296 1602 4352 solutari
1644 4312 1804 4353 meo.
1831 4298 1902 4357 P.

237 4386 548 4450 Quoniam
614 4385 877 4457 respexit
937 4384 1333 4442 humilitatem
1364 4385 1598 4441 ancillae
1654 4402 1795 4441 suae.
1845 4386 1906 4448 γ.

2042 1882 2096 1933 te
2122 1882 2509 1951 progrediens
2556 1891 2850 1942 mercatus
2890 1894 2981 1944 est
3022 1892 3562 1960 sanguinezsimus
3592 1900 3695 1952 tuo

2042 1971 2383 2039 praemuniti
2414 1973 2711 2045 praesidio,
2740 1976 2843 2046 qui
2862 1978 3032 2033 suavi
3051 1979 3347 2036 servitutis
3378 1986 3493 2037 tuae
3523 1982 3693 2038 dele-

2044 2062 2277 2114 ctamur
2302 2060 2516 2131 perfrui
2541 2064 2716 2133 jugo:
2747 2069 2809 2119 ut
2825 2065 2921 2120 hic
2938 2080 3049 2123 nos
3075 2072 3137 2122 tu
3156 2068 3469 2142 multiplici
3481 2070 3698 2127 aﬂ‘ectu

2044 2148 2263 2203 tuearis
2294 2151 2354 2204 in
2385 2151 2620 2223 saeculo,
2646 2157 2702 2207 et
2727 2158 2865 2225 post
2888 2170 2961 2210 ex
2988 2159 3043 2211 te
3070 2157 3309 2215 Genitus
3338 2164 3696 2229 regnaturos

2043 2238 2348 2309 possideat
2368 2240 2429 2295 in
2458 2246 2766 2298 aeternum.
2796 2255 2859 2313 Βι.
2888 2248 3098 2301 Amen.

2114 2332 2219 2384 Per
2249 2329 2724 2390 misericordiam
2750 2340 2919 2391 tuam
2951 2340 3105 2393 Deus
3134 2341 3361 2395 noster.

2645 2423 2719 2478 In
2757 2425 3087 2481 Laudibus.

2112 2506 2213 2561 Ad
2236 2508 2568 2565 Canticum.
2597 2512 2955 2581 Antiphona.
2989 2515 3143 2572 Fecit
3167 2531 3393 2587 magna
3456 2517 3563 2589 qui
3593 2533 3699 2590 po-

2044 2597 2173 2650 tens
2203 2601 2291 2651 est
2322 2613 2333 2651 :
2365 2601 2419 2653 et
2446 2605 2719 2655 sanctum
2749 2616 2972 2658 nomen
3003 2604 3150 2672 ejus.
3196 2607 3260 2660 Et
3291 2606 3699 2663 misericordia

2042 2684 2173 2753 ejus
2198 2685 2258 2739 in
2289 2687 2454 2742 omni
2482 2690 2767 2758 progenie
2789 2694 2844 2745 et
2868 2693 3270 2760 generatione.

2116 2772 2449 2830 Canticum.
2486 2777 2820 2845 Magnificat
2846 2780 3049 2836 anima
3070 2796 3206 2837 mea
3223 2782 3567 2839 Dominum.
3590 2786 3697 2839 Re-

2043 2862 2213 2931 quire
2238 2864 2349 2930 fol.
2385 2868 2473 2919 50.

2111 2950 2176 3005 P.
2214 2952 2364 3007 Fecit
2388 2952 2531 3007 mihi
2554 2968 2778 3023 magna
2798 2955 2901 3025 qui
2935 2959 3147 3026 potens
3185 2961 3273 3013 est
3296 2974 3309 3013 :
3334 2961 3392 3013 et
3415 2962 3693 3016 sanctum

2040 3054 2261 3096 nomen
2283 3042 2710 3111 ejus.Gloria,et
2730 3042 2925 3099 honor
2966 3045 3137 3111 Patri,
3175 3049 3283 3102 etc.
3326 3049 3384 3102 P.
3428 3050 3493 3103 Et
3520 3048 3694 3105 mise-

1961 3162 2002 3217 C
2039 3131 2296 3186 ricordia
2311 3132 2440 3201 ejus
2464 3132 2522 3186 in
2552 3132 2717 3187 omni
2738 3133 3021 3202 progenie
3049 3139 3105 3190 et
3126 3135 3529 3204 generatione.

2111 3222 2205 3276 Ad
2217 3222 2583 3278 Benedictus.
2607 3223 2652 3275 A
2666 3230 2727 3277 nt
2736 3223 3128 3292 iphonaFilia
3157 3224 3297 3281 Sion
3312 3225 3564 3283 benedic
3584 3231 3693 3286 Do-

2041 3312 2205 3366 mino
2236 3313 2355 3366 Deo
2386 3312 2619 3367 excelso
2646 3312 2705 3367 in
2750 3313 2913 3368 omni
2954 3312 3366 3370 benedictione
3392 3321 3448 3372 et
3480 3317 3688 3377 laude.

2115 3400 2443 3455 Canticum.
2466 3399 2818 3456 Benedictus
2850 3416 2913 3456 es
2939 3402 3210 3458 Domine.
3238 3404 3491 3476 Require
3516 3407 3688 3475 fot.6.

2112 3490 2288 3545 Sono.
2334 3490 2624 3545 Dominus
2648 3492 2800 3546 Deus
2832 3490 2961 3546 coeli
2989 3490 3543 3562 benedicat.Qua:re
3565 3497 3680 3566 fol.

2043 3581 2165 3633 107.

2107 3668 2347 3725 Lauda.
2387 3667 2645 3725 Laudate
2695 3670 3013 3725 Dominum
3071 3670 3145 3725 de
3186 3669 3678 3732 cceliszAlleluia.

2036 3756 2299 3813 Laudate
2330 3773 2468 3812 eum
2496 3758 2557 3813 in
2583 3757 2850 3813 excelsis.
2878 3758 3427 3817 Alleluia.Psalmus
3458 3778 3683 3819 CXLVIII.

2032 3846 2230 3901 Lectio
2246 3848 2393 3902 libri
2404 3849 2641 3903 Cantici
2654 3848 3376 3907 Cantt'corumSalomonis
3390 3852 3545 3922 (Cap
3557 3854 3684 3925 .1v).

2104 3947 2166 4005 Rt.
2193 3938 2313 3991 Deo
2335 3938 2584 4006 gratias.

2102 4026 2312 4079 llortus
2343 4025 2661 4081 conclusus
2685 4040 2853 4079 soror
2882 4041 3035 4089 mea,
3082 4026 3289 4082 hortus
3341 4031 3679 4101 conclusus,

2026 4110 2162 4166 fons
2192 4112 2486 4181 signatus.
2508 4113 2870 4168 Emissiones
2901 4117 3015 4168 tuae
3040 4115 3360 4184 paradisus
3379 4118 3683 4175 malorum

2024 4202 2385 4270 punicorum
2407 4218 2544 4258 cum
2575 4218 2897 4273 pomorum
2928 4202 3216 4259 fructibus
3233 4205 3400 4275 (Cap.
3424 4207 3528 4277 v1).
3554 4209 3681 4264 Una

2023 4296 2111 4346 est
2144 4290 2427 4347 columba
2453 4307 2606 4355 mea,
2632 4297 2689 4346 et
2715 4290 2973 4362 perfecta
3003 4308 3157 4357 mea,
3202 4308 3323 4350 una
3352 4298 3443 4351 est
3466 4296 3675 4352 matris

2022 4398 2165 4447 suae,
2187 4381 2377 4437 electa
2398 4380 2696 4451 genitricis
2718 4397 2861 4435 sute.
2891 4382 3174 4438 Viderunt
3209 4382 3375 4439 illam
3405 4384 3561 4454 ﬁlias,
3620 4389 3677 4443 et

234 4475 547 4531 Eructavit
568 4491 673 4531 cor
693 4490 898 4530 meum
915 4474 1164 4529 verbum
1186 4474 1569 4529 bonumzdico
1591 4490 1702 4545 ego
1724 4490 1910 4546 opera
1941 4514 1987 4570 Β
2018 4470 2432 4526 beatissimam
2456 4470 2925 4540 praedicaverunt
2946 4488 2958 4537 ;
2976 4470 3199 4542 reginae
3221 4475 3277 4528 et
3296 4473 3670 4543 concubinae,

230 4579 379 4620 mea
408 4564 564 4633 regi.
591 4565 655 4618 P.
682 4563 983 4630 Quoniam
1044 4562 1321 4635 respexit.
1350 4563 1412 4624 ἲν.
1444 4563 1656 4629 Gloria,
1704 4566 1761 4619 et
1801 4564 1908 4621 ho-

230 4670 350 4711 nor
390 4654 570 4721 Patri,
594 4658 705 4710 etc.
750 4656 828 4710 P.
864 4654 1160 4720 Quoniam
1199 4655 1478 4726 respexit.

310 4745 547 4801 Oratio.
580 4745 822 4809 Quanta
851 4742 955 4799 tibi
975 4742 1366 4798 Sanctissima
1388 4743 1561 4813 Virgo
1580 4742 1761 4809 Dei,et
1785 4743 1906 4801 Ma-

234 4837 342 4899 ter,
367 4832 580 4889 divina
601 4833 812 4905 pietas,
868 4846 1095 4902 magna
1121 4836 1176 4891 et
1214 4831 1509 4904 ampliora
1548 4831 1856 4889 distribuit
1890 4832 1902 4891 !

233 4929 299 4980 ut
316 4940 459 4979 cum
483 4938 649 4979 esses
677 4922 857 4991 Virgo
877 4919 1358 4990 terrigena,facta
1379 4936 1440 4975 es
1470 4920 1760 4977 Altissimi
1786 4924 1904 4979 Ma-

233 5016 394 5069 teret
422 5010 681 5068 vernula
710 5028 723 5065 :
750 5014 817 5064 ut
863 5009 968 5080 qui
1000 5014 1274 5065 sanctum
1327 5010 1513 5081 ipsius
1580 5026 1804 5067 nomen
1842 5012 1904 5067 in

234 5102 397 5157 omni
428 5101 913 5173 generatione,et
934 5099 1219 5170 prosapia
1249 5099 1904 5170 nuntiasti,nobisinﬁr—

231 5192 345 5246 mis
365 5193 684 5247 succurrat
704 5188 948 5243 detersa
976 5186 1127 5242 male
1156 5188 1424 5243 rancoris
1472 5189 1850 5257 suggestione
1885 5208 1897 5245 :

233 5279 293 5334 Et
312 5281 415 5351 qui
443 5280 551 5336 tibi
586 5274 788 5333 afﬂuit
820 5273 1084 5343 optimus
1102 5273 1408 5341 habitator,
1434 5276 1492 5329 in
1549 5276 1722 5329 nobis
1756 5294 1900 5347 prae-

232 5384 349 5424 esse
380 5370 675 5435 dignetur
701 5362 1061 5419 mitissimus
1092 5363 1408 5418 retributor
1432 5383 1443 5419 :
1466 5369 1527 5418 ut
1563 5381 1668 5435 per
1709 5381 1895 5421 unum

227 5458 401 5516 Deum
438 5436 501 5515 in
529 5457 825 5514 Trinitate
858 5450 1265 5522 perfectum,et
1287 5452 1647 5508 credulitatis
1684 5455 1897 5509 merita

2018 4564 2074 4616 et
2101 4559 2495 4616 laudaverunt
2522 4575 2679 4617 eam.
2707 4561 2850 4625 Quae
2881 4565 2969 4615 est
2992 4561 3267 4634 ista,qute
3296 4564 3674 4633 progreditur

2016 4650 2188 4721 quasi
2215 4664 2433 4705 aurora
2458 4664 2843 4719 consurgens,
2877 4648 3129 4721 pulchra
3160 4650 3593 4717 utluna,electa
3609 4656 3675 4708 ut

2018 4740 2124 4804 sol,
2159 4739 2429 4795 terribilis
2450 4744 2513 4795 ut
2564 4744 2900 4795 castrorum
2931 4740 3092 4795 acies
3136 4739 3411 4796 ordinata
3439 4741 3467 4795 ?
3493 4742 3662 4812 (Cap.

2012 4829 2157 4898 Vlll).
2192 4830 2333 4893 Quae
2354 4828 2586 4895 estista,
2620 4842 2755 4898 quae
2788 4826 3059 4882 ascendit
3085 4827 3159 4882 de
3176 4827 3431 4896 deserto,
3456 4828 3667 4886 delitiis

2012 4916 2286 4981 afﬂuens,
2321 4916 2523 4971 innixa
2554 4932 2733 4988 super
2752 4915 3034 4971 dilectum
3068 4933 3245 4972 suum
3266 4918 3295 4972 ?
3316 4917 3479 4974 Pone
3490 4934 3587 4975 me
3607 4924 3666 4977 ut

2012 5005 2391 5075 signaculum
2420 5020 2598 5076 super
2627 5004 2941 5060 brachium
2974 5009 3166 5070 tuum,
3198 5010 3262 5062 ut
3287 5007 3664 5077 signaculum

2012 5112 2190 5167 super
2215 5110 2315 5151 cor
2344 5099 2513 5151 tuum
2543 5098 2632 5150 :et
2655 5110 2797 5151 vera
2832 5094 2930 5149 Dei
2960 5099 3276 5166 permanet
3298 5096 3553 5154 dilectio.
3584 5110 3653 5169 1p.

2009 5192 2217 5242 Amen.

2078 5278 2369 5343 Hymnus.
2405 5276 2447 5330 Ο
2479 5275 2660 5329 decus
2692 5290 2926 5329 sacrum
2964 5274 3293 5343 Virginum.
3352 5278 3465 5346 fol.
3526 5281 3652 5333 107.

2006 5365 2400 5433 Suppuratio.
2426 5366 2672 5418 Oremus
2700 5363 3155 5436 Rcdemptorcm
3184 5366 3525 5435 mundifol.
3544 5366 3658 5419 108.

2079 5454 2367 5520 Capitula.
2406 5453 2699 5508 Matutinis
2730 5453 3008 5523 precibus
3032 5459 3105 5521 te,
3148 5455 3413 5518 Domine,
3446 5469 3658 5521 exora-

216 5550 474 5623 vigeant,
506 5553 568 5603 et
598 5540 1053 5601 distributionis
1078 5540 1299 5612 gaudia
1316 5541 1747 5599 coalescantzEt
1777 5543 1893 5599 im-
2002 5559 2137 5599 mus
2164 5543 2529 5613 piissimum;
2553 5546 2617 5597 ut
2640 5542 2791 5597 sicut
2819 5542 3057 5637 illustris
3080 5541 3515 5637 gloriosissima
3538 5542 3655 5637 VirL

212 5641 399 5699 meriti
425 5640 553 5697 hoc
582 5629 987 5704 deposcimus
1016 5630 1302 5701 te,regina
1330 5634 1385 5687 et
1412 5628 1594 5687 Mater
1608 5631 1893 5689 Creatoris
2003 5645 2079 5703 go
2102 5633 2281 5687 Maria
2308 5630 2369 5685 in
2400 5629 2563 5685 caelis
2588 5635 2673 5685 est
2695 5631 3088 5697 coronata,ita
3100 5646 3207 5702 per
3230 5628 3507 5686 meritum
3529 5628 3655 5696 ejus
