4160 6418
495 342 602 398 215

503 565 637 607 mur
656 548 718 604 in
752 545 1091 603 caelestibus
1118 543 1338 614 regnis.

572 641 744 693 Pater
770 640 997 693 n0ster.
1031 631 1281 689 Liberati
1309 647 1346 687 a
1374 630 1554 686 malo.
1570 629 1679 699 fol.
1703 631 1754 680 2.

574 724 806 781 Lauda.
837 722 1008 778 Rami
1035 720 1176 777 mei.
1207 719 1567 778 Benedictio.
1635 711 1924 772 Dominus
1982 709 2149 762 Jesus

508 812 796 879 Christus,
826 810 930 883 qui
958 809 1127 866 olim.
1163 808 1498 877 Quaere/ot.
1541 807 1662 861 108.

575 900 642 956 1n
673 897 902 956 nomini
927 897 1181 954 Domini.

612 986 683 1041 IN
711 987 1028 1044 SECUNDO
1079 983 1414 1042 DOMINICO
1462 983 1635 1039 POST
1685 983 2010 1040 OCTAVAM

1122 1071 1535 1128 EPIPHANIJE.

1105 1161 1192 1216 Ad
1242 1162 1538 1229 Vesperos.

576 1250 799 1308 Lauda.
839 1250 939 1306 Die
989 1248 1300 1306 mandavit
1342 1247 1628 1304 Dominus
1680 1245 2150 1305 misericordiam

509 1355 702 1410 suam,
743 1339 916 1408 110
944 1341 1000 1393 et
1022 1341 1193 1392 nocte
1217 1334 1562 1391 declaravit.
1595 1335 1662 1394 ἣν.
1693 1335 1863 1406 Apud
1901 1350 1999 1391 me
2021 1349 2150 1390 ora.

508 1428 586 1484 tio
615 1431 732 1485 Deo
753 1429 885 1482 vitae
911 1441 1080 1490 meae,
1108 1425 1306 1481 dicam
1339 1427 1456 1480 Deo
1481 1442 1493 1478 :
1521 1425 1837 1493 Susceptor
1879 1439 2050 1478 meus
2064 1438 2145 1488 es,

503 1517 580 1572 P.
621 1519 687 1570 Et
705 1518 875 1571 nocte
900 1513 1222 1570 declaravit

575 1604 798 1658 Oratio.
824 1603 996 1663 Deus,
1024 1601 1131 1673 qui
1157 1606 1312 1656 tuam
1340 1599 1400 1655 in
1426 1599 1522 1654 die
1557 1597 2151 1655 mandasmisericor-

502 1691 753 1760 diam,et
774 1691 834 1746 in
856 1694 1028 1746 nocte
1053 1689 1324 1744 declaras
1344 1705 1357 1742 :
1383 1691 1825 1760 quaesumus,ut
1847 1686 1908 1742 in
1927 1687 2021 1743 die
2038 1703 2150 1744 nos

501 1784 782 1852 protegas
814 1777 894 1834 ad
913 1777 1167 1833 salutem
1197 1795 1212 1844 ;
1239 1780 1293 1832 et
1322 1776 1382 1831 in
1412 1779 1584 1832 nocte
1615 1773 1904 1831 defendas
1943 1776 2020 1832 ad
2053 1791 2144 1832 re-
2179 1778 2224 1834 Β

502 1867 727 1939 quiem.
759 1877 825 1934 av.
851 1870 1064 1932 Amen.

573 1955 684 2010 Per
719 1952 1190 2009 misericordiam
1215 1956 1402 2008 tuam.

571 2041 747 2098 Sono.
779 2040 857 2095 Te
885 2039 1054 2096 decet
1073 2040 1335 2110 hymnus
1355 2039 1417 2094 in
1451 2038 1627 2095 Sion:
1661 2041 1716 2095 et
1731 2038 1835 2094 tibi
1866 2039 2147 2096 reddetur

500 2133 731 2186 votum.
763 2131 823 2184 P.
857 2130 921 2183 In
952 2127 1336 2184 Hierusalem.
1364 2126 1626 2182 Alleluia.
1652 2127 1713 2186 it.
1748 2126 1999 2191 Exaudi,
2031 2127 2148 2184 Do-

500 2215 1022 2285 mine,orationem
1041 2219 1313 2271 nostram
1329 2233 1350 2270 :
1374 2214 1452 2270 ad
1468 2218 1524 2270 te
1539 2214 1736 2270 omnis
1763 2229 1904 2271 caro
1933 2215 2146 2272 veniet.

500 2304 565 2358 P.
589 2304 653 2359 in
683 2302 1072 2360 Hierusalem.
1106 2301 1369 2358 Alleluia.

571 2392 860 2448 Dominus
898 2390 971 2447 sit
1001 2406 1238 2464 semper
1265 2389 1595 2447 vobiscum.
1623 2401 1684 2452 ﬂ.
1717 2393 1782 2446 Et
1809 2406 1968 2447 cum.

569 2481 941 2550 Antiphona.
972 2479 1238 2536 Alleluia.
1267 2480 1422 2535 Deus
1456 2479 1695 2551 sapiens
1725 2479 1926 2549 corde,
1957 2483 2014 2536 et
2036 2479 2148 2537 for-

497 2568 572 2626 tis
594 2568 829 2624 robore.
847 2568 956 2634 Qui
982 2572 1322 2624 commovet
1345 2574 1564 2623 terram
1589 2567 1664 2622 de
1701 2567 1833 2623 loco
1865 2583 1994 2624 suo.
2038 2569 2145 2633 Qui

497 2656 774 2730 prohibet
799 2655 928 2721 soli,
961 2660 1019 2712 et
1060 2671 1183 2712 non
1247 2656 1509 2712 oriemur
1545 2661 1636 2724 ;et
1688 2655 1885 2710 stellas
1927 2656 2148 2713 claudit

495 2747 670 2818 quasi
692 2745 804 2801 sub
832 2745 1160 2816 signaculo.
1192 2745 1300 2811 Qui
1333 2745 1594 2801 extendit
1647 2744 1829 2800 cmlos
1862 2745 2047 2812 solus,
2091 2750 2147 2801 et

495 2834 764 2904 graditur
795 2850 976 2905 super
997 2834 1212 2890 ﬂuctus
1244 2833 1636 2899 maris.P.Qui
1669 2833 1808 2890 facit
1833 2839 2146 2903 magna,et

494 2921 805 2988 mirabilia,
834 2938 1092 2995 quorum
1125 2937 1248 2978 non
1292 2926 1379 2977 est
1433 2937 1738 2977 numerus.
1773 2922 1832 2981 Ψ.
1901 2925 2144 2992 Magnus

494 3011 782 3067 Dominus
810 3015 1096 3084 noster,et
1125 3025 1348 3079 magna
1370 3010 1556 3065 virtus
1573 3010 1734 3080 ejus:
1761 3016 1818 3066 et
1841 3010 2146 3081 sapientiae

1729 313 2180 380 BREVIABIUM
2218 314 2609 376 GOTHICUM.

501 457 1024 533 acceptabilissimi
1053 453 1274 512 favoris
1302 452 1468 526 apud
1496 455 1553 508 te
1581 444 1886 508 conlatari
1914 454 2142 498 merea-
2172 439 2220 493 A

3822 323 3942 380 216

2819 443 3039 500 Vertice
3097 447 3322 502 nectar.

2502 531 2742 586 Praestet
2762 535 2826 586 ut
2847 536 3042 588 votum
3069 550 3082 597 ;
3104 531 3253 589 ferat
3281 535 3345 589 ut
3381 533 3727 599 medelam;

2433 622 2618 675 Donet
2642 624 2706 676 ut
2728 622 2950 678 nostris
2981 622 3220 678 veniam
3251 621 3510 690 delictis;

2433 702 2647 759 Firmet
2671 710 2734 760 ut
2763 720 2977 760 sensus
3002 725 3014 774 ;
3035 705 3272 777 placida
3316 706 3515 778 quiete

2843 793 3088 850 Mulceat
3129 798 3310 851 artus.

2437 881 2503 934 Et
2528 879 2663 938 licet
2681 881 2871 938 noctis
2904 883 3162 940 subeant
3185 883 3491 956 profunda

2437 967 2698 1024 Horridis
2727 971 2938 1027 mundi
2968 971 3228 1029 tenebris
3272 978 3518 1044 operta;

2437 1058 2592 1113 Mens
2615 1060 2813 1116 tamen
2839 1063 3049 1116 nostra
3075 1059 3216 1116 ﬁdei
3245 1077 3522 1133 superna:

2832 1147 3149 1220 Splendeat
3188 1154 3340 1206 ortu.

2507 1235 2789 1292 Desinant
2807 1237 3017 1308 culpae,
3045 1237 3245 1308 vigilet
3270 1237 3555 1294 vicissim.

2433 1325 2635 1379 Noster
2662 1324 2933 1381 inlabens
2953 1325 3202 1381 animus
3227 1344 3240 1394 ;
3275 1341 3384 1382 nec
3407 1325 3527 1382 ulla

2432 1414 2650 1467 Sensus
2669 1412 2934 1469 involvat
2959 1413 3197 1481 gravior
3225 1420 3566 1485 vagantum

2825 1502 3148 1574 Spirituum
3189 1508 3408 1560 turma.

2505 1592 2616 1646 Cor
2653 1591 2812 1646 enim
2833 1595 3105 1647 nostrum
3127 1592 3329 1662 vigilet
3383 1606 3628 1665 sapore,

2435 1677 2686 1734 Somniet
2712 1679 3031 1748 Christum,
3065 1679 3508 1752 Dominumque
3563 1697 3822 1755 semper

2435 1769 2671 1822 lnsonet
2694 1766 2968 1836 Psalmis,
2994 1767 3313 1823 meditetur
3343 1769 3597 1840 Hymnis

2849 1857 3026 1911 Nocte
3094 1854 3335 1927 dieque.

2504 1942 2700 1999 Gloria
2725 1959 2964 1999 summo
2997 1942 3250 2000 celebret
3269 1945 3507 2000 Parenti

2435 2029 2625 2086 Gloria
2649 2031 2892 2095 Christo,
2929 2031 3266 2104 pariterque
3290 2033 3506 2089 Sancto
3537 2050 3552 2098 ;

2436 2118 2718 2175 Praedicet
2745 2119 2985 2175 Trinum
3009 2120 3107 2192 pia
3135 2135 3282 2176 voce
3315 2135 3562 2177 nomen.

2841 2210 3028 2264 Omne
3053 2224 3160 2282 per
3190 2224 3404 2264 aevum.

2330 2295 2538 2351 Amen.

2327 2383 2719 2454 Supplicatio.
2753 2385 3000 2440 Oremus
3022 2385 3502 2457 Redemptorem.
3539 2388 3762 2452 Quaere
3800 2390 3922 2459 fol.

2262 2476 2386 2529 l08.

2330 2561 2631 2630 Capitula.
2668 2563 2821 2617 Laus
2848 2562 2953 2618 tibi
2984 2563 3363 2635 omnipotens
3383 2565 3558 2629 Deus,
3622 2567 3930 2638 quoniam

2252 2649 2380 2720 jam
2410 2649 2539 2704 dies
2567 2651 2728 2706 tetris
2758 2650 2997 2707 molitur
3017 2651 3210 2707 horis:
3231 2652 3360 2722 jam
3387 2668 3644 2709 occasus
3678 2656 3932 2712 metitur

2258 2739 2316 2795 in
2347 2755 2661 2811 vesperum
2687 2756 2699 2793 :
2714 2739 2842 2809 jam
2866 2741 3369 2812 soporiferaquies
3387 2742 3580 2798 fessos
3609 2743 3930 2801 refecitar-

2259 2833 2381 2888 ius:
2397 2829 2524 2898 jam
2552 2827 2788 2900 Olympi
2841 2831 3138 2884 tramitem
3168 2829 3288 2884 fere
3315 2831 3616 2887 curricula
3669 2832 3929 2890 laxant:

2253 2916 2380 2986 jam
2403 2916 2738 2986 vespertina
2759 2915 3006 2988 polifera
3030 2916 3284 2972 visibilia
3309 2916 3539 2984 lustrat,
3572 2921 3930 2991 pervigiles-

2257 3019 2374 3076 que
2405 3007 2630 3058 mentes
2653 3003 2989 3060 sobrietatis
3006 3005 3234 3061 cantica
3247 3005 3932 3080 psallantzutreciproco

494 3099 623 3169 ejus
645 3113 770 3155 non
792 3103 881 3154 est
933 3113 1238 3154 numerus.
1272 3101 1330 3152 P.
1363 3097 1472 3162 Qui
1500 3097 1660 3153 facit.
1730 3097 1794 3154 il.
1845 3097 2058 3162 Gloria,
2091 3103 2147 3155 et
2180 3119 2224 3175 ρ
2258 3091 2405 3147 lucis
2425 3091 2636 3147 obortu
2669 3093 2973 3164 sospitatis
2994 3093 3411 3165 pudicitiaeque
3439 3094 3709 3165 ﬂagrent
3735 3099 3932 3169 proti-

492 3187 710 3256 honor,
739 3191 848 3242 etc.
883 3186 944 3241 P.
969 3186 1080 3250 Qui
1105 3184 1261 3241 facit.

564 3272 852 3329 Dominus
887 3273 961 3327 sit
993 3287 1245 3344 semper.
1268 3283 1338 3332 Ro.
1372 3273 1438 3326 Et
1476 3287 1633 3326 cum.

561 3362 798 3418 Lauda.
825 3361 891 3416 In
914 3365 1036 3416 toto
1061 3359 1238 3417 corde
1259 3375 1393 3416 meo
1419 3359 1710 3428 exquisivi
1751 3363 1804 3414 te
1833 3377 1846 3415 :
1871 3359 2140 3418 Alleluia.

492 3453 550 3506 P.
580 3453 658 3506 Ne
680 3448 936 3521 repellas
957 3464 1053 3504 me
1086 3463 1123 3504 a
1151 3447 1454 3503 mandatis
1473 3447 2148 3517 tuis.Alleluia,alleluia,

494 3537 754 3594 alleluia.
795 3537 854 3597 π’.
885 3539 968 3593 Da
989 3537 1136 3592 mihi
1183 3535 1566 3602 intellectum,
1611 3541 1666 3591 et
1713 3537 2153 3607 praescrutabor

492 3626 688 3697 legem
708 3629 874 3682 tuam
903 3643 916 3679 :
950 3629 1006 3681 et
1027 3624 1363 3680 custodiam
1384 3624 1550 3681 illam
1570 3624 1632 3680 in
1655 3628 1778 3680 toto
1800 3625 1978 3682 corde
1991 3641 2153 3694 meo,

493 3717 555 3770 P.
595 3717 677 3771 Ne
704 3713 962 3785 repellas
991 3729 1107 3770 me.
1134 3713 1194 3773 if.
1221 3712 1434 3778 Gloria,
1464 3717 1518 3770 et
1547 3712 1743 3770 honor
1793 3714 1967 3782 Patri,
2027 3720 2140 3772 etc.

495 3805 557 3860 P.
588 3805 670 3860 Ne
699 3801 954 3875 repellas
981 3817 1100 3858 me.

1171 3892 1374 3960 Hymn
1389 3908 1473 3947 us.

747 3979 970 4037 Christe
989 3979 1090 4036 lux
1119 3980 1351 4052 mundi,
1387 3979 1569 4046 salus,
1603 3983 1659 4037 et
1697 3984 1983 4053 potestas.

676 4068 786 4134 Qui
819 4068 979 4125 diem
1000 4067 1142 4124 solis
1170 4068 1354 4125 radiis
1400 4069 1718 4142 adimples,

673 4160 914 4215 Noctem
932 4161 989 4214 et
1014 4156 1242 4214 fulvam
1275 4157 1499 4214 faciens
1527 4173 1795 4217 corusco.

1088 4246 1286 4304 Sidere
1326 4247 1521 4320 pingis
1533 4288 1550 4307 .

746 4335 928 4392 Certis
950 4340 1014 4391 ut
1034 4339 1226 4392 totum
1256 4337 1525 4392 moribus
1553 4343 1864 4410 peractum

683 4426 996 4495 Temperes
1022 4423 1323 4479 mundum
1339 4425 1570 4482 vicibus
1593 4426 1872 4497 recursis,

677 4514 865 4582 Atque
891 4510 1149 4570 resolvat
1171 4513 1442 4569 omnium
1480 4514 1718 4572 labores

1103 4602 1266 4657 Sorte
1307 4601 1542 4674 quietis.

745 4691 891 4746 Ecce
906 4694 1245 4762 vergentem
1273 4695 1427 4749 rotat
1450 4691 1598 4749 hora
1651 4691 1840 4748 solem

678 4777 945 4850 Vesperis
970 4794 1210 4835 rursum
1247 4780 1569 4836 remeantis
1587 4783 1810 4842 ortum.

677 4865 819 4922 Hinc
838 4870 897 4922 et
924 4871 1218 4926 astrorum
1241 4869 1460 4925 chorus
1486 4867 1682 4924 omnis
1708 4865 1829 4922 alto

1066 4958 1261 5028 Surgit
1298 4956 1580 5029 Olympo.

749 5044 864 5100 Nos
891 5044 992 5116 pio
1008 5045 1168 5102 cultu
1191 5046 1294 5101 tibi
1321 5047 1734 5116 praecinentes.

679 5130 931 5188 Vocibus
967 5133 1151 5189 sacris
1175 5132 1560 5188 modulamus
1595 5130 1864 5203 Hymnis,

676 5218 956 5276 Sensibus
981 5222 1115 5278 totis
1147 5219 1328 5276 simul
1356 5219 1697 5290 excitamur,

1062 5311 1324 5377 Pangere
1369 5305 1580 5362 laudes

745 5398 941 5456 Thura
961 5398 1218 5454 libamus
1241 5392 1365 5464 tibi,
1397 5409 1616 5465 magne
1642 5398 1862 5460 rector,

676 5489 902 5543 Lumen
925 5490 981 5542 et
1009 5497 1247 5540 sacrum
1269 5481 1523 5541 Domino
1563 5483 1940 5551 exhibemus,

673 5573 990 5633 Fervidum
1015 5574 1276 5644 guttans,
1311 5572 1746 5647 madidumque
1777 5588 2016 5632 summo

2261 3195 2374 3235 nus
2394 3198 2406 3235 :
2426 3195 2750 3251 rursusque
2779 3196 2891 3236 nos
2918 3196 3099 3236 aurea
3128 3181 3480 3253 crepuscula
3507 3181 3806 3252 lustrent;
3844 3191 3930 3254 ut,

2261 3269 2448 3325 noctis
2480 3269 2758 3340 cxpoliati
2789 3267 3102 3336 velamine,
3136 3268 3261 3325 dies
3291 3285 3402 3326 nos
3455 3269 3695 3329 alterna
3747 3289 3930 3347 repo-

2262 3363 2414 3415 scat.

2331 3451 2497 3504 Pater
2526 3450 2744 3504 noster.
2779 3447 3030 3503 Liberati
3054 3465 3090 3504 a
3120 3447 3302 3506 malo.
3336 3449 3539 3516 Quaere
3562 3449 3680 3516 fol.
3703 3455 3761 3506 2.

2332 3535 2646 3591 Humiliate
2676 3551 2781 3592 vos
2811 3536 3235 3593 benedictioni.

2331 3624 2621 3682 Dominus
2652 3625 2728 3682 sit
2754 3641 3006 3698 semper.
3036 3637 3100 3695 Βτ.
3129 3629 3196 3683 Et
3245 3641 3407 3682 cum.

2888 3715 3258 3772 Benedictio.

2329 3805 2600 3858 ;Eternus
2629 3802 2937 3870 Dominus,
2963 3801 3067 3874 qui
3100 3801 3435 3860 humilitate
3464 3803 3669 3876 potius
3735 3822 3930 3879 quam

2259 3889 2552 3948 sacriﬁcio
2581 3890 2884 3963 placatur:
2907 3890 3039 3963 ipse
3059 3890 3226 3946 vobis
3253 3896 3501 3963 peccata
3548 3892 3846 3964 dimittat,
3879 3900 3933 3954 et

2258 3979 2586 4036 clementiae
2637 3996 2758 4035 suae
2811 3980 3120 4036 miseratio
3164 3995 3400 4052 semper
3439 3981 3787 4040 subveniat.
3853 3996 3922 4054 az.

2257 4069 2466 4124 Amen.
2496 4069 2704 4124 Vestra
2729 4067 3311 4141 vota,desideriaque
3337 4069 3606 4126 Christus
3629 4073 3930 4128 Dominus

2253 4156 2316 4216 in
2341 4157 2504 4213 bono
2532 4156 2884 4230 adimpleat,
2913 4163 2970 4214 et
2994 4157 3202 4214 salutis
3227 4159 3463 4230 copiam
3483 4159 3822 4217 animabus
3835 4176 3931 4217 ve-

2255 4246 2390 4301 stris
2413 4244 2720 4302 concedat.
2756 4257 2818 4314 lt.
2847 4248 3106 4312 Amen.Q
3118 4247 3173 4302 ui
3189 4246 3358 4317 larga
3380 4247 3775 4306 miseratione
3789 4262 3931 4323 pec'

2254 4332 2553 4389 catoribus
2585 4334 2822 4390 veniam
2849 4334 3054 4401 donat,
3113 4334 3241 4407 ipse
3297 4334 3463 4392 vobis
3486 4337 3926 4396 misericordiae

2257 4437 2383 4478 suae
2413 4423 2574 4478 dona
2599 4422 2900 4479 attribuat.
2934 4434 3002 4493 ne.
3045 4427 3259 4479 Amen.

2326 4509 2436 4565 Per
2464 4511 2940 4568 misericordiam
2969 4511 3158 4584 ipsius
3191 4512 3308 4568 Dei.

2327 4599 2555 4655 Lauda.
2588 4602 2671 4655 Tu
2696 4600 2995 4658 mandasti
3039 4600 3329 4658 mandata
3353 4604 3474 4657 tua.
3531 4600 3813 4660 Alleluia.
3839 4605 3917 4660 P.

2257 4687 2770 4744 Custodirinimis.
2798 4689 3066 4758 Alleluia,
3099 4687 3356 4755 alleluia,
3419 4687 3682 4747 alleluia.
3717 4691 3784 4751 ἡ.
3814 4692 3929 4748 Uti-

2255 4788 2399 4830 nam
2419 4775 2756 4846 dirigantur
2777 4777 2888 4833 vias
2918 4776 3169 4841 meaa,ad
3183 4777 3612 4834 custodiendas
3624 4776 3646 4848 j
3660 4780 3928 4837 ustiﬁca-

2257 4862 2446 4920 tiones
2481 4870 2632 4922 tuas.
2675 4867 2760 4924 P.
2802 4866 3094 4923 Custodiri
3116 4866 3315 4922 nimis.
3371 4866 3432 4925 in
3459 4866 3680 4936 Gloria,
3713 4873 3776 4926 et
3818 4869 3928 4925 ho-

2257 4967 2388 5019 nor,
2429 4957 2540 5010 etc.
2574 4956 2645 5010 P.
2677 4954 2944 5021 Alleluia,
2979 4954 3234 5021 alleluia,
3271 4953 3531 5012 alleluia.

2335 5042 2500 5112 111
2541 5043 2768 5098 Oratio.
2802 5041 3176 5098 Desiderium
3223 5048 3465 5099 tuorum
3510 5042 3798 5102 Domine.
3829 5049 3930 5102 Ite-

2257 5133 2426 5201 quire
2445 5131 2614 5200 infra
2641 5132 2702 5187 in
2728 5131 3041 5188 Matutinis
3080 5132 3236 5186 istis.

2825 5221 2922 5276 Ad
2969 5222 3340 5278 Matutinum.

2327 5309 2613 5378 Hymnus.
2647 5311 2878 5364 Aiterne
2907 5325 3105 5366 rerum
3133 5309 3714 5382 Conditor.Require
3745 5315 3932 5384 fol.3.

2329 5396 2556 5452 Oratio.
2587 5399 2888 5454 Eternum
2914 5402 2968 5454 te
2997 5397 3338 5462 Dominum,
3385 5413 3744 5472 rerumque.
3813 5405 3928 5460 Re-

2256 5485 2428 5556 quire
2440 5484 2556 5552 fol.
2586 5486 2676 5540 14.

2325 5572 2686 5652 Antiphona.
2710 5573 2955 5633 Domine
3001 5574 3149 5653 quid
3178 5572 3553 5646 multiplicati
3593 5582 3762 5646 sunt,
3816 5580 3928 5656 qui
