4160 6404
571 375 682 438 219

1826 361 2276 426 BREVIARIUM
2315 361 2706 426 GOTHICUM.

3873 363 3975 421 220

575 517 708 572 suo,
733 496 1100 557 etmundum
1119 493 1362 554 tradidit
1376 491 2078 567 disputationieorum,ut
2095 507 2220 550 non
2253 491 2301 546 Α
2406 493 2693 550 Dominus
2739 489 2814 548 sit
2843 502 3082 562 semper
3107 486 3437 545 vobiscum.
3472 497 3538 559 11v.
3585 488 3654 546 Et
3692 502 3836 546 cum
3869 491 3982 564 8ρὶ-

571 591 836 650 inveniat
859 589 1043 645 homo
1073 602 1245 658 opus,
1271 584 1436 658 quod
1453 587 1733 657 operatus
1751 588 1837 640 est
1862 586 2013 640 Deus
2030 583 2220 639 abini'

572 682 657 738 tio
692 694 887 751 usque
907 677 987 733 ad
1002 676 1206 731 ﬁnem.
1229 677 1296 730 Et
1324 673 1577 743 cognovi
1597 672 1762 746 quod
1785 687 1907 729 non
1927 675 2080 728 esset
2100 687 2220 728 me-

575 770 690 826 lius
717 768 830 823 nisi
859 766 1078 831 laetare,
1127 766 1184 820 et
1229 761 1422 820 facere
1463 761 1694 818 bonum
1739 761 1800 817 in
1845 760 1965 817 vita
1995 775 2121 817 sua.
2153 771 2215 831 ἢ.

574 859 927 1014 AnIII‘gB/riliinus.
961 939 1249 1014 Splendor
1275 940 1538 1012 paternas
1567 936 1790 1008 gloriae.
1831 935 2080 1010 Require
2101 936 2211 1006 fol.

576 1037 1041 1190 67:3upplz'catio.
1087 1118 1335 1174 Oremus
1359 1115 1809 1187 Redemptorem
1840 1112 2070 1169 mundi.
2113 1114 2213 1169 Re-

573 1209 735 1281 quire
764 1209 878 1278 fol.
899 1211 986 1262 66.

647 1297 950 1368 Capitula.
972 1295 1251 1351 Decantet
1266 1291 1371 1348 tibi
1398 1290 1656 1347 Ecclesia
1674 1292 1796 1356 tua,
1820 1289 2087 1362 Domine,
2110 1305 2214 1347 no-

569 1400 710 1442 vum
739 1384 1037 1440 canticum
1053 1382 1114 1437 in
1134 1381 1316 1437 choro
1340 1379 1630 1450 ﬁdeliter;
1656 1383 1829 1450 teque
1854 1379 2066 1434 crebra
2093 1393 2214 1435 me-

571 1471 853 1529 ditatione
882 1471 942 1526 in
973 1468 1278 1543 tympanis
1303 1467 1581 1524 concinat
1605 1467 1991 1523 conﬁdenter.
2009 1467 2214 1523 Tuita-

569 1575 685 1632 que
707 1559 969 1614 clemens
990 1557 1203 1622 tribue,
1221 1559 1287 1611 ut
1307 1555 1392 1610 sic
1404 1555 1513 1610 tibi
1531 1554 1922 1626 beneplaceat
1941 1555 2001 1610 in
2024 1570 2217 1627 popu-

567 1647 660 1715 lis,
683 1645 1203 1720 quemadmodum
1224 1643 1479 1714 gloriose
1499 1642 1847 1713 jocundaris
1867 1642 1927 1697 in
1939 1641 2173 1712 Angelis
2199 1660 2211 1698 :

567 1739 624 1792 et
652 1734 961 1808 quomodo
982 1737 1036 1789 te
1053 1734 1115 1788 in
1139 1731 1432 1787 Matutinis
1450 1730 1754 1786 diversitas
1773 1730 2215 1801 redemptorum

570 1822 964 1888 concelebrat,
994 1821 1077 1876 sic
1105 1819 1214 1876 tibi
1237 1818 1537 1874 inlumine
1556 1818 1840 1889 placitum
1857 1818 2211 1874 famulatum
2241 1838 2292 1900 Β

568 1911 661 1967 sui
691 1909 868 1966 ofﬁcii
897 1911 1290 1981 repraesentet.
1316 1906 1404 1962 Da
1432 1906 1611 1976 igitur
1636 1906 1861 1979 populo
1879 1910 2000 1971 tuo,
2025 1907 2214 1962 omni-

568 2003 782 2071 potens
813 1999 987 2067 Deus,
1008 1997 1116 2053 tibi
1146 1998 1373 2054 aﬂ‘atim
1404 1995 1775 2068 complacere
1807 2014 1818 2052 :
1849 1994 2213 2066 laudemque

568 2089 736 2143 tuam
766 2085 945 2158 plena
974 2086 1280 2142 sanctitate
1318 2085 1576 2157 proferre
1606 2101 1620 2140 :
1653 2084 1864 2155 Sicque
1894 2099 2006 2139 nos
2027 2083 2211 2139 facias

567 2174 752 2246 hujus
775 2173 892 2229 diei
920 2178 1228 2230 momenta
1254 2179 1675 2238 transcurrere,
1695 2188 1769 2228 ne
1795 2187 2035 2244 gressus
2056 2172 2133 2228 ad
2156 2176 2210 2227 te

567 2261 1021 2334 properantium
1049 2261 1422 2318 adversarius
1459 2276 1601 2316 suus
1626 2261 1783 2316 valet
1827 2259 1889 2315 in
1927 2259 2212 2330 compede

566 2349 897 2422 praepedire
930 2367 942 2406 :
972 2353 1038 2405 ut
1056 2365 1208 2422 quos
1225 2353 1518 2406 mercatus
1539 2365 1602 2405 es
1623 2347 2213 2419 sanguine,salvasti-

567 2453 686 2510 que
710 2454 818 2509 per
832 2452 1090 2507 crucem,
1111 2441 1167 2494 et
1188 2438 1509 2494 sublevasti
1534 2453 1641 2510 per
1657 2437 1841 2492 ﬁdem
1861 2453 1874 2504 ;
1892 2435 2209 2492 resuscites

567 2526 630 2582 in
654 2526 866 2582 virtute
891 2544 906 2594 ;
924 2531 979 2584 et
996 2527 1074 2583 ad
1086 2527 1302 2583 coelum
1327 2526 1618 2599 provehas
1629 2525 2011 2582 inenarrabili
2029 2525 2208 2596 maje-

569 2617 716 2671 state
745 2633 759 2674 :
788 2614 1018 2687 Quique
1048 2619 1100 2672 te
1119 2631 1280 2671 nunc
1308 2620 1522 2672 moesto
1549 2613 1774 2670 lumine
1800 2616 2142 2685 suspectant
2180 2629 2211 2668 e

569 2702 758 2769 terris,
801 2707 858 2758 et
899 2703 1293 2775 gemebuudis
1330 2703 1612 2760 cordibus
1651 2705 2094 2775 prosequuntur
2131 2699 2209 2757 ab

566 2788 736 2858 imis;
767 2789 1009 2848 dextera
1026 2796 1128 2849 tua
1164 2791 1554 2848 adtrahantur
1568 2791 1630 2846 in
1656 2791 1930 2862 supernis
1960 2806 1972 2844 :
2005 2794 2061 2845 et
2081 2789 2208 2859 glo-

565 2878 668 2933 rise
693 2880 892 2936 amicti
924 2881 1108 2952 stolis,
1138 2885 1194 2936 te
1222 2881 1284 2936 in
1317 2884 1548 2953 Hymno
1574 2894 1734 2936 novo
1755 2878 2086 2949 gloriﬁcent
2108 2892 2209 2950 pe-

563 2966 735 3022 renni
758 2968 1126 3038 jocunditate
1156 2985 1295 3025 cum
1323 2969 1575 3027 Sanctis.

633 3055 803 3111 Pater
837 3061 1057 3114 noster.
1085 3058 1336 3114 Liberali
1364 3073 1400 3113 a
1428 3057 1612 3112 malo.
1646 3056 1850 3120 Quavre
1869 3056 1983 3125 fol.
2009 3060 2064 3110 2.

2331 583 2446 638 ritu
2475 586 2594 638 tuo.

2400 671 2629 728 Lauda.
2657 673 2722 727 In
2743 668 2921 726 corde
2938 682 3072 724 meo
3090 665 3381 724 abscondi
3402 664 3643 738 eloquia
3667 669 3780 725 tua
3802 687 3815 728 :
3841 669 3980 725 Alle-

2326 758 2472 817 luia.
2502 760 2575 815 P.
2606 761 2674 814 Ut
2702 774 2824 815 non
2854 772 3096 831 peccem
3124 755 3252 812 tibi.
3301 754 3571 811 Alleluia.
3604 755 3672 816 διν.
3709 756 3980 814 Benedic-

2325 851 2421 906 tus
2467 864 2529 906 es
2559 848 2806 905 Domine
2836 865 2852 916 ;
2900 847 3049 904 doce
3083 860 3180 902 me
3220 844 3677 916 justiﬁcationes
3716 848 3877 904 tuas.
3900 848 3970 904 P.

2331 941 2397 994 Ut
2413 953 2535 994 non
2563 953 2826 1010 peccem.
2857 935 2918 997 il.
2953 933 3169 1001 Gloria,
3211 937 3268 992 et
3306 933 3501 992 honor
3538 934 3720 1000 Patri,
3765 938 3880 992 etc.
3912 935 3966 996 il.

2328 1029 2394 1084 Ut
2413 1041 2535 1084 non
2567 1041 2828 1100 peccem.

2886 1125 2929 1195 1
2947 1124 2990 1194 1
3005 1123 3057 1194 3
3089 1123 3382 1195 Hymnus.

2581 1223 2624 1278 Ο
2656 1222 2774 1277 Lux
2807 1219 2986 1276 beata
3009 1219 3258 1276 Trinitas
3292 1237 3306 1275 :

2499 1312 2565 1366 Et
2593 1308 2934 1382 principalis
2962 1307 3166 1364 Unitas
3200 1319 3218 1369 :

2497 1400 2626 1454 Jam
2656 1397 2743 1452 sol
2768 1396 2989 1452 recedit
3015 1397 3250 1466 igneus,

2499 1485 2744 1543 lnfunde
2769 1485 2974 1540 lumen
3005 1483 3314 1540 cordibus.

2571 1576 2599 1629 J
2606 1591 2704 1630 am
2733 1573 2922 1629 noctis
2946 1576 3182 1645 tempus
3206 1572 3445 1630 advenit
3471 1588 3484 1628 ε

2503 1662 2770 1729 Quietem
2794 1660 2965 1717 nobis
2990 1661 3197 1726 tribue,

2501 1751 2766 1807 Diluculo
2794 1767 2905 1806 nos
2933 1750 3164 1822 respice

2499 1843 2578 1898 De
2605 1841 2754 1896 coelo
2784 1839 3267 1896 clementissime.

2568 1932 2651 1985 Tu
2680 1929 2900 1985 Christe
2923 1928 3084 1984 solve
3113 1927 3375 1998 vincula,

2495 2017 2777 2087 Absterge
2801 2020 3004 2073 nostra
3040 2015 3205 2086 vitia,

2496 2106 2715 2162 Relaxa
2739 2105 2904 2177 prius
2925 2103 3195 2176 crimina,

2498 2197 2563 2249 Et
2584 2193 2826 2263 indulge
2865 2193 3155 2249 facinora.

2568 2284 2844 2347 Oramus,
2878 2285 2940 2337 ut
2969 2278 3258 2338 exaudias
3287 2297 3300 2336 :

2497 2373 2830 2435 Precamur,
2862 2372 2926 2426 ut
2956 2368 3296 2435 subvenias,

2498 2458 2722 2516 Christe
2746 2459 2882 2512 Jesu
2911 2457 3304 2528 omnipotens,

2496 2549 2578 2602 Tu
2608 2561 2720 2601 nos
2752 2561 2788 2602 a
2808 2544 2969 2601 malo
2998 2544 3204 2601 libera.

2566 2637 2641 2690 Te
2664 2648 2842 2689 mane
2861 2633 3111 2689 laudum
3138 2632 3423 2700 carmine,

2494 2726 2568 2781 Te
2595 2721 2993 2796 praedicamus
3020 2737 3263 2794 vespere
3288 2743 3304 2792 ;

2492 2815 2566 2868 Te
2588 2815 2795 2868 nostra
2824 2810 3075 2884 supplex
3109 2811 3297 2881 gloria

2492 2901 2596 2956 Per
2624 2901 2839 2956 cuncta
2873 2897 3075 2956 laudet
3107 2900 3350 2957 saecula.

2488 2991 2697 3044 Amen.

2381 3076 2774 3147 Supplicatio.
2827 3078 3074 3133 Oremus
3097 3076 3564 3152 Redemptorem
3601 3080 3830 3138 mundi.
3853 3080 3947 3138 Re-

630 3143 863 3238 _Lau_da_.
892 3147 1133 3238 Caritate
1157 3144 1410 3238 Domino
1439 3145 1740 3238 canticum
1765 3159 2032 3238 novum“:
2057 3143 2207 3238 alle-
2234 3181 2274 3238 ρ
2311 3143 2481 3238 quin;
2502 3143 2612 3235 fol.
2643 3170 2732 3221 66,

558 3229 702 3287 luia.
729 3230 801 3285 P.
831 3233 986 3288 Laus
1015 3235 1146 3303 ejus
1175 3233 1237 3287 in
1259 3232 1517 3288 Ecclesia
1545 3235 1906 3288 sanctorum.
1932 3231 2198 3302 Alleluia,

557 3316 812 3374 alleluia.
839 3318 902 3380 ῒ.
930 3322 1178 3376 Laetetur
1221 3319 1401 3376 Israel
1439 3321 1500 3376 in
1522 3335 1614 3385 eo,
1653 3319 1759 3391 qui
1786 3319 1920 3375 fecit
1955 3320 2154 3392 ipsum
2183 3339 2196 3374 :

556 3409 614 3461 et
631 3405 765 3461 ﬁliae
793 3406 931 3463 Sion
960 3411 1223 3464 exultent
1243 3407 1436 3479 lsuper
1462 3423 1665 3477 regem
1698 3423 1894 3463 suum.
1933 3408 2004 3463 P.
2047 3410 2198 3465 Laus

555 3493 703 3564 ejus.
726 3493 788 3554 il.
822 3495 1019 3552 Gloria
1047 3501 1103 3552 et
1122 3496 1335 3563 honor,
1367 3498 1475 3551 etc.
1509 3498 1574 3550 Ρ.
1602 3498 1754 3552 Laus
1783 3495 1929 3566 ejus.

625 3581 985 3638 Benedictio.
1033 3582 1310 3640 1Eternus
1350 3583 1660 3651 Dominus,
1690 3584 1898 3651 Quare
1923 3585 2033 3654 fol.
2078 3590 2196 3641 110.

625 3669 690 3724 In
716 3671 959 3726 nomine
989 3672 1243 3728 Domini.

625 3757 1238 3816 Commemorationes.
1279 3760 1490 3827 Quaere
1515 3761 1626 3831 fol.
1660 3764 1745 3816 94.

622 3843 899 3902 Exeunte
937 3847 1188 3918 Vespera
1217 3848 1444 3905 Lauda.
1475 3846 1745 3906 lllumina
1781 3848 1983 3904 oculos
2008 3865 2192 3920 meos,

551 3933 819 3998 Domine,
860 3949 936 3989 ne
983 3951 1250 4008 unquam
1293 3935 1689 3993 obdormiam.
1748 3938 1814 3992 P.
1863 3939 1926 3992 In
1973 3946 2186 3997 morte.

548 4020 610 4082 γ.
641 4022 903 4093 Respice,
941 4028 997 4079 et
1022 4025 1240 4080 exaudi
1276 4040 1392 4094 me,
1423 4025 1668 4081 Domine
1699 4026 1852 4081 Deus
1873 4043 2043 4083 meus
2078 4047 2090 4084 :
2119 4045 2194 4084 ne

547 4110 794 4180 quando
833 4111 988 4167 dicat
1015 4112 1289 4169 inimicus
1314 4129 1486 4170 meus
1523 4131 1534 4168 :
1582 4113 1871 4170 Praevalui
1902 4116 2192 4173 adversus

549 4211 706 4253 eum.
732 4199 803 4256 P.
841 4200 906 4255 In
935 4206 1144 4257 morte.

621 4286 908 4342 Dominus
940 4287 1013 4343 sit
1038 4304 1274 4361 semper
1300 4289 1636 4349 vobiscum.
1667 4303 1730 4363 1p.
1759 4294 1828 4347 Et
1856 4309 2011 4350 cum.

618 4371 794 4427 Sono.
819 4374 991 4440 Deus,
1019 4375 1080 4430 in
1105 4380 1158 4432 te
1185 4377 1420 4449 speravi
1435 4379 1836 4444 Domine,non
1859 4381 2192 4439 confundar

546 4460 612 4513 in
636 4463 970 4518 aeternum:
1019 4463 1081 4518 in
1106 4468 1211 4520 tua
1253 4464 1477 4535 justitia
1523 4467 1710 4524 libera
1755 4484 1873 4524 me.
1920 4469 2184 4526 Alleluia.

545 4545 610 4606 7.
645 4549 777 4604 Esto
824 4549 970 4606 mihi
1024 4551 1084 4607 in
1111 4555 1295 4608 Deum
1342 4559 1755 4626 protectorem,
1802 4561 1858 4611 et
1894 4556 1956 4611 in
1993 4557 2194 4615 locum

545 4637 863 4710 munitum,
908 4644 969 4696 ut
989 4640 1222 4698 salvum
1247 4659 1343 4699 me
1362 4643 1564 4716 facias,
1592 4647 1767 4700 Deus.
1803 4645 1955 4710 Quia
1994 4645 2193 4702 ﬁrma-

543 4730 812 4782 mentum
849 4743 1075 4800 meum,
1130 4734 1184 4787 et
1228 4731 1522 4804 refugium
1576 4749 1781 4790 meum
1835 4748 1899 4789 es
1931 4737 2015 4790 tu.
2046 4733 2192 4791 Alle-
2259 4731 2320 4812 ι

542 4812 684 4869 luia.

616 4902 901 4962 Dominus
927 4907 1000 4964 sit
1019 4924 1254 4982 semper
1278 4910 1613 4967 vobiscum.
1644 4919 1706 4978 It.
1736 4911 1958 4965 Etcum
1981 4911 2187 4983 spiritu

542 4994 662 5048 tuo.

610 5080 975 5150 Antiphona.
1008 5088 1137 5142 Non
1168 5090 1252 5143 est
1277 5087 1429 5142 alius
1477 5087 1629 5141 Deus
1665 5090 1878 5157 praeter
1901 5103 1996 5143 me
2027 5105 2039 5142 :
2073 5104 2184 5159 ego

538 5166 786 5224 fundavi
824 5175 1059 5240 terram,
1085 5178 1140 5229 et
1191 5173 1498 5228 hominem
1545 5189 1723 5246 super
1753 5190 1885 5229 eam
1916 5191 1928 5227 :
1967 5175 2030 5228 P.
2059 5176 2182 5246 Ego

535 5253 773 5312 ﬁrmavi
800 5261 998 5328 omlos,
1041 5266 1100 5318 et
1147 5277 1358 5317 omnes
1391 5261 1604 5327 stellas,
1651 5261 1846 5317 lucem
1878 5264 2176 5320 mandavi.

534 5341 596 5401 ἲν.
632 5347 873 5404 Domine
903 5355 1052 5405 Deus
1081 5349 1366 5404 virtutum
1391 5356 1663 5406 converte
1687 5366 1796 5406 nos
1822 5368 1832 5406 :
1861 5356 1916 5406 et
1938 5353 2179 5408 ostende

533 5430 747 5490 faciem
779 5445 943 5493 tuam
975 5454 985 5491 :
1013 5441 1068 5491 et
1103 5436 1249 5491 salvi
1271 5438 1507 5494 erimus.
1545 5440 1607 5494 P.
1640 5442 1763 5508 Ego
1805 5441 2040 5496 ﬁrmavi
2063 5458 2178 5496 coe-

531 5517 642 5663 losi
671 5523 733 5582 ir.
775 5525 984 5592 Gloria,
1019 5527 1075 5581 et
1102 5523 1295 5581 honor
1324 5526 1493 5597 Patri,
1527 5533 1635 5587 etc.
1678 5531 1741 5585 P.
1786 5533 1903 5602 Ego
1942 5530 2176 5586 ﬁrmavi

533 5622 621 5662 cce
647 5624 737 5663 os.

533 5622 713 5665 OCEIOS
724 5652 737 5666 .

2381 3256 2577 3327 Kyrie,
2612 3255 2851 3311 eleison.
2881 3266 2943 3326 ἢ.
2971 3255 3218 3322 Christe,
3239 3256 3478 3326 eleison,
3500 3261 3703 3331 Kyrie,
3727 3259 3948 3317 eleison-

2385 3342 3044 3413 CapilulaJlluminatio
3069 3343 3352 3417 salusque
3370 3349 3690 3405 nostra.Et
3708 3347 3950 3405 Benedic-

2312 3434 2388 3488 tio
2401 3475 2414 3488 .
2456 3433 2726 3504 Dignare,
2741 3431 3012 3502 Domine,
3028 3431 3183 3489 hanc
3207 3432 3499 3492 familiam
3516 3443 3708 3496 tuam.
3727 3435 3949 3508 Require

2305 3521 2421 3591 fol.
2453 3520 2540 3574 97.

2383 3609 2494 3664 Per
2511 3607 2987 3664 misericordiam
3015 3611 3202 3664 tuam.

2380 3696 2668 3752 Dominus
2695 3695 2770 3752 sit
2790 3711 3024 3768 semper
3047 3696 3380 3756 vobiscum.
3401 3709 3465 3772 Βι.
3491 3702 3561 3758 Et
3589 3717 3728 3758 cum
3753 3698 3943 3774 spiritu

2309 3787 2430 3841 tuo.

2376 3873 2607 3930 Lauda.
2641 3871 2972 3929 Cantabiles
2999 3877 3167 3930 erant
3191 3875 3364 3944 mihi,
3396 3877 3675 3947 Domine,
3697 3879 3766 3936 P.
3791 3875 3941 3935 lusti-

2305 3961 2610 4018 ﬁcationes
2642 3967 2774 4018 tuae.
2817 3962 3084 4032 Alleluia,
3126 3963 3379 4023 alleluia.
3423 3966 3485 4028 ἣν.
3519 3971 3660 4026 Haec
3697 3969 3847 4026 facta
3872 3981 3924 4022 es

2305 4050 2452 4106 mihi
2483 4050 2657 4122 :quia
2673 4049 3124 4120 justiﬁcationes
3163 4057 3299 4110 tuas
3325 4055 3650 4128 exquisivi.
3687 4058 3748 4114 P.
3785 4051 3938 4111 Justi-

2301 4137 2610 4194 ﬁcationes
2637 4142 2773 4193 tuae.
2808 4138 2871 4198 ἲν.
2905 4138 3117 4206 Gloria,
3153 4144 3210 4197 et
3236 4141 3449 4208 honor,
3492 4149 3612 4201 etc.
3655 4148 3713 4202 P.
3740 4140 3937 4201 Justiﬁ-

2303 4226 2580 4289 cationes,

2377 4313 2600 4369 Oratio.
2635 4313 3000 4370 Desiderium
3027 4318 3265 4373 tuorum
3288 4319 3566 4378 Domine.
3599 4322 3845 4394 Require
3863 4327 3938 4373 re“

2306 4405 2397 4458 tro
2422 4401 2534 4470 fol.
2573 4403 2692 4457 111.
2728 4402 3315 4464 Commemoratz'ones
3341 4407 3446 4479 fol.
3479 4410 3570 4465 94.

2465 4509 2535 4563 ΙΝ
2573 4509 2826 4565 TERTIO
2866 4511 3199 4569 DOMINICO
3241 4515 3413 4571 POST
3453 4516 3786 4574 OCTAVAM

2916 4619 3328 4676 ΕΡΙΡΗΑΝΙᾸΞ.

2793 4721 3050 4779 Sabbato
3115 4724 3444 4796 Vesperum.

2367 4825 2596 4882 Lauda.
2630 4825 2902 4884 Illumina
2928 4830 3133 4885 oculos
3163 4847 3349 4904 meos,
3403 4835 3672 4903 Domine,
3704 4851 3777 4892 ne
3815 4847 3930 4889 um-

2296 4929 2482 4985 quam
2512 4915 2909 4972 obdormiam.
2940 4920 2997 4972 P.
3023 4921 3086 4973 In
3113 4924 3324 4977 morte.
3352 4921 3415 4982 ἲν.
3453 4925 3725 4996 Respice,
3759 4926 3812 4980 et
3839 4930 3929 4976 ex-

2296 5002 2439 5060 audi
2467 5019 2562 5058 me
2595 5004 2844 5060 Domine
2876 5008 3026 5061 Deus
3054 5023 3218 5063 meus
3251 5027 3263 5064 :
3300 5012 3630 5082 nequando
3653 5013 3809 5069 dicat
3836 5009 3930 5066 ini—

2292 5092 2483 5148 micus
2549 5107 2718 5148 meus
2785 5109 2796 5148 :
2856 5093 3142 5151 Praevalui
3207 5097 3498 5155 adversus
3555 5117 3716 5158 eum.
3765 5101 3819 5156 Ρ.
3873 5099 3927 5151 In

2291 5186 2500 5236 morte.

2364 5270 2584 5323 Oratio.
2611 5269 2884 5324 lllumina
2905 5271 3110 5327 oculos
3133 5277 3366 5330 nostros
3388 5275 3640 5332 Domine
3676 5294 3688 5333 :
3718 5282 3780 5332 ut
3808 5276 3926 5330 inte

2289 5356 2428 5411 fidei
2471 5363 2690 5410 nostrae
2731 5357 2928 5412 defixo
2991 5360 3227 5429 obtutu,
3279 5367 3334 5417 et
3378 5365 3697 5420 consilium
3738 5365 3926 5421 anima

2287 5450 2490 5498 uestra
2521 5444 2739 5498 amoris
2769 5446 2852 5499 tui
2882 5447 3192 5504 dulcedine
3219 5452 3436 5522 capiat,
3479 5459 3533 5509 et
3577 5453 3844 5509 dolorem
3872 5450 3923 5504 in

2288 5532 2465 5586 corde
2491 5537 2692 5587 nostro
2713 5532 2934 5588 timoris
2965 5537 3046 5589 tui
3076 5538 3480 5596 recordatione
3502 5541 3837 5600 concludat.
3863 5549 3920 5607 av.

2286 5620 2492 5676 Amen.
2526 5623 2630 5678 Per
2657 5621 3147 5682 misericordiam.
