4160 6416
162 386 237 441 221
1159 384 1507 444 DOMINICA
1544 383 1621 442 III
1657 380 1843 441 POST
1881 380 2235 442 OCTAVAM
2271 387 2694 448 EPIPHANUE.
3529 399 3636 458 222

214 511 376 575 Sono,
400 515 463 567 et
482 511 1463 584 Antiphona,Lauda,Hymnus
1476 512 1778 576 dicantur,
1804 516 1873 565 ut
1905 511 1950 565 A
1980 508 2131 567 riam
2171 511 2291 579 Dei,
2327 518 2384 572 et
2411 531 2596 588 opera
2626 530 2919 572 manuum
2947 516 3077 587 ejus
3101 520 3412 577 annuntiat
3432 522 3633 583 ﬁrma.

162 601 211 656 in
224 601 507 657 Exeunte
535 602 623 657 de
637 603 937 660 secundo
958 603 1265 659 Dominico
1282 603 1591 672 praeterito
1608 601 1722 671 fol.
1752 602 1869 655 HO.
1981 603 2271 657 mentum.
2304 604 2362 659 P.
2404 606 2469 660 Et
2499 604 2577 661 ab
2606 603 2829 660 alienis.
2858 604 2921 666 ἢν.
2954 604 3166 673 Gloria,
3211 612 3267 664 et
3292 609 3486 667 honor
3531 614 3633 670 Pa-

212 690 648 760 Supplicatio.
671 692 945 748 Oremus
960 690 1407 765 Redemptorem
1422 690 1643 747 mundi.
1666 689 1874 759 Quaere
1982 688 2075 755 tri,
2108 693 2218 747 etc.
2250 691 2309 745 P.
2344 694 2409 747 Et
2437 692 2513 748 ab
2541 692 2772 750 alienis.

156 780 251 851 fol.
273 782 365 834 66.
2056 777 2280 834 Oratio.
2314 779 2403 835 Ab
2442 781 2685 837 occultis
2718 782 2934 838 nostris
2962 782 3193 840 munda
3223 799 3336 841 nos
3386 787 3636 846 Domine

222 867 551 938 Capitula.
592 869 807 936 Deus,
830 868 941 942 qui
960 868 1431 926 vicissitudinem
1458 867 1594 934 diei,
1613 871 1669 924 et
1686 866 1878 923 noctis
1982 867 2302 937 purgando
2340 870 2785 935 conscientiam,
2804 887 2991 944 quam
3016 872 3263 928 internis
3284 890 3353 930 ac
3383 877 3639 949 propriis

165 972 276 1014 esse
302 957 585 1029 jussisti,
645 962 723 1014 ut
756 958 1017 1030 fatigata
1063 957 1274 1015 mundi
1305 958 1534 1016 actibus
1582 956 1873 1021 membra,
1982 952 2283 1012 inﬁcimus
2308 958 2561 1013 maculis
2591 976 2601 1014 :
2627 958 2705 1015 ab
2736 959 2942 1015 alienis
2967 976 3208 1033 quoque
3233 978 3411 1034 parce
3456 966 3640 1021 servis

166 1047 345 1120 spatio
386 1046 902 1115 interveniente,
947 1046 1423 1119 requiescerent:
1457 1049 1677 1119 praesta
1701 1045 1878 1100 nobis
1984 1043 2116 1114 tuis,
2150 1048 2214 1101 ut
2240 1061 2311 1102 ea
2338 1047 2673 1120 indulgeas,
2715 1065 2851 1122 quae
2880 1049 2969 1105 vel
3010 1050 3310 1107 malorum
3350 1054 3642 1126 exemplis

166 1140 399 1193 noctem
432 1136 773 1208 quietam,
810 1140 880 1192 ut
917 1136 996 1192 ad
1034 1135 1469 1192 confessionem
1500 1134 1759 1192 nominis
1795 1132 1879 1189 tui
1984 1130 3642 1215 addiscimus,velpravisinlectipersuasionibusperpe—

164 1227 280 1281 sine
295 1225 424 1282 ullo
436 1229 729 1299 peccato
747 1225 1021 1281 diluculo
1034 1241 1470 1296 consurgamus
1490 1229 1572 1281 :et
1586 1223 1877 1280 auxilium
1984 1224 2212 1275 tramus
2238 1240 2249 1277 :
2274 1226 2339 1278 ut
2358 1224 2464 1295 qui
2487 1229 2543 1280 te
2564 1226 2869 1297 propriam
2892 1228 3275 1297 agnoscimus
3296 1231 3637 1296 Dominum,

164 1315 454 1372 virtutum
480 1319 782 1383 tuarum,
803 1318 971 1371 tuam
988 1314 1367 1371 clementiam
1384 1315 1791 1387 deprecemur,
1814 1315 1879 1368 ut
1983 1312 2363 1380 peccatorum
2376 1327 2761 1385 nequaquam
2776 1316 3102 1372 sentiamus
3115 1317 3357 1374 ulterius
3370 1318 3641 1379 domina~

163 1404 500 1461 conﬁrmes
536 1419 670 1460 nos
700 1403 769 1459 in
800 1404 1118 1476 praeceptis
1166 1404 1301 1468 tuis,
1335 1407 1392 1460 et
1428 1402 1727 1474 sapientiae
1762 1404 1876 1456 tuae
1984 1400 2132 1453 tum.
2164 1410 2233 1467 Bz.
2267 1402 2480 1459 Amen.

163 1492 499 1566 splendore
524 1508 791 1565 semper
808 1492 1112 1548 illumines
1125 1511 1143 1564 ;
1173 1507 1285 1548 nec
1302 1492 1423 1548 ulla
1442 1492 1719 1547 vitiorum
1742 1489 1879 1546 cali-
2053 1487 2161 1541 Per
2188 1487 2685 1547 misericordiam.

163 1583 325 1654 gine,
358 1585 625 1639 mentes
654 1585 902 1638 nostras
933 1596 1215 1637 enervare
1241 1582 1570 1652 permittas.
2054 1574 2343 1631 Dominus
2383 1578 2475 1634 sit.
2511 1590 2576 1649 Rt.
2601 1582 2667 1635 Et
2695 1595 2853 1635 cum.

228 1673 418 1728 Pater
458 1675 713 1727 noster.
763 1672 829 1725 Et
857 1684 956 1727 ne.
986 1669 1236 1727 Liberati
1267 1673 1305 1726 a
1334 1669 1518 1739 malo,
1547 1672 1658 1726 etc.
1685 1669 1793 1738 fol.
1822 1673 1874 1724 2.
2054 1681 2402 1752 Αητίριιοηα
2447 1690 2500 1741 2,
2533 1686 2682 1742 Mitte
2730 1686 2905 1743 nobis
2952 1687 3200 1743 Domine
3235 1688 3521 1746 auxilium
3561 1690 3637 1747 de

234 1760 590 1817 Humiliate
623 1775 743 1816 vos
774 1758 1200 1817 benedictioni.
1986 1776 2192 1828 sancto
2221 1789 2234 1828 :
2266 1773 2327 1827 P.
2362 1776 2428 1830 Et
2449 1773 2522 1830 de
2556 1775 2695 1831 Sion
2722 1779 2885 1832 tuere
2914 1791 3026 1832 nos
3053 1777 3324 1835 Domine.
3354 1778 3417 1838 if.
3451 1781 3639 1836 Exau-

240 1849 563 1905 DOIDiDUS
606 1848 686 1904 Sit
722 1863 964 1919 semper
991 1847 1329 1904 VObiscum-
1356 1858 1427 1937 Bt-
1454 1848 1522 1902 Εἴ
1551 1862 1709 1902 cum.
1912 1863 1956 1918 B
1986 1860 2108 1916 diat
2136 1864 2191 1916 te
2224 1860 2515 1919 Dominus
2554 1864 2616 1919 in
2645 1864 2742 1920 die
2791 1865 3188 1921 tribulationis
3218 1884 3230 1921 :
3264 1870 3535 1937 protegat
3585 1872 3639 1924 te

246 1939 641 1995 Benedictio.
668 1937 938 1993 Christus
960 1937 1248 1993 Dominus
1263 1936 1877 2009 quierraticamovem
1984 1964 2207 2005 nomen
2239 1950 2338 2007 Dei
2368 1952 2568 2009 Jacob,
2596 1956 2657 2011 Ρ,
2695 1956 2760 2010 Et
2789 1954 2858 2009 de
2905 1954 3067 2011 Sion,
3102 1954 3167 2013 γ,
3197 1936 3409 2023 Gloria,
3442 1960 3499 2013 et
3536 1956 3640 2013 ho-

172 2026 466 2083 humeris
487 2028 625 2083 suis
648 2027 715 2083 in
736 2025 955 2082 cmlum
977 2025 1230 2093 reduxit,
1260 2024 1392 2098 ipse
1411 2041 1519 2081 vos
1540 2042 1575 2083 a
1598 2025 1877 2081 sordibus
1982 2054 2098 2097 nor
2126 2040 2303 2098 pani
2344 2042 2406 2097 Ρ,
2442 2045 2508 2098 Et
2538 2043 2611 2099 de
2645 2044 2805 2099 Sion.

173 2122 593 2187 Ρθοοᾶεοτυω
627 2119 943 2187 expurget
970 2126 1035 2185 Bt-
1068 2118 1274 2170 Αωθηο
1310 2115 1419 2179 Olli
1447 2114 1660 2171 latroni
1694 2114 1875 2171 afﬁxo
2058 2130 2284 2185 Oratio.
2314 2130 2498 2203 Imple
2514 2132 3640 2204 Domineomnespetitionesnostrasac

169 2211 439 2277 peccata
452 2205 746 2277 donavit;
763 2220 1025 2278 eumque
1042 2205 1327 2277 paradiso
1339 2207 1611 2271 restituit,
1627 2206 1755 2277 ipse
1768 2222 1872 2262 vos

1996 2217 2149 2273 mitte
2169 2219 2344 2274 nobis
2367 2220 2657 2276 auxilium
2675 2221 2749 2277 de
2768 2226 2975 2277 sancto
3010 2239 3022 2277 :
3050 2238 3283 2277 memor
3304 2225 3429 2278 esto
3445 2223 3640 2279 omnis

169 2298 207 2351 ἐι
230 2296 481 2351 cunctis
502 2295 775 2367 peccatis
801 2293 1070 2361 mundet,
1100 2299 1155 2351 et
1184 2295 1503 2366 prmsentia
1536 2311 1659 2350 suae
1708 2294 1876 2350 clari-

170 2385 323 2440 tatis
360 2384 657 2440 illustret.
694 2383 756 2443 in
813 2387 1021 2439 Amen.
1058 2382 1375 2452 Abstergat
1404 2386 1440 2439 a
1477 2381 1644 2438 vobis
1696 2395 1875 2437 omne

171 2472 392 2528 scelus
432 2470 903 2545 peccaminum.
934 2475 991 2527 et
1024 2470 1088 2528 in
1118 2475 1269 2527 caetu
1294 2470 1561 2528 conlocet
1602 2469 1875 2526 omnium

169 2562 540 2617 Beatorum.
582 2572 652 2629 Βι.
695 2560 908 2615 Amen.

246 2651 373 2705 Per
399 2648 923 2705 misericordiam.

244 2738 509 2794 Lauda.
532 2736 896 2810 Concupivit
911 2736 1113 2793 anima
1126 2752 1261 2793 mea
1281 2735 1621 2793 desiderare
1647 2735 1875 2807 judicia

174 2831 306 2883 tua.
348 2827 415 2881 P.
468 2829 538 2881 1n
570 2828 741 2881 omni
782 2829 1050 2897 tempore
1084 2844 1096 2882 :
1131 2824 1400 2892 Alleluia,
1452 2824 1707 2889 alleluia,
1741 2825 1876 2881 alle-

178 2914 336 2972 luia.
372 2916 438 2977 ῖτ.
477 2916 778 2971 Memento
808 2913 978 2970 verbi
1008 2914 1092 2970 tui
1132 2929 1304 2971 servo
1334 2918 1457 2979 tuo,
1490 2914 1551 2969 in
1580 2928 1701 2985 quo
1727 2912 1875 2968 mihi

1985 2307 2255 2363 sacriﬁcii
2281 2310 2483 2375 nostri,
2514 2310 2677 2382 quod
2696 2310 2801 2366 tibi
2822 2326 2945 2366 non
2970 2309 3164 2366 solum
3187 2310 3516 2381 oblatione,
3536 2312 3640 2367 sed

1984 2394 2163 2452 etiam
2194 2396 2483 2463 oratione,
2529 2402 2708 2470 atque
2739 2399 3059 2455 afﬂictione
3088 2399 3406 2455 dicamus:
3435 2404 3499 2455 ut
3529 2416 3640 2456 nos

1981 2484 2087 2539 tibi
2115 2484 2373 2542 humiles
2412 2502 2649 2560 semper
2686 2486 2894 2552 facias,
2920 2492 2976 2545 et
3004 2488 3289 2546 contritos
3322 2487 3635 2545 adtendas.

1982 2584 2047 2644 ἢ.
2081 2576 2294 2629 Amen.

2054 2662 2166 2718 Per
2194 2663 2665 2721 misericordiam
2681 2707 2693 2720 .

2052 2768 2402 2837 Antiphona
2424 2773 2474 2825 3.
2495 2770 2865 2825 Desiderium
2879 2771 3095 2826 animae
3114 2772 3330 2826 nostrae
3352 2769 3515 2827 dona
3531 2785 3634 2827 no-

1982 2856 2077 2913 bis
2100 2858 2366 2913 Domine.
2384 2858 2448 2917 P.
2488 2859 2770 2914 Praevenit
2793 2858 2976 2914 nosin
2996 2857 3413 2914 benedictione
3438 2858 3635 2914 dulce-

1984 2945 2159 3003 dinis.
2186 2944 2247 3005 in
2280 2946 2470 3002 Vitam
2500 2946 2667 3018 petiit
2701 2964 2714 3002 :
2743 2950 2798 3002 et
2822 2945 3030 3001 dedisti
3063 2946 3114 3000 ei
3148 2947 3209 2999 in
3260 2945 3633 3015 longitudine

1984 3033 2219 3090 dierum
2249 3034 2310 3089 in
2341 3038 2647 3104 aeternum,
2682 3038 2738 3090 et
2761 3034 2816 3088 in
2835 3033 3120 3089 saeculum
3141 3033 3362 3088 saeculi.
3388 3034 3452 3086 P.
3482 3034 3633 3090 Prae-

1985 3122 2121 3176 veni
2149 3137 2260 3177 nos
2288 3140 2300 3177 :
2328 3122 2389 3181 Ῡ.
2428 3122 2640 3188 Gloria,
2674 3126 2728 3179 et
2757 3122 2950 3179 honor
2992 3121 3173 3188 Patri,
3234 3125 3341 3179 etc.
3370 3124 3429 3178 P.
3488 3122 3633 3177 Prae-

1908 3208 1949 3265 C
1989 3210 2122 3267 veni
2154 3226 2265 3267 nos
2294 3211 2376 3267 in.

2061 3317 2283 3374 Oratio.
2320 3319 2591 3383 Domine,
2622 3318 2727 3392 qui
2768 3334 2879 3375 nos
2908 3317 3233 3391 praevenire
3261 3316 3542 3387 dignatus
3569 3332 3634 3373 es

1987 3406 2178 3475 gratia
2202 3406 2647 3479 redemptionis,
2680 3406 2945 3479 praeveni
2964 3407 3104 3463 item
3131 3406 3193 3461 in
3221 3405 3636 3461 benedictione

1988 3492 2321 3550 dulcedinis
2346 3513 2363 3550 :
2386 3496 2555 3567 etqui
2568 3496 2747 3552 vitam
2762 3495 3154 3568 temporalem
3174 3494 3401 3550 cunctis
3421 3501 3636 3549 morta-

183 3019 371 3076 spem
399 3004 649 3060 dedisti.
682 3003 746 3057 P.
778 3006 840 3059 In
863 3004 1029 3059 omni
1054 3008 1341 3075 tempore.
1370 3004 1434 3064 ἡ.
1462 3003 1675 3069 Gloria,
1699 3007 1755 3059 et
1773 3002 1877 3059 ho-

181 3107 335 3148 nor.
380 3092 450 3148 P.
484 3091 763 3159 Alleluia,
800 3090 1057 3158 alleluia,
1086 3091 1340 3148 alleluia.

266 3182 513 3239 Oratio.
548 3179 642 3236 Ab
672 3180 922 3236 occultis
950 3180 1186 3237 nostris.
1219 3180 1473 3253 Require
1501 3177 1688 3250 infra.

792 3269 894 3324 Ad
917 3270 1299 3325 matutinum.

263 3361 585 3431 Hymnus.
606 3360 837 3414 ;Eterne
860 3373 1061 3414 rerum
1086 3357 1384 3414 Conditor.
1432 3356 1803 3429 Requirefol.
1824 3360 1876 3412 3.

266 3451 427 3506 Orat
439 3450 515 3505 io.
530 3451 608 3505 Te
622 3448 1098 3519 omnipotentem
1120 3447 1464 3513 Dominum,
1484 3446 1878 3518 omniumque

177 3555 403 3595 rerum
420 3538 880 3595 Dominatorem
914 3558 926 3590 :
950 3541 1004 3593 te
1018 3537 1269 3593 humani
1282 3537 1512 3607 generis
1527 3536 1878 3609 Redempto-

175 3644 346 3693 rem,
379 3632 607 3683 cuncta
640 3626 868 3699 ubique
898 3626 1118 3682 diﬁ‘usa
1137 3626 1449 3682 conﬁtetur
1477 3625 1755 3691 Ecclesia,
1782 3624 1877 3680 ﬁr-

174 3717 477 3773 missime
496 3731 683 3787 supra
695 3721 932 3787 petram
956 3714 1206 3771 fundata
1235 3731 1249 3769 :
1276 3716 1337 3769 in
1354 3729 1477 3787 qua
1497 3718 1552 3770 te
1564 3718 1876 3785 precantes

176 3805 479 3873 exaudis,
508 3812 565 3860 et
593 3804 868 3861 ﬂentium
891 3802 1099 3874 culpas
1122 3802 1341 3873 abluis,
1364 3802 1711 3873 luctumque
1732 3817 1877 3857 moe-

178 3894 463 3950 rentium
481 3893 543 3949 in
568 3893 862 3963 gaudium
882 3892 1061 3947 vertis
1100 3910 1112 3947 :
1143 3891 1225 3946 sic
1252 3890 1409 3960 gallo
1436 3893 1683 3945 canente
1706 3904 1875 3960 spem

182 3982 415 4039 tribuis
449 3982 681 4037 cunctis
706 3999 719 4036 :
753 3981 838 4036 sic
865 3979 1208 4036 valetudine
1237 3983 1622 4051 peccatorum
1652 3978 1876 4033 detem-

183 4079 360 4143 ptos,
383 4071 536 4127 facis
558 4069 913 4126 ﬁducialiter
933 4068 1346 4125 convalescere
1364 4081 1556 4135 aegros
1581 4082 1594 4120 :
1622 4065 1874 4137 proinde

184 4176 519 4231 rogamus,
554 4164 621 4214 ut
647 4162 922 4230 respectu
952 4156 1185 4228 pietatis
1223 4161 1361 4224 tuae,
1392 4157 1657 4211 errantes
1688 4156 1726 4211 ὰ
1754 4153 1873 4210 ﬁde

186 4248 487 4321 placatus
517 4248 801 4318 corrigas,
819 4263 888 4304 ac
901 4246 1128 4302 cunctis
1154 4245 1266 4301 tuis
1284 4242 1659 4317 supplicibus
1682 4242 1874 4300 indul-

192 4338 476 4409 gentiam
521 4336 843 4409 culparum
872 4333 1171 4392 concedas
1200 4352 1212 4390 :
1242 4337 1297 4390 et
1320 4338 1384 4390 ut
1413 4349 1528 4390 vox
1580 4336 1789 4389 nostra
1818 4336 1872 4389 te

188 4428 496 4499 primum,
528 4440 890 4499 semperque
922 4422 1221 4480 excelsum
1256 4425 1534 4495 personet
1560 4420 1872 4477 matutinis

189 4516 452 4609 ofﬁciis,
478 4520 533 4609 te
564 4531 776 4609 verum
800 4515 987 4570 Deum
1017 4511 1426 4586 praedicando,
1459 4514 1516 4568 et
1542 4509 1869 4576 laudando,
1905 4553 1952 4609 D

190 4604 537 4677 pervigilet.
581 4616 644 4674 BI.
685 4606 878 4659 Amen
892 4646 905 4658 .

1984 3581 2142 3640 libus
2171 3584 2399 3655 tribuis,
2432 3585 2619 3641 vitam
2649 3585 2986 3656 petentibus
3007 3588 3293 3641 aeternam
3314 3582 3488 3639 nobis
3513 3598 3638 3639 om-

1983 3678 2163 3733 nibus
2200 3673 2496 3745 largiaris.
2528 3686 2595 3743 BI.
2616 3676 2828 3732 Amen.

2055 3767 2160 3821 Per
2184 3766 2678 3823 misericordiam.

2056 3855 2331 3915 V.Bonus
2353 3860 2438 3911 est
2458 3855 2747 3911 Dominus
2761 3850 3190 3908 sustinentibus
3213 3866 3353 3906 eum
3379 3866 3392 3903 :
3420 3848 3637 3905 animus

1984 3958 2120 4015 quae
2149 3943 2397 4016 inquirit
2424 3959 2581 3998 eum.
2617 3944 2845 3998 Bonum
2873 3943 2960 3995 est
2990 3938 3290 3995 conﬁdere
3317 3943 3372 3992 et
3398 3952 3639 4009 sperare

1982 4031 2045 4086 in
2078 4021 2337 4087 salutare
2361 4030 2609 4087 Domini.
2647 4034 2874 4085 Bonum
2891 4032 2977 4083 est
3004 4027 3145 4081 viro.
3172 4026 3239 4079 P.
3267 4028 3417 4081 Cum
3443 4025 3642 4079 tulerit

1978 4121 2193 4191 jugum
2220 4134 2401 4188 grave
2432 4124 2469 4175 ὲ
2494 4121 2802 4188 juventute
2852 4131 2979 4171 sua.
3008 4114 3072 4173 ἲν.
3118 4116 3330 4168 Beatus
3382 4114 3486 4176 vir,
3529 4096 3641 4181 qui

1983 4207 2241 4263 conﬁdet
2255 4207 2316 4262 in
2338 4207 2611 4269 Domino,
2634 4212 2688 4260 et
2713 4205 2820 4260 erit
2841 4202 3130 4258 Dominus
3150 4200 3374 4255 ﬁducia
3395 4200 3445 4270 ej
3458 4215 3547 4253 us.
3567 4199 3631 4252 P.

1984 4299 2131 4353 Cum
2160 4296 2373 4353 tulerit.
2403 4296 2465 4356 ιτ.
2490 4295 2685 4351 Gloria
2717 4298 2825 4350 etc.
2852 4294 3186 4349 Reiteretur
3216 4301 3279 4359 11.

2571 4401 2645 4455 In
2683 4399 2988 4456 Laudibus
3025 4439 3038 4451 .

2053 4510 2151 4566 Ad
2171 4509 2490 4566 Canticum.
2510 4508 2879 4577 Antiphona.
2897 4501 3275 4569 Deusﬁdelis,
3296 4501 3356 4557 in
3369 4515 3491 4573 quo
3512 4514 3634 4556 non

1983 4603 2070 4656 est
2097 4599 2379 4672 iniquitas
2409 4616 2422 4655 :
2441 4601 2640 4669 justus
2667 4601 2724 4653 et
2753 4598 2993 4652 sanctus
3019 4592 3306 4649 Dominus
3331 4591 3505 4646 Deus.

266 4696 385 4751 Per
414 4692 919 4750 misericordiam.

278 4788 324 4856 ι
344 4787 387 4855 1
404 4783 463 4857 4
487 4783 867 4854 Antiphona.
893 4779 1049 4837 Multi
1070 4778 1277 4835 dicunt
1297 4776 1512 4836 animae
1530 4792 1679 4834 mere
1707 4795 1720 4834 ε
1751 4792 1873 4835 non

200 4878 295 4930 est
323 4873 491 4931 salus
518 4872 635 4945 ipsi
668 4872 729 4927 in
748 4870 868 4926 Deo
898 4869 1045 4939 ejus.
1068 4869 1339 4925 Psalmus
1366 4882 1445 4922 ιιι.

276 4963 657 5033 Antiphona.
674 4962 836 5017 Lava
847 4973 945 5013 me
960 4956 1039 5014 ab
1056 4956 1491 5027 injustitiamea
1502 4955 1655 5011 Deus
1672 4970 1870 5012 meus:

210 5057 261 5108 et
288 5056 321 5111 ὰ
350 5054 607 5126 peccato
637 5064 781 5106 meo
812 5045 1048 5103 munda
1072 5060 1173 5101 cor
1196 5058 1422 5101 meum.
1455 5044 1726 5100 Psalmus
1750 5060 1803 5099 L.

276 5142 655 5214 Antz'plzona.
688 5136 964 5194 Exaltare
987 5149 1166 5206 super
1191 5132 1373 5190 caelos
1392 5133 1548 5189 Deus
1578 5151 1592 5190 :
1622 5139 1679 5190 et
1700 5148 1877 5206 super

208 5246 437 5290 omnem
469 5237 704 5290 terram
739 5224 932 5297 gloria
961 5227 1083 5280 tua.
1116 5222 1391 5279 Psalmus
1420 5238 1529 5278 va.

274 5323 495 5379 Oratio.
541 5312 1033 5378 Clementissime
1082 5310 1357 5377 Domine,
1404 5311 1507 5382 qui
1536 5326 1600 5366 es
1650 5310 1876 5368 anima-

204 5423 338 5479 rum,
367 5417 477 5468 etc.
518 5411 766 5478 Quaere.
795 5403 914 5472 fol.
956 5403 1035 5455 14.

256 5502 618 5573 Antiphona
660 5501 713 5550 1.
742 5489 967 5546 Delicta
986 5492 1189 5546 nostra
1214 5495 1279 5547 tu
1308 5490 1468 5547 solus
1492 5487 1767 5557 intelligis
1797 5509 1809 5542 :
1839 5503 1875 5546 ε.

193 5592 438 5665 peccatis
455 5584 697 5647 nostris
716 5576 959 5637 munda
979 5591 1088 5665 nos
1106 5578 1375 5635 Domine.
1394 5579 1452 5635 P.
1487 5581 1552 5633 Et
1572 5576 1650 5633 ab
1666 5576 1875 5633 alienis

187 5663 351 5757 parce
396 5677 602 5738 servis
648 5668 796 5736 tuis,
838 5663 1111 5722 Domine.
1150 5666 1217 5727 ἡ.
1259 5665 1400 5723 Coeli
1446 5669 1724 5723 enarrant
1753 5663 1876 5736 glo-

2056 4689 2395 4744 Canticum.
2433 4686 2680 4743 Attende
2711 4683 2957 4741 Caelum.
2988 4682 3098 4751 fol.
3131 4682 3184 4734 4.

2058 4776 2280 4833 Oratio.
2309 4773 2759 4840 Deusﬁdelis,in
2783 4788 2905 4844 quo
2930 4769 3095 4826 nulla
3119 4765 3504 4837 estiniquitas
3529 4780 3540 4819 :
3571 4772 3633 4821 tu

1977 4866 2172 4938 justus
2217 4869 2273 4921 et
2322 4868 2586 4932 sanctus,
2632 4866 2688 4918 et
2737 4860 3023 4918 Dominus
3057 4875 3069 4913 :
3098 4855 3201 4928 qui
3239 4858 3296 4911 et
3324 4853 3371 4909 si
3416 4853 3632 4908 nostris

1984 4954 2264 5028 operibus
2286 4952 2531 5026 provide
2560 4949 2804 5007 irritaris
2830 4968 2842 5017 ;
2875 4962 2997 5003 non
3028 4951 3249 5010 tamen,
3272 4947 3337 4999 ut
3365 4942 3634 5015 peccavi-

1983 5060 2142 5111 mus,
2158 5042 2484 5099 vindictam
2509 5054 2744 5096 exerces
2761 5052 2899 5106 ;nec
2927 5034 3230 5105 condigna
3249 5032 3632 5088 retributione

1982 5131 2444 5205 prtevaricantes
2476 5128 2726 5201 corripis
2752 5145 2763 5181 :
2789 5126 3078 5183 admones
3104 5126 3354 5189 terrore;
3388 5122 3445 5176 et
3473 5117 3633 5174 adlo-

1984 5221 2182 5294 queris
2210 5220 2469 5292 pietate:
2502 5222 2569 5274 ut
2609 5221 2664 5273 et
2700 5215 2993 5288 justitiam
3039 5216 3269 5279 teneas,
3302 5212 3358 5266 et
3401 5206 3633 5264 miseri-

1985 5308 2252 5364 cordiam
2290 5322 2411 5364 non
2434 5305 2673 5362 omittas
2701 5321 2712 5359 :
2737 5304 2910 5360 Porta
2950 5316 3091 5371 ergo
3119 5314 3230 5355 nos
3257 5297 3365 5354 alis
3398 5295 3531 5360 tuis,
3569 5296 3636 5350 ut

1982 5397 2277 5471 pupillos;
2304 5401 2360 5451 et
2390 5400 2632 5468 protege
2662 5409 2731 5450 ac
2770 5392 2922 5449 ﬁlios
2943 5396 3077 5447 tuos
3105 5407 3115 5445 :
3145 5404 3267 5462 quo
3314 5402 3444 5451 nos,
3470 5387 3527 5438 et
3571 5383 3632 5437 in

1982 5485 2385 5542 fortitudinem
2400 5488 2565 5539 terrae
2579 5482 2841 5538 deducas
2867 5500 2879 5549 ;
2900 5485 2955 5537 et
2970 5477 3336 5553 plenitudine
3348 5474 3630 5531 virtutum

1983 5589 2053 5632 ac
2078 5574 2318 5642 frugum
2356 5571 2639 5626 enutrias.
2672 5582 2738 5639 BI.
2768 5574 2978 5627 Amen.

2054 5665 2159 5720 Per
2182 5657 2670 5718 misericordiam.
