4160 6408
551 269 656 327 227

1799 234 2253 308 BREVIARIUM
2295 235 2687 298 GOTHICUM.

3857 244 3978 300 228

625 389 856 448 Lauda.
921 381 1181 442 Laudato
1206 377 1526 436 Dominum
1555 375 1630 432 de
1653 373 1823 431 Coelis
1848 390 1862 429 :
1886 368 2133 428 Alleluia
2173 381 2188 420 :
2217 363 2266 417 A
2370 365 2564 436 Kyrie,
2589 364 2830 422 eleison.
2863 375 2927 435 Bg.
2985 364 3227 431 Christe,
3282 364 3528 423 eleison.
3561 366 3765 439 Kyrie,
3833 367 3978 426 elei-

552 479 792 538 laudate
823 490 962 532 eum
990 473 1054 530 in
1083 468 1354 528 excelsis.
1380 465 1645 534 Alleluia,
1699 462 1962 521 alleluia.
2009 457 2187 518 Psal-

550 585 674 627 mus
699 581 907 624 CXLVIII
919 608 933 622 .

659 657 856 712 Lectio
881 650 1020 708 libri
1055 647 1373 719 Sapientia
1413 644 1749 703 Salomonis
1786 642 1950 712 (Cap.
1983 649 2082 710 v1).

626 756 689 814 BI.
734 747 852 800 Deo
879 739 1123 811 gratias.

625 836 811 903 Reges
832 827 1061 902 populi,
1083 824 1304 893 diligite
1329 821 1643 893 justitiam,
1667 822 1732 876 ut
1749 819 1810 876 in
1835 819 2191 890 perpetuum

553 920 812 992 regnetis
844 935 856 974 :
881 916 1028 991 quid
1051 917 1137 971 est
1164 916 1365 969 autem
1382 907 1693 982 sapientia,
1715 913 1771 962 et
1793 903 2192 992 quemadmo-

555 988 702 1065 dum
726 1006 882 1064 facta
901 988 1006 1070 'sit,
1038 1002 1290 1059 referam
1315 1003 1400 1056 :et
1423 1012 1545 1054 non
1566 994 1940 1052 abscondam
1958 1007 1995 1048 a
2022 988 2191 1046 vobis

555 1099 991 1154 sacramentum
1017 1091 1139 1157 Dei,
1173 1089 1280 1144 sed
1309 1088 1385 1143 ab
1418 1086 1584 1142 initio
1606 1081 1930 1140 nativitatis
1955 1075 2190 1134 investi-

556 1185 796 1256 gabo,et
823 1197 1050 1254 ponam
1061 1180 1122 1235 in
1149 1178 1278 1233 luce
1299 1174 1608 1230 scientiam
1632 1171 1806 1234 illius,
1839 1172 2029 1224 etnon
2046 1179 2192 1236 prae-

556 1273 744 1330 teribo
795 1270 1360 1336 veritatemzneque
1420 1277 1556 1317 cum
1584 1258 1809 1314 invidia
1851 1256 2191 1312 tabescente

555 1360 782 1417 iterabo
809 1379 820 1417 :
840 1356 1130 1429 quoniam
1157 1353 1287 1410 talis
1316 1352 1498 1406 homo
1521 1363 1644 1404 non
1662 1346 1770 1403 erit
1784 1346 2080 1418 particeps
2097 1357 2191 1399 sa-

553 1448 809 1520 pientiae.
839 1443 1143 1502 Multitudo
1200 1444 1402 1497 autem
1452 1435 1811 1508 sapientium
1853 1431 2080 1488 sanitas
2109 1433 2195 1486 est

554 1539 714 1597 orbis
733 1539 1108 1596 terrarum:et
1126 1549 1227 1590 rex
1245 1531 1488 1604 sapiens
1499 1527 1706 1602 populi
1728 1524 2194 1582 stabilimentum

553 1631 658 1685 est.
686 1630 836 1698 Ergo
866 1623 1114 1696 accipite
1138 1619 1521 1692 disciplinam
1538 1630 1643 1688 per
1663 1627 1967 1669 sermones
2005 1626 2191 1673 meos,

2298 469 2427 510 ΞΟΠ.

2370 543 2673 612 Capitula.
2697 543 3051 615 Vespertinis
3106 542 3388 617 precibus
3414 547 3468 601 te
3497 545 3838 604 Dominum
3869 547 3977 606 de-

2297 647 2612 703 precamur
2661 637 3143 705 perpetuum;ut
3194 634 3356 690 mala
3429 633 3706 693 facinora
3752 641 3980 698 nostra

2296 719 2553 785 omittas,
2582 719 2929 778 criminibus
2958 721 3513 794 parcas,ﬂammam
3544 722 3726 780 malae
3739 739 3976 782 concu-

2294 807 2592 879 piscentiae
2608 809 2902 883 benignus
2924 810 3233 882 extinguas
3256 826 3269 865 :
3295 814 3351 866 et
3373 809 3544 867 illum
3596 810 3811 882 ignem
3839 814 3978 886 Spi-

2295 895 2441 953 ritus
2463 897 2545 952 tui
2572 898 2854 964 Sancti,in
2875 898 3050 955 nobis
3071 899 3515 971 accendas,quo
3529 904 3633 956 tua
3646 902 3979 972 possimus

2297 986 2584 1043 mandata
2609 1003 2861 1043 servare.
2886 991 3125 1044 Mortem
3157 988 3374 1058 efluga,
3404 988 3591 1044 vitam
3619 988 3812 1058 dona,
3857 992 3983 1050 vir-

2297 1077 2482 1129 tutem
2503 1075 2760 1142 insinua,
2789 1079 2845 1132 et
2895 1075 3156 1132 clemens
3193 1076 3334 1132 vitia
3387 1080 3981 1138 reseca:orationes

2298 1162 2546 1232 suscipe,
2570 1167 2627 1218 et
2654 1163 3064 1220 miserationes
3082 1164 3357 1229 concede;
3374 1166 3416 1234 ι
3437 1166 3477 1234 1
3491 1165 3548 1234 8
3565 1171 3630 1221 ut
3642 1168 3848 1224 noctis
3863 1169 3982 1226 hu-

2294 1249 2392 1320 jus
2420 1249 2733 1320 caliginem
2758 1267 3133 1323 superemus:
3165 1257 3224 1308 et
3251 1253 3673 1324 pervenientes
3689 1255 3771 1311 ad
3802 1257 3980 1316 diem

2298 1337 2358 1392 in
2377 1337 2601 1394 lumine
2627 1339 3031 1409 ambulemus,
3053 1356 3127 1396 ne
3155 1356 3190 1397 a
3217 1340 3319 1396 via
3344 1340 3612 1397 veritatis
3654 1358 3972 1405 erremus.

2300 1429 2358 1480 In
2381 1431 2434 1483 te
2472 1443 2822 1501 quaesumus
2845 1430 3106 1502 piissime
3138 1434 3307 1487 Pater
3329 1446 3672 1501 surgamus,
3747 1439 3807 1492 et
3868 1441 3980 1494 tuo

2302 1516 2517 1571 Sancto
2556 1517 2774 1588 Spiritu
2825 1518 3190 1591 animemur;
3216 1523 3396 1591 atque
3451 1519 3514 1575 in
3544 1520 3784 1580 Christo
3841 1523 3978 1581 ﬁlio

2300 1607 2423 1668 tuo,
2457 1606 2690 1662 aeternis
2719 1606 3136 1680 splendoribus
3167 1608 3527 1679 fulgeamus.

555 1721 610 1773 et
637 1696 901 1788 proderit
919 1711 1112 1768 vobis.
1153 1709 1330 1780 (Cap.
1351 1706 1478 1776 vn.)
1510 1705 1653 1760 Sum
1709 1701 1955 1774 quidem
1999 1703 2055 1755 et
2083 1713 2194 1768 ego
2223 1705 2268 1762 Β
2319 1782 2336 1788 Δ
2370 1696 2540 1788 Pater
2560 1700 2774 1752 noster.
2809 1698 2876 1753 Et
2907 1711 2982 1752 ne
3021 1712 3151 1754 nos.
3201 1697 3455 1755 Liberati
3503 1715 3541 1756 a
3585 1701 3775 1769 malo,
3842 1707 3967 1761 etc.

553 1801 824 1860 mortalis
854 1801 1060 1864 homo,
1085 1796 1293 1853 similis
1319 1792 1622 1860 omnibus,
1650 1793 1708 1848 et
1731 1805 1805 1846 ex
1828 1803 2042 1859 genere
2086 1791 2194 1844 ter-

552 1907 698 1948 reno
722 1889 895 1956 illius,
913 1888 1015 1960 qui
1037 1886 1200 1958 prius
1227 1884 1419 1940 factus
1437 1885 1541 1947 est,
1567 1885 1623 1936 et
1648 1879 1707 1935 in
1740 1881 1941 1934 ventre
1985 1875 2193 1932 matris

555 1979 847 2049 ﬁguratus
875 1991 1012 2032 sum
1037 1989 1199 2040 caro,
1226 1987 1446 2030 novem
1465 1968 2042 2037 mensiumtempore
2058 1979 2193 2021 coa-

557 2066 795 2139 gulatus
823 2066 885 2121 in
905 2062 1218 2134 sanguine,
1239 2064 1297 2116 et
1322 2059 1546 2116 semine
1574 2055 1858 2122 hominis,
1881 2052 2192 2110 etdelecta-

556 2158 758 2212 mento
783 2152 1013 2210 homini
1036 2149 1442 2208 conveniente.
1489 2149 1555 2203 Et
1603 2160 1714 2216 ego
1762 2147 1939 2201 natus
1995 2141 2197 2212 accepi

558 2257 946 2301 communem
969 2255 1188 2305 aerem,
1229 2242 1286 2294 et
1333 2235 1604 2293 similiter
1634 2234 1696 2290 in
1734 2232 1953 2288 factam
2004 2230 2197 2286 decidi

556 2336 794 2398 terram,
825 2330 1086 2404 primam
1126 2342 1338 2384 vocem
1397 2323 1651 2381 similem
1697 2320 1978 2378 omnibus
2030 2317 2198 2375 emisi

555 2421 892 2493 plorans.ln
921 2416 1275 2475 volumentis
1301 2413 1555 2472 nutritus
1592 2427 1744 2477 sum,
1808 2413 1864 2466 et
1913 2409 1976 2464 in
2024 2407 2196 2466 cunis

556 2510 831 2580 vagiens.
859 2508 1042 2564 Nemo
1065 2506 1222 2562 enim
1248 2519 1321 2559 ex
1344 2501 1584 2573 regibus
1607 2498 1772 2556 aliud
1822 2497 2031 2554 habuit
2054 2496 2199 2553 nati-

558 2598 752 2654 vitatis
778 2597 1034 2652 initium.
1076 2597 1234 2650 Unus
1254 2607 1396 2662 ergo
1451 2589 1733 2648 omnibus
1792 2591 1880 2643 est
1925 2586 2198 2642 introitus

559 2686 640 2744 ad
671 2687 874 2750 vitam,
903 2689 959 2741 et
988 2683 1196 2740 similis
1236 2681 1445 2738 exitus.
1465 2680 1709 2750 Propter
1734 2676 1847 2732 hoc
1891 2674 2116 2746 optavi,
2147 2677 2204 2730 et

560 2775 738 2831 datus
767 2778 853 2830 est
877 2773 1025 2828 mihi
1052 2786 1265 2827 sensus
1294 2774 1350 2826 et
1376 2767 1670 2837 invocavi,
1698 2768 1754 2822 et
1781 2763 1942 2822 venit
1989 2764 2050 2820 in
2107 2776 2206 2820 me

561 2862 803 2936 spiritus
829 2861 1149 2933 sapientiae.
1181 2871 1246 2930 11v.
1267 2861 1480 2915 Arnen.

625 2952 922 3022 Hymnus.
975 2948 1268 3022 Splendor
1316 2950 1580 3020 paternae
1637 2942 1868 3014 gloriae.
1922 2942 2038 3011 fol.
2105 2942 2200 2996 6'7.

622 3040 1013 3110 Supplicatio.
1096 3040 1348 3095 Oremus
1422 3033 1880 3104 Redemptorem
1958 3028 2206 3101 ;mundi.
2243 3053 2286 3112 ρ

563 3129 766 3193 Quare
789 3129 904 3197 fol.
944 3130 1028 3183 66.

633 3213 925 3287 Capitula.
956 3215 1162 3271 Emitte
1212 3211 1459 3270 Domine
1485 3210 1681 3268 lucem
1707 3211 1872 3265 tuam
1912 3215 1969 3265 et
1999 3207 2213 3264 verita'

560 3309 683 3364 tem
712 3309 876 3362 tuam
894 3304 956 3360 in
967 3304 1161 3361 reditu
1188 3303 1504 3364 dierum,et
1527 3299 1588 3354 in
1605 3298 1791 3354 corda
1811 3296 2202 3361 credentium;

560 3396 620 3451 in
650 3393 858 3451 ordine
888 3389 1388 3464 temporum,etin
1420 3387 1733 3444 devotione
1746 3387 2104 3458 populorum
2125 3385 2206 3454 ;in

564 3498 810 3540 munere
831 3481 1052 3552 gratiae,
1076 3485 1134 3537 et
1152 3479 1214 3535 in
1236 3477 1560 3534 ministerio
1580 3479 1952 3533 creaturaezut
1969 3475 2073 3531 lux
2101 3477 2204 3531 tua

564 3571 793 3643 aperiat
822 3574 1152 3641 aspectum,
1177 3572 1232 3623 et
1260 3566 1474 3622 veritas
1503 3564 1878 3623 intellectum:
1901 3564 2077 3621 utlux
2100 3568 2204 3621 tua

558 3659 865 3724 illuminet,
903 3663 960 3716 et
984 3657 1200 3715 veritas
1223 3656 1502 3712 informet
1531 3658 1628 3712 :ut
1659 3654 1761 3712 lux
1786 3659 1886 3711 tua
1922 3652 2203 3709 discutiat

558 3749 856 3818 tenebras,
906 3752 962 3805 et
984 3747 1200 3804 veritas
1228 3760 1486 3804 errorem
1513 3759 1616 3801 :ac
1635 3760 1742 3815 per
1779 3743 2086 3814 utriusque
2116 3741 2202 3798 rei

558 3836 956 3899 efﬁcientiam,
989 3851 1098 3892 nec
1115 3833 1354 3891 interior
1378 3833 1561 3889 homo
1611 3835 1810 3890 noster
1854 3830 2086 3888 vacillet
2113 3829 2200 3886 lu-

555 3926 722 3984 brico
751 3924 1116 3991 ﬂuctuandi;
1148 3939 1258 3980 nec
1283 3922 1526 3979 exterior
1570 3921 1810 3981 sordeat
1842 3919 2198 3988 contagione

552 4016 818 4088 peccati;
849 4015 953 4072 sed
977 4014 1093 4070 sint
1117 4028 1302 4087 opera
1317 4013 1380 4069 in
1399 4027 1513 4069 nos
1551 4011 1720 4078 lucis,
1778 4014 1957 4083 atque
2015 4023 2197 4079 opera

550 4107 814 4164 veritatis
846 4121 860 4162 :
888 4107 954 4163 Ut
973 4105 1076 4162 lux
1096 4108 1199 4162 tua
1216 4107 1494 4176 procuret
1513 4102 1575 4160 in
1601 4107 1886 4175 tempore,
1912 4103 1969 4158 et
1983 4099 2196 4156 veritas

552 4196 865 4254 conﬁrmet
886 4195 948 4252 in
985 4209 1258 4252 munere.

622 4288 787 4340 Pater
811 4288 1032 4340 noster.
1056 4281 1308 4340 Liberati
1335 4298 1372 4339 a
1395 4281 1578 4339 malo.
1605 4282 1724 4351 fol.
1764 4283 1816 4334 2.

620 4373 854 4430 Lauda.
878 4374 1116 4430 Cantate
1141 4372 1394 4430 Domino
1409 4372 1712 4430 canticum
1733 4381 1963 4424 novum
1999 4382 2012 4421 :
2046 4364 2195 4422 Alle—

549 4460 693 4522 luia.
725 4460 978 4519 alleluia.
1004 4472 1067 4532 ﬁ.
1097 4461 1250 4520 Laus
1271 4464 1324 4531 ej
1335 4477 1402 4517 us
1430 4459 1494 4517 in
1515 4457 1777 4516 Ecclesia
1815 4457 2184 4512 sanctorum.

549 4548 816 4606 Alleluia.

623 4639 848 4695 Oratio.
889 4638 1010 4696 Tibi
1038 4639 1285 4696 Domine
1305 4638 1362 4695 in
1393 4635 1655 4693 Ecclesia
1685 4635 2037 4690 Sanctorum
2059 4647 2196 4689 can-

549 4731 776 4796 tamus;
807 4727 1028 4801 tibique
1045 4729 1297 4800 gratiam
1318 4739 1734 4800 praeconamus
1756 4741 1771 4777 :
1790 4721 1980 4778 tribue
1997 4721 2190 4793 nobis,

549 4817 758 4875 laudes
791 4822 922 4876 tuas
948 4835 1222 4891 promere
1250 4836 1264 4884 ;
1286 4818 1348 4874 in
1369 4830 1491 4888 quo
1514 4816 1875 4869 com-ternum
1885 4828 1998 4870 nos
2014 4812 2197 4871 credi~

553 4922 690 4963 mus
718 4909 1031 4981 praemium
1060 4908 1347 4966 obtinere.
1381 4916 1445 4974 Βι.
1489 4907 1696 4960 Amen.

623 4999 729 5053 Per
764 4996 1255 5055 misericordiam.

624 5089 689 5141 ln
714 5088 957 5144 nomine
982 5083 1239 5148 Domini,
1280 5084 1390 5138 etc.

626 5176 1208 5234 Commemorationes
1225 5170 1529 5234 dicantur,
1551 5174 1614 5226 ut
1636 5172 1698 5226 in
1719 5171 1930 5242 fol.95.
1959 5169 2108 5226 Item
2130 5171 2196 5228 in

553 5271 801 5322 exeunte
836 5267 1108 5330 Vespera,
1141 5259 1340 5316 omnia
1380 5259 1681 5331 dicantur,
1731 5265 1796 5314 ut
1848 5260 1913 5314 in
1947 5265 2198 5316 exeunte

565 5354 812 5422 Vespera
839 5352 914 5406 de
939 5348 1134 5416 primo
1159 5348 1465 5405 Dominico
1495 5355 1621 5420 post
1638 5352 1919 5407 Octavam
1937 5347 2197 5417 Epipha—

552 5444 669 5500 niae
693 5441 802 5511 fol.
831 5439 920 5494 94.
952 5442 1212 5507 excepto,
1262 5439 1422 5511 quod
1448 5439 1733 5498 dicantur
1785 5437 2086 5508 Capitula,
2141 5442 2197 5494 et

553 5526 889 5596 Benedictio
920 5525 1349 5600 subsequentes.

2300 1782 2416 1851 fol.
2452 1786 2504 1836 2.

2373 1870 2682 1928 Humiliate
2710 1888 2819 1930 vos
2847 1872 3274 1932 benedictioni.

2372 1959 2661 2016 Dominus
2691 1961 2778 2016 sit.
2814 1973 2877 2032 Βν.
2907 1965 2970 2019 Et
2999 1978 3136 2020 cum
3172 1963 3375 2035 spiritu
3408 1967 3527 2021 tuo.

2373 2049 2830 2106 Benedictio.Ad
2848 2052 3167 2108 Dominum
3194 2053 3484 2110 ascendat
3511 2057 3871 2115 orationum
3883 2076 3989 2116 ve-

2306 2141 2561 2194 strarum
2590 2138 2724 2195 fusa
2753 2139 2975 2211 petitio.
3001 2153 3063 2212 ἢ.
3106 2146 3315 2198 Amen.
3346 2142 3649 2217 Quicquid
3671 2146 3755 2203 ab
3779 2162 3854 2204 eo
3875 2165 3985 2221 po-

2305 2226 2485 2293 scitis,
2510 2226 3017 2285 Clementissimus
3040 2233 3242 2286 Pastor
3269 2231 3594 2290 adtribuat.
3632 2245 3698 2304 ﬂ.
3742 2239 3974 2294 Amen.

2304 2318 2488 2386 Begat
2507 2321 2734 2373 mentes
2764 2322 2991 2374 vestras
3020 2320 3267 2377 consilio
3306 2321 3602 2390 salutaris,
3639 2329 3699 2381 et
3725 2326 3981 2384 animas

2304 2409 2531 2462 vestras
2587 2405 2648 2461 in
2695 2407 3084 2465 tentationem
3129 2423 3254 2466 non
3297 2410 3558 2482 patiatur
3604 2413 3838 2471 induci.
3894 2428 3969 2486 av.

2304 2497 2511 2550 Amen.

2377 2584 2481 2639 Per
2503 2582 2998 2641 misericordiam.

2378 2673 2582 2730 Lauda
2597 2672 2831 2730 dicatur
2852 2679 2916 2729 ut
2942 2676 3005 2730 in
3023 2673 3289 2731 Exeunte
3316 2675 3390 2734 de
3416 2677 3606 2747 primo
3628 2680 3975 2740 Dominico.

2307 2770 2436 2831 post
2466 2761 2742 2820 Octavam
2771 2762 3157 2835 Epiphaniae;
3181 2769 3234 2821 et
3264 2765 3542 2823 similiter
3593 2767 3831 2827 Oratio.
3868 2776 3971 2830 94.

2314 2888 2381 2942 ΙΝ
2408 2886 2668 2953 QUINTO
2697 2888 3034 2946 DOMINICO
3084 2889 3261 2946 POST
3309 2891 3642 2950 OCTAVAM
3695 2896 3992 2953 EPIPHA-

3058 2979 3220 3033 NIAﬂ.

2761 3081 3016 3140 Sabbato
3041 3083 3122 3140 ad
3176 3085 3507 3157 Vesperum.

2387 3207 2610 3265 Lauda.
2642 3207 2730 3262 Ad
2760 3209 3083 3279 Vesperum
3114 3209 3526 3268 demorabitur
3560 3211 3776 3282 ﬂetus;
3804 3218 3872 3272 P.
3929 3220 3997 3278 Et

2315 3297 2394 3354 ad
2450 3295 2796 3354 Matutinum
2853 3295 3072 3355 laetitia.
3123 3298 3183 3358 Ψ.
3244 3300 3593 3358 Convertisti
3659 3303 3992 3374 planctum

2313 3402 2516 3442 meum
2537 3385 2596 3440 in
2611 3385 2897 3454 gaudium
2918 3386 3066 3442 mihi
3082 3404 3093 3442 :
3113 3388 3457 3445 conscidisti
3474 3405 3728 3449 saccum
3744 3410 3988 3460 meum,

2311 3479 2367 3536 et
2402 3474 2754 3546 praecinxisti
2769 3490 2866 3532 me
2894 3475 3116 3534 laetitia.
3146 3479 3204 3532 P.
3230 3475 3297 3535 Et
3333 3477 3407 3536 ad
3466 3481 3835 3541 Matutinum
3883 3485 3988 3541 lae-

2310 3563 2457 3621 titia.

2383 3654 2606 3710 Oratio.
2639 3653 2794 3710 Sana
2820 3668 2944 3721 nos,
2964 3654 3230 3721 Domine,
3260 3655 3404 3712 dum
3425 3655 3768 3716 clamamus
3790 3662 3876 3719 ad
3890 3666 3981 3720 te:

2308 3745 2363 3799 et
2386 3747 2450 3800 ut
2472 3742 2640 3798 ﬂetus
2670 3745 2909 3800 nostros
2938 3744 3305 3815 vespertinos
3337 3745 3399 3802 in
3430 3748 3981 3816 gaudiumvertas,

2305 3832 2597 3888 matutina
2617 3830 2819 3889 laetitia
2845 3831 3046 3903 nobis,
3090 3837 3146 3890 te
3171 3833 3524 3905 opitulante,
3563 3837 3747 3895 citius
3768 3855 3989 3899 occur-

2304 3925 2413 3979 rat.
2443 3933 2514 3992 Bz.
2553 3925 2762 3978 Amen.

2374 4010 2484 4066 Per
2523 4009 3016 4067 misericordiam.

2370 4098 2548 4156 Sono.
2574 4103 2791 4156 Intrate
2816 4103 3023 4170 portas
3034 4099 3292 4166 Domini,
3319 4101 3380 4157 in
3406 4102 3991 4167 confessionezatria

2303 4187 2430 4257 ejus
2457 4187 2520 4242 in
2540 4187 2779 4258 hymnis
2805 4187 3276 4246 confessionum.
3309 4189 3585 4250 Alleluia.
3619 4193 3685 4254 il.
3709 4196 3991 4256 Laudato

2301 4290 2525 4331 nomen
2551 4276 2700 4346 ejus,
2725 4277 3015 4348 quoniam
3037 4293 3219 4335 suave
3245 4283 3334 4336 est
3357 4300 3372 4336 :
3402 4280 3464 4337 in
3486 4285 3787 4341 aeternum
3804 4287 3990 4345 mise«

2299 4363 2558 4422 ricordia
2587 4365 2736 4436 ejus,
2760 4369 2816 4424 et
2840 4381 3030 4438 usque
3056 4364 3120 4424 in
3163 4368 3451 4425 saeculum
3508 4372 3723 4430 seculi
3757 4377 3988 4436 veritas

2301 4453 2351 4525 ej
2363 4471 2448 4510 us.
2479 4453 2752 4511 Alleluia.

2372 4543 2670 4602 Dominus
2699 4544 2772 4600 sit
2799 4560 3058 4617 semper.
3077 4557 3140 4616 ﬁ.
3174 4545 3417 4604 Etcum.

2370 4633 2738 4703 Antiphona.
2772 4634 3126 4691 Benedicam
3147 4641 3203 4692 te
3242 4638 3489 4694 Domine
3533 4639 3693 4697 Deus
3745 4659 3931 4702 meus
3967 4663 3983 4704 :

2301 4722 2364 4776 Ρ.
2395 4724 2460 4777 Et
2482 4721 2744 4780 laudabo
2774 4739 2995 4780 nomen
3021 4730 3190 4781 tuum
3212 4727 3356 4798 quia
3376 4732 3440 4784 tu
3464 4743 3548 4792 es,
3584 4731 3852 4799 quifacis
3864 4736 3986 4793 mi-

2300 4809 2534 4867 rabilia.
2563 4811 2625 4872 vir.
2649 4811 2933 4869 Exaltabo
2965 4817 3018 4870 te
3050 4815 3297 4871 Domine
3328 4815 3484 4873 Deus
3547 4834 3747 4888 meus,
3785 4827 3847 4880 et
3871 4840 3990 4882 rex

2301 4915 2473 4957 meus
2496 4917 2510 4956 :
2534 4904 2592 4956 et
2611 4900 2969 4959 benedicam
2990 4918 3214 4960 nomen
3235 4907 3408 4962 tuum
3426 4907 3487 4962 in
3507 4913 3903 4978 aaternum,et
3920 4915 3992 4971 in

2303 4990 2598 5048 saeculum
2629 4991 2849 5048 saeculi.
2878 4990 2942 5047 P.
2966 4994 3033 5050 Et
3073 4992 3356 5053 laudabo.
3408 4995 3471 5057 ἲ.
3502 4997 3729 5072 Gloria,
3783 5007 3846 5059 et
3875 5003 3995 5061 ho-

2301 5091 2434 5135 nor.
2467 5083 2529 5135 P.
2559 5083 2626 5136 Et
2652 5079 2934 5137 laudabo.

2375 5169 2666 5224 Dominus
2697 5169 2771 5225 sit
2797 5185 3052 5242 semper.
3090 5183 3155 5243 It.
3179 5174 3245 5228 Et
3275 5189 3433 5231 cum.

2375 5258 2615 5316 Lauda.
2646 5257 2914 5314 Alleluia.
2943 5261 3287 5327 Bonitatem,
3339 5267 3396 5319 et
3439 5263 3863 5339 disciplinam,
3933 5276 3998 5330 et

2305 5347 2612 5403 scientiam
2634 5347 2783 5402 doce
2813 5364 2929 5414 me,
2960 5347 3114 5405 Deus
3137 5350 3440 5408 :Alleluia.
3471 5353 3538 5412 P.
3575 5356 3733 5421 Quia
3805 5376 3992 5419 man-

2304 5435 2458 5492 datis
2492 5435 2605 5491 tuis
2627 5435 2872 5493 credidi.
2913 5437 3176 5505 Alleluia,
3205 5439 3750 5509 alleluia,alleluia.
3781 5449 3850 5513 ἵ.
3880 5451 3996 5508 Bo-

2303 5525 2552 5588 nitatem
2586 5523 2945 5614 fecistiicum
2965 5543 3138 5591 servo
3155 5532 3256 5591 tuo
3282 5530 3557 5606 Domine,
3622 5539 3986 5600 secundum
