4160 6428
209 286 304 345 233
1213 304 1568 363 DOMINICA
1614 306 1681 364 VI
1722 306 1904 364 POST
1941 309 2285 373 OCTAVAM
2322 316 2741 387 EPIPHANIE.

3574 352 3681 413 234

226 413 419 484 leluia,
448 418 744 481 alleluia.
778 425 847 487 ν.
892 426 957 482 In
984 433 1266 487 aeternum
1298 434 1564 502 Domine,
1604 442 1917 507 permanet
1945 436 1991 490 A
2102 440 2318 500 Oratio.
2344 446 2598 506 Ostende
2617 452 2794 508 nobis
2826 454 3073 518 Domine
3090 466 3576 544 misericordiam,
3599 481 3681 534 te-

238 505 479 544 vni-hum
517 513 705 544 {num
738 514 802 544 ἓν.
839 515 990 544 ΑΜΙΑ
1040 518 1081 544 D
1130 521 1193 544 In.
1219 522 1540 544 -..-:-_i:-_‘
1602 523 1645 544 δι.
1699 524 1883 544 ιιι-ηε-
2039 542 2065 544 η
2338 533 2352 544 .
2655 543 2659 544 ,
2710 541 2722 544 _

238 505 484 563 verbum
517 513 711 568 tuum
738 514 809 571 in
837 515 1014 573 caelo.
1040 518 1099 572 P.
1130 521 1195 576 Ut
1213 522 1568 581 custodiam.
1602 505 1662 585 ii.
1698 524 1914 583 Gloria.

250 594 306 652 P.
333 598 421 653 Ut.

312 684 825 748 Oratio.Ostende
836 693 1009 751 nobis
1021 696 1719 760 Dominemisericordiam
1732 708 1916 762 tuam.

259 776 451 839 Quare
470 776 651 847 infra
686 780 1363 854 Commemorationes,ut
1384 805 1563 859 supra
1584 793 1697 861 fol.
1722 796 1809 849 94.

851 872 940 927 Ad
954 873 1332 933 Matutinum.

315 954 625 1023 Hymnus.
650 956 894 1015 Aiterne
922 976 1139 1018 rerum.
1170 964 1375 1030 Quaere
1398 967 1514 1035 fol.
1543 972 1593 1024 3.

318 1043 547 1100 Oratio.
580 1044 763 1110 Deus,
798 1047 902 1119 qui
935 1064 1178 1106 omnem
1208 1054 1505 1109 mundum
1536 1055 1915 1128 complexum

241 1129 531 1197 tenebris,
549 1132 900 1204 splendoris
917 1138 1000 1192 tui
1020 1138 1189 1195 radio
1207 1140 1527 1209 illuminas,
1544 1151 1916 1215 praesentem-

239 1234 353 1289 qne
366 1218 539 1275 diem
551 1224 968 1293 Apparitionis
982 1232 1098 1282 tuae
1113 1229 1462 1287 miraculoin
1474 1233 1679 1288 usibus
1693 1235 1914 1291 nostris

235 1311 541 1365 exuscitas
565 1328 582 1364 :
606 1316 829 1383 praesta
846 1318 1064 1371 aeterne
1080 1318 1252 1385 Deus,
1271 1324 1387 1376 uta
1408 1323 1627 1378 nostris
1644 1324 1915 1395 lapsibus

231 1403 651 1467 resurgentes,
693 1399 972 1458 discusso
995 1404 1358 1463 inﬁdelitatis
1391 1424 1625 1480 sapore,
1648 1412 1914 1484 pervigili

231 1500 384 1540 cura
404 1487 467 1541 in
479 1486 777 1543 laudibus
795 1492 910 1545 tuis
924 1495 1045 1548 toto
1066 1495 1390 1552 excitemur
1408 1496 1623 1556 aﬁectu
1644 1518 1660 1553 :
1674 1506 1735 1557 ut
1755 1504 1913 1559 exuti

225 1576 524 1647 operibus
538 1575 746 1632 tenebr
756 1592 1289 1653 arum,sequamur
1301 1589 1353 1641 te
1365 1602 1571 1643 verum
1583 1589 1914 1662 principem

225 1664 407 1737 lucis,
424 1669 489 1720 ut
502 1665 662 1721 sicut
676 1672 985 1725 nocturnae
999 1671 1267 1741 caliginis
1287 1674 1662 1741 densitatem,
1678 1678 1912 1736 claritas

2028 533 2460 636 que‘populum
2484 541 2927 636 praestolantem
2946 550 3107 620 reple
3121 553 3468 630 laetitia:quo
3485 568 3541 620 et
3557 533 3679 636 ple-

2026 614 2120 711 bis
2150 620 2269 713 tuae
2309 620 2681 713 iniquitatem
2708 614 3086 705 remittas,et
3106 648 3353 710 peccata
3365 614 3587 713 116st};
3595 614 3678 710 ab

2025 705 2116 758 ira
2139 705 2470 776 mitigatus,
2492 714 2747 783 operias.
2775 728 2837 789 ἣν.
2870 724 3082 780 Amen.

2098 792 2202 846 Per
2226 792 2705 857 misericordiam
2733 808 2921 879 tuam,
2945 812 3120 882 Deus,
3141 820 3250 871 etc.

2094 879 2447 978 statiphona
2479 891 2528 941 3.
2559 879 3142 970 ltevertaturimpius
3175 919 3211 958 a
3231 905 3330 962 via
3357 923 3466 966 sua
3487 911 3676 985 mala;

2024 969 2081 1055 et
2108 967 2353 1041 iniquus
2378 981 2568 1033 cesset
2592 967 3033 1053 delinquere.l5.
3048 987 3111 1045 Et
3130 992 3369 1051 veniam
3393 996 3470 1052 ad
3496 967 3681 1055 vos

2019 1054 2415 1153 jocunditate,
2440 1063 2581 1153 dicit
2601 1067 2911 1126 Dominus.
2936 1072 2995 1133 ἲν.
3020 1076 3200 1135 Nolite
3227 1097 3467 1153 sperare
3488 1054 3551 1142 in
3573 1054 3681 1143 ini:

2024 1144 2261 1237 quitate,
2302 1153 2358 1204 et
2397 1152 2645 1223 rapinas
2680 1157 2858 1214 nolite
2880 1144 3300 1237 concupiscere
3337 1172 3596 1230 :divitiaa
3627 1176 3675 1230 si

2023 1230 2292 1301 afﬂuant,
2317 1238 2498 1295 nolite
2526 1256 2630 1297 cor
2649 1258 2973 1316 apponere.
2997 1230 3153 1310 P.—Et
3179 1258 3417 1315 veniam
3443 1261 3521 1317 ad
3538 1277 3668 1319 vos.

2023 1319 2082 1378 i’.
2109 1322 2321 1392 Gloria,
2354 1333 2409 1382 et
2434 1328 2623 1386 honor
2641 1332 2816 1389 Patri.
2841 1338 2901 1394 P.
2920 1342 2985 1395 Et
3004 1343 3246 1401 veniam
3268 1348 3347 1403 ad
3368 1365 3497 1408 vos.

2098 1412 2773 1476 0ratio.Eﬁ‘undentibus
2792 1425 2967 1482 nobis
2981 1444 3183 1487 coram
3204 1437 3259 1489 te
3277 1437 3531 1493 cordain
3547 1454 3679 1497 ora-

2022 1500 2201 1572 tione,
2222 1506 2284 1557 tu
2304 1503 2572 1574 Domine,
2592 1511 2695 1579 qui
2715 1528 2853 1583 spes
2875 1518 3128 1573 omnium
3148 1536 3230 1587 es,
3256 1526 3474 1581 exaudi
3492 1532 3549 1583 et
3567 1530 3673 1585 mi-

2023 1604 2215 1646 serere
2258 1610 2271 1659 ;
2324 1592 2551 1666 tibique
2592 1612 2701 1653 nos
2730 1602 3048 1660 servituros
3076 1609 3266 1666 subde
3297 1630 3311 1678 ;
3344 1617 3400 1669 et
3428 1614 3676 1673 subditis

2022 1683 2266 1750 peccato
2287 1683 2543 1754 propitia
2557 1684 2921 1757 benignitate
2934 1707 3177 1752 occurre
3196 1717 3211 1769 ;
3234 1699 3327 1755 fac
3339 1717 3449 1757 nos
3462 1704 3676 1777 iniqui-

223 1752 351 1808 diei
372 1753 580 1809 infusa
614 1754 928 1827 dispergit,
954 1759 1033 1814 ita
1057 1763 1297 1829 aegrotis
1322 1765 1630 1821 medicinae
1650 1782 1802 1839 opus
1826 1769 1907 1825 in-
1944 1779 1994 1837 Β
2025 1766 2158 1823 tatis
2174 1752 2383 1841 rapina
2402 1752 2581 1841 7122
2606 1789 2806 1832 carere
2838 1793 2850 1843 ;
2874 1752 3287 1842 etdivitiarum
3314 1752 3673 1849 tuarumjor-

223 1840 472 1912 fundas,
499 1842 698 1898 anxiis
720 1845 1196 1903 consolationem
1219 1852 1510 1908 concedas
1538 1871 1551 1919 ;
1575 1856 1910 1912 errantibus

224 1930 400 1985 viam
428 1931 644 1987 salutis
669 1933 997 2001 ostendas;
1021 1937 1447 2007 pcenitentibus
1466 1942 1694 1998 donum
1712 1945 1907 2001 indul-

233 2017 458 2085 gentim
481 2019 708 2075 tribuas
738 2038 751 2086 ;
784 2025 1333 2098 quaerentibusque,
1367 2029 1528 2085 mitis
1574 2031 1737 2088 clara
1775 2032 1907 2090 luce

230 2122 531 2178 appareas
557 2127 572 2177 ;
602 2115 688 2175 ut,
722 2110 1041 2182 splendore
1066 2119 1177 2170 tute
1210 2115 1411 2185 gloria:
1436 2118 1496 2174 in
1521 2119 1696 2176 nobis
1726 2123 1905 2178 reful-

226 2201 429 2265 gente,
464 2205 696 2255 cuncta
728 2203 834 2255 tua
882 2202 1147 2259 Ecclesia
1204 2221 1328 2277 spe,
1362 2207 1501 2277 ﬁde,
1535 2213 1591 2265 et
1622 2211 1905 2269 charitate

221 2284 637 2356 resplendeat.
697 2299 761 2357 Bg.
813 2294 1022 2346 Amen.
1075 2292 1185 2347 Per
1215 2294 1683 2354 misericordiam
1738 2304 1903 2357 tuam

225 2374 388 2429 Deus
416 2381 650 2440 noster,
686 2382 797 2433 etc.

300 2465 672 2534 Antiphona
686 2509 698 2522 .
735 2466 821 2521 Tu
840 2474 1043 2524 autem
1063 2471 1308 2527 Domine
1323 2480 1631 2547 susceptor
1642 2492 1830 2545 meus,
1850 2481 1907 2537 et

227 2553 426 2623 gloria
448 2571 612 2621 mea,
634 2560 693 2611 et
710 2556 981 2613 exaltans
995 2565 1175 2631 caput
1191 2577 1412 2618 meum.
1436 2564 1710 2622 Psalmus
1734 2569 1814 2623 iu.

298 2645 693 2713 Antiphona.
730 2647 1071 2703 Secundum
1114 2665 1403 2720 magnam
1428 2653 1903 2715 misericordiam

230 2736 395 2787 tuam
409 2773 423 2795 ,
443 2732 583 2787 dele
603 2733 857 2789 Domine
874 2735 1211 2808 iniquitates
1225 2755 1411 2795 meas.
1430 2742 1701 2799 Psalmus
1718 2762 1767 2800 L.

298 2822 684 2890 Antiphona.
711 2823 860 2879 Mitte
887 2825 960 2879 de
984 2826 1152 2892 ccelo,
1182 2833 1237 2883 et
1267 2828 1453 2886 libera
1477 2846 1570 2886 me
1610 2834 1859 2889 Domine
1888 2851 1901 2899 ;

227 2910 307 2965 da
339 2910 403 2965 in
426 2910 837 2982 obprobrium
871 2914 1289 2971 conculcantes
1319 2934 1434 2974 me.
1481 2919 1755 2977 Psalmus
1789 2938 1899 2978 va.

299 2999 880 3071 0ralio.Susceptor
900 3007 1100 3057 noster
1124 3005 1370 3061 Domine
1389 3007 1582 3064 exalia
1604 3016 1784 3082 caput
1801 3027 1906 3068 no-

227 3088 496 3143 strumin
519 3087 802 3157 gloria,et
821 3088 1119 3162 locuplete
1137 3108 1246 3149 nos
1264 3095 1323 3149 in
1344 3101 1449 3151 tua
1466 3098 1899 3160 misericordia:
1940 3125 1980 3181 ρ

224 3176 364 3232 lava
384 3178 611 3232 intima
637 3178 837 3233 cordis
863 3180 1050 3236 nostri
1076 3181 1152 3237 ad
1185 3182 1471 3253 injustitia
1504 3206 1516 3255 ;
1543 3192 1597 3243 et
1616 3204 1652 3244 a
1679 3190 1906 3260 peccati
1934 3234 1947 3243 .

227 3267 713 3338 inquinamentis
735 3268 1018 3338 puriﬁca:
1045 3273 1209 3327 mitte
1227 3272 1301 3327 de
1324 3275 1490 3341 coelo,
1513 3282 1566 3332 et
1592 3292 1730 3334 erue
1747 3294 1906 3336 nosa

229 3371 335 3411 con
346 3355 650 3411 culcantis
667 3356 993 3428 opprobrio
1020 3378 1031 3414 :
1059 3365 1121 3415 ut
1138 3361 1364 3417 alacres
1381 3365 1457 3419 ad
1484 3365 1593 3421 hoc
1616 3370 1786 3423 tuum
1811 3385 1906 3424 re-

229 3460 556 3500 curramus
580 3444 863 3500 altarium
891 3465 904 3513 ;
940 3453 995 3502 et
1024 3449 1385 3507 matutinum
1408 3453 1769 3512 sacriﬁcium
1801 3456 1905 3513 tibi

231 3533 572 3589 offeramus
604 3533 667 3587 in
698 3533 940 3605 templo.
974 3546 1034 3603 Βί.
1065 3537 1274 3593 Amen.

303 3623 419 3677 Per
443 3620 932 3678 misericordiam
959 3630 1148 3693 tuam,
1178 3626 1333 3681 Deus
1354 3634 1567 3696 noster,
1593 3633 1698 3704 qui
1723 3649 1787 3689 es
1808 3632 1907 3689 be-

230 3710 532 3775 nedictus,
568 3715 679 3766 etc.

298 3800 608 3856 Dominus
634 3801 711 3856 sit
732 3817 987 3874 semper.
1012 3814 1075 3873 Βι.
1100 3806 1316 3862 Etcum
1337 3807 1547 3879 spiritu
1570 3814 1689 3868 tuo.

297 3890 657 3959 Antiphona
691 3897 739 3947 t.
762 3894 828 3945 In
860 3898 913 3946 te
941 3902 1332 3964 speraverunt
1362 3902 1558 3968 patres
1580 3902 1764 3957 nostri
1803 3904 1907 3960 Do-

231 3980 392 4035 mine
432 3995 444 4031 2
487 3979 553 4033 P.
601 3980 1021 4051 Speraverunt,
1066 3988 1123 4038 et
1162 3983 1430 4041 liberasti
1469 4002 1589 4042 eos.
1631 3989 1692 4048 ἲν.
1727 3991 1814 4046 Ad
1854 3997 1907 4049 te

227 4067 676 4133 clamaverunt,
708 4073 763 4124 et
789 4069 939 4124 salvi
960 4068 1096 4126 facti
1128 4076 1303 4128 sunt:
1331 4074 1389 4128 in
1415 4079 1467 4129 te
1494 4086 1903 4150 speraverant,

226 4162 282 4212 et
324 4173 455 4213 non
488 4161 633 4212 sunt
674 4158 930 4214 confusi.
974 4159 1037 4215 P.
1077 4162 1496 4233 Speraverunt.
1528 4164 1587 4226 lir-
1623 4167 1820 4225 Gloria
1850 4174 1907 4225 et

224 4245 437 4301 honor.
464 4248 528 4301 P.
554 4244 975 4317 Speraverunt.

303 4333 531 4389 Oratio.
581 4334 829 4405 Respice
853 4335 915 4390 in
945 4352 1059 4393 nos
1088 4338 1331 4395 Domine
1375 4342 1529 4397 Deus
1569 4349 1770 4401 noster
1804 4364 1817 4414 ;
1849 4350 1906 4404 et

228 4422 561 4478 avertendo
582 4422 809 4478 faciam
834 4430 996 4481 tuam
1018 4442 1053 4483 a
1071 4427 1264 4496 nobis,
1287 4445 1395 4484 nos
1412 4430 1789 4504 aliquatenus
1805 4436 1904 4491 de-

230 4511 548 4582 relinquas
574 4531 586 4569 :
615 4527 749 4567 vere
776 4512 937 4567 enim
963 4515 1110 4569 salvi
1144 4517 1383 4587 erimus,
1411 4519 1456 4573 si
1488 4521 1682 4576 vultus
1716 4524 1795 4579 tui
1845 4525 1901 4580 in

234 4616 345 4656 nos
370 4605 691 4671 aspectum
715 4603 1161 4670 converteris,et
1186 4605 1444 4661 hilariter
1468 4610 1683 4665 nostris
1705 4614 1756 4667 te
1780 4614 1904 4668 ani-

234 4689 461 4745 mabus
490 4689 879 4759 conjunxeris
908 4707 920 4744 :
960 4698 1019 4746 ut
1048 4695 1189 4764 quia
1217 4695 1274 4749 in
1310 4702 1361 4750 te
1394 4706 1785 4768 speraveruut
1802 4718 1904 4773 pa-

234 4783 348 4835 tres
381 4778 596 4844 nostri,
628 4784 686 4833 et
717 4779 863 4834 salvi
890 4779 1031 4835 facti
1062 4788 1220 4847 sunt,
1255 4800 1365 4840 nos
1398 4786 1771 4845 hereditariae
1809 4789 1905 4848 fac

230 4881 445 4922 eorum
473 4866 604 4939 spei
639 4866 961 4923 succedere
992 4887 1004 4936 ;
1034 4875 1088 4925 et
1116 4871 1411 4942 parilitate
1429 4874 1661 4947 horum,
1685 4885 1906 4937 aeterna

228 4973 369 5013 cum
403 4958 490 5012 eis
518 4956 889 5013 exultatione
911 4959 1195 5027 gaudere.
1228 4972 1292 5031 Βι.
1322 4966 1531 5020 Amen.

295 5047 405 5101 Per
437 5044 929 5101 misericordiam
956 5052 1141 5115 tuam,
1174 5050 1329 5105 Deus
1361 5057 1580 5117 noster,
1614 5059 1723 5112 etc.

294 5134 655 5203 Antiphona
670 5132 1132 5191 2.Misericordia
1146 5142 1241 5191 tua
1256 5138 1491 5196 Domine
1505 5144 1907 5217 subsequatur

222 5238 351 5279 nos.
390 5226 446 5279 Ρ.
495 5222 803 5279 Omnibus
844 5221 1052 5278 diebus
1104 5226 1235 5282 vita
1270 5234 1508 5285 nostrae.
1551 5231 1610 5291 in
1647 5236 1903 5292 Ostende

220 5314 396 5370 nobis
422 5314 681 5371 Domine
695 5312 1167 5371 misericordiam
1188 5323 1349 5372 tuam
1368 5324 1453 5374 :et
1472 5321 1726 5380 salutare
1743 5331 1900 5381 tuum

219 5402 297 5458 da
328 5405 525 5459 nobis.
561 5405 628 5458 P.
668 5400 967 5456 Omnibus
996 5402 1206 5459 diebus
1240 5405 1371 5462 vitae
1404 5415 1636 5467 nostrae.
1672 5413 1735 5474 ἢν,
1767 5415 1903 5471 (310..

218 5493 393 5558 ria,et
418 5495 629 5551 honor
645 5488 837 5551 Patri,
865 5489 1094 5549 ctFilio.
1119 5493 1183 5547 P.
1208 5496 1499 5552 Omnibus
1529 5499 1743 5557 diebus
1765 5504 1898 5559 vitae

219 5584 457 5638 nostra.

508 5670 773 5723 PATROL.
813 5663 1081 5721 LXXXVI.

1935 4475 1983 4533 Ι)

2021 1863 2304 1913 namenta
2347 1861 2697 1931 conquirere
2757 1881 2769 1919 :
2832 1871 3005 1939 atque
3057 1875 3113 1926 te
3143 1878 3586 1947 concupiscere,
3620 1883 3674 1936 te

2019 1960 2216 2011 nosse,
2252 1951 2426 2020 teque
2452 1952 2615 2007 omni
2648 1954 2784 2010 vitae
2805 1960 3022 2013 nostrae
3050 1963 3318 2033 tempore
3344 1967 3532 2022 Deum
3555 1983 3677 2024 me-

2017 2046 2259 2090 reamur
2283 2036 2524 2094 habere.
2574 2042 2632 2098 P.
2662 2046 2870 2099 Amen.

2088 2123 2197 2179 Per
2229 2123 2719 2187 misericordiam.

2084 2212 2146 2266 P.
2173 2214 2421 2270 Domine
2459 2216 2663 2289 inique
2688 2220 2923 2290 egimus
2947 2240 2965 2287 ;
2988 2225 3189 2281 omnis
3228 2231 3372 2285 astas
3390 2244 3556 2287 ream
3572 2231 3670 2289 ha-

2012 2298 2112 2357 bet
2127 2303 2552 2361 conscientiam
2577 2323 2593 2360 :
2612 2310 2994 2378 peccavimus
3017 2312 3121 2369 tibi
3144 2315 3415 2373 Domine.
3436 2318 3498 2372 P.
3525 2322 3673 2376 Con-

2012 2394 2234 2447 vertere
2269 2392 2346 2448 ad
2378 2394 2871 2455 misericordiam.
2911 2399 2972 2458 il.
3008 2401 3392 2460 Peccavimus
3424 2422 3439 2461 :
3470 2407 3656 2479 impie

2014 2480 2394 2549 gessimus,et
2411 2484 2854 2556 recessimus,et
2868 2487 3303 2549 declinavimus
3321 2510 3357 2550 a
3372 2480 3673 2553 mandatis

2013 2569 2147 2625 tuis.
2203 2571 2265 2623 P.
2323 2573 2692 2630 Convertere.
2744 2574 2803 2634 if.
2862 2574 3075 2643 Gloria,
3130 2585 3186 2636 et
3235 2582 3446 2640 honor.
3481 2586 3671 2642 Reite-

2014 2665 2182 2715 retur
2208 2662 2268 2714 P.

2678 2752 2747 2806 In
2784 2754 3096 2810 Laudibus.

2083 2836 2169 2891 Ad
2186 2837 2516 2893 Canticum.
2536 2839 2905 2909 Antiphona.
2921 2844 3046 2897 Non
3068 2843 3336 2900 infernus
3365 2847 3671 2903 conﬁtebi-

2015 2928 2110 2979 tur
2122 2924 2225 2980 tibi
2241 2924 2532 2990 Deus,nec
2544 2941 2707 2982 mors
2719 2925 2989 2984 laudabit
3002 2934 3073 2985 te.
3091 2930 3303 2987 Vivens
3314 2932 3514 2989 vivens
3530 2950 3671 2993 con-

2016 3013 2277 3070 ﬁtebitur
2302 3013 2405 3069 tibi
2439 3032 2455 3085 ;
2482 3018 2539 3070 et
2560 3018 2765 3071 notam
2790 3016 2966 3072 faciet
2986 3018 3456 3079 misericordiam
3478 3026 3666 3081 tuam.

2266 3103 2572 3160 Canticum
2594 3105 2858 3162 Ezechiae
2886 3107 3104 3175 (Esaiae
3128 3116 3394 3178 xxxviii).

2086 3193 2203 3260 Ego
2225 3190 2347 3246 dixi
2370 3208 2382 3246 :
2406 3192 2470 3246 In
2487 3191 2737 3248 dimidio
2756 3193 2984 3250 dierum
3002 3211 3275 3254 meorum
3291 3200 3312 3221 '
3332 3198 3555 3255 vadam
3576 3199 3656 3256 ad

2012 3286 2215 3351 portas
2249 3279 2448 3335 inferi.

2086 3368 2342 3434 Quaesivi
2363 3368 2669 3425 residuum
2691 3386 2988 3427 annorum
3006 3388 3270 3428 meorum
3293 3391 3306 3430 :
3328 3377 3348 3398 "
3367 3375 3515 3431 dixi:
3536 3380 3665 3432 Non

2011 3456 2227 3513 videbo
2249 3456 2569 3513 Dominum
2591 3458 2780 3514 Deum
2809 3458 2869 3513 in
2896 3463 3050 3515 terra
3073 3461 3417 3518 viventium.

2084 3549 2213 3602 Non
2255 3545 2544 3617 aspiciam
2572 3544 2882 3603 hominem
2918 3547 3092 3614 ultra,
3134 3551 3150 3567 '
3180 3554 3236 3606 et
3264 3549 3667 3609 habitatorem

2015 3634 2253 3706 quietis.

2087 3722 2398 3779 Generatio
2430 3739 2565 3780 mea
2618 3721 2817 3781 ablata
2846 3728 2935 3780 est
2964 3740 2999 3781 a
3028 3741 3145 3793 me,
3188 3726 3505 3785 convoluta
3552 3734 3661 3793 est,

2015 3811 2191 3884 quasi
2218 3811 2669 3869 tabernaculum
2703 3817 3033 3884 pastorum.

2085 3901 2339 3956 Praecisa
2358 3904 2446 3957 est
2464 3900 2625 3957 velut
2646 3916 2682 3956 a
2703 3906 2932 3958 texente
2966 3901 3142 3959 telam
3170 3903 3291 3961 vita
3312 3921 3450 3962 mea
3479 3922 3491 3961 :
3518 3906 3670 3962 dum

2014 3988 2213 4044 adhuc
2257 3988 2504 4060 ordirer,
2534 3988 2789 4045 succidit
2826 4006 2919 4045 me
2979 4009 2992 4043 :
3021 3992 3037 4007 '
3062 3991 3135 4046 de
3167 4007 3335 4048 mane
3366 4010 3557 4065 usque
3589 3994 3668 4051 ad

2014 4092 2334 4149 vesperum
2360 4077 2530 4133 ﬁnies
2551 4093 2667 4132 me.

2087 4165 2412 4238 Sperabam
2433 4181 2622 4236 neque
2644 4165 2720 4220 ad
2741 4180 2938 4228 mane,
2955 4167 2973 4185 '
2993 4166 3146 4222 sicut
3165 4166 3258 4222 leo
3276 4166 3360 4223 sic
3382 4168 3665 4225 contrivit

2013 4254 2217 4310 omnia
2236 4269 2379 4310 ossa
2399 4269 2530 4308 mea
2552 4270 2564 4308 :

2084 4343 2163 4397 De
2179 4357 2354 4397 mane
2376 4356 2566 4412 usque
2580 4339 2656 4396 ad
2668 4355 2988 4413 vesperum
3000 4340 3169 4397 ﬁnies
3186 4358 3283 4398 me
3304 4359 3317 4397 :
3339 4344 3357 4363 ⁶
3377 4342 3525 4399 sicut
3538 4343 3667 4417 pul—

2012 4431 2101 4487 lus
2113 4429 2450 4487 hirundinis
2462 4430 2545 4485 sic
2561 4429 3268 4496 clamabam,meditabar
3282 4431 3446 4488 utcol
3462 4432 3665 4489 umba.

2083 4520 2377 4576 Attenuati
2396 4520 2702 4575 suntoculi
2722 4520 2856 4583 mei,
2884 4522 2901 4542 '
2924 4521 3310 4591 suspicientes
3328 4521 3384 4576 in
3404 4521 3659 4578 excelso.

2085 4609 2331 4665 Domine
2352 4609 2473 4664 vim
2503 4610 2714 4679 patior,
2742 4609 3041 4680 responde
3068 4625 3176 4680 pro
3208 4626 3322 4666 me.
3358 4612 3376 4633 "
3410 4611 3561 4674 Quid
3584 4611 3669 4667 di-

2013 4714 2167 4764 cam,
2195 4704 2298 4753 aut
2322 4698 2468 4770 quid
2493 4697 3053 4769 respondebitmihi,
3086 4714 3223 4754 cum
3244 4699 3369 4770 ipse
3386 4697 3669 4754 fecerim?

2082 4785 2439 4857 Recogitabo
2488 4801 2698 4842 omnes
2724 4802 2916 4842 annos
2947 4801 3115 4841 meos
3138 4786 3154 4802 '
3174 4785 3235 4841 in
3262 4786 3666 4843 amaritudine

2013 4875 2230 4932 animae
2258 4891 2427 4931 mere.

2083 4962 2332 5020 Domine
2354 4963 2401 5017 si
2417 4961 2501 5017 sic
2519 4961 2752 5027 vivitur,
2777 4968 2831 5017 et
2850 4961 2911 5016 in
2929 4959 3146 5017 talibus
3171 4967 3257 5018 est
3281 4962 3403 5020 vita
3424 4963 3671 5036 spiritus

2011 5054 2152 5124 mei,
2175 5053 2193 5070 '
2222 5050 2508 5122 corripies
2534 5065 2650 5119 me,
2684 5053 2739 5106 et
2763 5049 3093 5105 viviﬁcabis
3123 5067 3242 5109 me.

2084 5145 2227 5199 Ecce
2243 5143 2302 5197 in
2319 5155 2467 5213 pace
2490 5138 2826 5195 amaritudo
2848 5155 2982 5196 mea
3003 5141 3383 5198 amarissima
3408 5159 3421 5196 :
3446 5142 3465 5164 '
3485 5146 3545 5198 tu
3567 5157 3669 5199 au-

2010 5237 2129 5288 tem
2153 5230 2417 5302 eripuisti
2434 5230 2702 5284 animam
2724 5244 2921 5284 meam
2946 5234 3009 5284 ut
3026 5245 3147 5284 non
3169 5229 3521 5301 perirem,et
3536 5246 3668 5301 pro-

2006 5320 2197 5391 jecisti
2220 5324 2361 5391 post
2387 5323 2620 5387 tergum
2656 5322 2823 5373 tuum
2851 5317 3054 5373 omnia
3086 5326 3335 5390 peccata
3372 5335 3526 5374 mea.

2083 5409 2227 5475 Quia
2255 5424 2373 5463 non
2404 5408 2669 5461 infernus
2700 5406 3078 5462 conﬁtebitur
3104 5407 3229 5473 tibi,
3264 5423 3457 5480 neque
3507 5421 3671 5461 mors

2009 5498 2276 5557 laudabit
2305 5501 2361 5552 te
2394 5513 2407 5551 :
2451 5497 2465 5513 '
2492 5510 2614 5550 non
2640 5495 3043 5567 expectabunt
3066 5496 3168 5566 qui
3195 5494 3565 5551 descendunt
3608 5493 3670 5547 in

2007 5589 2229 5656 lacum,
2260 5585 2567 5641 veritatem
2596 5586 2785 5641 tuam.
3317 5674 3357 5726 8
