  <div class='ocr_page' id='page_1' title='image "/cluster/home/n/w/nwhite01/storage/ocr_20150623/86/umn.31951002477379d/125.png"; bbox 0 0 4160 6404; ppageno 0'>
   <div class='ocr_carea' id='block_1_1' title="bbox 523 274 628 348">
    <p class='ocr_par' dir='ltr' id='par_1_1' title="bbox 523 274 628 348">
     <span class='ocr_line' id='line_1_1' title="bbox 523 274 628 348; baseline 0 -4"><span class='ocrx_word' id='word_1_1' title='bbox 523 274 628 348; x_wconf 73' lang='grc'>235</span> 
     </span>
    </p>
   </div>
   <div class='ocr_carea' id='block_1_2' title="bbox 1766 249 2645 328">
    <p class='ocr_par' dir='ltr' id='par_1_2' title="bbox 1766 249 2645 328">
     <span class='ocr_line' id='line_1_2' title="bbox 1766 249 2645 328; baseline -0.009 -11"><span class='ocrx_word' id='word_1_2' title='bbox 1766 249 2213 328; x_wconf 62' lang='lat' dir='ltr'>BBEVIABIUM</span> <span class='ocrx_word' id='word_1_3' title='bbox 2251 249 2645 322; x_wconf 78' lang='lat' dir='ltr'>GOTHICUM.</span> 
     </span>
    </p>
   </div>
   <div class='ocr_carea' id='block_1_3' title="bbox 3841 261 3962 321">
    <p class='ocr_par' dir='ltr' id='par_1_3' title="bbox 3841 261 3962 321">
     <span class='ocr_line' id='line_1_3' title="bbox 3841 261 3962 321; baseline 0 -5"><span class='ocrx_word' id='word_1_4' title='bbox 3841 261 3962 321; x_wconf 69' lang='lat'>836</span> 
     </span>
    </p>
   </div>
   <div class='ocr_carea' id='block_1_4' title="bbox 603 375 3954 452">
    <p class='ocr_par' dir='ltr' id='par_1_4' title="bbox 603 375 3954 452">
     <span class='ocr_line' id='line_1_4' title="bbox 603 375 3954 452; baseline -0.002 -2"><span class='ocrx_word' id='word_1_5' title='bbox 603 389 1032 450; x_wconf 83' lang='lat' dir='ltr'>Vivensvivens</span> <span class='ocrx_word' id='word_1_6' title='bbox 1053 387 1429 444; x_wconf 87' lang='lat' dir='ltr'>conﬁtebitur</span> <span class='ocrx_word' id='word_1_7' title='bbox 1441 386 1568 452; x_wconf 89' lang='lat' dir='ltr'>tibi,</span> <span class='ocrx_word' id='word_1_8' title='bbox 1586 385 1733 442; x_wconf 84' lang='lat' dir='ltr'>sicut</span> <span class='ocrx_word' id='word_1_9' title='bbox 1761 386 1939 452; x_wconf 88' lang='lat' dir='ltr'>etego</span> <span class='ocrx_word' id='word_1_10' title='bbox 1950 376 2128 436; x_wconf 87' lang='lat' dir='ltr'>hodie</span> <span class='ocrx_word' id='word_1_11' title='bbox 2153 389 2166 432; x_wconf 90' lang='lat'><strong>:</strong></span> <span class='ocrx_word' id='word_1_12' title='bbox 2199 375 2249 431; x_wconf 86' lang='lat' dir='ltr'>A</span> <span class='ocrx_word' id='word_1_13' title='bbox 2347 375 2487 445; x_wconf 90' lang='lat' dir='ltr'>luia,</span> <span class='ocrx_word' id='word_1_14' title='bbox 2515 377 2768 440; x_wconf 76' lang='lat' dir='ltr'>alleluia.</span> <span class='ocrx_word' id='word_1_15' title='bbox 2790 388 2853 441; x_wconf 72' lang='grc' dir='ltr'>ιτ.</span> <span class='ocrx_word' id='word_1_16' title='bbox 2873 380 3025 438; x_wconf 86' lang='lat' dir='ltr'>Laus</span> <span class='ocrx_word' id='word_1_17' title='bbox 3049 379 3252 452; x_wconf 88' lang='lat' dir='ltr'>ejusin</span> <span class='ocrx_word' id='word_1_18' title='bbox 3273 380 3538 440; x_wconf 82' lang='lat' dir='ltr'>Ecclesia</span> <span class='ocrx_word' id='word_1_19' title='bbox 3553 384 3954 444; x_wconf 86' lang='lat' dir='ltr'>sanctorum.</span> 
     </span>
    </p>
   </div>
   <div class='ocr_carea' id='block_1_5' title="bbox 526 475 1918 556">
    <p class='ocr_par' dir='ltr' id='par_1_5' title="bbox 526 475 1918 556">
     <span class='ocr_line' id='line_1_5' title="bbox 526 475 1918 556; baseline -0.01 -17"><span class='ocrx_word' id='word_1_20' title='bbox 526 485 550 507; x_wconf 57' lang='grc' dir='ltr'><strong>θ</strong></span> <span class='ocrx_word' id='word_1_21' title='bbox 577 484 746 556; x_wconf 89' lang='lat' dir='ltr'>pater</span> <span class='ocrx_word' id='word_1_22' title='bbox 773 478 910 534; x_wconf 87' lang='lat' dir='ltr'>ﬁliis</span> <span class='ocrx_word' id='word_1_23' title='bbox 937 482 1144 532; x_wconf 90' lang='lat' dir='ltr'>notam</span> <span class='ocrx_word' id='word_1_24' title='bbox 1187 475 1361 532; x_wconf 85' lang='lat' dir='ltr'>faciet</span> <span class='ocrx_word' id='word_1_25' title='bbox 1385 475 1693 531; x_wconf 79' lang='lat' dir='ltr'>veritatem</span> <span class='ocrx_word' id='word_1_26' title='bbox 1731 477 1918 529; x_wconf 90' lang='lat' dir='ltr'>tuam.</span> 
     </span>
    </p>
   </div>
   <div class='ocr_carea' id='block_1_6' title="bbox 597 563 2168 634">
    <p class='ocr_par' dir='ltr' id='par_1_6' title="bbox 597 563 2168 634">
     <span class='ocr_line' id='line_1_6' title="bbox 597 563 2168 634; baseline -0.011 -8"><span class='ocrx_word' id='word_1_27' title='bbox 597 569 846 626; x_wconf 85' lang='lat' dir='ltr'>Domine</span> <span class='ocrx_word' id='word_1_28' title='bbox 877 567 1073 621; x_wconf 88' lang='lat' dir='ltr'>salvos</span> <span class='ocrx_word' id='word_1_29' title='bbox 1098 580 1205 618; x_wconf 86' lang='lat' dir='ltr'>nos</span> <span class='ocrx_word' id='word_1_30' title='bbox 1224 563 1334 628; x_wconf 83' lang='lat' dir='ltr'>fac,</span> <span class='ocrx_word' id='word_1_31' title='bbox 1364 565 1381 580; x_wconf 80' lang='lat'><strong>&#39;</strong></span> <span class='ocrx_word' id='word_1_32' title='bbox 1407 568 1460 618; x_wconf 90' lang='lat' dir='ltr'>et</span> <span class='ocrx_word' id='word_1_33' title='bbox 1478 563 1748 634; x_wconf 83' lang='lat' dir='ltr'>psalmos</span> <span class='ocrx_word' id='word_1_34' title='bbox 1773 563 2004 616; x_wconf 89' lang='lat' dir='ltr'>nostros</span> <span class='ocrx_word' id='word_1_35' title='bbox 2032 569 2168 610; x_wconf 89' lang='lat' dir='ltr'>can-</span> 
     </span>
    </p>
   </div>
   <div class='ocr_carea' id='block_1_7' title="bbox 521 643 2163 715">
    <p class='ocr_par' dir='ltr' id='par_1_7' title="bbox 521 643 2163 715">
     <span class='ocr_line' id='line_1_7' title="bbox 521 643 2163 715; baseline -0.011 0"><span class='ocrx_word' id='word_1_36' title='bbox 521 659 788 715; x_wconf 88' lang='lat' dir='ltr'>tabimus</span> <span class='ocrx_word' id='word_1_37' title='bbox 801 654 1026 709; x_wconf 86' lang='lat' dir='ltr'>cunctis</span> <span class='ocrx_word' id='word_1_38' title='bbox 1044 653 1254 706; x_wconf 84' lang='lat' dir='ltr'>diebus</span> <span class='ocrx_word' id='word_1_39' title='bbox 1270 653 1400 706; x_wconf 59' lang='lat' dir='ltr'>vitae</span> <span class='ocrx_word' id='word_1_40' title='bbox 1416 658 1636 707; x_wconf 65' lang='lat' dir='ltr'>nostrae</span> <span class='ocrx_word' id='word_1_41' title='bbox 1650 652 1710 706; x_wconf 89' lang='lat' dir='ltr'>in</span> <span class='ocrx_word' id='word_1_42' title='bbox 1733 650 1904 705; x_wconf 82' lang='lat' dir='ltr'>domo</span> <span class='ocrx_word' id='word_1_43' title='bbox 1919 643 2163 702; x_wconf 78' lang='lat' dir='ltr'>Domini.</span> 
     </span>
    </p>
   </div>
   <div class='ocr_carea' id='block_1_8' title="bbox 591 739 1228 804">
    <p class='ocr_par' dir='ltr' id='par_1_8' title="bbox 591 739 1228 804">
     <span class='ocr_line' id='line_1_8' title="bbox 591 739 1228 804; baseline -0.014 -1"><span class='ocrx_word' id='word_1_44' title='bbox 591 744 654 803; x_wconf 60' lang='lat' dir='ltr'>ill.</span> <span class='ocrx_word' id='word_1_45' title='bbox 684 742 895 804; x_wconf 82' lang='lat' dir='ltr'>Gloria,</span> <span class='ocrx_word' id='word_1_46' title='bbox 931 746 987 794; x_wconf 89' lang='lat' dir='ltr'>et</span> <span class='ocrx_word' id='word_1_47' title='bbox 1018 739 1228 794; x_wconf 86' lang='lat' dir='ltr'>honor.</span> 
     </span>
    </p>
   </div>
   <div class='ocr_carea' id='block_1_9' title="bbox 595 821 2164 892">
    <p class='ocr_par' dir='ltr' id='par_1_9' title="bbox 595 821 2164 892">
     <span class='ocr_line' id='line_1_9' title="bbox 595 821 2164 892; baseline -0.01 -5"><span class='ocrx_word' id='word_1_48' title='bbox 595 834 656 886; x_wconf 92' lang='lat' dir='ltr'>P.</span> <span class='ocrx_word' id='word_1_49' title='bbox 681 833 809 886; x_wconf 90' lang='lat' dir='ltr'>Non</span> <span class='ocrx_word' id='word_1_50' title='bbox 842 828 1106 883; x_wconf 89' lang='lat' dir='ltr'>infernus</span> <span class='ocrx_word' id='word_1_51' title='bbox 1153 825 1530 882; x_wconf 88' lang='lat' dir='ltr'>conﬁtebitur</span> <span class='ocrx_word' id='word_1_52' title='bbox 1580 825 1707 892; x_wconf 88' lang='lat' dir='ltr'>tibi,</span> <span class='ocrx_word' id='word_1_53' title='bbox 1766 839 1875 879; x_wconf 90' lang='lat' dir='ltr'>nec</span> <span class='ocrx_word' id='word_1_54' title='bbox 1924 835 2087 876; x_wconf 91' lang='lat' dir='ltr'>mors</span> <span class='ocrx_word' id='word_1_55' title='bbox 2106 821 2164 872; x_wconf 91' lang='lat' dir='ltr'>P.</span> 
     </span>
    </p>
   </div>
   <div class='ocr_carea' id='block_1_10' title="bbox 526 911 2167 979">
    <p class='ocr_par' dir='ltr' id='par_1_10' title="bbox 526 911 2167 979">
     <span class='ocr_line' id='line_1_10' title="bbox 526 911 2167 979; baseline -0.01 -2"><span class='ocrx_word' id='word_1_56' title='bbox 526 918 821 978; x_wconf 89' lang='lat' dir='ltr'>Laudabit</span> <span class='ocrx_word' id='word_1_57' title='bbox 843 921 918 972; x_wconf 90' lang='lat' dir='ltr'>te.</span> <span class='ocrx_word' id='word_1_58' title='bbox 950 914 1166 970; x_wconf 88' lang='lat' dir='ltr'>Vivens</span> <span class='ocrx_word' id='word_1_59' title='bbox 1178 915 1384 970; x_wconf 86' lang='lat' dir='ltr'>vivens</span> <span class='ocrx_word' id='word_1_60' title='bbox 1406 913 1782 970; x_wconf 88' lang='lat' dir='ltr'>conﬁtebitur</span> <span class='ocrx_word' id='word_1_61' title='bbox 1806 911 1911 968; x_wconf 85' lang='lat' dir='ltr'>tibi</span> <span class='ocrx_word' id='word_1_62' title='bbox 1939 928 1954 979; x_wconf 94' lang='lat'>;</span> <span class='ocrx_word' id='word_1_63' title='bbox 1981 913 2038 965; x_wconf 91' lang='lat' dir='ltr'>et</span> <span class='ocrx_word' id='word_1_64' title='bbox 2061 922 2167 963; x_wconf 93' lang='lat' dir='ltr'>no-</span> 
     </span>
    </p>
   </div>
   <div class='ocr_carea' id='block_1_11' title="bbox 527 1003 1551 1066">
    <p class='ocr_par' dir='ltr' id='par_1_11' title="bbox 527 1003 1551 1066">
     <span class='ocr_line' id='line_1_11' title="bbox 527 1003 1551 1066; baseline -0.009 0"><span class='ocrx_word' id='word_1_65' title='bbox 527 1012 653 1066; x_wconf 87' lang='lat' dir='ltr'>tam</span> <span class='ocrx_word' id='word_1_66' title='bbox 679 1006 857 1063; x_wconf 85' lang='lat' dir='ltr'>faciet</span> <span class='ocrx_word' id='word_1_67' title='bbox 879 1003 1347 1059; x_wconf 90' lang='lat' dir='ltr'>misericordiam</span> <span class='ocrx_word' id='word_1_68' title='bbox 1366 1006 1551 1058; x_wconf 91' lang='lat' dir='ltr'>tuam.</span> 
     </span>
    </p>
   </div>
   <div class='ocr_carea' id='block_1_12' title="bbox 596 1089 2165 1163">
    <p class='ocr_par' dir='ltr' id='par_1_12' title="bbox 596 1089 2165 1163">
     <span class='ocr_line' id='line_1_12' title="bbox 596 1089 2165 1163; baseline -0.009 -12"><span class='ocrx_word' id='word_1_69' title='bbox 596 1095 813 1151; x_wconf 79' lang='lat' dir='ltr'>Oratio.</span> <span class='ocrx_word' id='word_1_70' title='bbox 847 1091 1024 1163; x_wconf 84' lang='lat' dir='ltr'>Eripe</span> <span class='ocrx_word' id='word_1_71' title='bbox 1079 1090 1328 1146; x_wconf 89' lang='lat' dir='ltr'>Domine</span> <span class='ocrx_word' id='word_1_72' title='bbox 1358 1090 1592 1147; x_wconf 90' lang='lat' dir='ltr'>animas</span> <span class='ocrx_word' id='word_1_73' title='bbox 1630 1091 1884 1150; x_wconf 86' lang='lat' dir='ltr'>nostras,</span> <span class='ocrx_word' id='word_1_74' title='bbox 1932 1089 1996 1140; x_wconf 93' lang='lat' dir='ltr'>ut</span> <span class='ocrx_word' id='word_1_75' title='bbox 2044 1096 2165 1138; x_wconf 91' lang='lat' dir='ltr'>non</span> 
     </span>
    </p>
   </div>
   <div class='ocr_carea' id='block_1_13' title="bbox 522 1171 2165 1255">
    <p class='ocr_par' dir='ltr' id='par_1_13' title="bbox 522 1171 2165 1255">
     <span class='ocr_line' id='line_1_13' title="bbox 522 1171 2165 1255; baseline -0.009 -16"><span class='ocrx_word' id='word_1_76' title='bbox 522 1197 839 1255; x_wconf 86' lang='lat' dir='ltr'>pereamus</span> <span class='ocrx_word' id='word_1_77' title='bbox 854 1180 914 1234; x_wconf 90' lang='lat' dir='ltr'>in</span> <span class='ocrx_word' id='word_1_78' title='bbox 940 1177 1180 1234; x_wconf 90' lang='lat' dir='ltr'>interitu</span> <span class='ocrx_word' id='word_1_79' title='bbox 1208 1194 1219 1230; x_wconf 93' lang='lat'><strong>:</strong></span> <span class='ocrx_word' id='word_1_80' title='bbox 1249 1185 1593 1234; x_wconf 91' lang='lat' dir='ltr'>nostrorum</span> <span class='ocrx_word' id='word_1_81' title='bbox 1609 1175 1880 1230; x_wconf 90' lang='lat' dir='ltr'>omnium</span> <span class='ocrx_word' id='word_1_82' title='bbox 1902 1171 2165 1228; x_wconf 84' lang='lat' dir='ltr'>facinora</span> 
     </span>
    </p>
   </div>
   <div class='ocr_carea' id='block_1_14' title="bbox 521 1258 2164 1341">
    <p class='ocr_par' dir='ltr' id='par_1_14' title="bbox 521 1258 2164 1341">
     <span class='ocr_line' id='line_1_14' title="bbox 521 1258 2164 1341; baseline -0.008 -17"><span class='ocrx_word' id='word_1_83' title='bbox 521 1272 905 1341; x_wconf 86' lang='lat' dir='ltr'>peccatorum</span> <span class='ocrx_word' id='word_1_84' title='bbox 933 1281 1089 1336; x_wconf 91' lang='lat' dir='ltr'>pone</span> <span class='ocrx_word' id='word_1_85' title='bbox 1143 1269 1275 1335; x_wconf 90' lang='lat' dir='ltr'>post</span> <span class='ocrx_word' id='word_1_86' title='bbox 1323 1270 1554 1334; x_wconf 82' lang='lat' dir='ltr'>tergum</span> <span class='ocrx_word' id='word_1_87' title='bbox 1586 1268 1782 1325; x_wconf 89' lang='lat' dir='ltr'>tuum;</span> <span class='ocrx_word' id='word_1_88' title='bbox 1819 1265 1881 1315; x_wconf 92' lang='lat' dir='ltr'>ut</span> <span class='ocrx_word' id='word_1_89' title='bbox 1905 1274 2028 1314; x_wconf 93' lang='lat' dir='ltr'>non</span> <span class='ocrx_word' id='word_1_90' title='bbox 2067 1258 2164 1312; x_wconf 86' lang='lat' dir='ltr'>de-</span> 
     </span>
    </p>
   </div>
   <div class='ocr_carea' id='block_1_15' title="bbox 517 1346 2166 1427">
    <p class='ocr_par' dir='ltr' id='par_1_15' title="bbox 517 1346 2166 1427">
     <span class='ocr_line' id='line_1_15' title="bbox 517 1346 2166 1427; baseline -0.005 -16"><span class='ocrx_word' id='word_1_91' title='bbox 517 1353 1075 1427; x_wconf 87' lang='lat' dir='ltr'>jiciamurperditiin</span> <span class='ocrx_word' id='word_1_92' title='bbox 1094 1351 1515 1416; x_wconf 87' lang='lat' dir='ltr'>infernum;sed</span> <span class='ocrx_word' id='word_1_93' title='bbox 1534 1367 1568 1406; x_wconf 90' lang='lat' dir='ltr'>a</span> <span class='ocrx_word' id='word_1_94' title='bbox 1590 1357 1643 1405; x_wconf 91' lang='lat' dir='ltr'>te</span> <span class='ocrx_word' id='word_1_95' title='bbox 1667 1347 2066 1412; x_wconf 84' lang='lat' dir='ltr'>viviﬁcati,hic</span> <span class='ocrx_word' id='word_1_96' title='bbox 2083 1346 2166 1402; x_wconf 87' lang='lat' dir='ltr'>fa-</span> 
     </span>
    </p>
   </div>
   <div class='ocr_carea' id='block_1_16' title="bbox 522 1437 2167 1510">
    <p class='ocr_par' dir='ltr' id='par_1_16' title="bbox 522 1437 2167 1510">
     <span class='ocr_line' id='line_1_16' title="bbox 522 1437 2167 1510; baseline -0.006 -11"><span class='ocrx_word' id='word_1_97' title='bbox 522 1449 770 1508; x_wconf 89' lang='lat' dir='ltr'>teamur,</span> <span class='ocrx_word' id='word_1_98' title='bbox 784 1441 1152 1496; x_wconf 89' lang='lat' dir='ltr'>etveritatem</span> <span class='ocrx_word' id='word_1_99' title='bbox 1170 1445 1333 1494; x_wconf 88' lang='lat' dir='ltr'>tuam</span> <span class='ocrx_word' id='word_1_100' title='bbox 1353 1444 1753 1510; x_wconf 80' lang='lat' dir='ltr'>expectantes,</span> <span class='ocrx_word' id='word_1_101' title='bbox 1775 1437 2046 1509; x_wconf 90' lang='lat' dir='ltr'>psalmos</span> <span class='ocrx_word' id='word_1_102' title='bbox 2061 1450 2167 1490; x_wconf 92' lang='lat' dir='ltr'>no-</span> 
     </span>
    </p>
   </div>
   <div class='ocr_carea' id='block_1_17' title="bbox 521 1526 2161 1598">
    <p class='ocr_par' dir='ltr' id='par_1_17' title="bbox 521 1526 2161 1598">
     <span class='ocr_line' id='line_1_17' title="bbox 521 1526 2161 1598; baseline -0.004 -13"><span class='ocrx_word' id='word_1_103' title='bbox 521 1535 674 1587; x_wconf 88' lang='lat' dir='ltr'>stros</span> <span class='ocrx_word' id='word_1_104' title='bbox 694 1531 754 1585; x_wconf 90' lang='lat' dir='ltr'>in</span> <span class='ocrx_word' id='word_1_105' title='bbox 770 1529 1020 1583; x_wconf 89' lang='lat' dir='ltr'>domum</span> <span class='ocrx_word' id='word_1_106' title='bbox 1034 1533 1201 1582; x_wconf 91' lang='lat' dir='ltr'>tuam</span> <span class='ocrx_word' id='word_1_107' title='bbox 1213 1527 1430 1598; x_wconf 89' lang='lat' dir='ltr'>jugiter</span> <span class='ocrx_word' id='word_1_108' title='bbox 1449 1526 1852 1582; x_wconf 90' lang='lat' dir='ltr'>decantemus.</span> <span class='ocrx_word' id='word_1_109' title='bbox 1872 1535 1934 1593; x_wconf 52' lang='lat' dir='ltr'>1v.</span> <span class='ocrx_word' id='word_1_110' title='bbox 1950 1529 2161 1578; x_wconf 86' lang='lat' dir='ltr'>Amen.</span> 
     </span>
    </p>
   </div>
   <div class='ocr_carea' id='block_1_18' title="bbox 588 1615 1220 1674">
    <p class='ocr_par' dir='ltr' id='par_1_18' title="bbox 588 1615 1220 1674">
     <span class='ocr_line' id='line_1_18' title="bbox 588 1615 1220 1674; baseline -0.009 1"><span class='ocrx_word' id='word_1_111' title='bbox 588 1620 697 1674; x_wconf 90' lang='lat' dir='ltr'>Per</span> <span class='ocrx_word' id='word_1_112' title='bbox 726 1615 1220 1672; x_wconf 84' lang='lat' dir='ltr'>misericordiam.</span> 
     </span>
    </p>
   </div>
   <div class='ocr_carea' id='block_1_19' title="bbox 590 1715 2239 1789">
    <p class='ocr_par' dir='ltr' id='par_1_19' title="bbox 590 1715 2239 1789">
     <span class='ocr_line' id='line_1_19' title="bbox 590 1715 2239 1789; baseline -0.006 -10"><span class='ocrx_word' id='word_1_113' title='bbox 590 1719 1557 1788; x_wconf 82' lang='lat' dir='ltr'>AdBenedictus.Antiphona.Filii</span> <span class='ocrx_word' id='word_1_114' title='bbox 1581 1717 1898 1774; x_wconf 85' lang='lat' dir='ltr'>hominum</span> <span class='ocrx_word' id='word_1_115' title='bbox 1917 1715 2157 1772; x_wconf 89' lang='lat' dir='ltr'>benedi-</span> <span class='ocrx_word' id='word_1_116' title='bbox 2189 1716 2239 1789; x_wconf 63' lang='lat' dir='ltr'><strong>ﬁ</strong></span> 
     </span>
    </p>
   </div>
   <div class='ocr_carea' id='block_1_20' title="bbox 521 1803 2158 1874">
    <p class='ocr_par' dir='ltr' id='par_1_20' title="bbox 521 1803 2158 1874">
     <span class='ocr_line' id='line_1_20' title="bbox 521 1803 2158 1874; baseline -0.006 -6"><span class='ocrx_word' id='word_1_117' title='bbox 521 1811 632 1868; x_wconf 89' lang='lat' dir='ltr'>cite</span> <span class='ocrx_word' id='word_1_118' title='bbox 644 1811 964 1867; x_wconf 89' lang='lat' dir='ltr'>Dominum</span> <span class='ocrx_word' id='word_1_119' title='bbox 979 1809 1148 1864; x_wconf 90' lang='lat' dir='ltr'>Israel</span> <span class='ocrx_word' id='word_1_120' title='bbox 1172 1825 1186 1874; x_wconf 89' lang='lat'>;</span> <span class='ocrx_word' id='word_1_121' title='bbox 1204 1813 1260 1865; x_wconf 90' lang='lat' dir='ltr'>et</span> <span class='ocrx_word' id='word_1_122' title='bbox 1275 1824 1484 1864; x_wconf 91' lang='lat' dir='ltr'>omnes</span> <span class='ocrx_word' id='word_1_123' title='bbox 1500 1806 1833 1864; x_wconf 87' lang='lat' dir='ltr'>sacerdotes</span> <span class='ocrx_word' id='word_1_124' title='bbox 1849 1805 2002 1861; x_wconf 87' lang='lat' dir='ltr'>servi</span> <span class='ocrx_word' id='word_1_125' title='bbox 2033 1803 2158 1874; x_wconf 91' lang='lat' dir='ltr'>Dei,</span> 
     </span>
    </p>
   </div>
   <div class='ocr_carea' id='block_1_21' title="bbox 518 1897 1218 1956">
    <p class='ocr_par' dir='ltr' id='par_1_21' title="bbox 518 1897 1218 1956">
     <span class='ocr_line' id='line_1_21' title="bbox 518 1897 1218 1956; baseline -0.007 0"><span class='ocrx_word' id='word_1_126' title='bbox 518 1898 852 1956; x_wconf 89' lang='lat' dir='ltr'>benedicite</span> <span class='ocrx_word' id='word_1_127' title='bbox 877 1897 1218 1952; x_wconf 87' lang='lat' dir='ltr'>Dominum.</span> 
     </span>
    </p>
   </div>
   <div class='ocr_carea' id='block_1_22' title="bbox 594 1979 2152 2042">
    <p class='ocr_par' dir='ltr' id='par_1_22' title="bbox 594 1979 2152 2042">
     <span class='ocr_line' id='line_1_22' title="bbox 594 1979 2152 2042; baseline -0.004 -1"><span class='ocrx_word' id='word_1_128' title='bbox 594 1985 913 2042; x_wconf 80' lang='lat' dir='ltr'>Canticum.</span> <span class='ocrx_word' id='word_1_129' title='bbox 949 1984 1287 2039; x_wconf 89' lang='lat' dir='ltr'>Benedictus</span> <span class='ocrx_word' id='word_1_130' title='bbox 1317 1999 1380 2039; x_wconf 92' lang='lat' dir='ltr'>es</span> <span class='ocrx_word' id='word_1_131' title='bbox 1431 1983 1682 2040; x_wconf 90' lang='lat' dir='ltr'>Domine</span> <span class='ocrx_word' id='word_1_132' title='bbox 1733 1984 1904 2038; x_wconf 91' lang='lat' dir='ltr'>Deus.</span> <span class='ocrx_word' id='word_1_133' title='bbox 1963 1979 2069 2036; x_wconf 90' lang='lat' dir='ltr'>fol.</span> <span class='ocrx_word' id='word_1_134' title='bbox 2101 1983 2152 2036; x_wconf 87' lang='lat'>9.</span> 
     </span>
    </p>
   </div>
   <div class='ocr_carea' id='block_1_23' title="bbox 593 2085 2155 2157">
    <p class='ocr_par' dir='ltr' id='par_1_23' title="bbox 593 2085 2155 2157">
     <span class='ocr_line' id='line_1_23' title="bbox 593 2085 2155 2157; baseline -0.005 -10"><span class='ocrx_word' id='word_1_135' title='bbox 593 2091 768 2147; x_wconf 86' lang='lat' dir='ltr'>Sono.</span> <span class='ocrx_word' id='word_1_136' title='bbox 793 2091 944 2144; x_wconf 89' lang='lat' dir='ltr'>Deus</span> <span class='ocrx_word' id='word_1_137' title='bbox 975 2091 1325 2144; x_wconf 87' lang='lat' dir='ltr'>misereatur</span> <span class='ocrx_word' id='word_1_138' title='bbox 1351 2088 1547 2157; x_wconf 87' lang='lat' dir='ltr'>nobis,</span> <span class='ocrx_word' id='word_1_139' title='bbox 1584 2091 1642 2143; x_wconf 87' lang='lat' dir='ltr'>P.</span> <span class='ocrx_word' id='word_1_140' title='bbox 1676 2085 1997 2142; x_wconf 89' lang='lat' dir='ltr'>Benedicat</span> <span class='ocrx_word' id='word_1_141' title='bbox 2026 2100 2155 2149; x_wconf 92' lang='lat' dir='ltr'>nos,</span> 
     </span>
    </p>
   </div>
   <div class='ocr_carea' id='block_1_24' title="bbox 521 2175 2160 2245">
    <p class='ocr_par' dir='ltr' id='par_1_24' title="bbox 521 2175 2160 2245">
     <span class='ocr_line' id='line_1_24' title="bbox 521 2175 2160 2245; baseline -0.004 -10"><span class='ocrx_word' id='word_1_142' title='bbox 521 2177 785 2235; x_wconf 83' lang='lat' dir='ltr'>Alleluia.</span> <span class='ocrx_word' id='word_1_143' title='bbox 817 2176 877 2236; x_wconf 62' lang='lat' dir='ltr'>li.</span> <span class='ocrx_word' id='word_1_144' title='bbox 906 2176 1498 2233; x_wconf 90' lang='lat' dir='ltr'>IlluminetDominus</span> <span class='ocrx_word' id='word_1_145' title='bbox 1523 2175 1751 2232; x_wconf 90' lang='lat' dir='ltr'>vultum</span> <span class='ocrx_word' id='word_1_146' title='bbox 1780 2189 1957 2229; x_wconf 91' lang='lat' dir='ltr'>suum</span> <span class='ocrx_word' id='word_1_147' title='bbox 1981 2189 2160 2245; x_wconf 87' lang='lat' dir='ltr'>super</span> 
     </span>
    </p>
   </div>
   <div class='ocr_carea' id='block_1_25' title="bbox 519 2263 1196 2328">
    <p class='ocr_par' dir='ltr' id='par_1_25' title="bbox 519 2263 1196 2328">
     <span class='ocr_line' id='line_1_25' title="bbox 519 2263 1196 2328; baseline 0 -9"><span class='ocrx_word' id='word_1_148' title='bbox 519 2279 651 2328; x_wconf 89' lang='lat' dir='ltr'>nos,</span> <span class='ocrx_word' id='word_1_149' title='bbox 682 2266 741 2318; x_wconf 87' lang='lat' dir='ltr'>P.</span> <span class='ocrx_word' id='word_1_150' title='bbox 776 2265 842 2318; x_wconf 88' lang='lat' dir='ltr'>Et</span> <span class='ocrx_word' id='word_1_151' title='bbox 867 2263 1196 2320; x_wconf 87' lang='lat' dir='ltr'>benedicat.</span> 
     </span>
    </p>
   </div>
   <div class='ocr_carea' id='block_1_26' title="bbox 585 2373 2157 2443">
    <p class='ocr_par' dir='ltr' id='par_1_26' title="bbox 585 2373 2157 2443">
     <span class='ocr_line' id='line_1_26' title="bbox 585 2373 2157 2443; baseline -0.003 -10"><span class='ocrx_word' id='word_1_152' title='bbox 585 2376 809 2433; x_wconf 88' lang='lat' dir='ltr'>Lauda.</span> <span class='ocrx_word' id='word_1_153' title='bbox 830 2377 1091 2434; x_wconf 87' lang='lat' dir='ltr'>Laudate</span> <span class='ocrx_word' id='word_1_154' title='bbox 1105 2378 1422 2434; x_wconf 89' lang='lat' dir='ltr'>Dominum</span> <span class='ocrx_word' id='word_1_155' title='bbox 1452 2377 1527 2432; x_wconf 91' lang='lat' dir='ltr'>de</span> <span class='ocrx_word' id='word_1_156' title='bbox 1545 2375 1740 2433; x_wconf 88' lang='lat' dir='ltr'>Coelis.</span> <span class='ocrx_word' id='word_1_157' title='bbox 1772 2374 2042 2443; x_wconf 80' lang='lat' dir='ltr'>Alleluia,</span> <span class='ocrx_word' id='word_1_158' title='bbox 2078 2373 2157 2430; x_wconf 91' lang='lat' dir='ltr'>al-</span> 
     </span>
    </p>
   </div>
   <div class='ocr_carea' id='block_1_27' title="bbox 511 2466 1277 2524">
    <p class='ocr_par' dir='ltr' id='par_1_27' title="bbox 511 2466 1277 2524">
     <span class='ocr_line' id='line_1_27' title="bbox 511 2466 1277 2524; baseline -0.003 -1"><span class='ocrx_word' id='word_1_159' title='bbox 511 2466 713 2524; x_wconf 89' lang='lat' dir='ltr'>leluia.</span> <span class='ocrx_word' id='word_1_160' title='bbox 756 2467 1027 2522; x_wconf 89' lang='lat' dir='ltr'>Psalmus</span> <span class='ocrx_word' id='word_1_161' title='bbox 1047 2482 1277 2522; x_wconf 68' lang='lat' dir='ltr'>cxevm.</span> 
     </span>
    </p>
   </div>
   <div class='ocr_carea' id='block_1_28' title="bbox 582 2551 2153 2623">
    <p class='ocr_par' dir='ltr' id='par_1_28' title="bbox 582 2551 2153 2623">
     <span class='ocr_line' id='line_1_28' title="bbox 582 2551 2153 2623; baseline -0.003 -14"><span class='ocrx_word' id='word_1_162' title='bbox 582 2555 770 2612; x_wconf 80' lang='lat' dir='ltr'>Lectio</span> <span class='ocrx_word' id='word_1_163' title='bbox 792 2555 934 2611; x_wconf 86' lang='lat' dir='ltr'>libri</span> <span class='ocrx_word' id='word_1_164' title='bbox 961 2553 1712 2612; x_wconf 85' lang='lat' dir='ltr'>EcclesiasticiSalomonis</span> <span class='ocrx_word' id='word_1_165' title='bbox 1752 2553 2002 2623; x_wconf 80' lang='lat' dir='ltr'>(Cap.v1,</span> <span class='ocrx_word' id='word_1_166' title='bbox 2029 2551 2153 2620; x_wconf 90' lang='lat' dir='ltr'>vn).</span> 
     </span>
    </p>
   </div>
   <div class='ocr_carea' id='block_1_29' title="bbox 584 2642 1073 2714">
    <p class='ocr_par' dir='ltr' id='par_1_29' title="bbox 584 2642 1073 2714">
     <span class='ocr_line' id='line_1_29' title="bbox 584 2642 1073 2714; baseline -0.002 -13"><span class='ocrx_word' id='word_1_167' title='bbox 584 2653 652 2713; x_wconf 58' lang='lat' dir='ltr'>It.</span> <span class='ocrx_word' id='word_1_168' title='bbox 684 2644 803 2700; x_wconf 93' lang='lat' dir='ltr'>Deo</span> <span class='ocrx_word' id='word_1_169' title='bbox 828 2642 1073 2714; x_wconf 83' lang='lat' dir='ltr'>gratias.</span> 
     </span>
    </p>
   </div>
   <div class='ocr_carea' id='block_1_30' title="bbox 586 2728 2153 2802">
    <p class='ocr_par' dir='ltr' id='par_1_30' title="bbox 586 2728 2153 2802">
     <span class='ocr_line' id='line_1_30' title="bbox 586 2728 2153 2802; baseline -0.001 -17"><span class='ocrx_word' id='word_1_170' title='bbox 586 2731 708 2800; x_wconf 84' lang='lat' dir='ltr'>Fili,</span> <span class='ocrx_word' id='word_1_171' title='bbox 725 2733 1045 2802; x_wconf 88' lang='lat' dir='ltr'>cogitatum</span> <span class='ocrx_word' id='word_1_172' title='bbox 1056 2730 1214 2786; x_wconf 90' lang='lat' dir='ltr'>habe</span> <span class='ocrx_word' id='word_1_173' title='bbox 1237 2729 1297 2784; x_wconf 92' lang='lat' dir='ltr'>in</span> <span class='ocrx_word' id='word_1_174' title='bbox 1322 2728 1635 2800; x_wconf 67' lang='lat' dir='ltr'>prmceptis</span> <span class='ocrx_word' id='word_1_175' title='bbox 1658 2728 1775 2794; x_wconf 90' lang='lat' dir='ltr'>Dei,</span> <span class='ocrx_word' id='word_1_176' title='bbox 1826 2731 1882 2784; x_wconf 92' lang='lat' dir='ltr'>et</span> <span class='ocrx_word' id='word_1_177' title='bbox 1901 2728 1962 2784; x_wconf 92' lang='lat' dir='ltr'>in</span> <span class='ocrx_word' id='word_1_178' title='bbox 1987 2744 2153 2784; x_wconf 90' lang='lat' dir='ltr'>man-</span> 
     </span>
    </p>
   </div>
   <div class='ocr_carea' id='block_1_31' title="bbox 509 2817 2148 2889">
    <p class='ocr_par' dir='ltr' id='par_1_31' title="bbox 509 2817 2148 2889">
     <span class='ocr_line' id='line_1_31' title="bbox 509 2817 2148 2889; baseline -0.001 -14"><span class='ocrx_word' id='word_1_179' title='bbox 509 2819 661 2876; x_wconf 87' lang='lat' dir='ltr'>datis</span> <span class='ocrx_word' id='word_1_180' title='bbox 679 2822 834 2878; x_wconf 90' lang='lat' dir='ltr'>illius</span> <span class='ocrx_word' id='word_1_181' title='bbox 851 2821 1111 2877; x_wconf 87' lang='lat' dir='ltr'>maxime</span> <span class='ocrx_word' id='word_1_182' title='bbox 1132 2818 1413 2875; x_wconf 90' lang='lat' dir='ltr'>assiduus</span> <span class='ocrx_word' id='word_1_183' title='bbox 1436 2822 1561 2872; x_wconf 85' lang='lat' dir='ltr'>esto</span> <span class='ocrx_word' id='word_1_184' title='bbox 1585 2835 1597 2872; x_wconf 89' lang='lat'><strong>:</strong></span> <span class='ocrx_word' id='word_1_185' title='bbox 1624 2822 1680 2873; x_wconf 91' lang='lat' dir='ltr'>et</span> <span class='ocrx_word' id='word_1_186' title='bbox 1703 2817 1831 2889; x_wconf 92' lang='lat' dir='ltr'>ipse</span> <span class='ocrx_word' id='word_1_187' title='bbox 1862 2817 2026 2874; x_wconf 89' lang='lat' dir='ltr'>dabit</span> <span class='ocrx_word' id='word_1_188' title='bbox 2046 2818 2148 2874; x_wconf 88' lang='lat' dir='ltr'>tibi</span> 
     </span>
    </p>
   </div>
   <div class='ocr_carea' id='block_1_32' title="bbox 503 2905 2146 2981">
    <p class='ocr_par' dir='ltr' id='par_1_32' title="bbox 503 2905 2146 2981">
     <span class='ocr_line' id='line_1_32' title="bbox 503 2905 2146 2981; baseline -0.002 -17"><span class='ocrx_word' id='word_1_189' title='bbox 503 2923 641 2974; x_wconf 88' lang='lat' dir='ltr'>cor;</span> <span class='ocrx_word' id='word_1_190' title='bbox 675 2909 1155 2981; x_wconf 89' lang='lat' dir='ltr'>concupiscentia</span> <span class='ocrx_word' id='word_1_191' title='bbox 1170 2907 1475 2977; x_wconf 73' lang='lat' dir='ltr'>sapientiae</span> <span class='ocrx_word' id='word_1_192' title='bbox 1497 2906 1735 2961; x_wconf 89' lang='lat' dir='ltr'>dabitur</span> <span class='ocrx_word' id='word_1_193' title='bbox 1751 2906 1881 2961; x_wconf 90' lang='lat' dir='ltr'>tibi.</span> <span class='ocrx_word' id='word_1_194' title='bbox 1922 2905 2146 2963; x_wconf 86' lang='lat' dir='ltr'>Nolifa-</span> 
     </span>
    </p>
   </div>
   <div class='ocr_carea' id='block_1_33' title="bbox 500 2993 2144 3065">
    <p class='ocr_par' dir='ltr' id='par_1_33' title="bbox 500 2993 2144 3065">
     <span class='ocr_line' id='line_1_33' title="bbox 500 2993 2144 3065; baseline -0.002 -14"><span class='ocrx_word' id='word_1_195' title='bbox 500 3011 631 3053; x_wconf 89' lang='lat' dir='ltr'>cere</span> <span class='ocrx_word' id='word_1_196' title='bbox 648 2997 828 3059; x_wconf 89' lang='lat' dir='ltr'>mala.</span> <span class='ocrx_word' id='word_1_197' title='bbox 857 3002 914 3052; x_wconf 91' lang='lat' dir='ltr'>et</span> <span class='ocrx_word' id='word_1_198' title='bbox 939 3000 1131 3052; x_wconf 89' lang='lat' dir='ltr'>nonte</span> <span class='ocrx_word' id='word_1_199' title='bbox 1153 2993 1621 3065; x_wconf 90' lang='lat' dir='ltr'>apprehendent.</span> <span class='ocrx_word' id='word_1_200' title='bbox 1639 2994 1882 3049; x_wconf 90' lang='lat' dir='ltr'>Discede</span> <span class='ocrx_word' id='word_1_201' title='bbox 1933 2995 2009 3049; x_wconf 84' lang='lat' dir='ltr'>ab</span> <span class='ocrx_word' id='word_1_202' title='bbox 2036 2994 2144 3048; x_wconf 87' lang='lat' dir='ltr'>ini-</span> 
     </span>
    </p>
   </div>
   <div class='ocr_carea' id='block_1_34' title="bbox 499 3081 2147 3156">
    <p class='ocr_par' dir='ltr' id='par_1_34' title="bbox 499 3081 2147 3156">
     <span class='ocr_line' id='line_1_34' title="bbox 499 3081 2147 3156; baseline -0.001 -16"><span class='ocrx_word' id='word_1_203' title='bbox 499 3099 640 3156; x_wconf 88' lang='lat' dir='ltr'>qua,</span> <span class='ocrx_word' id='word_1_204' title='bbox 672 3089 731 3140; x_wconf 93' lang='lat' dir='ltr'>et</span> <span class='ocrx_word' id='word_1_205' title='bbox 757 3083 1034 3140; x_wconf 87' lang='lat' dir='ltr'>deﬁcient</span> <span class='ocrx_word' id='word_1_206' title='bbox 1063 3083 1223 3137; x_wconf 90' lang='lat' dir='ltr'>mala</span> <span class='ocrx_word' id='word_1_207' title='bbox 1249 3081 1358 3136; x_wconf 89' lang='lat' dir='ltr'>abs</span> <span class='ocrx_word' id='word_1_208' title='bbox 1383 3085 1456 3136; x_wconf 92' lang='lat' dir='ltr'>te.</span> <span class='ocrx_word' id='word_1_209' title='bbox 1525 3085 1650 3137; x_wconf 89' lang='lat' dir='ltr'>Non</span> <span class='ocrx_word' id='word_1_210' title='bbox 1703 3082 1957 3137; x_wconf 85' lang='lat' dir='ltr'>semines</span> <span class='ocrx_word' id='word_1_211' title='bbox 1985 3084 2147 3140; x_wconf 89' lang='lat' dir='ltr'>mala</span> 
     </span>
    </p>
   </div>
   <div class='ocr_carea' id='block_1_35' title="bbox 497 3169 2138 3243">
    <p class='ocr_par' dir='ltr' id='par_1_35' title="bbox 497 3169 2138 3243">
     <span class='ocr_line' id='line_1_35' title="bbox 497 3169 2138 3243; baseline 0.001 -18"><span class='ocrx_word' id='word_1_212' title='bbox 497 3171 562 3226; x_wconf 90' lang='lat' dir='ltr'>in</span> <span class='ocrx_word' id='word_1_213' title='bbox 582 3171 760 3227; x_wconf 89' lang='lat' dir='ltr'>sulcis</span> <span class='ocrx_word' id='word_1_214' title='bbox 769 3172 790 3240; x_wconf 90' lang='lat' dir='ltr'>j</span> <span class='ocrx_word' id='word_1_215' title='bbox 803 3170 1030 3235; x_wconf 69' lang='lat' dir='ltr'>ustitiae,</span> <span class='ocrx_word' id='word_1_216' title='bbox 1052 3175 1109 3226; x_wconf 93' lang='lat' dir='ltr'><strong>et</strong></span> <span class='ocrx_word' id='word_1_217' title='bbox 1125 3185 1247 3225; x_wconf 91' lang='lat' dir='ltr'>non</span> <span class='ocrx_word' id='word_1_218' title='bbox 1260 3174 1442 3225; x_wconf 88' lang='lat' dir='ltr'>metes</span> <span class='ocrx_word' id='word_1_219' title='bbox 1473 3185 1542 3225; x_wconf 91' lang='lat' dir='ltr'>ea</span> <span class='ocrx_word' id='word_1_220' title='bbox 1555 3169 1615 3224; x_wconf 94' lang='lat' dir='ltr'>in</span> <span class='ocrx_word' id='word_1_221' title='bbox 1629 3172 1995 3243; x_wconf 84' lang='lat' dir='ltr'>scptuplum.</span> <span class='ocrx_word' id='word_1_222' title='bbox 2012 3173 2138 3228; x_wconf 88' lang='lat' dir='ltr'>Noli</span> 
     </span>
    </p>
   </div>
   <div class='ocr_carea' id='block_1_36' title="bbox 493 3258 2141 3330">
    <p class='ocr_par' dir='ltr' id='par_1_36' title="bbox 493 3258 2141 3330">
     <span class='ocr_line' id='line_1_36' title="bbox 493 3258 2141 3330; baseline 0.001 -16"><span class='ocrx_word' id='word_1_223' title='bbox 493 3274 762 3330; x_wconf 70' lang='lat' dir='ltr'>quaerere</span> <span class='ocrx_word' id='word_1_224' title='bbox 793 3258 870 3314; x_wconf 90' lang='lat' dir='ltr'>ab</span> <span class='ocrx_word' id='word_1_225' title='bbox 894 3259 1138 3314; x_wconf 91' lang='lat' dir='ltr'>homine</span> <span class='ocrx_word' id='word_1_226' title='bbox 1158 3258 1462 3323; x_wconf 80' lang='lat' dir='ltr'>ducatum,</span> <span class='ocrx_word' id='word_1_227' title='bbox 1497 3273 1689 3330; x_wconf 90' lang='lat' dir='ltr'>neque</span> <span class='ocrx_word' id='word_1_228' title='bbox 1719 3275 1754 3314; x_wconf 89' lang='lat' dir='ltr'>a</span> <span class='ocrx_word' id='word_1_229' title='bbox 1780 3275 1916 3328; x_wconf 90' lang='lat' dir='ltr'>rege</span> <span class='ocrx_word' id='word_1_230' title='bbox 1943 3261 2141 3317; x_wconf 87' lang='lat' dir='ltr'>cathe-</span> 
     </span>
    </p>
   </div>
   <div class='ocr_carea' id='block_1_37' title="bbox 492 3347 2141 3420">
    <p class='ocr_par' dir='ltr' id='par_1_37' title="bbox 492 3347 2141 3420">
     <span class='ocr_line' id='line_1_37' title="bbox 492 3347 2141 3420; baseline 0.001 -17"><span class='ocrx_word' id='word_1_231' title='bbox 492 3347 666 3404; x_wconf 87' lang='lat' dir='ltr'>dram</span> <span class='ocrx_word' id='word_1_232' title='bbox 677 3347 952 3404; x_wconf 90' lang='lat' dir='ltr'>honoris.</span> <span class='ocrx_word' id='word_1_233' title='bbox 973 3349 1102 3403; x_wconf 89' lang='lat' dir='ltr'>Non</span> <span class='ocrx_word' id='word_1_234' title='bbox 1118 3350 1173 3402; x_wconf 93' lang='lat' dir='ltr'>te</span> <span class='ocrx_word' id='word_1_235' title='bbox 1181 3347 1468 3416; x_wconf 85' lang='lat' dir='ltr'>justiﬁces</span> <span class='ocrx_word' id='word_1_236' title='bbox 1485 3352 1618 3402; x_wconf 89' lang='lat' dir='ltr'>ante</span> <span class='ocrx_word' id='word_1_237' title='bbox 1636 3349 1840 3412; x_wconf 91' lang='lat' dir='ltr'>Deum,</span> <span class='ocrx_word' id='word_1_238' title='bbox 1856 3350 2141 3420; x_wconf 88' lang='lat' dir='ltr'>quoniam</span> 
     </span>
    </p>
   </div>
   <div class='ocr_carea' id='block_1_38' title="bbox 492 3434 2132 3506">
    <p class='ocr_par' dir='ltr' id='par_1_38' title="bbox 492 3434 2132 3506">
     <span class='ocr_line' id='line_1_38' title="bbox 492 3434 2132 3506; baseline 0.001 -15"><span class='ocrx_word' id='word_1_239' title='bbox 492 3436 726 3505; x_wconf 87' lang='lat' dir='ltr'>agnitor</span> <span class='ocrx_word' id='word_1_240' title='bbox 752 3435 954 3491; x_wconf 89' lang='lat' dir='ltr'>cordis</span> <span class='ocrx_word' id='word_1_241' title='bbox 985 3434 1113 3505; x_wconf 91' lang='lat' dir='ltr'>ipse</span> <span class='ocrx_word' id='word_1_242' title='bbox 1141 3439 1262 3490; x_wconf 89' lang='lat' dir='ltr'>est:</span> <span class='ocrx_word' id='word_1_243' title='bbox 1295 3439 1543 3506; x_wconf 88' lang='lat' dir='ltr'>etpenes</span> <span class='ocrx_word' id='word_1_244' title='bbox 1588 3452 1788 3506; x_wconf 87' lang='lat' dir='ltr'>regem</span> <span class='ocrx_word' id='word_1_245' title='bbox 1837 3437 1959 3493; x_wconf 90' lang='lat' dir='ltr'>noli</span> <span class='ocrx_word' id='word_1_246' title='bbox 1984 3437 2132 3493; x_wconf 87' lang='lat' dir='ltr'>velle</span> 
     </span>
    </p>
   </div>
   <div class='ocr_carea' id='block_1_39' title="bbox 489 3523 2133 3595">
    <p class='ocr_par' dir='ltr' id='par_1_39' title="bbox 489 3523 2133 3595">
     <span class='ocr_line' id='line_1_39' title="bbox 489 3523 2133 3595; baseline 0.002 -16"><span class='ocrx_word' id='word_1_247' title='bbox 489 3524 677 3580; x_wconf 89' lang='lat' dir='ltr'>videri</span> <span class='ocrx_word' id='word_1_248' title='bbox 703 3523 1516 3595; x_wconf 70' lang='lat' dir='ltr'>sapiens.Noliquterereﬁeri</span> <span class='ocrx_word' id='word_1_249' title='bbox 1536 3525 1743 3594; x_wconf 85' lang='lat' dir='ltr'>judex,</span> <span class='ocrx_word' id='word_1_250' title='bbox 1778 3525 1896 3580; x_wconf 88' lang='lat' dir='ltr'>nisi</span> <span class='ocrx_word' id='word_1_251' title='bbox 1928 3527 2133 3582; x_wconf 89' lang='lat' dir='ltr'>valeas</span> 
     </span>
    </p>
   </div>
   <div class='ocr_carea' id='block_1_40' title="bbox 490 3611 2137 3684">
    <p class='ocr_par' dir='ltr' id='par_1_40' title="bbox 490 3611 2137 3684">
     <span class='ocr_line' id='line_1_40' title="bbox 490 3611 2137 3684; baseline 0.002 -18"><span class='ocrx_word' id='word_1_252' title='bbox 490 3611 700 3667; x_wconf 89' lang='lat' dir='ltr'>virtute</span> <span class='ocrx_word' id='word_1_253' title='bbox 730 3612 1071 3682; x_wconf 90' lang='lat' dir='ltr'>inrumpere</span> <span class='ocrx_word' id='word_1_254' title='bbox 1099 3611 1435 3684; x_wconf 87' lang='lat' dir='ltr'>iniquitates</span> <span class='ocrx_word' id='word_1_255' title='bbox 1469 3632 1482 3672; x_wconf 91' lang='lat'><strong>:</strong></span> <span class='ocrx_word' id='word_1_256' title='bbox 1512 3629 1585 3668; x_wconf 95' lang='lat' dir='ltr'>ne</span> <span class='ocrx_word' id='word_1_257' title='bbox 1613 3613 1763 3670; x_wconf 89' lang='lat' dir='ltr'>forte</span> <span class='ocrx_word' id='word_1_258' title='bbox 1776 3615 2137 3671; x_wconf 80' lang='lat' dir='ltr'>extimescas</span> 
     </span>
    </p>
   </div>
   <div class='ocr_carea' id='block_1_41' title="bbox 490 3697 2139 3771">
    <p class='ocr_par' dir='ltr' id='par_1_41' title="bbox 490 3697 2139 3771">
     <span class='ocr_line' id='line_1_41' title="bbox 490 3697 2139 3771; baseline 0.004 -18"><span class='ocrx_word' id='word_1_259' title='bbox 490 3697 706 3755; x_wconf 87' lang='lat' dir='ltr'>faciem</span> <span class='ocrx_word' id='word_1_260' title='bbox 721 3699 998 3769; x_wconf 90' lang='lat' dir='ltr'>potentis,</span> <span class='ocrx_word' id='word_1_261' title='bbox 1021 3703 1272 3770; x_wconf 91' lang='lat' dir='ltr'>etpones</span> <span class='ocrx_word' id='word_1_262' title='bbox 1289 3701 1638 3756; x_wconf 90' lang='lat' dir='ltr'>scandalum</span> <span class='ocrx_word' id='word_1_263' title='bbox 1652 3701 1713 3756; x_wconf 91' lang='lat' dir='ltr'>in</span> <span class='ocrx_word' id='word_1_264' title='bbox 1736 3702 1996 3771; x_wconf 81' lang='lat' dir='ltr'>agilitate</span> <span class='ocrx_word' id='word_1_265' title='bbox 2014 3706 2139 3760; x_wconf 88' lang='lat' dir='ltr'>tua.</span> 
     </span>
    </p>
   </div>
   <div class='ocr_carea' id='block_1_42' title="bbox 491 3785 2140 3861">
    <p class='ocr_par' dir='ltr' id='par_1_42' title="bbox 491 3785 2140 3861">
     <span class='ocr_line' id='line_1_42' title="bbox 491 3785 2140 3861; baseline 0.004 -21"><span class='ocrx_word' id='word_1_266' title='bbox 491 3787 620 3841; x_wconf 89' lang='lat' dir='ltr'>Non</span> <span class='ocrx_word' id='word_1_267' title='bbox 641 3801 850 3858; x_wconf 90' lang='lat' dir='ltr'>pecces</span> <span class='ocrx_word' id='word_1_268' title='bbox 867 3785 928 3841; x_wconf 92' lang='lat' dir='ltr'>in</span> <span class='ocrx_word' id='word_1_269' title='bbox 947 3785 1313 3842; x_wconf 86' lang='lat' dir='ltr'>multitudine</span> <span class='ocrx_word' id='word_1_270' title='bbox 1336 3787 1612 3852; x_wconf 88' lang='lat' dir='ltr'>civitatis,</span> <span class='ocrx_word' id='word_1_271' title='bbox 1634 3805 1828 3861; x_wconf 91' lang='lat' dir='ltr'>neque</span> <span class='ocrx_word' id='word_1_272' title='bbox 1856 3789 2058 3845; x_wconf 91' lang='lat' dir='ltr'>mittas</span> <span class='ocrx_word' id='word_1_273' title='bbox 2084 3797 2140 3847; x_wconf 91' lang='lat' dir='ltr'>te</span> 
     </span>
    </p>
   </div>
   <div class='ocr_carea' id='block_1_43' title="bbox 487 3871 2140 3948">
    <p class='ocr_par' dir='ltr' id='par_1_43' title="bbox 487 3871 2140 3948">
     <span class='ocr_line' id='line_1_43' title="bbox 487 3871 2140 3948; baseline 0.004 -21"><span class='ocrx_word' id='word_1_274' title='bbox 487 3871 551 3928; x_wconf 90' lang='lat' dir='ltr'>in</span> <span class='ocrx_word' id='word_1_275' title='bbox 571 3872 797 3944; x_wconf 90' lang='lat' dir='ltr'>populo</span> <span class='ocrx_word' id='word_1_276' title='bbox 825 3889 1017 3946; x_wconf 90' lang='lat' dir='ltr'>neque</span> <span class='ocrx_word' id='word_1_277' title='bbox 1043 3873 1247 3945; x_wconf 83' lang='lat' dir='ltr'>diliges</span> <span class='ocrx_word' id='word_1_278' title='bbox 1273 3876 1535 3948; x_wconf 90' lang='lat' dir='ltr'>duplicia</span> <span class='ocrx_word' id='word_1_279' title='bbox 1547 3881 1829 3948; x_wconf 87' lang='lat' dir='ltr'>peccata:</span> <span class='ocrx_word' id='word_1_280' title='bbox 1859 3892 1967 3932; x_wconf 90' lang='lat' dir='ltr'>nec</span> <span class='ocrx_word' id='word_1_281' title='bbox 1982 3878 2140 3935; x_wconf 89' lang='lat' dir='ltr'>enim</span> 
     </span>
    </p>
   </div>
   <div class='ocr_carea' id='block_1_44' title="bbox 487 3959 2139 4035">
    <p class='ocr_par' dir='ltr' id='par_1_44' title="bbox 487 3959 2139 4035">
     <span class='ocr_line' id='line_1_44' title="bbox 487 3959 2139 4035; baseline 0.005 -20"><span class='ocrx_word' id='word_1_282' title='bbox 487 3959 776 4016; x_wconf 91' lang='lat' dir='ltr'>immunis</span> <span class='ocrx_word' id='word_1_283' title='bbox 795 3961 983 4018; x_wconf 88' lang='lat' dir='ltr'>erisin</span> <span class='ocrx_word' id='word_1_284' title='bbox 1000 3978 1145 4019; x_wconf 89' lang='lat' dir='ltr'>uno.</span> <span class='ocrx_word' id='word_1_285' title='bbox 1172 3964 1293 4020; x_wconf 88' lang='lat' dir='ltr'>Noli</span> <span class='ocrx_word' id='word_1_286' title='bbox 1317 3981 1444 4020; x_wconf 87' lang='lat' dir='ltr'>esse</span> <span class='ocrx_word' id='word_1_287' title='bbox 1480 3964 1884 4035; x_wconf 88' lang='lat' dir='ltr'>pusillanimis</span> <span class='ocrx_word' id='word_1_288' title='bbox 1908 3965 1968 4020; x_wconf 92' lang='lat' dir='ltr'>in</span> <span class='ocrx_word' id='word_1_289' title='bbox 2012 3969 2139 4023; x_wconf 83' lang='lat' dir='ltr'>ani-</span> 
     </span>
    </p>
   </div>
   <div class='ocr_carea' id='block_1_45' title="bbox 488 4051 2140 4128">
    <p class='ocr_par' dir='ltr' id='par_1_45' title="bbox 488 4051 2140 4128">
     <span class='ocr_line' id='line_1_45' title="bbox 488 4051 2140 4128; baseline 0.005 -24"><span class='ocrx_word' id='word_1_290' title='bbox 488 4064 591 4105; x_wconf 90' lang='lat' dir='ltr'>ma</span> <span class='ocrx_word' id='word_1_291' title='bbox 619 4054 719 4105; x_wconf 88' lang='lat' dir='ltr'>tua</span> <span class='ocrx_word' id='word_1_292' title='bbox 751 4065 765 4105; x_wconf 86' lang='lat'><strong><em>:</em></strong></span> <span class='ocrx_word' id='word_1_293' title='bbox 796 4066 1049 4122; x_wconf 82' lang='lat' dir='ltr'>exorare,</span> <span class='ocrx_word' id='word_1_294' title='bbox 1071 4051 1333 4108; x_wconf 89' lang='lat' dir='ltr'>etfacere</span> <span class='ocrx_word' id='word_1_295' title='bbox 1365 4053 1813 4122; x_wconf 90' lang='lat' dir='ltr'>eleemosynam</span> <span class='ocrx_word' id='word_1_296' title='bbox 1851 4070 1925 4110; x_wconf 92' lang='lat' dir='ltr'>ne</span> <span class='ocrx_word' id='word_1_297' title='bbox 1949 4055 2140 4128; x_wconf 89' lang='lat' dir='ltr'>despi-</span> 
     </span>
    </p>
   </div>
   <div class='ocr_carea' id='block_1_46' title="bbox 489 4137 2133 4202">
    <p class='ocr_par' dir='ltr' id='par_1_46' title="bbox 489 4137 2133 4202">
     <span class='ocr_line' id='line_1_46' title="bbox 489 4137 2133 4202; baseline 0.006 -10"><span class='ocrx_word' id='word_1_298' title='bbox 489 4137 635 4195; x_wconf 88' lang='lat' dir='ltr'>cias.</span> <span class='ocrx_word' id='word_1_299' title='bbox 665 4141 744 4194; x_wconf 89' lang='lat' dir='ltr'>Ne</span> <span class='ocrx_word' id='word_1_300' title='bbox 782 4139 947 4195; x_wconf 89' lang='lat' dir='ltr'>dicas</span> <span class='ocrx_word' id='word_1_301' title='bbox 982 4157 994 4195; x_wconf 92' lang='lat'>:</span> <span class='ocrx_word' id='word_1_302' title='bbox 1029 4144 1091 4196; x_wconf 87' lang='lat' dir='ltr'>In</span> <span class='ocrx_word' id='word_1_303' title='bbox 1121 4140 1494 4197; x_wconf 90' lang='lat' dir='ltr'>multitudine</span> <span class='ocrx_word' id='word_1_304' title='bbox 1523 4156 1821 4197; x_wconf 88' lang='lat' dir='ltr'>munerum</span> <span class='ocrx_word' id='word_1_305' title='bbox 1861 4160 2133 4202; x_wconf 90' lang='lat' dir='ltr'>meorum</span> 
     </span>
    </p>
   </div>
   <div class='ocr_carea' id='block_1_47' title="bbox 484 4227 2136 4306">
    <p class='ocr_par' dir='ltr' id='par_1_47' title="bbox 484 4227 2136 4306">
     <span class='ocr_line' id='line_1_47' title="bbox 484 4227 2136 4306; baseline 0.006 -26"><span class='ocrx_word' id='word_1_306' title='bbox 484 4227 758 4298; x_wconf 89' lang='lat' dir='ltr'>respiciet</span> <span class='ocrx_word' id='word_1_307' title='bbox 784 4230 956 4291; x_wconf 90' lang='lat' dir='ltr'>Deus,</span> <span class='ocrx_word' id='word_1_308' title='bbox 991 4233 1046 4284; x_wconf 92' lang='lat' dir='ltr'>et</span> <span class='ocrx_word' id='word_1_309' title='bbox 1061 4229 1344 4285; x_wconf 66' lang='lat' dir='ltr'>oﬂ‘erente</span> <span class='ocrx_word' id='word_1_310' title='bbox 1364 4243 1478 4295; x_wconf 92' lang='lat' dir='ltr'>me,</span> <span class='ocrx_word' id='word_1_311' title='bbox 1500 4227 1832 4286; x_wconf 85' lang='lat' dir='ltr'>Altissimus</span> <span class='ocrx_word' id='word_1_312' title='bbox 1855 4233 2136 4306; x_wconf 89' lang='lat' dir='ltr'>suscipiet</span> 
     </span>
    </p>
   </div>
   <div class='ocr_carea' id='block_1_48' title="bbox 485 4315 2126 4378">
    <p class='ocr_par' dir='ltr' id='par_1_48' title="bbox 485 4315 2126 4378">
     <span class='ocr_line' id='line_1_48' title="bbox 485 4315 2126 4378; baseline 0.005 -8"><span class='ocrx_word' id='word_1_313' title='bbox 485 4329 736 4370; x_wconf 89' lang='lat' dir='ltr'>munera</span> <span class='ocrx_word' id='word_1_314' title='bbox 755 4319 1049 4374; x_wconf 86' lang='lat' dir='ltr'>mea.Non</span> <span class='ocrx_word' id='word_1_315' title='bbox 1075 4317 1325 4372; x_wconf 87' lang='lat' dir='ltr'>irrideas</span> <span class='ocrx_word' id='word_1_316' title='bbox 1347 4315 1655 4372; x_wconf 87' lang='lat' dir='ltr'>hominem</span> <span class='ocrx_word' id='word_1_317' title='bbox 1685 4319 1744 4373; x_wconf 91' lang='lat' dir='ltr'>in</span> <span class='ocrx_word' id='word_1_318' title='bbox 1777 4321 2126 4378; x_wconf 87' lang='lat' dir='ltr'>amaritudi-</span> 
     </span>
    </p>
   </div>
   <div class='ocr_carea' id='block_1_49' title="bbox 483 4403 2211 4479">
    <p class='ocr_par' dir='ltr' id='par_1_49' title="bbox 483 4403 2211 4479">
     <span class='ocr_line' id='line_1_49' title="bbox 483 4403 2211 4479; baseline 0.006 -20"><span class='ocrx_word' id='word_1_319' title='bbox 483 4418 560 4459; x_wconf 89' lang='lat' dir='ltr'>ne</span> <span class='ocrx_word' id='word_1_320' title='bbox 585 4403 798 4459; x_wconf 78' lang='lat' dir='ltr'>animae</span> <span class='ocrx_word' id='word_1_321' title='bbox 822 4421 980 4461; x_wconf 66' lang='lat' dir='ltr'>suae:</span> <span class='ocrx_word' id='word_1_322' title='bbox 1013 4409 1098 4461; x_wconf 89' lang='lat' dir='ltr'>est</span> <span class='ocrx_word' id='word_1_323' title='bbox 1127 4405 1287 4459; x_wconf 91' lang='lat' dir='ltr'>enim</span> <span class='ocrx_word' id='word_1_324' title='bbox 1317 4403 1420 4474; x_wconf 90' lang='lat' dir='ltr'>qui</span> <span class='ocrx_word' id='word_1_325' title='bbox 1469 4404 1744 4462; x_wconf 89' lang='lat' dir='ltr'>humiliat</span> <span class='ocrx_word' id='word_1_326' title='bbox 1796 4414 1851 4464; x_wconf 92' lang='lat' dir='ltr'>et</span> <span class='ocrx_word' id='word_1_327' title='bbox 1881 4411 2128 4479; x_wconf 85' lang='lat' dir='ltr'>exaltat,</span> <span class='ocrx_word' id='word_1_328' title='bbox 2167 4405 2211 4460; x_wconf 85' lang='lat' dir='ltr'>D</span> 
     </span>
    </p>
   </div>
   <div class='ocr_carea' id='block_1_50' title="bbox 486 4491 1530 4566">
    <p class='ocr_par' dir='ltr' id='par_1_50' title="bbox 486 4491 1530 4566">
     <span class='ocr_line' id='line_1_50' title="bbox 486 4491 1530 4566; baseline -0.001 -19"><span class='ocrx_word' id='word_1_329' title='bbox 486 4491 947 4566; x_wconf 91' lang='lat' dir='ltr'>circumspector</span> <span class='ocrx_word' id='word_1_330' title='bbox 977 4494 1154 4547; x_wconf 88' lang='lat' dir='ltr'>Deus.</span> <span class='ocrx_word' id='word_1_331' title='bbox 1179 4503 1248 4554; x_wconf 61' lang='grc' dir='ltr'><strong>ἢ.</strong></span> <span class='ocrx_word' id='word_1_332' title='bbox 1317 4493 1530 4546; x_wconf 88' lang='lat' dir='ltr'>Amen.</span> 
     </span>
    </p>
   </div>
   <div class='ocr_carea' id='block_1_51' title="bbox 554 4580 2129 4658">
    <p class='ocr_par' dir='ltr' id='par_1_51' title="bbox 554 4580 2129 4658">
     <span class='ocr_line' id='line_1_51' title="bbox 554 4580 2129 4658; baseline 0.006 -22"><span class='ocrx_word' id='word_1_333' title='bbox 554 4580 812 4652; x_wconf 83' lang='lat' dir='ltr'>Hymnus</span> <span class='ocrx_word' id='word_1_334' title='bbox 825 4625 837 4638; x_wconf 94' lang='lat'>.</span> <span class='ocrx_word' id='word_1_335' title='bbox 862 4580 1154 4651; x_wconf 90' lang='lat' dir='ltr'>Splendor</span> <span class='ocrx_word' id='word_1_336' title='bbox 1172 4584 1434 4650; x_wconf 67' lang='lat' dir='ltr'>paternae</span> <span class='ocrx_word' id='word_1_337' title='bbox 1449 4623 1459 4635; x_wconf 95' lang='lat'>.</span> <span class='ocrx_word' id='word_1_338' title='bbox 1473 4582 1563 4650; x_wconf 84' lang='lat' dir='ltr'>fol</span> <span class='ocrx_word' id='word_1_339' title='bbox 1580 4582 1665 4639; x_wconf 90' lang='lat'>67.</span> <span class='ocrx_word' id='word_1_340' title='bbox 1700 4587 1742 4655; x_wconf 81' lang='grc' dir='ltr'><strong>ι</strong></span> <span class='ocrx_word' id='word_1_341' title='bbox 1758 4587 1870 4658; x_wconf 75' lang='grc'>23</span> <span class='ocrx_word' id='word_1_342' title='bbox 1886 4588 2129 4658; x_wconf 85' lang='lat' dir='ltr'>Suppli-</span> 
     </span>
    </p>
   </div>
   <div class='ocr_carea' id='block_1_52' title="bbox 484 4667 1947 4743">
    <p class='ocr_par' dir='ltr' id='par_1_52' title="bbox 484 4667 1947 4743">
     <span class='ocr_line' id='line_1_52' title="bbox 484 4667 1947 4743; baseline 0.006 -19"><span class='ocrx_word' id='word_1_343' title='bbox 484 4671 663 4725; x_wconf 84' lang='lat' dir='ltr'>catio.</span> <span class='ocrx_word' id='word_1_344' title='bbox 695 4672 943 4725; x_wconf 88' lang='lat' dir='ltr'>Oremus</span> <span class='ocrx_word' id='word_1_345' title='bbox 962 4667 1442 4737; x_wconf 84' lang='lat' dir='ltr'>Redemptorem.</span> <span class='ocrx_word' id='word_1_346' title='bbox 1484 4671 1686 4738; x_wconf 73' lang='lat' dir='ltr'>Quaere</span> <span class='ocrx_word' id='word_1_347' title='bbox 1713 4677 1829 4743; x_wconf 89' lang='lat' dir='ltr'>fol.</span> <span class='ocrx_word' id='word_1_348' title='bbox 1858 4682 1947 4733; x_wconf 88' lang='lat'>66.</span> 
     </span>
    </p>
   </div>
   <div class='ocr_carea' id='block_1_53' title="bbox 553 4755 2117 4834">
    <p class='ocr_par' dir='ltr' id='par_1_53' title="bbox 553 4755 2117 4834">
     <span class='ocr_line' id='line_1_53' title="bbox 553 4755 2117 4834; baseline 0.006 -20"><span class='ocrx_word' id='word_1_349' title='bbox 553 4758 748 4829; x_wconf 84' lang='lat' dir='ltr'>Kyrie,</span> <span class='ocrx_word' id='word_1_350' title='bbox 779 4757 1016 4813; x_wconf 91' lang='lat' dir='ltr'>eleison.</span> <span class='ocrx_word' id='word_1_351' title='bbox 1051 4766 1116 4825; x_wconf 61' lang='lat' dir='ltr'>[tu</span> <span class='ocrx_word' id='word_1_352' title='bbox 1133 4755 1368 4822; x_wconf 88' lang='lat' dir='ltr'>Christe,</span> <span class='ocrx_word' id='word_1_353' title='bbox 1388 4757 1633 4818; x_wconf 90' lang='lat' dir='ltr'>eleison.</span> <span class='ocrx_word' id='word_1_354' title='bbox 1660 4765 1853 4834; x_wconf 88' lang='lat' dir='ltr'>Kyrie,</span> <span class='ocrx_word' id='word_1_355' title='bbox 1871 4765 2117 4824; x_wconf 91' lang='lat' dir='ltr'>eleison.</span> 
     </span>
    </p>
   </div>
   <div class='ocr_carea' id='block_1_54' title="bbox 553 4869 2117 4952">
    <p class='ocr_par' dir='ltr' id='par_1_54' title="bbox 553 4869 2117 4952">
     <span class='ocr_line' id='line_1_54' title="bbox 553 4869 2117 4952; baseline 0.006 -24"><span class='ocrx_word' id='word_1_356' title='bbox 553 4871 859 4943; x_wconf 80' lang='lat' dir='ltr'>Capitula.</span> <span class='ocrx_word' id='word_1_357' title='bbox 897 4872 1029 4925; x_wconf 88' lang='lat' dir='ltr'>Jam</span> <span class='ocrx_word' id='word_1_358' title='bbox 1049 4869 1232 4940; x_wconf 80' lang='lat' dir='ltr'>fulget</span> <span class='ocrx_word' id='word_1_359' title='bbox 1259 4871 1474 4940; x_wconf 88' lang='lat' dir='ltr'>oriens,</span> <span class='ocrx_word' id='word_1_360' title='bbox 1496 4877 1625 4947; x_wconf 91' lang='lat' dir='ltr'>jam</span> <span class='ocrx_word' id='word_1_361' title='bbox 1653 4885 1937 4952; x_wconf 85' lang='lat' dir='ltr'>prOperat</span> <span class='ocrx_word' id='word_1_362' title='bbox 1965 4882 2117 4948; x_wconf 89' lang='lat' dir='ltr'>dies,</span> 
     </span>
    </p>
   </div>
   <div class='ocr_carea' id='block_1_55' title="bbox 477 4958 2127 5042">
    <p class='ocr_par' dir='ltr' id='par_1_55' title="bbox 477 4958 2127 5042">
     <span class='ocr_line' id='line_1_55' title="bbox 477 4958 2127 5042; baseline 0.007 -25"><span class='ocrx_word' id='word_1_363' title='bbox 477 4961 607 5032; x_wconf 88' lang='lat' dir='ltr'>jam</span> <span class='ocrx_word' id='word_1_364' title='bbox 645 4958 865 5028; x_wconf 80' lang='lat' dir='ltr'>fugatis</span> <span class='ocrx_word' id='word_1_365' title='bbox 877 4958 1154 5026; x_wconf 87' lang='lat' dir='ltr'>tenebris,</span> <span class='ocrx_word' id='word_1_366' title='bbox 1185 4975 1398 5020; x_wconf 87' lang='lat' dir='ltr'>aurora</span> <span class='ocrx_word' id='word_1_367' title='bbox 1413 4965 1678 5023; x_wconf 87' lang='lat' dir='ltr'>rubescit</span> <span class='ocrx_word' id='word_1_368' title='bbox 1698 4968 1760 5022; x_wconf 91' lang='lat' dir='ltr'>in</span> <span class='ocrx_word' id='word_1_369' title='bbox 1779 4967 1910 5025; x_wconf 92' lang='lat' dir='ltr'>luce</span> <span class='ocrx_word' id='word_1_370' title='bbox 1931 4972 2102 5042; x_wconf 89' lang='lat' dir='ltr'>puris</span> <span class='ocrx_word' id='word_1_371' title='bbox 2124 5009 2127 5012; x_wconf 97' lang='lat'><strong><em>-</em></strong></span> 
     </span>
    </p>
   </div>
   <div class='ocr_carea' id='block_1_56' title="bbox 479 5045 2120 5124">
    <p class='ocr_par' dir='ltr' id='par_1_56' title="bbox 479 5045 2120 5124">
     <span class='ocr_line' id='line_1_56' title="bbox 479 5045 2120 5124; baseline 0.007 -20"><span class='ocrx_word' id='word_1_372' title='bbox 479 5049 637 5104; x_wconf 88' lang='lat' dir='ltr'>sima</span> <span class='ocrx_word' id='word_1_373' title='bbox 667 5062 682 5102; x_wconf 89' lang='lat'><strong>:</strong></span> <span class='ocrx_word' id='word_1_374' title='bbox 708 5045 944 5117; x_wconf 88' lang='lat' dir='ltr'>coelum,</span> <span class='ocrx_word' id='word_1_375' title='bbox 971 5051 1026 5104; x_wconf 91' lang='lat' dir='ltr'>et</span> <span class='ocrx_word' id='word_1_376' title='bbox 1065 5049 1152 5105; x_wconf 91' lang='lat' dir='ltr'>sol</span> <span class='ocrx_word' id='word_1_377' title='bbox 1177 5050 1498 5124; x_wconf 79' lang='lat' dir='ltr'>refulgens,</span> <span class='ocrx_word' id='word_1_378' title='bbox 1524 5056 1726 5112; x_wconf 89' lang='lat' dir='ltr'>radios</span> <span class='ocrx_word' id='word_1_379' title='bbox 1768 5074 1908 5114; x_wconf 92' lang='lat' dir='ltr'>suos</span> <span class='ocrx_word' id='word_1_380' title='bbox 1945 5060 2120 5117; x_wconf 85' lang='lat' dir='ltr'>infert</span> 
     </span>
    </p>
   </div>
   <div class='ocr_carea' id='block_1_57' title="bbox 479 5133 2122 5222">
    <p class='ocr_par' dir='ltr' id='par_1_57' title="bbox 479 5133 2122 5222">
     <span class='ocr_line' id='line_1_57' title="bbox 479 5133 2122 5222; baseline 0.008 -30"><span class='ocrx_word' id='word_1_381' title='bbox 479 5133 712 5192; x_wconf 89' lang='lat' dir='ltr'>mundo</span> <span class='ocrx_word' id='word_1_382' title='bbox 741 5149 754 5188; x_wconf 90' lang='lat'><strong>:</strong></span> <span class='ocrx_word' id='word_1_383' title='bbox 785 5138 1008 5222; x_wconf 88' lang='lat' dir='ltr'>cuncta</span> <span class='ocrx_word' id='word_1_384' title='bbox 1033 5145 1372 5210; x_wconf 91' lang='lat' dir='ltr'>properant,</span> <span class='ocrx_word' id='word_1_385' title='bbox 1408 5148 1621 5198; x_wconf 89' lang='lat' dir='ltr'>cuncta</span> <span class='ocrx_word' id='word_1_386' title='bbox 1647 5143 1950 5215; x_wconf 87' lang='lat' dir='ltr'>festinant,</span> <span class='ocrx_word' id='word_1_387' title='bbox 2016 5165 2122 5222; x_wconf 91' lang='lat' dir='ltr'>op-</span> 
     </span>
    </p>
   </div>
   <div class='ocr_carea' id='block_1_58' title="bbox 481 5221 2120 5308">
    <p class='ocr_par' dir='ltr' id='par_1_58' title="bbox 481 5221 2120 5308">
     <span class='ocr_line' id='line_1_58' title="bbox 481 5221 2120 5308; baseline 0.009 -29"><span class='ocrx_word' id='word_1_388' title='bbox 481 5221 942 5280; x_wconf 88' lang='lat' dir='ltr'>tantDominum</span> <span class='ocrx_word' id='word_1_389' title='bbox 970 5224 1188 5284; x_wconf 89' lang='lat' dir='ltr'>habere</span> <span class='ocrx_word' id='word_1_390' title='bbox 1202 5230 1539 5300; x_wconf 89' lang='lat' dir='ltr'>propitium;</span> <span class='ocrx_word' id='word_1_391' title='bbox 1569 5248 1751 5303; x_wconf 89' lang='lat' dir='ltr'>quem</span> <span class='ocrx_word' id='word_1_392' title='bbox 1774 5250 1953 5291; x_wconf 92' lang='lat' dir='ltr'>suum</span> <span class='ocrx_word' id='word_1_393' title='bbox 1986 5221 2120 5308; x_wconf 18' lang='lat' dir='ltr'>auc-1</span> 
     </span>
    </p>
   </div>
   <div class='ocr_carea' id='block_1_59' title="bbox 481 5316 2121 5388">
    <p class='ocr_par' dir='ltr' id='par_1_59' title="bbox 481 5316 2121 5388">
     <span class='ocr_line' id='line_1_59' title="bbox 481 5316 2121 5388; baseline 0.009 -20"><span class='ocrx_word' id='word_1_394' title='bbox 481 5316 671 5368; x_wconf 90' lang='lat' dir='ltr'>torem</span> <span class='ocrx_word' id='word_1_395' title='bbox 703 5325 938 5382; x_wconf 89' lang='lat' dir='ltr'>semper</span> <span class='ocrx_word' id='word_1_396' title='bbox 956 5322 1313 5385; x_wconf 88' lang='lat' dir='ltr'>agnoscunt,</span> <span class='ocrx_word' id='word_1_397' title='bbox 1345 5318 1565 5388; x_wconf 89' lang='lat' dir='ltr'>pariter</span> <span class='ocrx_word' id='word_1_398' title='bbox 1618 5324 1674 5375; x_wconf 90' lang='lat' dir='ltr'>et</span> <span class='ocrx_word' id='word_1_399' title='bbox 1726 5321 2121 5383; x_wconf 87' lang='lat' dir='ltr'>defensorem.</span> 
     </span>
    </p>
   </div>
   <div class='ocr_carea' id='block_1_60' title="bbox 550 5399 1937 5476">
    <p class='ocr_par' dir='ltr' id='par_1_60' title="bbox 550 5399 1937 5476">
     <span class='ocr_line' id='line_1_60' title="bbox 550 5399 1937 5476; baseline 0.011 -22"><span class='ocrx_word' id='word_1_400' title='bbox 550 5399 724 5456; x_wconf 87' lang='lat' dir='ltr'>Pater</span> <span class='ocrx_word' id='word_1_401' title='bbox 739 5405 954 5458; x_wconf 91' lang='lat' dir='ltr'>noster.</span> <span class='ocrx_word' id='word_1_402' title='bbox 971 5405 1121 5460; x_wconf 89' lang='lat' dir='ltr'>Etne</span> <span class='ocrx_word' id='word_1_403' title='bbox 1147 5420 1279 5461; x_wconf 89' lang='lat' dir='ltr'>nos.</span> <span class='ocrx_word' id='word_1_404' title='bbox 1299 5404 1600 5462; x_wconf 88' lang='lat' dir='ltr'>Liberatia</span> <span class='ocrx_word' id='word_1_405' title='bbox 1629 5409 1807 5476; x_wconf 90' lang='lat' dir='ltr'>malo,</span> <span class='ocrx_word' id='word_1_406' title='bbox 1824 5417 1937 5470; x_wconf 78' lang='lat' dir='ltr'>etc.</span> 
     </span>
    </p>
   </div>
   <div class='ocr_carea' id='block_1_61' title="bbox 549 5486 2124 5562">
    <p class='ocr_par' dir='ltr' id='par_1_61' title="bbox 549 5486 2124 5562">
     <span class='ocr_line' id='line_1_61' title="bbox 549 5486 2124 5562; baseline 0.013 -19"><span class='ocrx_word' id='word_1_407' title='bbox 549 5486 782 5545; x_wconf 86' lang='lat' dir='ltr'>Lauda.</span> <span class='ocrx_word' id='word_1_408' title='bbox 816 5489 1057 5548; x_wconf 88' lang='lat' dir='ltr'>Cantate</span> <span class='ocrx_word' id='word_1_409' title='bbox 1073 5491 1329 5548; x_wconf 90' lang='lat' dir='ltr'>Domino</span> <span class='ocrx_word' id='word_1_410' title='bbox 1349 5494 1883 5558; x_wconf 85' lang='lat' dir='ltr'>canticumnovem</span> <span class='ocrx_word' id='word_1_411' title='bbox 1921 5518 1937 5561; x_wconf 91' lang='lat'><strong>:</strong></span> <span class='ocrx_word' id='word_1_412' title='bbox 1971 5502 2124 5562; x_wconf 82' lang='lat' dir='ltr'>Alle-</span> 
     </span>
    </p>
   </div>
   <div class='ocr_carea' id='block_1_62' title="bbox 2276 463 2541 524">
    <p class='ocr_par' dir='ltr' id='par_1_62' title="bbox 2276 463 2541 524">
     <span class='ocr_line' id='line_1_62' title="bbox 2276 463 2541 524; baseline 0.008 -6"><span class='ocrx_word' id='word_1_413' title='bbox 2276 463 2541 524; x_wconf 83' lang='lat' dir='ltr'>Alleluia.</span> 
     </span>
    </p>
   </div>
   <div class='ocr_carea' id='block_1_63' title="bbox 2350 552 3950 619">
    <p class='ocr_par' dir='ltr' id='par_1_63' title="bbox 2350 552 3950 619">
     <span class='ocr_line' id='line_1_63' title="bbox 2350 552 3950 619; baseline 0.008 -14"><span class='ocrx_word' id='word_1_414' title='bbox 2350 552 2571 608; x_wconf 81' lang='lat' dir='ltr'>Oratio.</span> <span class='ocrx_word' id='word_1_415' title='bbox 2605 555 2726 610; x_wconf 89' lang='lat' dir='ltr'>Tibi</span> <span class='ocrx_word' id='word_1_416' title='bbox 2755 555 3000 611; x_wconf 89' lang='lat' dir='ltr'>Domine</span> <span class='ocrx_word' id='word_1_417' title='bbox 3012 555 3072 611; x_wconf 91' lang='lat' dir='ltr'>in</span> <span class='ocrx_word' id='word_1_418' title='bbox 3085 557 3342 614; x_wconf 86' lang='lat' dir='ltr'>Ecclesia</span> <span class='ocrx_word' id='word_1_419' title='bbox 3357 562 3716 616; x_wconf 85' lang='lat' dir='ltr'>sanctorum</span> <span class='ocrx_word' id='word_1_420' title='bbox 3732 564 3950 619; x_wconf 86' lang='lat' dir='ltr'>canta-</span> 
     </span>
    </p>
   </div>
   <div class='ocr_carea' id='block_1_64' title="bbox 2276 642 3946 716">
    <p class='ocr_par' dir='ltr' id='par_1_64' title="bbox 2276 642 3946 716">
     <span class='ocr_line' id='line_1_64' title="bbox 2276 642 3946 716; baseline 0.007 -24"><span class='ocrx_word' id='word_1_421' title='bbox 2276 656 2443 704; x_wconf 88' lang='lat' dir='ltr'>mus;</span> <span class='ocrx_word' id='word_1_422' title='bbox 2478 642 2695 714; x_wconf 87' lang='lat' dir='ltr'>tibique</span> <span class='ocrx_word' id='word_1_423' title='bbox 2717 643 2970 712; x_wconf 82' lang='lat' dir='ltr'>gratiam</span> <span class='ocrx_word' id='word_1_424' title='bbox 2997 659 3418 716; x_wconf 79' lang='lat' dir='ltr'>praeconamus</span> <span class='ocrx_word' id='word_1_425' title='bbox 3452 664 3466 702; x_wconf 92' lang='lat'><strong>:</strong></span> <span class='ocrx_word' id='word_1_426' title='bbox 3499 647 3700 703; x_wconf 89' lang='lat' dir='ltr'>tribue</span> <span class='ocrx_word' id='word_1_427' title='bbox 3732 648 3946 716; x_wconf 90' lang='lat' dir='ltr'>nobis,</span> 
     </span>
    </p>
   </div>
   <div class='ocr_carea' id='block_1_65' title="bbox 2273 727 3946 804">
    <p class='ocr_par' dir='ltr' id='par_1_65' title="bbox 2273 727 3946 804">
     <span class='ocr_line' id='line_1_65' title="bbox 2273 727 3946 804; baseline 0.008 -23"><span class='ocrx_word' id='word_1_428' title='bbox 2273 727 2480 783; x_wconf 88' lang='lat' dir='ltr'>laudes</span> <span class='ocrx_word' id='word_1_429' title='bbox 2498 736 2627 786; x_wconf 89' lang='lat' dir='ltr'>tuas</span> <span class='ocrx_word' id='word_1_430' title='bbox 2648 746 2954 802; x_wconf 89' lang='lat' dir='ltr'>promere;</span> <span class='ocrx_word' id='word_1_431' title='bbox 2982 733 3042 790; x_wconf 90' lang='lat' dir='ltr'>in</span> <span class='ocrx_word' id='word_1_432' title='bbox 3054 749 3174 804; x_wconf 88' lang='lat' dir='ltr'>quo</span> <span class='ocrx_word' id='word_1_433' title='bbox 3200 741 3566 794; x_wconf 75' lang='lat' dir='ltr'>coaeternum</span> <span class='ocrx_word' id='word_1_434' title='bbox 3589 752 3712 794; x_wconf 83' lang='lat' dir='ltr'>nos</span> <span class='ocrx_word' id='word_1_435' title='bbox 3741 738 3946 795; x_wconf 82' lang='lat' dir='ltr'>credi-</span> 
     </span>
    </p>
   </div>
   <div class='ocr_carea' id='block_1_66' title="bbox 2272 819 3404 893">
    <p class='ocr_par' dir='ltr' id='par_1_66' title="bbox 2272 819 3404 893">
     <span class='ocr_line' id='line_1_66' title="bbox 2272 819 3404 893; baseline 0.01 -24"><span class='ocrx_word' id='word_1_436' title='bbox 2272 831 2410 871; x_wconf 91' lang='lat' dir='ltr'>mus</span> <span class='ocrx_word' id='word_1_437' title='bbox 2439 819 2752 883; x_wconf 73' lang='lat' dir='ltr'>praemium</span> <span class='ocrx_word' id='word_1_438' title='bbox 2781 820 3067 878; x_wconf 89' lang='lat' dir='ltr'>obtinere.</span> <span class='ocrx_word' id='word_1_439' title='bbox 3099 832 3162 893; x_wconf 71' lang='grc' dir='ltr'>Βι.</span> <span class='ocrx_word' id='word_1_440' title='bbox 3194 825 3404 880; x_wconf 83' lang='lat' dir='ltr'>Amen.</span> 
     </span>
    </p>
   </div>
   <div class='ocr_carea' id='block_1_67' title="bbox 2345 907 2471 960">
    <p class='ocr_par' dir='ltr' id='par_1_67' title="bbox 2345 907 2471 960">
     <span class='ocr_line' id='line_1_67' title="bbox 2345 907 2471 960; baseline 0.016 -2"><span class='ocrx_word' id='word_1_441' title='bbox 2345 907 2471 960; x_wconf 88' lang='lat' dir='ltr'>Per.</span> 
     </span>
    </p>
   </div>
   <div class='ocr_carea' id='block_1_68' title="bbox 2342 992 2703 1052">
    <p class='ocr_par' dir='ltr' id='par_1_68' title="bbox 2342 992 2703 1052">
     <span class='ocr_line' id='line_1_68' title="bbox 2342 992 2703 1052; baseline 0.017 -6"><span class='ocrx_word' id='word_1_442' title='bbox 2342 992 2408 1047; x_wconf 89' lang='lat' dir='ltr'>1n</span> <span class='ocrx_word' id='word_1_443' title='bbox 2437 994 2703 1052; x_wconf 91' lang='lat' dir='ltr'>nomine.</span> 
     </span>
    </p>
   </div>
   <div class='ocr_carea' id='block_1_69' title="bbox 2345 1081 3569 1157">
    <p class='ocr_par' dir='ltr' id='par_1_69' title="bbox 2345 1081 3569 1157">
     <span class='ocr_line' id='line_1_69' title="bbox 2345 1081 3569 1157; baseline 0.005 -21"><span class='ocrx_word' id='word_1_444' title='bbox 2345 1081 2923 1142; x_wconf 88' lang='lat' dir='ltr'>Commemorationes</span> <span class='ocrx_word' id='word_1_445' title='bbox 2947 1087 3228 1144; x_wconf 80' lang='lat' dir='ltr'>dicantur</span> <span class='ocrx_word' id='word_1_446' title='bbox 3253 1093 3320 1144; x_wconf 85' lang='lat' dir='ltr'>ut</span> <span class='ocrx_word' id='word_1_447' title='bbox 3338 1088 3453 1157; x_wconf 91' lang='lat' dir='ltr'>fol.</span> <span class='ocrx_word' id='word_1_448' title='bbox 3476 1091 3569 1146; x_wconf 69' lang='grc'>94.</span> 
     </span>
    </p>
   </div>
   <div class='ocr_carea' id='block_1_70' title="bbox 2342 1169 3956 1249">
    <p class='ocr_par' dir='ltr' id='par_1_70' title="bbox 2342 1169 3956 1249">
     <span class='ocr_line' id='line_1_70' title="bbox 2342 1169 3956 1249; baseline 0.011 -27"><span class='ocrx_word' id='word_1_449' title='bbox 2342 1169 2486 1225; x_wconf 87' lang='lat' dir='ltr'>Item</span> <span class='ocrx_word' id='word_1_450' title='bbox 2509 1171 2572 1226; x_wconf 86' lang='lat' dir='ltr'>in</span> <span class='ocrx_word' id='word_1_451' title='bbox 2598 1179 2800 1229; x_wconf 75' lang='lat' dir='ltr'>excute</span> <span class='ocrx_word' id='word_1_452' title='bbox 2833 1174 3082 1244; x_wconf 83' lang='lat' dir='ltr'>Vespera</span> <span class='ocrx_word' id='word_1_453' title='bbox 3098 1177 3298 1233; x_wconf 81' lang='lat' dir='ltr'>omnia</span> <span class='ocrx_word' id='word_1_454' title='bbox 3323 1177 3633 1249; x_wconf 84' lang='lat' dir='ltr'>dicantur,</span> <span class='ocrx_word' id='word_1_455' title='bbox 3659 1184 3731 1236; x_wconf 85' lang='lat' dir='ltr'>ut</span> <span class='ocrx_word' id='word_1_456' title='bbox 3749 1179 3820 1237; x_wconf 85' lang='lat' dir='ltr'>in</span> <span class='ocrx_word' id='word_1_457' title='bbox 3845 1196 3956 1239; x_wconf 73' lang='lat' dir='ltr'>ea;-</span> 
     </span>
    </p>
   </div>
   <div class='ocr_carea' id='block_1_71' title="bbox 2273 1259 3950 1337">
    <p class='ocr_par' dir='ltr' id='par_1_71' title="bbox 2273 1259 3950 1337">
     <span class='ocr_line' id='line_1_71' title="bbox 2273 1259 3950 1337; baseline 0.009 -25"><span class='ocrx_word' id='word_1_458' title='bbox 2273 1265 2445 1313; x_wconf 83' lang='lat' dir='ltr'>eunte</span> <span class='ocrx_word' id='word_1_459' title='bbox 2459 1259 2532 1315; x_wconf 86' lang='lat' dir='ltr'>de</span> <span class='ocrx_word' id='word_1_460' title='bbox 2542 1263 2738 1328; x_wconf 89' lang='lat' dir='ltr'>primo</span> <span class='ocrx_word' id='word_1_461' title='bbox 2753 1264 3062 1320; x_wconf 87' lang='lat' dir='ltr'>Dominico</span> <span class='ocrx_word' id='word_1_462' title='bbox 3084 1265 3196 1334; x_wconf 89' lang='lat' dir='ltr'>fol.</span> <span class='ocrx_word' id='word_1_463' title='bbox 3226 1269 3314 1322; x_wconf 80' lang='grc'>94.</span> <span class='ocrx_word' id='word_1_464' title='bbox 3335 1267 3596 1336; x_wconf 73' lang='lat' dir='ltr'>exceptis</span> <span class='ocrx_word' id='word_1_465' title='bbox 3616 1269 3950 1337; x_wconf 79' lang='lat' dir='ltr'>Capitula,</span> 
     </span>
    </p>
   </div>
   <div class='ocr_carea' id='block_1_72' title="bbox 2272 1346 3870 1427">
    <p class='ocr_par' dir='ltr' id='par_1_72' title="bbox 2272 1346 3870 1427">
     <span class='ocr_line' id='line_1_72' title="bbox 2272 1346 3870 1427; baseline 0.01 -28"><span class='ocrx_word' id='word_1_466' title='bbox 2272 1351 2324 1400; x_wconf 84' lang='lat' dir='ltr'>et</span> <span class='ocrx_word' id='word_1_467' title='bbox 2354 1346 2778 1416; x_wconf 85' lang='lat' dir='ltr'>Benedictione,</span> <span class='ocrx_word' id='word_1_468' title='bbox 2813 1367 2946 1422; x_wconf 58' lang='lat' dir='ltr'>quae</span> <span class='ocrx_word' id='word_1_469' title='bbox 2984 1353 3285 1419; x_wconf 85' lang='lat' dir='ltr'>dicantur,</span> <span class='ocrx_word' id='word_1_470' title='bbox 3317 1361 3383 1410; x_wconf 88' lang='lat' dir='ltr'>ut</span> <span class='ocrx_word' id='word_1_471' title='bbox 3398 1355 3870 1427; x_wconf 86' lang='lat' dir='ltr'>subsequentur.</span> 
     </span>
    </p>
   </div>
   <div class='ocr_carea' id='block_1_73' title="bbox 2343 1435 3945 1514">
    <p class='ocr_par' dir='ltr' id='par_1_73' title="bbox 2343 1435 3945 1514">
     <span class='ocr_line' id='line_1_73' title="bbox 2343 1435 3945 1514; baseline 0.011 -27"><span class='ocrx_word' id='word_1_472' title='bbox 2343 1435 2540 1505; x_wconf 87' lang='lat' dir='ltr'>Kyrie,</span> <span class='ocrx_word' id='word_1_473' title='bbox 2571 1437 2810 1494; x_wconf 91' lang='lat' dir='ltr'>eleison.</span> <span class='ocrx_word' id='word_1_474' title='bbox 2837 1451 2899 1508; x_wconf 59' lang='lat' dir='ltr'>an.</span> <span class='ocrx_word' id='word_1_475' title='bbox 2926 1441 3169 1506; x_wconf 88' lang='lat' dir='ltr'>Christe,</span> <span class='ocrx_word' id='word_1_476' title='bbox 3191 1441 3437 1498; x_wconf 89' lang='lat' dir='ltr'>eleison.</span> <span class='ocrx_word' id='word_1_477' title='bbox 3456 1445 3658 1514; x_wconf 90' lang='lat' dir='ltr'>Kyrie,</span> <span class='ocrx_word' id='word_1_478' title='bbox 3678 1445 3792 1502; x_wconf 90' lang='lat' dir='ltr'>elei</span> <span class='ocrx_word' id='word_1_479' title='bbox 3803 1462 3945 1504; x_wconf 92' lang='lat' dir='ltr'>son.</span> 
     </span>
    </p>
   </div>
   <div class='ocr_carea' id='block_1_74' title="bbox 2344 1522 3488 1608">
    <p class='ocr_par' dir='ltr' id='par_1_74' title="bbox 2344 1522 3488 1608">
     <span class='ocr_line' id='line_1_74' title="bbox 2344 1522 3488 1608; baseline 0.01 -33"><span class='ocrx_word' id='word_1_480' title='bbox 2344 1522 2636 1591; x_wconf 86' lang='lat' dir='ltr'>Capitula.</span> <span class='ocrx_word' id='word_1_481' title='bbox 2667 1527 2753 1582; x_wconf 85' lang='lat' dir='ltr'>Ad</span> <span class='ocrx_word' id='word_1_482' title='bbox 2781 1528 3187 1599; x_wconf 90' lang='lat' dir='ltr'>Vespertinum</span> <span class='ocrx_word' id='word_1_483' title='bbox 3218 1530 3488 1608; x_wconf 75' lang='lat' dir='ltr'>Domine.</span> 
     </span>
    </p>
   </div>
   <div class='ocr_carea' id='block_1_75' title="bbox 2339 1611 3862 1690">
    <p class='ocr_par' dir='ltr' id='par_1_75' title="bbox 2339 1611 3862 1690">
     <span class='ocr_line' id='line_1_75' title="bbox 2339 1611 3862 1690; baseline 0.01 -26"><span class='ocrx_word' id='word_1_484' title='bbox 2339 1611 2703 1671; x_wconf 78' lang='lat' dir='ltr'>Benedictio.</span> <span class='ocrx_word' id='word_1_485' title='bbox 2737 1617 3031 1672; x_wconf 91' lang='lat' dir='ltr'>Concedat</span> <span class='ocrx_word' id='word_1_486' title='bbox 3051 1617 3225 1672; x_wconf 91' lang='lat' dir='ltr'>nobis</span> <span class='ocrx_word' id='word_1_487' title='bbox 3247 1619 3558 1676; x_wconf 87' lang='lat' dir='ltr'>Dominus.</span> <span class='ocrx_word' id='word_1_488' title='bbox 3585 1621 3704 1690; x_wconf 87' lang='lat' dir='ltr'>fol.</span> <span class='ocrx_word' id='word_1_489' title='bbox 3728 1623 3862 1680; x_wconf 73' lang='lat'>102.</span> 
     </span>
    </p>
   </div>
   <div class='ocr_carea' id='block_1_76' title="bbox 2419 1701 3766 1766">
    <p class='ocr_par' dir='ltr' id='par_1_76' title="bbox 2419 1701 3766 1766">
     <span class='ocr_line' id='line_1_76' title="bbox 2419 1701 3766 1766; baseline 0.011 -14"><span class='ocrx_word' id='word_1_490' title='bbox 2419 1701 2486 1754; x_wconf 88' lang='grc' dir='ltr'>ΙΝ</span> <span class='ocrx_word' id='word_1_491' title='bbox 2529 1701 2819 1759; x_wconf 83' lang='lat' dir='ltr'>SEPTIMO</span> <span class='ocrx_word' id='word_1_492' title='bbox 2847 1704 3180 1760; x_wconf 86' lang='lat' dir='ltr'>DOMlNlCO</span> <span class='ocrx_word' id='word_1_493' title='bbox 3209 1706 3387 1762; x_wconf 87' lang='lat' dir='ltr'><strong>POST</strong></span> <span class='ocrx_word' id='word_1_494' title='bbox 3417 1707 3766 1766; x_wconf 75' lang='lat' dir='ltr'>OCTAVA]!</span> 
     </span>
    </p>
   </div>
   <div class='ocr_carea' id='block_1_77' title="bbox 2878 1793 3282 1848">
    <p class='ocr_par' dir='ltr' id='par_1_77' title="bbox 2878 1793 3282 1848">
     <span class='ocr_line' id='line_1_77' title="bbox 2878 1793 3282 1848; baseline 0.005 -2"><span class='ocrx_word' id='word_1_495' title='bbox 2878 1793 3282 1848; x_wconf 71' lang='grc' dir='ltr'>ΕΡΙΡΗΑΝΙᾸΕ.</span> 
     </span>
    </p>
   </div>
   <div class='ocr_carea' id='block_1_78' title="bbox 2720 1877 3437 1950">
    <p class='ocr_par' dir='ltr' id='par_1_78' title="bbox 2720 1877 3437 1950">
     <span class='ocr_line' id='line_1_78' title="bbox 2720 1877 3437 1950; baseline 0.003 -18"><span class='ocrx_word' id='word_1_496' title='bbox 2720 1877 2968 1935; x_wconf 88' lang='lat' dir='ltr'>Sabbato</span> <span class='ocrx_word' id='word_1_497' title='bbox 2995 1880 3072 1935; x_wconf 87' lang='lat' dir='ltr'>ad</span> <span class='ocrx_word' id='word_1_498' title='bbox 3105 1881 3437 1950; x_wconf 86' lang='lat' dir='ltr'>Vesperum.</span> 
     </span>
    </p>
   </div>
   <div class='ocr_carea' id='block_1_79' title="bbox 2339 1961 3947 2049">
    <p class='ocr_par' dir='ltr' id='par_1_79' title="bbox 2339 1961 3947 2049">
     <span class='ocr_line' id='line_1_79' title="bbox 2339 1961 3947 2049; baseline 0.012 -34"><span class='ocrx_word' id='word_1_499' title='bbox 2339 1961 2572 2018; x_wconf 88' lang='lat' dir='ltr'>Lauda.</span> <span class='ocrx_word' id='word_1_500' title='bbox 2600 1963 2698 2018; x_wconf 93' lang='lat' dir='ltr'>Die</span> <span class='ocrx_word' id='word_1_501' title='bbox 2716 1966 3026 2023; x_wconf 89' lang='lat' dir='ltr'>mandavit</span> <span class='ocrx_word' id='word_1_502' title='bbox 3042 1969 3350 2026; x_wconf 90' lang='lat' dir='ltr'>Dominus.</span> <span class='ocrx_word' id='word_1_503' title='bbox 3384 1970 3613 2030; x_wconf 85' lang='lat' dir='ltr'>Oratio.</span> <span class='ocrx_word' id='word_1_504' title='bbox 3634 1972 3802 2031; x_wconf 84' lang='lat' dir='ltr'>Deus</span> <span class='ocrx_word' id='word_1_505' title='bbox 3831 1977 3947 2049; x_wconf 90' lang='lat' dir='ltr'>qui</span> 
     </span>
    </p>
   </div>
   <div class='ocr_carea' id='block_1_80' title="bbox 2267 2051 2998 2122">
    <p class='ocr_par' dir='ltr' id='par_1_80' title="bbox 2267 2051 2998 2122">
     <span class='ocr_line' id='line_1_80' title="bbox 2267 2051 2998 2122; baseline 0.01 -19"><span class='ocrx_word' id='word_1_506' title='bbox 2267 2051 2454 2116; x_wconf 91' lang='lat' dir='ltr'>tuam,</span> <span class='ocrx_word' id='word_1_507' title='bbox 2489 2051 2698 2117; x_wconf 72' lang='lat' dir='ltr'>Quaere</span> <span class='ocrx_word' id='word_1_508' title='bbox 2727 2054 2844 2122; x_wconf 86' lang='lat' dir='ltr'>fol.</span> <span class='ocrx_word' id='word_1_509' title='bbox 2873 2057 2998 2111; x_wconf 76' lang='lat' dir='ltr'>uo.</span> 
     </span>
    </p>
   </div>
   <div class='ocr_carea' id='block_1_81' title="bbox 2338 2141 3940 2224">
    <p class='ocr_par' dir='ltr' id='par_1_81' title="bbox 2338 2141 3940 2224">
     <span class='ocr_line' id='line_1_81' title="bbox 2338 2141 3940 2224; baseline 0.011 -30"><span class='ocrx_word' id='word_1_510' title='bbox 2338 2141 2513 2195; x_wconf 87' lang='lat' dir='ltr'>Sono.</span> <span class='ocrx_word' id='word_1_511' title='bbox 2542 2141 2787 2198; x_wconf 85' lang='lat' dir='ltr'>Alleluia</span> <span class='ocrx_word' id='word_1_512' title='bbox 2815 2144 2904 2199; x_wconf 85' lang='lat' dir='ltr'>Ad</span> <span class='ocrx_word' id='word_1_513' title='bbox 2933 2160 3247 2218; x_wconf 89' lang='lat' dir='ltr'>vesperum</span> <span class='ocrx_word' id='word_1_514' title='bbox 3285 2147 3707 2208; x_wconf 87' lang='lat' dir='ltr'>demorabitur</span> <span class='ocrx_word' id='word_1_515' title='bbox 3726 2152 3940 2224; x_wconf 89' lang='lat' dir='ltr'>ﬂetus,</span> 
     </span>
    </p>
   </div>
   <div class='ocr_carea' id='block_1_82' title="bbox 2267 2229 3945 2301">
    <p class='ocr_par' dir='ltr' id='par_1_82' title="bbox 2267 2229 3945 2301">
     <span class='ocr_line' id='line_1_82' title="bbox 2267 2229 3945 2301; baseline 0.011 -19"><span class='ocrx_word' id='word_1_516' title='bbox 2267 2232 2322 2282; x_wconf 87' lang='lat' dir='ltr'>et</span> <span class='ocrx_word' id='word_1_517' title='bbox 2353 2229 2429 2284; x_wconf 92' lang='lat' dir='ltr'>ad</span> <span class='ocrx_word' id='word_1_518' title='bbox 2447 2231 3054 2290; x_wconf 70' lang='lat' dir='ltr'>matutinumlaetitia.</span> <span class='ocrx_word' id='word_1_519' title='bbox 3084 2235 3352 2295; x_wconf 83' lang='lat' dir='ltr'>Alleluia.</span> <span class='ocrx_word' id='word_1_520' title='bbox 3375 2238 3437 2297; x_wconf 61' lang='lat' dir='ltr'>llr.</span> <span class='ocrx_word' id='word_1_521' title='bbox 3457 2239 3734 2298; x_wconf 85' lang='lat' dir='ltr'>Alleluia.</span> <span class='ocrx_word' id='word_1_522' title='bbox 3776 2245 3945 2301; x_wconf 88' lang='lat' dir='ltr'>Con-</span> 
     </span>
    </p>
   </div>
   <div class='ocr_carea' id='block_1_83' title="bbox 2265 2318 3941 2396">
    <p class='ocr_par' dir='ltr' id='par_1_83' title="bbox 2265 2318 3941 2396">
     <span class='ocr_line' id='line_1_83' title="bbox 2265 2318 3941 2396; baseline 0.013 -27"><span class='ocrx_word' id='word_1_523' title='bbox 2265 2318 2501 2382; x_wconf 91' lang='lat' dir='ltr'>vertisti,</span> <span class='ocrx_word' id='word_1_524' title='bbox 2520 2318 2784 2387; x_wconf 92' lang='lat' dir='ltr'>Domine,</span> <span class='ocrx_word' id='word_1_525' title='bbox 2799 2323 3106 2392; x_wconf 91' lang='lat' dir='ltr'>planctum</span> <span class='ocrx_word' id='word_1_526' title='bbox 3124 2340 3326 2380; x_wconf 93' lang='lat' dir='ltr'>meum</span> <span class='ocrx_word' id='word_1_527' title='bbox 3342 2326 3402 2381; x_wconf 92' lang='lat' dir='ltr'>in</span> <span class='ocrx_word' id='word_1_528' title='bbox 3421 2327 3723 2396; x_wconf 83' lang='lat' dir='ltr'>gaudium</span> <span class='ocrx_word' id='word_1_529' title='bbox 3736 2332 3896 2389; x_wconf 85' lang='lat' dir='ltr'>mihi</span> <span class='ocrx_word' id='word_1_530' title='bbox 3923 2351 3941 2392; x_wconf 90' lang='lat'><strong>:</strong></span> 
     </span>
    </p>
   </div>
   <div class='ocr_carea' id='block_1_84' title="bbox 2266 2407 3936 2492">
    <p class='ocr_par' dir='ltr' id='par_1_84' title="bbox 2266 2407 3936 2492">
     <span class='ocr_line' id='line_1_84' title="bbox 2266 2407 3936 2492; baseline 0.011 -32"><span class='ocrx_word' id='word_1_531' title='bbox 2266 2407 2604 2470; x_wconf 89' lang='lat' dir='ltr'>conscidisti</span> <span class='ocrx_word' id='word_1_532' title='bbox 2621 2424 2866 2466; x_wconf 90' lang='lat' dir='ltr'>saccum</span> <span class='ocrx_word' id='word_1_533' title='bbox 2886 2427 3109 2478; x_wconf 88' lang='lat' dir='ltr'>meum,</span> <span class='ocrx_word' id='word_1_534' title='bbox 3130 2418 3187 2470; x_wconf 91' lang='lat' dir='ltr'>et</span> <span class='ocrx_word' id='word_1_535' title='bbox 3205 2415 3565 2486; x_wconf 79' lang='lat' dir='ltr'>preecinxisti</span> <span class='ocrx_word' id='word_1_536' title='bbox 3577 2431 3678 2474; x_wconf 88' lang='lat' dir='ltr'>me</span> <span class='ocrx_word' id='word_1_537' title='bbox 3694 2419 3936 2492; x_wconf 65' lang='lat' dir='ltr'>laetitia,</span> 
     </span>
    </p>
   </div>
   <div class='ocr_carea' id='block_1_85' title="bbox 2262 2493 2531 2552">
    <p class='ocr_par' dir='ltr' id='par_1_85' title="bbox 2262 2493 2531 2552">
     <span class='ocr_line' id='line_1_85' title="bbox 2262 2493 2531 2552; baseline 0.015 -4"><span class='ocrx_word' id='word_1_538' title='bbox 2262 2493 2531 2552; x_wconf 82' lang='lat' dir='ltr'>Alleluia.</span> 
     </span>
    </p>
   </div>
   <div class='ocr_carea' id='block_1_86' title="bbox 2333 2583 3939 2673">
    <p class='ocr_par' dir='ltr' id='par_1_86' title="bbox 2333 2583 3939 2673">
     <span class='ocr_line' id='line_1_86' title="bbox 2333 2583 3939 2673; baseline 0.014 -38"><span class='ocrx_word' id='word_1_539' title='bbox 2333 2583 2619 2642; x_wconf 85' lang='lat' dir='ltr'>Dominus</span> <span class='ocrx_word' id='word_1_540' title='bbox 2640 2585 2712 2644; x_wconf 88' lang='lat' dir='ltr'>sit</span> <span class='ocrx_word' id='word_1_541' title='bbox 2736 2601 2974 2660; x_wconf 90' lang='lat' dir='ltr'>semper</span> <span class='ocrx_word' id='word_1_542' title='bbox 3023 2589 3357 2649; x_wconf 86' lang='lat' dir='ltr'>vobiscum.</span> <span class='ocrx_word' id='word_1_543' title='bbox 3388 2602 3454 2664; x_wconf 58' lang='lat' dir='ltr'>1p.</span> <span class='ocrx_word' id='word_1_544' title='bbox 3489 2596 3557 2652; x_wconf 90' lang='lat' dir='ltr'><strong>Et</strong></span> <span class='ocrx_word' id='word_1_545' title='bbox 3603 2611 3750 2656; x_wconf 88' lang='lat' dir='ltr'>cum</span> <span class='ocrx_word' id='word_1_546' title='bbox 3805 2601 3939 2673; x_wconf 91' lang='lat' dir='ltr'>spi-</span> 
     </span>
    </p>
   </div>
   <div class='ocr_carea' id='block_1_87' title="bbox 2260 2671 2526 2730">
    <p class='ocr_par' dir='ltr' id='par_1_87' title="bbox 2260 2671 2526 2730">
     <span class='ocr_line' id='line_1_87' title="bbox 2260 2671 2526 2730; baseline 0.015 -4"><span class='ocrx_word' id='word_1_547' title='bbox 2260 2671 2374 2728; x_wconf 91' lang='lat' dir='ltr'>ritu</span> <span class='ocrx_word' id='word_1_548' title='bbox 2402 2677 2526 2730; x_wconf 94' lang='lat' dir='ltr'>tuo.</span> 
     </span>
    </p>
   </div>
   <div class='ocr_carea' id='block_1_88' title="bbox 2329 2762 3940 2853">
    <p class='ocr_par' dir='ltr' id='par_1_88' title="bbox 2329 2762 3940 2853">
     <span class='ocr_line' id='line_1_88' title="bbox 2329 2762 3940 2853; baseline 0.014 -36"><span class='ocrx_word' id='word_1_549' title='bbox 2329 2762 2694 2853; x_wconf 84' lang='lat' dir='ltr'>Antiphona.</span> <span class='ocrx_word' id='word_1_550' title='bbox 2737 2767 2922 2822; x_wconf 86' lang='lat' dir='ltr'>Tuum</span> <span class='ocrx_word' id='word_1_551' title='bbox 2945 2768 3194 2826; x_wconf 89' lang='lat' dir='ltr'>Domine</span> <span class='ocrx_word' id='word_1_552' title='bbox 3223 2785 3478 2842; x_wconf 82' lang='lat' dir='ltr'>regnum</span> <span class='ocrx_word' id='word_1_553' title='bbox 3509 2792 3524 2834; x_wconf 90' lang='lat'><strong>:</strong></span> <span class='ocrx_word' id='word_1_554' title='bbox 3557 2777 3624 2832; x_wconf 93' lang='lat' dir='ltr'>tu</span> <span class='ocrx_word' id='word_1_555' title='bbox 3643 2791 3711 2834; x_wconf 90' lang='lat' dir='ltr'>es</span> <span class='ocrx_word' id='word_1_556' title='bbox 3741 2795 3940 2853; x_wconf 88' lang='lat' dir='ltr'>super</span> 
     </span>
    </p>
   </div>
   <div class='ocr_carea' id='block_1_89' title="bbox 2259 2852 3937 2942">
    <p class='ocr_par' dir='ltr' id='par_1_89' title="bbox 2259 2852 3937 2942">
     <span class='ocr_line' id='line_1_89' title="bbox 2259 2852 3937 2942; baseline 0.013 -36"><span class='ocrx_word' id='word_1_557' title='bbox 2259 2865 2465 2907; x_wconf 86' lang='lat' dir='ltr'>omnes</span> <span class='ocrx_word' id='word_1_558' title='bbox 2492 2852 2812 2942; x_wconf 91' lang='lat' dir='ltr'>principes.</span> <span class='ocrx_word' id='word_1_559' title='bbox 2843 2857 2904 2910; x_wconf 91' lang='lat' dir='ltr'>P.</span> <span class='ocrx_word' id='word_1_560' title='bbox 2937 2857 3003 2912; x_wconf 90' lang='lat' dir='ltr'>In</span> <span class='ocrx_word' id='word_1_561' title='bbox 3033 2873 3218 2915; x_wconf 90' lang='lat' dir='ltr'>manu</span> <span class='ocrx_word' id='word_1_562' title='bbox 3245 2864 3348 2918; x_wconf 91' lang='lat' dir='ltr'>tua</span> <span class='ocrx_word' id='word_1_563' title='bbox 3384 2861 3695 2932; x_wconf 89' lang='lat' dir='ltr'>fortitudo,</span> <span class='ocrx_word' id='word_1_564' title='bbox 3731 2873 3794 2925; x_wconf 86' lang='lat' dir='ltr'>et</span> <span class='ocrx_word' id='word_1_565' title='bbox 3818 2852 3937 2942; x_wconf 85' lang='lat' dir='ltr'>po-</span> 
     </span>
    </p>
   </div>
   <div class='ocr_carea' id='block_1_90' title="bbox 2256 2941 3938 3023">
    <p class='ocr_par' dir='ltr' id='par_1_90' title="bbox 2256 2941 3938 3023">
     <span class='ocr_line' id='line_1_90' title="bbox 2256 2941 3938 3023; baseline 0.014 -29"><span class='ocrx_word' id='word_1_566' title='bbox 2256 2942 2439 2996; x_wconf 89' lang='lat' dir='ltr'>tentia</span> <span class='ocrx_word' id='word_1_567' title='bbox 2469 2941 2568 2998; x_wconf 90' lang='lat' dir='ltr'>:in</span> <span class='ocrx_word' id='word_1_568' title='bbox 2599 2957 2784 2999; x_wconf 90' lang='lat' dir='ltr'>manu</span> <span class='ocrx_word' id='word_1_569' title='bbox 2828 2947 2928 3001; x_wconf 92' lang='lat' dir='ltr'>tua</span> <span class='ocrx_word' id='word_1_570' title='bbox 2974 2945 3178 3018; x_wconf 85' lang='lat' dir='ltr'>virtus,</span> <span class='ocrx_word' id='word_1_571' title='bbox 3211 2952 3269 3005; x_wconf 91' lang='lat' dir='ltr'>et</span> <span class='ocrx_word' id='word_1_572' title='bbox 3312 2949 3665 3023; x_wconf 90' lang='lat' dir='ltr'>imperium.</span> <span class='ocrx_word' id='word_1_573' title='bbox 3708 2955 3775 3015; x_wconf 62' lang='lat' dir='ltr'>Y.</span> <span class='ocrx_word' id='word_1_574' title='bbox 3815 2941 3938 3016; x_wconf 85' lang='lat' dir='ltr'>Do-</span> 
     </span>
    </p>
   </div>
   <div class='ocr_carea' id='block_1_91' title="bbox 2175 3028 3936 3115">
    <p class='ocr_par' dir='ltr' id='par_1_91' title="bbox 2175 3028 3936 3115">
     <span class='ocr_line' id='line_1_91' title="bbox 2175 3028 3936 3115; baseline 0.014 -34"><span class='ocrx_word' id='word_1_575' title='bbox 2175 3058 2216 3115; x_wconf 78' lang='lat' dir='ltr'>C</span> <span class='ocrx_word' id='word_1_576' title='bbox 2257 3028 2415 3084; x_wconf 90' lang='lat' dir='ltr'>mine</span> <span class='ocrx_word' id='word_1_577' title='bbox 2436 3030 2588 3085; x_wconf 93' lang='lat' dir='ltr'>Deus</span> <span class='ocrx_word' id='word_1_578' title='bbox 2599 3031 2884 3088; x_wconf 89' lang='lat' dir='ltr'>virtutum</span> <span class='ocrx_word' id='word_1_579' title='bbox 2907 3041 3182 3093; x_wconf 89' lang='lat' dir='ltr'>converte</span> <span class='ocrx_word' id='word_1_580' title='bbox 3199 3052 3340 3093; x_wconf 87' lang='lat' dir='ltr'>nos:</span> <span class='ocrx_word' id='word_1_581' title='bbox 3361 3042 3686 3099; x_wconf 89' lang='lat' dir='ltr'>etostende</span> <span class='ocrx_word' id='word_1_582' title='bbox 3703 3044 3936 3105; x_wconf 88' lang='lat' dir='ltr'>faciem</span> 
     </span>
    </p>
   </div>
   <div class='ocr_carea' id='block_1_92' title="bbox 2256 3118 3929 3200">
    <p class='ocr_par' dir='ltr' id='par_1_92' title="bbox 2256 3118 3929 3200">
     <span class='ocr_line' id='line_1_92' title="bbox 2256 3118 3929 3200; baseline 0.013 -29"><span class='ocrx_word' id='word_1_583' title='bbox 2256 3119 2421 3172; x_wconf 90' lang='lat' dir='ltr'>tuam</span> <span class='ocrx_word' id='word_1_584' title='bbox 2452 3136 2465 3176; x_wconf 92' lang='lat'><strong>:</strong></span> <span class='ocrx_word' id='word_1_585' title='bbox 2499 3122 2556 3174; x_wconf 89' lang='lat' dir='ltr'>et</span> <span class='ocrx_word' id='word_1_586' title='bbox 2581 3118 2732 3174; x_wconf 89' lang='lat' dir='ltr'>salvi</span> <span class='ocrx_word' id='word_1_587' title='bbox 2752 3123 2995 3176; x_wconf 89' lang='lat' dir='ltr'>erimus.</span> <span class='ocrx_word' id='word_1_588' title='bbox 3030 3123 3093 3178; x_wconf 93' lang='lat' dir='ltr'>P.</span> <span class='ocrx_word' id='word_1_589' title='bbox 3124 3127 3188 3180; x_wconf 89' lang='lat' dir='ltr'>In</span> <span class='ocrx_word' id='word_1_590' title='bbox 3219 3142 3406 3183; x_wconf 90' lang='lat' dir='ltr'>manu</span> <span class='ocrx_word' id='word_1_591' title='bbox 3435 3132 3558 3186; x_wconf 86' lang='lat' dir='ltr'>tua.</span> <span class='ocrx_word' id='word_1_592' title='bbox 3587 3129 3652 3191; x_wconf 68' lang='lat' dir='ltr'>li.</span> <span class='ocrx_word' id='word_1_593' title='bbox 3695 3132 3929 3200; x_wconf 84' lang='lat' dir='ltr'>Gloria,</span> 
     </span>
    </p>
   </div>
   <div class='ocr_carea' id='block_1_93' title="bbox 2253 3207 3571 3276">
    <p class='ocr_par' dir='ltr' id='par_1_93' title="bbox 2253 3207 3571 3276">
     <span class='ocr_line' id='line_1_93' title="bbox 2253 3207 3571 3276; baseline 0.011 -15"><span class='ocrx_word' id='word_1_594' title='bbox 2253 3210 2310 3262; x_wconf 92' lang='lat' dir='ltr'>et</span> <span class='ocrx_word' id='word_1_595' title='bbox 2338 3207 2530 3262; x_wconf 92' lang='lat' dir='ltr'>honor</span> <span class='ocrx_word' id='word_1_596' title='bbox 2558 3208 2736 3263; x_wconf 89' lang='lat' dir='ltr'>Patri.</span> <span class='ocrx_word' id='word_1_597' title='bbox 2763 3208 2828 3262; x_wconf 93' lang='lat' dir='ltr'>P.</span> <span class='ocrx_word' id='word_1_598' title='bbox 2862 3213 2923 3265; x_wconf 91' lang='lat' dir='ltr'>In</span> <span class='ocrx_word' id='word_1_599' title='bbox 2947 3227 3134 3268; x_wconf 90' lang='lat' dir='ltr'>manu</span> <span class='ocrx_word' id='word_1_600' title='bbox 3165 3217 3266 3272; x_wconf 92' lang='lat' dir='ltr'>tua</span> <span class='ocrx_word' id='word_1_601' title='bbox 3285 3215 3571 3276; x_wconf 88' lang='lat' dir='ltr'>fortitudo</span> 
     </span>
    </p>
   </div>
   <div class='ocr_carea' id='block_1_94' title="bbox 2324 3295 3109 3366">
    <p class='ocr_par' dir='ltr' id='par_1_94' title="bbox 2324 3295 3109 3366">
     <span class='ocr_line' id='line_1_94' title="bbox 2324 3295 3109 3366; baseline 0.015 -20"><span class='ocrx_word' id='word_1_602' title='bbox 2324 3295 2610 3350; x_wconf 82' lang='lat' dir='ltr'>Dominus</span> <span class='ocrx_word' id='word_1_603' title='bbox 2632 3296 2724 3352; x_wconf 85' lang='lat' dir='ltr'>sit.</span> <span class='ocrx_word' id='word_1_604' title='bbox 2760 3308 2827 3366; x_wconf 71' lang='lat' dir='ltr'>Br.</span> <span class='ocrx_word' id='word_1_605' title='bbox 2849 3301 2915 3354; x_wconf 85' lang='lat' dir='ltr'>Et</span> <span class='ocrx_word' id='word_1_606' title='bbox 2944 3316 3109 3358; x_wconf 89' lang='lat' dir='ltr'>cum.</span> 
     </span>
    </p>
   </div>
   <div class='ocr_carea' id='block_1_95' title="bbox 2321 3386 3925 3466">
    <p class='ocr_par' dir='ltr' id='par_1_95' title="bbox 2321 3386 3925 3466">
     <span class='ocr_line' id='line_1_95' title="bbox 2321 3386 3925 3466; baseline 0.014 -27"><span class='ocrx_word' id='word_1_607' title='bbox 2321 3386 2547 3442; x_wconf 89' lang='lat' dir='ltr'>Lauda.</span> <span class='ocrx_word' id='word_1_608' title='bbox 2581 3387 2864 3444; x_wconf 82' lang='lat' dir='ltr'>Fundasti</span> <span class='ocrx_word' id='word_1_609' title='bbox 2894 3393 3129 3456; x_wconf 89' lang='lat' dir='ltr'>terram,</span> <span class='ocrx_word' id='word_1_610' title='bbox 3163 3395 3219 3449; x_wconf 91' lang='lat' dir='ltr'>et</span> <span class='ocrx_word' id='word_1_611' title='bbox 3252 3400 3603 3466; x_wconf 89' lang='lat' dir='ltr'>permanet:</span> <span class='ocrx_word' id='word_1_612' title='bbox 3638 3398 3925 3461; x_wconf 81' lang='lat' dir='ltr'>Alleluia.</span> 
     </span>
    </p>
   </div>
   <div class='ocr_carea' id='block_1_96' title="bbox 2252 3473 3926 3556">
    <p class='ocr_par' dir='ltr' id='par_1_96' title="bbox 2252 3473 3926 3556">
     <span class='ocr_line' id='line_1_96' title="bbox 2252 3473 3926 3556; baseline 0.014 -31"><span class='ocrx_word' id='word_1_613' title='bbox 2252 3475 2316 3528; x_wconf 86' lang='lat' dir='ltr'>P.</span> <span class='ocrx_word' id='word_1_614' title='bbox 2365 3473 2745 3530; x_wconf 91' lang='lat' dir='ltr'>Ordinatione</span> <span class='ocrx_word' id='word_1_615' title='bbox 2767 3480 2868 3532; x_wconf 90' lang='lat' dir='ltr'>tua</span> <span class='ocrx_word' id='word_1_616' title='bbox 2888 3485 3228 3549; x_wconf 85' lang='lat' dir='ltr'>perseverat</span> <span class='ocrx_word' id='word_1_617' title='bbox 3253 3481 3378 3538; x_wconf 90' lang='lat' dir='ltr'>dies</span> <span class='ocrx_word' id='word_1_618' title='bbox 3401 3502 3418 3537; x_wconf 72' lang='grc' dir='ltr'><strong>ς</strong></span> <span class='ocrx_word' id='word_1_619' title='bbox 3449 3484 3730 3556; x_wconf 79' lang='lat' dir='ltr'>Alleluia,</span> <span class='ocrx_word' id='word_1_620' title='bbox 3776 3491 3926 3549; x_wconf 89' lang='lat' dir='ltr'>alle-</span> 
     </span>
    </p>
   </div>
   <div class='ocr_carea' id='block_1_97' title="bbox 2249 3560 3925 3648">
    <p class='ocr_par' dir='ltr' id='par_1_97' title="bbox 2249 3560 3925 3648">
     <span class='ocr_line' id='line_1_97' title="bbox 2249 3560 3925 3648; baseline 0.014 -32"><span class='ocrx_word' id='word_1_621' title='bbox 2249 3560 2389 3630; x_wconf 90' lang='lat' dir='ltr'>luia,</span> <span class='ocrx_word' id='word_1_622' title='bbox 2424 3562 2687 3619; x_wconf 88' lang='lat' dir='ltr'>alleluia.</span> <span class='ocrx_word' id='word_1_623' title='bbox 2727 3563 2789 3624; x_wconf 71' lang='lat' dir='ltr'>li&#39;.</span> <span class='ocrx_word' id='word_1_624' title='bbox 2829 3569 2891 3621; x_wconf 91' lang='lat' dir='ltr'>ln</span> <span class='ocrx_word' id='word_1_625' title='bbox 2942 3573 3231 3625; x_wconf 65' lang='lat' dir='ltr'>aeternum</span> <span class='ocrx_word' id='word_1_626' title='bbox 3285 3571 3538 3630; x_wconf 90' lang='lat' dir='ltr'>Domine</span> <span class='ocrx_word' id='word_1_627' title='bbox 3587 3585 3925 3648; x_wconf 87' lang='lat' dir='ltr'>permanet</span> 
     </span>
    </p>
   </div>
   <div class='ocr_carea' id='block_1_98' title="bbox 2249 3649 3918 3728">
    <p class='ocr_par' dir='ltr' id='par_1_98' title="bbox 2249 3649 3918 3728">
     <span class='ocr_line' id='line_1_98' title="bbox 2249 3649 3918 3728; baseline 0.014 -24"><span class='ocrx_word' id='word_1_628' title='bbox 2249 3649 2500 3705; x_wconf 84' lang='lat' dir='ltr'>verbum</span> <span class='ocrx_word' id='word_1_629' title='bbox 2532 3656 2700 3707; x_wconf 91' lang='lat' dir='ltr'>tuum</span> <span class='ocrx_word' id='word_1_630' title='bbox 2732 3653 2791 3708; x_wconf 92' lang='lat' dir='ltr'>in</span> <span class='ocrx_word' id='word_1_631' title='bbox 2826 3654 3008 3712; x_wconf 77' lang='lat' dir='ltr'>Caelo.</span> <span class='ocrx_word' id='word_1_632' title='bbox 3051 3659 3115 3715; x_wconf 89' lang='lat' dir='ltr'>P.</span> <span class='ocrx_word' id='word_1_633' title='bbox 3156 3659 3563 3720; x_wconf 85' lang='lat' dir='ltr'>Ordinatione.</span> <span class='ocrx_word' id='word_1_634' title='bbox 3586 3663 3652 3726; x_wconf 53' lang='grc' dir='ltr'>ἵ.</span> <span class='ocrx_word' id='word_1_635' title='bbox 3688 3668 3918 3728; x_wconf 89' lang='lat' dir='ltr'>Gloria.</span> 
     </span>
    </p>
   </div>
   <div class='ocr_carea' id='block_1_99' title="bbox 2321 3738 2824 3798">
    <p class='ocr_par' dir='ltr' id='par_1_99' title="bbox 2321 3738 2824 3798">
     <span class='ocr_line' id='line_1_99' title="bbox 2321 3738 2824 3798; baseline 0.012 -7"><span class='ocrx_word' id='word_1_636' title='bbox 2321 3740 2380 3792; x_wconf 89' lang='lat' dir='ltr'>P.</span> <span class='ocrx_word' id='word_1_637' title='bbox 2419 3738 2824 3798; x_wconf 88' lang='lat' dir='ltr'>Ordinatione.</span> 
     </span>
    </p>
   </div>
   <div class='ocr_carea' id='block_1_100' title="bbox 2318 3827 3918 3913">
    <p class='ocr_par' dir='ltr' id='par_1_100' title="bbox 2318 3827 3918 3913">
     <span class='ocr_line' id='line_1_100' title="bbox 2318 3827 3918 3913; baseline 0.016 -31"><span class='ocrx_word' id='word_1_638' title='bbox 2318 3827 2618 3896; x_wconf 82' lang='lat' dir='ltr'>Hymnus.</span> <span class='ocrx_word' id='word_1_639' title='bbox 2643 3832 2918 3887; x_wconf 89' lang='lat' dir='ltr'>Inventor</span> <span class='ocrx_word' id='word_1_640' title='bbox 2942 3832 3153 3891; x_wconf 90' lang='lat' dir='ltr'>rutilis.</span> <span class='ocrx_word' id='word_1_641' title='bbox 3188 3836 3305 3906; x_wconf 84' lang='lat' dir='ltr'>fol.</span> <span class='ocrx_word' id='word_1_642' title='bbox 3351 3842 3445 3894; x_wconf 76' lang='lat' dir='ltr'>9t.</span> <span class='ocrx_word' id='word_1_643' title='bbox 3501 3841 3918 3913; x_wconf 79' lang='lat' dir='ltr'>Supplicatio.</span> 
     </span>
    </p>
   </div>
   <div class='ocr_carea' id='block_1_101' title="bbox 2250 3915 3299 3992">
    <p class='ocr_par' dir='ltr' id='par_1_101' title="bbox 2250 3915 3299 3992">
     <span class='ocr_line' id='line_1_101' title="bbox 2250 3915 3299 3992; baseline 0.011 -22"><span class='ocrx_word' id='word_1_644' title='bbox 2250 3915 2498 3971; x_wconf 91' lang='lat' dir='ltr'>Oremus</span> <span class='ocrx_word' id='word_1_645' title='bbox 2537 3918 3017 3991; x_wconf 81' lang='lat' dir='ltr'>Redemptorem.</span> <span class='ocrx_word' id='word_1_646' title='bbox 3059 3923 3173 3992; x_wconf 89' lang='lat' dir='ltr'>fol.</span> <span class='ocrx_word' id='word_1_647' title='bbox 3206 3929 3299 3983; x_wconf 89' lang='lat'>66.</span> 
     </span>
    </p>
   </div>
   <div class='ocr_carea' id='block_1_102' title="bbox 2321 4004 3920 4086">
    <p class='ocr_par' dir='ltr' id='par_1_102' title="bbox 2321 4004 3920 4086">
     <span class='ocr_line' id='line_1_102' title="bbox 2321 4004 3920 4086; baseline 0.017 -27"><span class='ocrx_word' id='word_1_648' title='bbox 2321 4004 2617 4073; x_wconf 87' lang='lat' dir='ltr'>Capitula.</span> <span class='ocrx_word' id='word_1_649' title='bbox 2635 4008 2690 4064; x_wconf 91' lang='lat' dir='ltr'>Si</span> <span class='ocrx_word' id='word_1_650' title='bbox 2712 4013 3002 4079; x_wconf 87' lang='lat' dir='ltr'>quantam</span> <span class='ocrx_word' id='word_1_651' title='bbox 3013 4010 3090 4068; x_wconf 89' lang='lat' dir='ltr'>ab</span> <span class='ocrx_word' id='word_1_652' title='bbox 3106 4014 3350 4084; x_wconf 86' lang='lat' dir='ltr'>originis</span> <span class='ocrx_word' id='word_1_653' title='bbox 3364 4022 3533 4076; x_wconf 88' lang='lat' dir='ltr'>reatu</span> <span class='ocrx_word' id='word_1_654' title='bbox 3556 4027 3920 4086; x_wconf 88' lang='lat' dir='ltr'>nostrorum</span> 
     </span>
    </p>
   </div>
   <div class='ocr_carea' id='block_1_103' title="bbox 2246 4103 3920 4175">
    <p class='ocr_par' dir='ltr' id='par_1_103' title="bbox 2246 4103 3920 4175">
     <span class='ocr_line' id='line_1_103' title="bbox 2246 4103 3920 4175; baseline 0.018 -29"><span class='ocrx_word' id='word_1_655' title='bbox 2246 4108 2489 4164; x_wconf 82' lang='lat' dir='ltr'>pcenam</span> <span class='ocrx_word' id='word_1_656' title='bbox 2519 4112 2820 4152; x_wconf 90' lang='lat' dir='ltr'>meremur</span> <span class='ocrx_word' id='word_1_657' title='bbox 2859 4103 3145 4173; x_wconf 89' lang='lat' dir='ltr'>consequi</span> <span class='ocrx_word' id='word_1_658' title='bbox 3171 4104 3524 4165; x_wconf 90' lang='lat' dir='ltr'>delictorum</span> <span class='ocrx_word' id='word_1_659' title='bbox 3560 4130 3574 4170; x_wconf 90' lang='lat'><strong>:</strong></span> <span class='ocrx_word' id='word_1_660' title='bbox 3603 4113 3753 4171; x_wconf 89' lang='lat' dir='ltr'>olim</span> <span class='ocrx_word' id='word_1_661' title='bbox 3798 4117 3920 4175; x_wconf 89' lang='lat' dir='ltr'>hu-</span> 
     </span>
    </p>
   </div>
   <div class='ocr_carea' id='block_1_104' title="bbox 2247 4187 3916 4277">
    <p class='ocr_par' dir='ltr' id='par_1_104' title="bbox 2247 4187 3916 4277">
     <span class='ocr_line' id='line_1_104' title="bbox 2247 4187 3916 4277; baseline 0.017 -42"><span class='ocrx_word' id='word_1_662' title='bbox 2247 4197 2496 4277; x_wconf 83' lang='lat' dir='ltr'>manum</span> <span class='ocrx_word' id='word_1_663' title='bbox 2537 4199 2724 4277; x_wconf 87' lang='lat' dir='ltr'>genus</span> <span class='ocrx_word' id='word_1_664' title='bbox 2754 4187 2831 4241; x_wconf 91' lang='lat' dir='ltr'>ad</span> <span class='ocrx_word' id='word_1_665' title='bbox 2861 4192 3078 4244; x_wconf 90' lang='lat' dir='ltr'>terram</span> <span class='ocrx_word' id='word_1_666' title='bbox 3109 4193 3445 4262; x_wconf 88' lang='lat' dir='ltr'>proclivum</span> <span class='ocrx_word' id='word_1_667' title='bbox 3489 4205 3916 4277; x_wconf 89' lang='lat' dir='ltr'>pervenisset;</span> 
     </span>
    </p>
   </div>
   <div class='ocr_carea' id='block_1_105' title="bbox 2245 4271 3920 4352">
    <p class='ocr_par' dir='ltr' id='par_1_105' title="bbox 2245 4271 3920 4352">
     <span class='ocr_line' id='line_1_105' title="bbox 2245 4271 3920 4352; baseline 0.016 -27"><span class='ocrx_word' id='word_1_668' title='bbox 2245 4271 2358 4326; x_wconf 91' lang='lat' dir='ltr'>nisi</span> <span class='ocrx_word' id='word_1_669' title='bbox 2378 4286 2488 4326; x_wconf 89' lang='lat' dir='ltr'>nos</span> <span class='ocrx_word' id='word_1_670' title='bbox 2518 4273 2706 4343; x_wconf 90' lang='lat' dir='ltr'>pretio</span> <span class='ocrx_word' id='word_1_671' title='bbox 2732 4277 3034 4345; x_wconf 89' lang='lat' dir='ltr'>sanguinis</span> <span class='ocrx_word' id='word_1_672' title='bbox 3079 4281 3173 4336; x_wconf 90' lang='lat' dir='ltr'>sui</span> <span class='ocrx_word' id='word_1_673' title='bbox 3201 4298 3237 4338; x_wconf 89' lang='lat' dir='ltr'>a</span> <span class='ocrx_word' id='word_1_674' title='bbox 3261 4283 3363 4340; x_wconf 88' lang='lat' dir='ltr'>tali</span> <span class='ocrx_word' id='word_1_675' title='bbox 3387 4285 3629 4346; x_wconf 92' lang='lat' dir='ltr'>vinculo</span> <span class='ocrx_word' id='word_1_676' title='bbox 3682 4271 3920 4352; x_wconf 51' lang='lat' dir='ltr'>resolu;</span> 
     </span>
    </p>
   </div>
   <div class='ocr_carea' id='block_1_106' title="bbox 2244 4358 3920 4451">
    <p class='ocr_par' dir='ltr' id='par_1_106' title="bbox 2244 4358 3920 4451">
     <span class='ocr_line' id='line_1_106' title="bbox 2244 4358 3920 4451; baseline 0.018 -40"><span class='ocrx_word' id='word_1_677' title='bbox 2244 4361 2359 4424; x_wconf 91' lang='lat' dir='ltr'>tos,</span> <span class='ocrx_word' id='word_1_678' title='bbox 2383 4358 2487 4414; x_wconf 88' lang='lat' dir='ltr'>tibi</span> <span class='ocrx_word' id='word_1_679' title='bbox 2515 4361 2764 4418; x_wconf 89' lang='lat' dir='ltr'>Domino</span> <span class='ocrx_word' id='word_1_680' title='bbox 2790 4363 3170 4424; x_wconf 88' lang='lat' dir='ltr'>reformasset</span> <span class='ocrx_word' id='word_1_681' title='bbox 3203 4386 3396 4429; x_wconf 89' lang='lat' dir='ltr'>:nunc</span> <span class='ocrx_word' id='word_1_682' title='bbox 3420 4389 3585 4443; x_wconf 88' lang='lat' dir='ltr'>vero,</span> <span class='ocrx_word' id='word_1_683' title='bbox 3616 4380 3774 4451; x_wconf 89' lang='lat' dir='ltr'>quid</span> <span class='ocrx_word' id='word_1_684' title='bbox 3804 4383 3920 4441; x_wconf 88' lang='lat' dir='ltr'>tibi</span> 
     </span>
    </p>
   </div>
   <div class='ocr_carea' id='block_1_107' title="bbox 2242 4448 3918 4532">
    <p class='ocr_par' dir='ltr' id='par_1_107' title="bbox 2242 4448 3918 4532">
     <span class='ocr_line' id='line_1_107' title="bbox 2242 4448 3918 4532; baseline 0.017 -32"><span class='ocrx_word' id='word_1_685' title='bbox 2242 4448 2506 4518; x_wconf 91' lang='lat' dir='ltr'>populus</span> <span class='ocrx_word' id='word_1_686' title='bbox 2527 4452 2663 4504; x_wconf 90' lang='lat' dir='ltr'>tuus</span> <span class='ocrx_word' id='word_1_687' title='bbox 2686 4467 2796 4522; x_wconf 92' lang='lat' dir='ltr'>pro</span> <span class='ocrx_word' id='word_1_688' title='bbox 2822 4453 2998 4509; x_wconf 88' lang='lat' dir='ltr'>tantis</span> <span class='ocrx_word' id='word_1_689' title='bbox 3015 4454 3321 4516; x_wconf 89' lang='lat' dir='ltr'>beneﬁciis</span> <span class='ocrx_word' id='word_1_690' title='bbox 3342 4448 3675 4532; x_wconf 73' lang='lat' dir='ltr'>proclamet</span> <span class='ocrx_word' id='word_1_691' title='bbox 3694 4469 3760 4526; x_wconf 92' lang='lat' dir='ltr'>in</span> <span class='ocrx_word' id='word_1_692' title='bbox 3782 4472 3918 4529; x_wconf 84' lang='lat' dir='ltr'>lau-</span> 
     </span>
    </p>
   </div>
   <div class='ocr_carea' id='block_1_108' title="bbox 2241 4535 3913 4632">
    <p class='ocr_par' dir='ltr' id='par_1_108' title="bbox 2241 4535 3913 4632">
     <span class='ocr_line' id='line_1_108' title="bbox 2241 4535 3913 4632; baseline 0.017 -43"><span class='ocrx_word' id='word_1_693' title='bbox 2241 4535 2462 4632; x_wconf 38' lang='lat' dir='ltr'>dibus-‘I</span> <span class='ocrx_word' id='word_1_694' title='bbox 2487 4536 2691 4632; x_wconf 82' lang='lat' dir='ltr'>qualia</span> <span class='ocrx_word' id='word_1_695' title='bbox 2720 4539 2828 4632; x_wconf 74' lang='lat' dir='ltr'>tibi</span> <span class='ocrx_word' id='word_1_696' title='bbox 2857 4541 3135 4632; x_wconf 82' lang='lat' dir='ltr'>disponat</span> <span class='ocrx_word' id='word_1_697' title='bbox 3160 4548 3425 4607; x_wconf 76' lang='lat' dir='ltr'>exhiberi</span> <span class='ocrx_word' id='word_1_698' title='bbox 3452 4568 3736 4622; x_wconf 88' lang='lat' dir='ltr'>munera,</span> <span class='ocrx_word' id='word_1_699' title='bbox 3767 4575 3913 4632; x_wconf 60' lang='lat' dir='ltr'>qua</span> 
     </span>
    </p>
   </div>
   <div class='ocr_carea' id='block_1_109' title="bbox 2243 4623 3910 4715">
    <p class='ocr_par' dir='ltr' id='par_1_109' title="bbox 2243 4623 3910 4715">
     <span class='ocr_line' id='line_1_109' title="bbox 2243 4623 3910 4715; baseline 0.017 -38"><span class='ocrx_word' id='word_1_700' title='bbox 2243 4623 2320 4715; x_wconf 88' lang='lat' dir='ltr'>ab</span> <span class='ocrx_word' id='word_1_701' title='bbox 2349 4624 2460 4680; x_wconf 90' lang='lat' dir='ltr'>illis</span> <span class='ocrx_word' id='word_1_702' title='bbox 2478 4625 2721 4715; x_wconf 80' lang='lat' dir='ltr'>minime</span> <span class='ocrx_word' id='word_1_703' title='bbox 2752 4628 3198 4705; x_wconf 85' lang='lat' dir='ltr'>fuerintlargita</span> <span class='ocrx_word' id='word_1_704' title='bbox 3221 4637 3250 4692; x_wconf 83' lang='lat' dir='ltr'>‘I</span> <span class='ocrx_word' id='word_1_705' title='bbox 3280 4637 3399 4694; x_wconf 93' lang='lat' dir='ltr'>Sed</span> <span class='ocrx_word' id='word_1_706' title='bbox 3424 4655 3588 4698; x_wconf 88' lang='lat' dir='ltr'>nunc</span> <span class='ocrx_word' id='word_1_707' title='bbox 3621 4623 3910 4715; x_wconf 77' lang='lat' dir='ltr'>Domine,</span> 
     </span>
    </p>
   </div>
   <div class='ocr_carea' id='block_1_110' title="bbox 2239 4713 3913 4800">
    <p class='ocr_par' dir='ltr' id='par_1_110' title="bbox 2239 4713 3913 4800">
     <span class='ocr_line' id='line_1_110' title="bbox 2239 4713 3913 4800; baseline 0.018 -35"><span class='ocrx_word' id='word_1_708' title='bbox 2239 4713 2294 4766; x_wconf 90' lang='lat' dir='ltr'>te</span> <span class='ocrx_word' id='word_1_709' title='bbox 2332 4714 2734 4784; x_wconf 80' lang='lat' dir='ltr'>exposcimus,</span> <span class='ocrx_word' id='word_1_710' title='bbox 2765 4721 2829 4773; x_wconf 92' lang='lat' dir='ltr'>ut</span> <span class='ocrx_word' id='word_1_711' title='bbox 2854 4717 2966 4775; x_wconf 92' lang='lat' dir='ltr'>hoc</span> <span class='ocrx_word' id='word_1_712' title='bbox 2988 4723 3417 4793; x_wconf 88' lang='lat' dir='ltr'>vespertinum,</span> <span class='ocrx_word' id='word_1_713' title='bbox 3469 4731 3643 4800; x_wconf 90' lang='lat' dir='ltr'>quod</span> <span class='ocrx_word' id='word_1_714' title='bbox 3673 4735 3784 4792; x_wconf 89' lang='lat' dir='ltr'>tibi</span> <span class='ocrx_word' id='word_1_715' title='bbox 3815 4713 3913 4794; x_wconf 82' lang='lat' dir='ltr'>lu-</span> 
     </span>
    </p>
   </div>
   <div class='ocr_carea' id='block_1_111' title="bbox 2238 4802 3906 4892">
    <p class='ocr_par' dir='ltr' id='par_1_111' title="bbox 2238 4802 3906 4892">
     <span class='ocr_line' id='line_1_111' title="bbox 2238 4802 3906 4892; baseline 0.018 -39"><span class='ocrx_word' id='word_1_716' title='bbox 2238 4815 2378 4892; x_wconf 86' lang='lat' dir='ltr'>men</span> <span class='ocrx_word' id='word_1_717' title='bbox 2390 4802 2672 4892; x_wconf 81' lang='lat' dir='ltr'>incendit,</span> <span class='ocrx_word' id='word_1_718' title='bbox 2693 4804 2769 4860; x_wconf 89' lang='lat' dir='ltr'>sit</span> <span class='ocrx_word' id='word_1_719' title='bbox 2780 4806 2966 4863; x_wconf 92' lang='lat' dir='ltr'>oculis</span> <span class='ocrx_word' id='word_1_720' title='bbox 2981 4810 3096 4866; x_wconf 90' lang='lat' dir='ltr'>tuis</span> <span class='ocrx_word' id='word_1_721' title='bbox 3111 4819 3447 4885; x_wconf 88' lang='lat' dir='ltr'>acceptum,</span> <span class='ocrx_word' id='word_1_722' title='bbox 3469 4818 3543 4874; x_wconf 87' lang='lat' dir='ltr'>sit</span> <span class='ocrx_word' id='word_1_723' title='bbox 3559 4820 3906 4892; x_wconf 90' lang='lat' dir='ltr'>placidum,</span> 
     </span>
    </p>
   </div>
   <div class='ocr_carea' id='block_1_112' title="bbox 2238 4887 3910 4979">
    <p class='ocr_par' dir='ltr' id='par_1_112' title="bbox 2238 4887 3910 4979">
     <span class='ocr_line' id='line_1_112' title="bbox 2238 4887 3910 4979; baseline 0.019 -38"><span class='ocrx_word' id='word_1_724' title='bbox 2238 4887 2311 4979; x_wconf 82' lang='lat' dir='ltr'>sit</span> <span class='ocrx_word' id='word_1_725' title='bbox 2325 4888 2484 4979; x_wconf 84' lang='lat' dir='ltr'>velut</span> <span class='ocrx_word' id='word_1_726' title='bbox 2499 4888 2597 4946; x_wconf 90' lang='lat' dir='ltr'>ille</span> <span class='ocrx_word' id='word_1_727' title='bbox 2616 4892 2771 4962; x_wconf 86' lang='lat' dir='ltr'>ignis</span> <span class='ocrx_word' id='word_1_728' title='bbox 2788 4893 3275 4968; x_wconf 84' lang='lat' dir='ltr'>inextinguibilis,</span> <span class='ocrx_word' id='word_1_729' title='bbox 3293 4905 3398 4975; x_wconf 91' lang='lat' dir='ltr'>qui</span> <span class='ocrx_word' id='word_1_730' title='bbox 3410 4887 3712 4979; x_wconf 74' lang='lat' dir='ltr'>populum</span> <span class='ocrx_word' id='word_1_731' title='bbox 3729 4887 3910 4971; x_wconf 82' lang='lat' dir='ltr'>tuum</span> 
     </span>
    </p>
   </div>
   <div class='ocr_carea' id='block_1_113' title="bbox 2236 4975 3913 5060">
    <p class='ocr_par' dir='ltr' id='par_1_113' title="bbox 2236 4975 3913 5060">
     <span class='ocr_line' id='line_1_113' title="bbox 2236 4975 3913 5060; baseline 0.018 -30"><span class='ocrx_word' id='word_1_732' title='bbox 2236 4975 2296 5030; x_wconf 92' lang='lat' dir='ltr'>in</span> <span class='ocrx_word' id='word_1_733' title='bbox 2323 4976 2604 5035; x_wconf 90' lang='lat' dir='ltr'>columna</span> <span class='ocrx_word' id='word_1_734' title='bbox 2629 4981 2783 5050; x_wconf 90' lang='lat' dir='ltr'>ignis</span> <span class='ocrx_word' id='word_1_735' title='bbox 2807 4989 2980 5041; x_wconf 90' lang='lat' dir='ltr'>nocte</span> <span class='ocrx_word' id='word_1_736' title='bbox 3009 4991 3394 5058; x_wconf 79' lang='lat' dir='ltr'>praecessitin</span> <span class='ocrx_word' id='word_1_737' title='bbox 3412 4975 3669 5056; x_wconf 73' lang='lat' dir='ltr'>eremo:</span> <span class='ocrx_word' id='word_1_738' title='bbox 3707 5002 3784 5059; x_wconf 86' lang='lat' dir='ltr'>sit</span> <span class='ocrx_word' id='word_1_739' title='bbox 3807 5019 3913 5060; x_wconf 90' lang='lat' dir='ltr'>ve-</span> 
     </span>
    </p>
   </div>
   <div class='ocr_carea' id='block_1_114' title="bbox 2235 5063 3910 5165">
    <p class='ocr_par' dir='ltr' id='par_1_114' title="bbox 2235 5063 3910 5165">
     <span class='ocr_line' id='line_1_114' title="bbox 2235 5063 3910 5165; baseline 0.02 -48"><span class='ocrx_word' id='word_1_740' title='bbox 2235 5063 2321 5119; x_wconf 91' lang='lat' dir='ltr'>lut</span> <span class='ocrx_word' id='word_1_741' title='bbox 2347 5064 2466 5128; x_wconf 91' lang='lat' dir='ltr'>ille,</span> <span class='ocrx_word' id='word_1_742' title='bbox 2497 5068 2600 5165; x_wconf 74' lang='lat' dir='ltr'>qui</span> <span class='ocrx_word' id='word_1_743' title='bbox 2629 5068 2816 5126; x_wconf 89' lang='lat' dir='ltr'>Eliam</span> <span class='ocrx_word' id='word_1_744' title='bbox 2844 5074 3043 5165; x_wconf 89' lang='lat' dir='ltr'>rapuit</span> <span class='ocrx_word' id='word_1_745' title='bbox 3071 5076 3149 5132; x_wconf 92' lang='lat' dir='ltr'>ab</span> <span class='ocrx_word' id='word_1_746' title='bbox 3173 5077 3288 5134; x_wconf 90' lang='lat' dir='ltr'>hoc</span> <span class='ocrx_word' id='word_1_747' title='bbox 3313 5083 3567 5150; x_wconf 91' lang='lat' dir='ltr'>mundo,</span> <span class='ocrx_word' id='word_1_748' title='bbox 3596 5086 3910 5165; x_wconf 86' lang='lat' dir='ltr'>igneoque</span> 
     </span>
    </p>
   </div>
   <div class='ocr_carea' id='block_1_115' title="bbox 2236 5157 3914 5248">
    <p class='ocr_par' dir='ltr' id='par_1_115' title="bbox 2236 5157 3914 5248">
     <span class='ocr_line' id='line_1_115' title="bbox 2236 5157 3914 5248; baseline 0.019 -41"><span class='ocrx_word' id='word_1_749' title='bbox 2236 5169 2413 5210; x_wconf 88' lang='lat' dir='ltr'>curru</span> <span class='ocrx_word' id='word_1_750' title='bbox 2444 5157 2671 5212; x_wconf 72' lang='lat' dir='ltr'>coalitus</span> <span class='ocrx_word' id='word_1_751' title='bbox 2689 5161 2958 5230; x_wconf 85' lang='lat' dir='ltr'>provexit</span> <span class='ocrx_word' id='word_1_752' title='bbox 2991 5180 3004 5218; x_wconf 91' lang='lat'><strong>:</strong></span> <span class='ocrx_word' id='word_1_753' title='bbox 3031 5180 3215 5237; x_wconf 91' lang='lat' dir='ltr'>quem</span> <span class='ocrx_word' id='word_1_754' title='bbox 3241 5168 3466 5228; x_wconf 87' lang='lat' dir='ltr'>Eliseus</span> <span class='ocrx_word' id='word_1_755' title='bbox 3486 5157 3760 5248; x_wconf 83' lang='lat' dir='ltr'>propriis</span> <span class='ocrx_word' id='word_1_756' title='bbox 3784 5157 3914 5238; x_wconf 73' lang='lat' dir='ltr'>cer-</span> 
     </span>
    </p>
   </div>
   <div class='ocr_carea' id='block_1_116' title="bbox 2235 5245 3910 5344">
    <p class='ocr_par' dir='ltr' id='par_1_116' title="bbox 2235 5245 3910 5344">
     <span class='ocr_line' id='line_1_116' title="bbox 2235 5245 3910 5344; baseline 0.02 -47"><span class='ocrx_word' id='word_1_757' title='bbox 2235 5245 2436 5344; x_wconf 78' lang='lat' dir='ltr'>nendo</span> <span class='ocrx_word' id='word_1_758' title='bbox 2467 5247 2658 5302; x_wconf 89' lang='lat' dir='ltr'>oculis</span> <span class='ocrx_word' id='word_1_759' title='bbox 2698 5251 2926 5321; x_wconf 81' lang='lat' dir='ltr'>aspexit</span> <span class='ocrx_word' id='word_1_760' title='bbox 2959 5271 2973 5307; x_wconf 88' lang='lat'><strong>:</strong></span> <span class='ocrx_word' id='word_1_761' title='bbox 3001 5260 3056 5312; x_wconf 91' lang='lat' dir='ltr'>et</span> <span class='ocrx_word' id='word_1_762' title='bbox 3077 5255 3224 5314; x_wconf 90' lang='lat' dir='ltr'>dum</span> <span class='ocrx_word' id='word_1_763' title='bbox 3271 5265 3506 5330; x_wconf 90' lang='lat' dir='ltr'>patrem</span> <span class='ocrx_word' id='word_1_764' title='bbox 3550 5245 3910 5344; x_wconf 76' lang='lat' dir='ltr'>relinquere</span> 
     </span>
    </p>
   </div>
   <div class='ocr_carea' id='block_1_117' title="bbox 2234 5332 3909 5420">
    <p class='ocr_par' dir='ltr' id='par_1_117' title="bbox 2234 5332 3909 5420">
     <span class='ocr_line' id='line_1_117' title="bbox 2234 5332 3909 5420; baseline 0.02 -34"><span class='ocrx_word' id='word_1_765' title='bbox 2234 5332 2444 5420; x_wconf 87' lang='lat' dir='ltr'>noluit,</span> <span class='ocrx_word' id='word_1_766' title='bbox 2466 5350 2676 5392; x_wconf 91' lang='lat' dir='ltr'>currus</span> <span class='ocrx_word' id='word_1_767' title='bbox 2707 5340 2905 5410; x_wconf 87' lang='lat' dir='ltr'>lsraél,</span> <span class='ocrx_word' id='word_1_768' title='bbox 2947 5347 3004 5400; x_wconf 89' lang='lat' dir='ltr'>et</span> <span class='ocrx_word' id='word_1_769' title='bbox 3033 5347 3243 5418; x_wconf 90' lang='lat' dir='ltr'>auriga</span> <span class='ocrx_word' id='word_1_770' title='bbox 3290 5350 3439 5420; x_wconf 91' lang='lat' dir='ltr'>ejus,</span> <span class='ocrx_word' id='word_1_771' title='bbox 3491 5354 3700 5417; x_wconf 89' lang='lat' dir='ltr'>vivida.</span> <span class='ocrx_word' id='word_1_772' title='bbox 3739 5332 3909 5419; x_wconf 41' lang='lat' dir='ltr'>‘voce</span> 
     </span>
    </p>
   </div>
   <div class='ocr_carea' id='block_1_118' title="bbox 2236 5419 3906 5512">
    <p class='ocr_par' dir='ltr' id='par_1_118' title="bbox 2236 5419 3906 5512">
     <span class='ocr_line' id='line_1_118' title="bbox 2236 5419 3906 5512; baseline 0.022 -39"><span class='ocrx_word' id='word_1_773' title='bbox 2236 5419 2511 5512; x_wconf 68' lang='lat' dir='ltr'>clamavit</span> <span class='ocrx_word' id='word_1_774' title='bbox 2540 5440 2553 5479; x_wconf 92' lang='lat'><strong>:</strong></span> <span class='ocrx_word' id='word_1_775' title='bbox 2578 5439 2759 5512; x_wconf 83' lang='lat' dir='ltr'>quem</span> <span class='ocrx_word' id='word_1_776' title='bbox 2787 5430 3015 5502; x_wconf 85' lang='lat' dir='ltr'>Moyses</span> <span class='ocrx_word' id='word_1_777' title='bbox 3043 5434 3245 5493; x_wconf 90' lang='lat' dir='ltr'>videre</span> <span class='ocrx_word' id='word_1_778' title='bbox 3276 5419 3634 5512; x_wconf 88' lang='lat' dir='ltr'>promeruit,</span> <span class='ocrx_word' id='word_1_779' title='bbox 3670 5453 3734 5508; x_wconf 88' lang='lat' dir='ltr'>et</span> <span class='ocrx_word' id='word_1_780' title='bbox 3760 5467 3906 5510; x_wconf 89' lang='lat' dir='ltr'>cum</span> 
     </span>
    </p>
   </div>
   <div class='ocr_carea' id='block_1_119' title="bbox 2236 5508 3509 5593">
    <p class='ocr_par' dir='ltr' id='par_1_119' title="bbox 2236 5508 3509 5593">
     <span class='ocr_line' id='line_1_119' title="bbox 2236 5508 3509 5593; baseline 0.021 -30"><span class='ocrx_word' id='word_1_781' title='bbox 2236 5508 2489 5568; x_wconf 89' lang='lat' dir='ltr'>Domino</span> <span class='ocrx_word' id='word_1_782' title='bbox 2515 5526 2579 5568; x_wconf 92' lang='lat' dir='ltr'>se</span> <span class='ocrx_word' id='word_1_783' title='bbox 2605 5511 2891 5586; x_wconf 89' lang='lat' dir='ltr'>locutum,</span> <span class='ocrx_word' id='word_1_784' title='bbox 2919 5523 3149 5593; x_wconf 88' lang='lat' dir='ltr'>populo</span> <span class='ocrx_word' id='word_1_785' title='bbox 3177 5508 3509 5590; x_wconf 88' lang='lat' dir='ltr'>nunciavit.</span> 
     </span>
    </p>
   </div>
  </div>
