4160 6418
1186 296 1540 360 DOMINICA
1576 296 1675 375 νη
1711 296 1895 371 Ροετ
1914 268 2279 373 ὀετΑνΑΜ
2308 309 2735 373 EPIPHANIIE.

273 419 439 478 Pater
467 424 721 481 noster.
760 424 1024 493 Liberati
1057 442 1094 485 a
1119 429 1302 489 malo.
1337 430 1547 498 Quaere
1566 428 1680 499 fol.
1710 426 1770 481 2.

3561 330 3667 399 238

502 424 728 526 tester:
760 424 1024 526 Liberati
1057 442 1094 485 a
1119 429 1302 526 malo.
1337 430 1547 526 Quaere
1566 426 1770 526 ἴοι-2.
1936 423 1985 499 Α
2058 434 2418 526 ΔΑηιίρΙιοηα
2444 444 2495 498 3.
2527 440 2665 498 Esto
2695 440 2873 498 nobis
2900 443 3149 505 Domine
3165 447 3227 505 in
3257 449 3443 507 Deum
3471 456 3667 526 prote-

290 510 1075 606 Benedietioﬁevotionem
1090 521 1344 574 vestram
1361 517 1637 574 Dominus
1658 515 1910 587 dignan-
2017 523 2257 584 ctorem.
2289 529 2352 585 P.
2380 533 2447 588 Et
2474 529 2536 587 in
2565 530 2766 589 locum
2790 534 3111 606 munitum,
3142 541 3208 595 ut
3228 539 3424 597 salvos
3439 510 3662 600 n-osfa-

243 606 313 660 ter
332 600 632 669 intendat,
670 606 731 658 et
756 603 1034 660 remedia
1052 605 1220 662 vobis
1238 611 1579 681 opportuna
1615 606 1903 663 restituat.
2016 611 2159 669 cias.
2188 615 2250 678 ἣν.
2270 619 2461 683 Quam
2488 634 2714 690 magna
2735 622 3052 680 multitudo
3078 600 3530 686 dulcedinistuae
3548 632 3661 688 Do-

242 706 294 789 ii.
327 695 544 789 amen.
597 691 1026 789 :l‘ranquillam
1072 695 1257 789 vobis
1292 696 1556 789 conferat
1582 696 1910 789 -vitam,_et
2013 699 2197 789 mine,
2229 720 2417 776 quam
2448 707 2814 765 abscondisti
2844 709 3191 770 timentibus
3222 718 3275 771 te
3310 714 3323 769 l
3350 721 3405 771 et
3431 716 3661 789 perfec-

244 781 408 873 bonis
441 780 737 873 omnibus
752 780 1085 873 abundare
1104 800 1213 841 vos
1233 784 1433 843 faciet.
1466 797 1530 855 Br.
1562 786 1777 873 Amen.
1802 786 1906 842 Ta—
2013 788 2143 844 cisti
2166 794 2542 864 sperantibus
2572 796 2633 852 in
2664 800 2737 865 te,
2768 797 2831 854 in
2878 804 3206 873 conspectu
3243 780 3503 860 ﬁlioru-m
3558 805 3661 863 ho-

236 872 395 961 lique
419 885 534 961 vos
556 869 836 961 subsidio
857 871 1092 961 pietatis
1122 879 1291 944 regat
1318 875 1381 933 in
1409 874 1647 941 sieculo,
1671 877 1735 930 ut
1765 872 1904 931 bea-
2010 876 2268 937 minum.
2289 882 2346 939 P.
2376 886 2443 941 Et
2470 884 2533 941 in
2562 885 2786 943 locum.
2828 897 2895 957 Βι.
2923 869 3138 961 Gloria,
3168 894 3224 948 et
3246 890 3440 949 honor
3482 894 3655 954 Patri.

235 959 501 1017 titudinis
541 959 757 1015 merito
790 959 1065 1019 sustollat
1088 962 1150 1018 in
1179 963 1415 1025 ccelum.
1447 975 1513 1034 11-.
1544 963 1754 1020 Amen.

301 1048 407 1104 Per
438 1047 928 1105 misericordiam
943 1092 956 1103 .

298 1137 538 1194 Lauda.
560 1135 882 1202 Quomodo
909 1138 1085 1195 dilexi
1111 1138 1306 1211 legem
1320 1144 1486 1197 tuam
1502 1138 1750 1197 Domine
1766 1140 1794 1196 ἲ)
1809 1138 1899 1195 ΑΙ-

219 1224 429 1283 leluia.
459 1226 524 1279 P.
561 1224 708 1281 Tota
744 1225 842 1291 die
868 1227 1177 1285 meditatio
1216 1244 1353 1286 mea
1382 1232 1486 1285 est.
1517 1228 1786 1297 Alleluia,
1814 1226 1894 1283 al-

214 1314 428 1371 leluia.
461 1314 526 1377 v.
563 1315 757 1379 Quam
784 1314 987 1372 dulcia
1011 1316 1287 1373 faucibus
1320 1319 1471 1374 meis
1506 1316 1746 1390 eloquia
1773 1320 1893 1393 tua,

216 1420 409 1477 super
432 1402 559 1459 mel
590 1403 676 1458 ori
707 1405 879 1460 meo!
924 1404 986 1461 P.
1016 1408 1159 1463 Tota
1198 1406 1313 1463 die.
1347 1406 1411 1465 if.
1454 1404 1663 1471 Gloria,
1704 1409 1760 1462 et
1788 1405 1894 1461 ho-

211 1508 352 1551 nor.
384 1494 453 1548 P.
496 1491 649 1547 Tota
668 1492 782 1548 die.

290 1581 521 1637 Oratio.
560 1580 901 1638 Clamantes
913 1582 991 1639 ad
1015 1582 1328 1655 te;Domine
1340 1625 1354 1638 .
1380 1581 1637 1654 Require
1646 1582 1750 1651 fol.
1774 1583 1892 1649 124.

291 1687 923 1755 Commemorationes,
964 1694 1028 1746 ut
1057 1689 1121 1747 in
1164 1689 1424 1760 Vesperis
1448 1688 1522 1747 de
1561 1689 1756 1757 primo
1777 1688 1894 1744 Do.

211 1776 435 1834 minim
478 1776 853 1835 deAdventu
879 1778 1145 1836 Domini.

830 1897 922 1953 Ad
948 1897 1336 1955 Matutinum.

304 2021 524 2079 Oratio.
565 2022 820 2079 Domine
851 2025 1025 2094 Deus,
1058 2023 1229 2079 Pater
1268 2020 1669 2092 omnipotens,
1709 2019 1892 2097 inspi-

214 2114 407 2167 rator.
444 2110 660 2175 Quaere
678 2111 802 2181 fol.
840 2115 927 2166 '26.

285 2199 665 2271 Antiphona.
697 2198 896 2255 Gloria
941 2214 1080 2255 mea
1110 2200 1264 2255 Deus
1305 2212 1499 2265 meus,
1530 2200 1586 2255 et
1616 2197 1889 2261 exaltans

204 2292 400 2360 caput
423 2304 658 2345 meum.
694 2290 981 2347 Psalmus
1006 2303 1087 2345 III.

280 2378 670 2448 Antiphone.
695 2377 821 2434 Tibi
846 2376 956 2433 soli
971 2376 1217 2450 peccavi
1237 2394 1252 2447 ;
1272 2375 1554 2433 miserere
1570 2375 1687 2433 mei
1710 2378 1887 2433 Deus.

208 2468 501 2524 Psalmus
528 2484 585 2525 1..

295 2573 481 2646 124
530 2575 823 2631 Psalmus.
883 2573 1161 2631 Miserere
1217 2572 1336 2630 mei
1386 2572 1566 2643 Deus,
1608 2571 1889 2635 miserere

213 2670 359 2727 mei:
403 2664 710 2735 quoniam
736 2663 797 2721 in
818 2666 873 2720 te
909 2662 1161 2720 conﬁdit
1185 2660 1390 2720 anima
1422 2677 1585 2720 mea.
1617 2661 1888 2719 Psalmus

212 2775 327 2816 LVI.

283 2844 523 2904 Oratio.
556 2841 650 2899 Ad
697 2844 754 2898 te
815 2840 1067 2899 Domine
1104 2840 1429 2898 clamorem
1460 2842 1699 2909 nostra:
1724 2839 1885 2896 vocis

211 2937 555 2995 emittimus
585 2949 599 2998 ;
633 2930 881 3004 tibique,
931 2935 995 2988 ut
1039 2946 1152 2988 nos
1174 2930 1250 2987 de
1283 2934 1490 2987 monte
1550 2932 1756 2986 sancto
1781 2932 1884 2989 tuo

209 3023 533 3087 exaudias,
578 3019 990 3091 supplicamus
1010 3039 1023 3078 :
1047 3024 1103 3077 et
1119 3018 1266 3091 quia
1291 3022 1355 3075 tu
1379 3019 1535 3078 nosti
1566 3016 1885 3087 subjectio-

2009 965 2077 1023 P.
2098 971 2165 1026 Et
2188 969 2250 1026 in
2268 971 2468 1030 locum
2490 975 2817 1032 munitum.

2081 1058 2303 1117 Oratio.
2346 1064 2481 1120 Esto
2510 1064 2761 1121 Domine
2790 1066 2851 1122 in
2896 1067 3085 1124 Deum
3131 1071 3657 1141 protectorem;ne

2004 1144 2213 1205 incolis
2229 1148 3007 1223 obsidentibus,nostrarum
3024 1156 3331 1228 integritas
3357 1160 3650 1217 mentium

2003 1232 2270 1293 feriatur:
2298 1251 2409 1309 pro
2438 1240 2572 1297 loco
2597 1244 2799 1299 autem
2830 1243 3064 1300 munito
3094 1248 3265 1301 tuum
3283 1246 3507 1303 habere
3530 1263 3654 1305 me-

2002 1338 2245 1382 reamur
2270 1327 2586 1385 auxilium:
2620 1332 2834 1387 Namte
2864 1332 3471 1404 nobisobrumbante,
3487 1335 3654 1395 nulla

2002 1414 2213 1471 virtute
2242 1416 2469 1473 valebit
2505 1417 2847 1492 inrumpere
2873 1435 2885 1476 :
2915 1435 3026 1477 nec
3053 1436 3326 1478 recessus
3381 1425 3650 1481 tentatio-

2002 1516 2150 1557 num
2178 1503 2507 1576 penetrabit
2528 1514 2787 1572 nostros,
2811 1507 2862 1562 si
2885 1508 3113 1565 tuintra
3133 1514 3416 1584 extraque
3441 1511 3651 1570 adfue-

2000 1590 2103 1661 ris,
2138 1596 2194 1647 et
2212 1591 2660 1655 ﬁrmamentum
2688 1594 3107 1669 refugiumque
3153 1602 3426 1657 nostram
3481 1604 3649 1659 tuam

2002 1678 2311 1738 dexteram
2339 1681 2594 1739 dederis.
2630 1694 2692 1754 Βι.
2726 1688 2934 1740 Amen.

1923 1772 1968 1827 Β
2073 1769 2183 1826 Per
2203 1769 2677 1827 misericordiam
2698 1775 2887 1829 tuam.

2073 1869 2137 1927 1y.
2180 1859 2428 1916 Domine
2454 1858 2759 1924 virtutum,
2791 1876 2930 1917 cum
2952 1860 3373 1936 tranquillitate
3408 1862 3647 1935 judicas

2001 1952 2364 2020 peccatores,
2392 1952 2447 2006 et
2473 1964 2610 2005 cum
2650 1950 2978 2008 reverentia
3004 1951 3247 2023 corrigis
3269 1958 3552 2010 errantes.
3584 1959 3646 2011 P.

1999 2039 2083 2101 Tu
2112 2036 2221 2095 das
2273 2038 2542 2109 peccanti
2570 2038 2767 2095 locum
2786 2038 3179 2112 poenitentiae:
3234 2044 3296 2097 tu
3326 2041 3483 2100 dona
3504 2048 3651 2101 tem-

1999 2142 2137 2199 pus,
2178 2130 2235 2182 et
2264 2142 2627 2199 moram,per
2642 2127 2806 2200 quod
2820 2129 3123 2200 possimus
3151 2130 3431 2187 mundari
3462 2148 3497 2189 a
3518 2148 3644 2191 ma-

1998 2215 2149 2273 litia.
2183 2214 2247 2276 ‘i’.
2277 2218 2341 2271 Et
2369 2216 2617 2273 Domine
2640 2219 2794 2272 Deus
2824 2217 3125 2286 virtutum,
3180 2219 3403 2285 suavis,
3444 2236 3514 2277 ac
3553 2222 3650 2279 mi-

1999 2304 2077 2371 tis
2108 2319 2190 2370 es,
2219 2303 2477 2379 patiens,
2509 2308 2567 2361 et
2598 2320 2737 2361 cum
2777 2305 3182 2364 misericordia
3224 2306 3490 2380 disponis
3513 2325 3646 2366 nos.

1999 2394 2063 2450 P.
2091 2396 2175 2450 Tu
2204 2391 2310 2450 das
2350 2394 2642 2468 peccanti.
2679 2393 2741 2455 V.
2776 2395 2988 2469 Gloria,
3023 2400 3080 2453 et
3123 2396 3337 2467 honor,
3370 2402 3478 2456 etc.
3525 2399 3650 2455 Rei-

2002 2488 2216 2542 teretur
2233 2494 2297 2555 1v.

2609 2573 2682 2629 In
2714 2572 3032 2631 Laudibus.

2067 2661 2162 2717 Ad
2193 2659 2517 2721 Canticum.
2545 2661 2917 2733 Antiphona.
2948 2664 3028 2720 De
3054 2667 3229 2720 nocte
3246 2663 3451 2735 vigilat
3479 2664 3647 2740 spiri-

1995 2751 2093 2806 tus
2121 2766 2291 2807 meus
2320 2750 2398 2807 ad
2428 2754 2482 2806 te
2510 2750 2695 2806 Deus:
2725 2750 2871 2821 quia
2898 2751 3002 2807 lux
3042 2757 3341 2824 praecepta
3379 2758 3482 2811 tua
3506 2760 3647 2813 sunt

1995 2841 2234 2895 terram.
2257 2838 2318 2893 P.
2347 2837 2636 2895 Justitiam
2657 2837 2885 2895 discite.

2068 2926 2410 2983 Canticum.
2439 2927 2518 2981 De
2547 2930 2721 2982 nocte
2749 2925 2975 2995 vigilat.
3007 2928 3258 2998 Require
3285 2929 3396 2998 fol.
3422 2930 3510 2985 64.

2068 3015 2293 3072 Oratio.
2320 3016 2401 3071 De
2429 3017 2600 3072 nocte
2630 3014 2978 3085 vigilantem
3030 3017 3103 3072 ad
3133 3020 3186 3072 te
3227 3017 3499 3089 spiritum
3539 3034 3644 3076 no-

206 3116 302 3173 nis
321 3117 561 3171 nostrae
584 3108 895 3166 inﬁrmam
914 3108 1212 3175 virtutem,
1239 3122 1353 3164 nos
1375 3107 1620 3164 dextera
1640 3110 1743 3163 tua
1761 3121 1881 3164 cor-
1912 3127 1956 3184 ο
1994 3109 2204 3170 strum,
2234 3102 2366 3160 luce
2393 3105 2546 3159 Deus
2584 3102 2803 3159 decora
2828 3108 3260 3176 praeceptorum
3312 3109 3551 3162 tuorum
3580 3107 3642 3163 il-

208 3203 437 3260 robora
474 3214 487 3255 :
513 3198 650 3256 dele
679 3197 846 3254 mala
873 3196 1154 3254 nocentia
1184 3214 1198 3264 ;
1222 3200 1279 3253 et
1304 3195 1384 3253 ad
1412 3196 1789 3269 sequendum
1828 3198 1883 3253 te

211 3291 400 3349 corda
439 3289 640 3346 excita
657 3290 898 3343 nostra:
933 3300 1079 3342 nam
1114 3285 1258 3358 quia
1287 3284 1502 3342 salvari
1528 3300 1635 3357 per
1665 3300 1727 3341 se
1758 3299 1883 3342 non

212 3379 462 3439 conﬁdit
499 3378 778 3433 humana
804 3373 1128 3443 fragilitas:
1159 3373 1372 3445 eripiat
1392 3373 1627 3435 animas
1646 3377 1882 3431 nostras

212 3471 436 3527 emissa
466 3468 545 3523 de
576 3465 727 3522 coelo
749 3462 1165 3520 misericordia
1180 3466 1307 3519 tua.
1336 3474 1400 3532 nr.
1425 3464 1636 3519 Amen.

280 3561 391 3615 Per
421 3552 905 3613 misericordiam
934 3554 1102 3608 tuam
1122 3552 1278 3607 Deus
1304 3559 1528 3619 noster,
1562 3556 1673 3608 etc.

283 3646 638 3717 Antiphona
660 3643 710 3698 1.
727 3640 979 3697 Benedic
992 3640 1243 3695 Domine
1254 3639 1663 3697 haereditatem
1676 3644 1841 3700 tuam
1861 3657 1878 3701 ε

212 3739 277 3793 Ρ.
313 3737 384 3793 Et
413 3749 558 3805 rege
588 3748 746 3799 eam,
778 3733 838 3788 et
883 3728 1096 3787 extolle
1130 3744 1319 3801 usque
1339 3729 1401 3785 in
1442 3730 1763 3789 saeculum.
1800 3731 1872 3795 llr.

211 3828 368 3894 Quia
398 3829 464 3881 tu
492 3823 746 3879 Domine
771 3819 994 3890 suavis,
1022 3833 1095 3875 ac
1122 3818 1281 3875 mitis
1302 3833 1384 3886 es,
1408 3823 1466 3875 et
1490 3819 1748 3878 multum
1768 3822 1880 3879 mi-

212 3916 471 3972 sericors
501 3908 929 3969 invocantibus
959 3911 1034 3965 te.
1062 3908 1121 3963 P.
1162 3906 1232 3964 Et
1258 3920 1398 3977 rege
1445 3922 1606 3967 eam.
1656 3909 1718 3971 77.
1750 3910 1882 3970 Glo-

204 4007 320 4073 ria,
352 4008 414 4061 et
440 4003 657 4061 honor.
683 4001 746 4056 P.
793 4001 858 4056 Et
886 4012 1027 4069 rege
1050 4012 1207 4055 eam.

282 4092 518 4151 Oratio.
552 4091 895 4147 Clamantes
915 4087 995 4145 ad
1040 4090 1095 4144 te
1133 4083 1404 4154 Domine,
1433 4100 1776 4158 precamur:
1807 4090 1880 4147 ut

204 4186 270 4241 in
290 4180 714 4240 consolatione
733 4181 945 4236 nostra
962 4190 1086 4233 non
1132 4175 1311 4232 sileas
1327 4190 1349 4231 :
1374 4190 1485 4232 nec
1512 4190 1628 4233 nos
1664 4192 1875 4235 secun-

206 4274 364 4329 dum
390 4269 696 4327 desideria
707 4266 907 4325 cordis
921 4266 1107 4323 nostri
1126 4265 1727 4338 relinquendo,simul
1746 4282 1877 4324 cum

205 4360 632 4435 peccatoribus
680 4356 929 4423 tradas;
991 4355 1161 4412 salva
1188 4354 1431 4427 plebem
1474 4358 1664 4422 tuam,
1685 4371 1876 4428 quam

1991 3194 2206 3253 lustra:
2240 3197 2297 3249 et
2324 3192 2387 3247 in
2424 3195 2772 3263 tempestate
2796 3190 3226 3262 requirentium
3256 3192 3416 3263 vigil,
3456 3198 3521 3249 ut
3540 3194 3644 3251 lux

1994 3282 2201 3340 adesto
2227 3278 2597 3337 meridiana:
2627 3278 2811 3335 Nullae
2836 3294 2947 3335 nos
2976 3279 3234 3337 tenebrae
3255 3283 3312 3337 te
3329 3286 3644 3357 sequentes

1991 3369 2357 3442 impediant;
2384 3366 2811 3439 necinjustitiae
2833 3382 3005 3424 amor
3026 3372 3232 3425 nostra
3253 3372 3360 3425 ate
3392 3369 3645 3440 vestigia

1990 3458 2280 3518 retrahat:
2321 3456 2428 3515 sed
2452 3455 2756 3514 valeamus
2779 3455 3065 3527 justitiam
3091 3456 3407 3527 discere,te
3439 3462 3641 3517 aucto-

1990 3565 2121 3607 rem
2166 3546 2407 3620 justitiaa
2444 3544 2775 3619 proficienti
2818 3544 3196 3618 postulamus
3226 3546 3532 3603 aviditate:
3566 3563 3638 3603 ac

1992 3640 2142 3696 dum
2190 3637 2323 3694 visu
2368 3635 2592 3709 perpeti
2637 3634 2917 3708 amplecti
2974 3635 3477 3709 concupiscimus,
3523 3639 3641 3694 tuae

1992 3742 2236 3803 quoque
2273 3724 2574 3799 sapientiai
2617 3723 2996 3799 amplexibus
3053 3726 3387 3799 perenniter
3420 3725 3643 3783 haerea-

1992 3833 2141 3889 mus.
2181 3826 2245 3886 Bg.
2276 3818 2487 3872 Amen.

2062 3908 2169 3965 Per
2197 3901 2692 3963 misericordiam.

2632 3992 2730 4048 Ad
2754 3988 3128 4050 Benedictus.

2062 4080 2432 4154 Antiphone.
2468 4079 2816 4138 Sacerdotes
2861 4080 3017 4137 servi
3057 4079 3159 4136 Dei
3180 4077 3414 4153 excelsi,
3446 4075 3641 4138 Domi-

1990 4184 2142 4247 num
2170 4173 2441 4228 nostrum
2465 4166 2798 4224 benedicta.

2066 4260 2404 4321 Canticum.
2438 4255 2790 4313 Benedictus
2818 4272 2883 4315 es
2917 4254 3166 4314 Domine
3196 4255 3349 4314 Deus
3396 4259 3642 4331 patrum

1990 4354 2354 4409 nostrorum.
2389 4348 2594 4416 Quare
2615 4344 2679 4403 in
2706 4348 2901 4418 primo
2927 4346 3237 4403 Dominico
3267 4346 3340 4404 de
3361 4346 3644 4403 Adventu

201 4458 272 4508 tu
313 4451 449 4523 ipse
507 4448 767 4505 creasti:
836 4450 894 4502 et
918 4443 1190 4541 benedic
1244 4443 1637 4541 hereditatem
1683 4448 1872 4511 tuam,
1905 4483 1955 4541 Β
1989 4440 2233 4541 Domini
2394 4435 3530 4541 6..OratioDomineiDeuspatrum.fni:
3553 4438 3641 4541 93A.

203 4556 402 4614 quam
422 4537 687 4611 pretioso
717 4534 1013 4606 sanguine
1031 4532 1359 4591 redemisti.
1386 4544 1449 4605 Ir.
1481 4534 1693 4592 Amen.

278 4631 389 4685 Per
419 4625 898 4683 misericordiam
910 4628 1099 4681 tuam.

277 4717 641 4785 Antiphone
669 4719 725 4772 2.
752 4715 839 4770 Da
857 4712 1136 4770 virtutem
1174 4708 1447 4780 Domine,
1471 4712 1696 4787 populo
1722 4715 1826 4770 tuo
1855 4730 1873 4772 :

204 4808 265 4865 P.
300 4808 372 4864 Et
395 4805 650 4862 benedic
678 4803 740 4859 in
786 4818 934 4876 pace
974 4801 1214 4874 plebem
1258 4806 1457 4858 tuam:
1516 4802 1584 4861 δι’.
1634 4806 1698 4859 Et
1734 4818 1877 4873 rege

203 4913 367 4969 eam,
414 4900 475 4952 et
523 4893 741 4950 extolle
769 4907 962 4964 usque
989 4892 1052 4947 in
1083 4891 1462 4948 saeculorum.
1495 4891 1559 4947 P.
1599 4893 1666 4948 Et
1691 4891 1876 4949 bene-

202 4986 409 5045 dicJt'.
446 4984 667 5051 Gloria,
703 4986 759 5038 et
794 4981 1007 5038 honor.
1030 4981 1089 5036 P.
1123 4983 1190 5037 Et
1215 4980 1491 5037 benedic.

278 5076 513 5131 Oratio.
542 5074 629 5128 Da
651 5070 903 5127 Domine
931 5070 1211 5126 virtutem
1234 5068 1463 5141 populo
1503 5070 1607 5125 tua
1667 5073 1885 5127 contra;

203 5164 651 5221 adversitatum
672 5159 953 5217 omnium
972 5158 1138 5217 mala
1159 5177 1175 5228 ;
1206 5157 1565 5230 plebemque
1585 5161 1755 5216 tuam
1774 5175 1885 5232 pa-

203 5254 293 5310 cis
321 5252 674 5311 conlatione
705 5247 1042 5320 locuplete:
1078 5252 1145 5303 ut
1176 5262 1286 5319 pro
1312 5246 1691 5303 abundantia
1715 5251 1883 5320 quie--

201 5343 297 5409 tis,
332 5357 555 5400 omnes
609 5340 672 5395 in
723 5336 951 5408 templo
990 5341 1092 5393 tuo
1119 5335 1225 5392 tibi
1245 5335 1499 5405 gloriam
1529 5336 1879 5402 concinant;

195 5432 575 5505 laudemque
603 5427 833 5501 pariter
855 5429 912 5481 et
950 5424 1263 5491 honorem,
1315 5424 1491 5480 malis
1520 5426 1656 5480 vitae
1694 5425 1882 5496 huius

199 5522 387 5591 obliti,
413 5528 535 5579 tuae
578 5528 832 5587 semper
857 5514 1141 5585 ,deferant
1186 5513 1505 5585 majestati.
1544 5526 1612 5586 1v.
1664 5518 1883 5573 Amen.

270 5613 378 5671 Per
395 5603 903 5671 misericordiam
924 5607 1092 5662 tuam
1118 5604 1276 5661 Deus
1294 5604 1521 5661 noster.

2061 4532 2242 4588 Sena.
2274 4525 2621 4585 llluminans
2667 4527 2731 4582 tu
2788 4525 3101 4582 mirabilis.
3154 4524 3429 4583 Alleluia.
3488 4527 3550 4581 P.
3598 4528 3647 4580 A

1989 4617 2299 4679 montibus
2346 4615 2605 4673 aeternis.
2630 4612 2896 4673 Alleluia.
2924 4615 2989 4676 ἵ.
3036 4612 3324 4685 Cogitatio
3379 4612 3645 4669 hominis

1992 4705 2391 4773 confitebitur,
2416 4705 2601 4760 Deus:
2654 4708 2709 4759 et
2744 4701 3012 4775 reliquiae
3071 4700 3445 4771 cogitationis
3484 4698 3646 4755 diem

1992 4798 2212 4855 festum
2229 4795 2413 4865 agent
2432 4792 2556 4848 tibi.
2589 4790 2646 4847 P.
2674 4795 2720 4847 A
2749 4789 3077 4848 montibus.

2065 4884 2291 4942 Lauda.
2343 4882 2608 4939 Laudate
2656 4879 2953 4935 Dominun
3009 4878 3083 4934 de
3140 4877 3333 4933 caelis:
3377 4874 3646 4933 Alleluia.

1995 4973 2259 5032 Laudate
2288 4986 2426 5029 eum
2442 4969 2503 5026 in
2532 4967 3079 5035 excelsis.AlleIuia,
3098 4966 3352 5024 alleluia.
3374 4966 3651 5023 Psalmus

1997 5077 2228 5121 CXLVIII.

2070 5153 2272 5211 Lectto
2295 5148 2445 5208 libri
2468 5146 2787 5218 Sapientiae
2814 5144 3215 5205 Ecclesiastici
3243 5143 3585 5217 Salomonis

2485 5238 2653 5312 (Cap.
2678 5252 2861 5303 xxxn,
2891 5236 3121 5307 χχχιιι).

2075 5345 2142 5405 13,.
2183 5333 2303 5389 Deo
2329 5327 2569 5401 gratias.

2080 5421 2207 5485 Fili,
2253 5419 2380 5474 sine
2431 5416 2678 5474 consilio
2706 5413 2855 5472 nihil
2891 5412 3098 5481 facias,
3143 5415 3199 5467 et
3248 5411 3389 5482 post
3433 5408 3661 5464 factum

2009 5521 2138 5569 non
2159 5506 2564 5582 poeniteberis.
2595 5506 2661 5562 In
2684 5506 2847 5563 viam
2873 5502 3061 5560 ruina:
3100 5499 3271 5571 125
3304 5512 3427 5553 non
3452 5496 3663 5582 eas,4et

2009 5615 2139 5663 non
2160 5580 2515 5661 nﬂendesin
2538 5591 2742 5667 lapide
2766 5608 2783 5651 :
2814 5607 2925 5667 nec
2950 5589 3170 5667 reddas
3195 5592 3249 5667 te
3272 5584 3383 5665 viae
3406 5580 3663 5663 laborioo
