4160 6420
528 311 630 410 έθέ)

1657 307 1660 310 ’
1767 335 2220 433 BREVlARIUM
2262 298 2650 398 cornicum.

3835 334 3951 400 240

529 462 628 538 sae,
660 491 768 530 nec
790 490 981 546 ponas
1001 473 1218 530 animae
1241 475 1354 527 tuae
1381 469 1763 525 scandalum:
1787 473 1839 525 et
1858 484 1894 525 a
1912 467 2021 523 viis
2055 467 2166 522 tuis
2195 468 2246 521 Α
2274 463 2481 522 oculos
2513 471 2769 534 nostros,
2794 466 3049 530 Domine,
3086 466 3343 537 Require
3363 467 3478 536 fol.
3525 470 3642 523 H3.

527 580 690 629 cave,
723 569 776 617 et
807 579 842 617 a
867 561 1207 617 domesticis
1243 559 1354 614 tuis
1378 557 1632 614 attende.
1686 559 1750 612 In
1793 555 1959 613 omni
1991 569 2167 626 opere

529 651 703 706 crede
738 667 806 705 ex
846 649 967 704 ﬁde
1020 649 1225 704 animae
1274 653 1416 703 tum:
1459 651 1547 701 est
1598 645 1755 700 enim
1797 643 2167 700 conservatio

529 735 976 794 mandatorum.
997 738 1103 802 Qui
1123 735 1308 791 credit
1339 738 1475 799 Deo,
1495 739 1552 790 et
1575 734 1704 804 ejus
1735 732 1981 790 attendit
2000 745 2168 786 man-

529 826 683 882 datis
717 844 729 881 :
763 825 936 898 etqui
967 824 1276 881 confidunt
1311 823 1372 879 in
1388 823 1506 888 illo,
1530 839 1652 878 non
1683 821 2159 878 minorabuntur.

529 914 775 969 Timenti
797 913 1112 968 Dominum
1137 927 1257 967 non
1291 916 1609 967 occurrunt
1631 911 1811 974 malo,
1838 908 2014 964 sedin
2045 913 2168 963 ten-

531 1002 750 1056 tatione
806 1001 960 1056 Deus
1010 1001 1176 1055 illum
1207 1002 1538 1064 conservat,
1581 1004 1636 1053 et
1675 997 1888 1053 liberat
1915 996 2150 1052 amalo.

533 1101 595 1158 Βτ.
638 1091 844 1144 Amen.

598 1177 880 1244 Hymnus.
914 1175 1491 1246 Splendorpaternze.
1511 1174 1617 1243 fol.
1649 1178 1737 1228 67.
1765 1172 2164 1242 Supplicatio.

527 1268 772 1319 Oremus
805 1263 1256 1334 Redemptorem
1293 1263 1514 1317 mundi.
1547 1262 1660 1330 fol.
1697 1265 1782 1316 66.

596 1351 889 1419 Capitula.
915 1352 1105 1415 Quam
1143 1349 1527 1418 magniﬁcata
1557 1352 1694 1404 sunt
1721 1362 1903 1420 opera
1925 1351 2028 1402 tua
2058 1349 2162 1402 Do-

526 1439 722 1493 mine!
764 1438 1054 1493 omniain
1103 1437 1394 1509 sapientia
1420 1436 1636 1492 fecisti:
1693 1452 1828 1491 ecce
1854 1437 1982 1505 jam
2005 1439 2164 1490 tetras

523 1527 711 1581 noctis
739 1526 967 1582 sidereo
991 1525 1310 1597 splendore
1331 1524 1523 1593 caligo
1545 1523 1928 1596 respergitur,
1953 1523 2163 1578 etinci-

521 1614 738 1685 pientis
760 1614 875 1669 diei
900 1628 1150 1670 aureum
1170 1613 1412 1667 luminis
1441 1613 1621 1667 decus
1644 1610 1997 1680 ingreditur:
2030 1625 2166 1666 ecce

516 1703 645 1772 jam
671 1703 863 1758 noctis
889 1705 1132 1773 peracto
1154 1716 1350 1767 cursu,
1366 1700 1468 1755 lux
1489 1699 1563 1755 de
1581 1699 1838 1755 candido
1864 1698 2164 1756 omlifasti-

2345 553 2512 607 Sono.
2562 556 2624 608 l‘e
2644 553 3096 626 decetlhymnus
3123 555 3277 609 Deus
3305 554 3366 609 in
3392 553 3567 610 Sion:
3603 557 3661 611 et
3681 553 3797 610 tibi
3814 554 3951 611 red-

2275 639 2446 695 detur
2485 646 2707 697 votum.
2738 643 2796 695 P.
2821 644 2883 696 In
2917 641 3591 700 llierusalem.Alleluia.
3617 642 3681 703 V.
3708 643 3954 700 Exaudi

2277 728 2428 782 Deus
2457 728 2789 786 orationem
2801 735 3104 787 nostram:
3130 731 3208 787 ad
3233 735 3288 787 te
3315 732 3513 787 omnis
3543 746 3688 788 caro
3723 733 3944 790 veniet.

2283 814 2340 869 P.
2371 819 2460 872 1n.

2348 904 2631 960 Dominus
2662 905 2752 960 sit.
2783 918 2846 975 Br.
2879 905 2945 962 Et
2973 921 3130 962 cum.

2342 992 2698 1062 Antiphona.
2727 993 3012 1050 Dominus
3039 993 3332 1066 sapientia
3379 994 3661 1052 fundavit
3695 1000 3953 1067 terram,

2273 1080 2553 1136 stabilivit
2576 1080 2756 1137 caelos
2783 1083 3117 1154 prudentia.
3153 1084 3210 1136 P.
3236 1083 3538 1154 Sapientia
3589 1084 3756 1140 illius
3789 1086 3947 1142 'eru-

2273 1174 2488 1240 perunt
2515 1169 2737 1241 abyssi,
2768 1177 2823 1225 et
2853 1170 3043 1226 nubes
3069 1186 3203 1228 rore
3230 1177 3643 1228 concrescunt.
3675 1173 3740 1233 ἲν.
3782 1176 3946 1231 Fecit

2271 1255 2477 1311 lunam
2495 1257 2555 1310 in
2583 1261 2882 1327 tempore:
2920 1258 3008 1314 sol
3048 1259 3289 1327 agnovit
3318 1275 3615 1315 occasum
3639 1277 3849 1318 suum.
3890 1264 3950 1318 P.

2275 1343 2586 1414 Sapientiae
2642 1343 2816 1400 illius.
2858 1343 2922 1405 ἲν.
2950 1345 3162 1410 Gloria,
3222 1350 3279 1402 et
3323 1346 3514 1404 honor
3554 1348 3712 1406 Patri
3744 1349 3806 1404 P.
3839 1350 3946 1406 Sa-

2272 1431 2512 1502 pientia.

2344 1518 2619 1575 Dominus
2645 1518 2718 1575 sit
2746 1536 2982 1592 semper
3010 1520 3346 1578 vobiscum.
3383 1554 3425 1563 —-
3503 1525 3570 1580 Et
3627 1541 3774 1580 cum
3827 1526 3946 1599 spi-

2271 1610 2387 1661 ritu
2406 1611 2532 1662 tuo.

2341 1695 2560 1751 Lauda.
2593 1695 2681 1750 Ab
2701 1697 2867 1752 omni
2896 1697 2995 1753 via
3036 1697 3196 1754 mala
3227 1697 3477 1770 prohibe
3519 1700 3712 1771 pecies
3763 1717 3942 1759 meos

522 1791 618 1859 gio
667 1790 974 1861 promicat,
1020 1793 1076 1843 et
1113 1793 1237 1843 toto
1254 1787 1399 1843 orbe
1415 1792 1725 1853 terrarum,
1749 1787 2162 1844 claritatistuae
2193 1793 2236 1847 Β
2275 1783 2547 1838 Domine!
2571 1784 2626 1836 Ρο
2663 1785 2730 1839 Ut
2760 1785 3091 1840 C'JStOdiam
3139 1786 3427 1843 mandata
3475 1792 3600 1844 tua-
3656 1788 3942 1855 Alleluia.

521 1878 856 1948 splendore,
886 1881 940 1931 et
962 1875 1184 1946 fulgore
1213 1881 1512 1932 coruscat:
1532 1891 1666 1930 ecce
1678 1875 1806 1944 jam
1831 1875 2161 1946 postgallo-

521 1981 641 2019 rum
680 1968 1054 2028 concentum,
1111 1979 1424 2034 passerum
1458 1964 1711 2034 garrulae
1739 1977 1913 2019 voces
1935 1963 2160 2019 diverso

522 2047 944 2108 modulationis
961 2056 1240 2107 resonant
1260 2052 1822 2123 cantu,diversaque
1849 2052 2160 2107 volucrum

520 2139 1011 2209 genera,remigio
1023 2139 1253 2195 alarum
1274 2155 1447 2195 aures
1465 2141 1542 2196 ad
1564 2147 1727 2196 astra
1739 2145 1974 2212 petunt:
2001 2140 2160 2196 unde

517 2228 748 2298 largam
783 2232 897 2284 tuae
940 2228 1190 2299 pietatis,
1243 2229 1411 2285 Pater
1439 2229 1837 2300 omnipotens,
1864 2228 2158 2284 indefessa

518 2318 819 2388 poscimus
852 2316 1249 2384 clementiam,
1277 2323 1340 2372 ut
1363 2318 1522 2373 hunc
1549 2317 1708 2372 diem
1737 2333 1850 2373 nos
1873 2317 1997 2373 sine
2025 2333 2156 2389 pec-

518 2413 649 2463 cato
675 2407 927 2462 transire
959 2407 1264 2478 permittas
1289 2421 1301 2460 :
1335 2413 1396 2463 ut
1417 2408 1585 2464 sicuti
1609 2407 2160 2478 omnibusomnipo-

517 2497 710 2551 tentia;
742 2501 856 2550 tum
869 2495 1194 2550 claritatem
1208 2495 1644 2567 dispensas,lita
1663 2512 1863 2568 parvae
1894 2496 2156 2552 scintillae

518 2588 630 2638 tuae
661 2582 982 2639 divinitatis
1003 2581 1286 2638 cordibus
1313 2581 1832 2653 nostrisfulgorem
1850 2583 2154 2640 immittas.

587 2671 756 2725 Pater
795 2674 1010 2726 noster.
1043 2673 1108 2725 Et
1155 2685 1229 2726 ne
1283 2685 1411 2725 nos.
1460 2670 1709 2727 Liberati
1739 2686 1774 2726 a
1823 2669 2002 2736 malo,
2045 2675 2152 2728 etc.

517 2760 722 2826 Quaere
739 2760 854 2828 fol.
887 2763 942 2814 2.

585 2847 870 2902 Dominus
902 2846 975 2902 sit
1006 2861 1245 2918 semper
1289 2844 1623 2903 vobiscum.
1658 2857 1720 2916 Rt.
1784 2849 1847 2902 Et
1873 2863 2012 2903 cum
2041 2847 2157 2920 spi-

510 2936 623 2990 ritu
654 2939 774 2990 tuo.

578 3023 804 3080 Lauda.
839 3024 1078 3078 Cantate
1110 3021 1360 3078 Domino
1395 3022 1694 3078 canticum
1713 3037 1978 3078 novum:
2010 3021 2156 3078 Alle-

2269 1869 2521 1935 alleluia,
2560 1870 2894 1932 alleluia.t".
2928 1878 2973 1927 A
3007 1875 3317 1946 praeceptis
3332 1876 3447 1930 tuis
3464 1876 3732 1932 intellexi
3755 1877 3943 1952 :[pro—

2267 1963 2471 2030 pterea
2497 1958 2636 2014 odio
2667 1959 2847 2014 habui
2883 1976 3128 2016 omnem
3162 1963 3320 2018 viam
3374 1964 3735 2036 iniquitatis.
3769 1970 3833 2021 P.
3875 1971 3948 2025 Ut

2267 2045 2620 2102 custodiam.
2664 2046 2722 2106 δι’.
2753 2048 2964 2104 Gloria.
2994 2055 3050 2105 et
3072 2051 3284 2106 honor.
3310 2051 3372 2106 P.
3393 2054 3458 2108 Ut
3480 2055 3857 2112 custodiam.

2336 2137 2626 2205 Hymnus.
2645 2136 2980 2193 Christelux
2994 2140 3218 2195 mundi.
3242 2141 3455 2208 Quaare
3475 2143 3585 2212 fol.
3628 2146 3943 2216 tl0.Sup-

2262 2224 2532 2293 plicatio.
2566 2227 2813 2280 Oremus
2853 2226 3338 2298 Redemptorem.
3375 2230 3588 2298 Qucere
3630 2233 3742 2302 fol.
3771 2237 3866 2289 66.

2339 2312 2645 2381 Capitula.
2684 2313 2962 2370 lllumina
2975 2331 3102 2381 nos,
3114 2317 3378 2386 Domine,
3395 2319 3852 2390 requiescentes
3865 2323 3943 2394 [in

2264 2399 2374 2456 hac
2388 2405 2557 2456 nocte
2575 2416 2587 2466 ;
2615 2405 2675 2457 ut
2699 2401 2980 2458 manibus
2994 2405 3214 2460 nostris
3239 2421 3436 2461 coram
3453 2412 3506 2462 te
3525 2407 3940 2467 exhibeamns

2263 2488 2542 2559 precibus
2570 2504 2828 2558 crucem,
2852 2495 2914 2546 ut
2930 2507 3053 2547 non
3075 2492 3397 2550 timeamus
3414 2499 3780 2554 tentatorem
3803 2515 3940 2556 am-

2262 2575 2572 2633 bulantem
2593 2577 2654 2632 in
2673 2578 3248 2649 tenebris,habentes
3274 2581 3599 2640 nobiscum
3612 2586 3940 2645 revelatio-

2263 2679 2402 2721 nem
2448 2667 2712 2734 gentium
2742 2671 2801 2721 et.
2836 2667 3083 2738 gloriam
3129 2669 3321 2740 plebis
3371 2675 3488 2727 tum
3515 2674 3732 2733 Israel:
3788 2681 3938 2733 tunc

2264 2753 2424 2810 enim
2442 2755 2658 2810 recedit
2680 2755 2969 2823 inimicus,
2989 2756 3038 2811 si
3063 2761 3126 2813 tu
3142 2758 3422 2828 dignatus
3450 2760 3634 2817 fueris
3648 2779 3784 2820 esse
3796 2781 3940 2837 pro-

2263 2842 2479 2913 pitius:
2515 2848 2654 2899 tunc
2684 2843 2954 2900 afuroris
2980 2846 3069 2900 sui
3101 2846 3302 2915 gladio
3325 2855 3732 2922 convertatur,
3765 2854 3821 2909 si
3858 2855 3941 2912 ad

2263 2943 2375 2985 nos
2405 2934 2508 2987 tua
2537 2930 2943 2988 misericordia
2963 2937 3313 2990 revertatur.
3343 2935 3468 2992 Noli
3494 2951 3608 2993 nos
3670 2942 3939 3000 Domine

2263 3019 2541 3075 abdicare
2570 3019 2843 3076 faucibus
2864 3020 3162 3092 luporum,
3190 3038 3300 3078 nec
3319 3023 3608 3082 dentibus
3626 3028 3938 3088 damnare

507 3112 649 3175 luia,
682 3110 935 3166 alleluia.
977 3109 1037 3168 ἲν.
1073 3111 1224 3165 Laus
1252 3109 1382 3179 ejus
1409 3110 1471 3164 in
1499 3109 1757 3165 Ecclesia
1787 3115 2150 3167 sanctorum.
2186 3134 2227 3190 ρ
2261 3107 2520 3174 leonum;
2560 3108 2662 3162 sed
2688 3109 2748 3163 in
2774 3113 3236 3180 congregatione
3269 3114 3630 3172 Sanctorum
3648 3117 3931 3188 tuorum,

509 3198 780 3255 Alleluia.

584 3288 809 3344 Oratio.
835 3285 960 3342 Tibi
994 3285 1240 3341 Domine
1270 3284 1331 3339 in
1365 3284 1627 3341 Ecclesia
1647 3290 2010 3344 sanctorum.
2039 3287 2150 3356 fol.

513 3378 629 3432 117.
660 3375 1242 3432 Commemorationes
1263 3378 1328 3426 ut
1362 3373 1418 3426 in
1438 3373 1548 3441 fol.
1575 3375 1661 3427 94.

581 3465 723 3535 Item
737 3468 981 3520 exeunte
1005 3463 1274 3530 Vespera.
1284 3460 1476 3517 omnia
1495 3460 1774 3517 dicantur
1784 3468 1850 3517 ut
1865 3462 1925 3517 in
1937 3477 2152 3520 exeun-

511 3560 564 3609 te
596 3553 842 3623 Vespera
865 3550 932 3605 de
946 3551 1134 3620 primo
1151 3548 1453 3604 Dominico
1470 3556 1597 3619 post
1610 3549 2007 3620 Epiphaniam
2030 3553 2147 3622 fol.

509 3643 854 3711 94,ea:ceptzs
869 3639 1218 3708 Capitulo.et
1238 3638 2144 3710 Benedictioneguaesequuntur.

581 3729 873 3798 Capitula.
897 3729 1072 3792 Deus,
1091 3724 1834 3798 quiilluminastiprimum
1849 3728 2145 3794 tenebras,

507 3822 564 3874 et
586 3816 847 3873 fundasti
864 3831 935 3871 ex
961 3813 1224 3870 instabili
1245 3818 1510 3870 creatura
1532 3813 1926 3872 substantiam
1947 3817 2145 3873 visibi-

507 3906 660 3963 lem:
693 3905 891 3976 aspice
921 3918 1033 3959 nos
1062 3901 1228 3958 vultu
1259 3901 1663 3971 mitissimo,et
1686 3909 1920 3962 nostras
1935 3921 2146 3976 preces

503 4010 614 4067 pro
645 3993 936 4052 sacriﬁcio
959 3989 1163 4063 accipe
1176 3991 1535 4061 vespertino,
1552 3997 1615 4046 ut
1633 3991 1811 4048 nullis
1829 3993 2015 4050 inhac
2035 4011 2144 4051 no-

503 4089 590 4140 cte
616 4090 906 4139 terrorum
938 4079 1086 4136 vitiis
1101 4079 1414 4150 capiamur
1435 4097 1447 4146 ;
1475 4080 1580 4135 sed
1603 4085 1826 4151 prmsta
1852 4082 2025 4139 nobis
2041 4099 2145 4140 cor

503 4175 809 4236 castum,et
829 4169 1097 4226 animum
1117 4167 1194 4222 ab
1211 4166 1486 4223 omnibus
1499 4167 1845 4225 criminibus
1857 4171 2139 4237 alienum,

502 4259 807 4316 utnullum
825 4257 884 4313 in
901 4255 1075 4311 nobis
1087 4254 1363 4310 inimicus
1374 4255 1632 4312 nocendi
1648 4257 2139 4315 inveniatlocum-

571 4349 739 4402 Pater
763 4347 985 4400 noster.
1028 4343 1276 4399 Liberati
1307 4343 1540 4400 amalo.
1564 4343 1750 4413 fol.2.

571 4431 1195 4493 Benedictio.Ostende
1209 4432 1953 4498 Dominc,misericordiam
1975 4437 2142 4492 tuam

500 4539 680 4597 super
697 4537 807 4577 nos
831 4521 1088 4578 famulos
1107 4523 1257 4584 tuos,
1283 4525 1338 4576 et
1363 4527 1572 4576 sancto
1597 4520 1822 4590 Angelo
1844 4526 1945 4577 tuo
1965 4536 2139 4579 excu-

496 4614 694 4677 bante,
725 4609 979 4667 custodi.
1013 4621 1082 4678 Ri.
1119 4607 1536 4665 Amen.Veniat
1554 4608 1614 4662 in
1635 4608 1728 4662 liis
1755 4609 2024 4673 Domine,
2048 4625 2139 4668 as-

495 4703 667 4758 sidua
696 4699 914 4761 laetitia,
955 4702 1010 4754 et
1035 4697 1320 4768 gaudium
1348 4696 1801 4768 sempiternum.
1829 4707 1892 4766 nr.
1923 4699 2133 4757 Amen.

496 4788 831 4843 Pcrseveret
851 4783 911 4839 in
941 4783 1024 4838 eis
1053 4781 1287 4838 cmleste
1309 4779 1707 4851 signaculum,
1735 4780 1901 4852 quod
1931 4781 1992 4836 in
2015 4783 2133 4839 illis

491 4873 762 4929 conferre
807 4870 1084 4941 dignatus
1124 4885 1186 4924 es
1236 4884 1344 4940 per
1392 4865 1670 4936 Spiritum
1724 4869 2019 4928 Sanctum.
2064 4882 2128 4938 Ην.

491 4965 703 5017 Amen.

557 5053 661 5104 Per
688 5047 1176 5103 misericordiam.

556 5138 779 5195 Lauda.
804 5134 1137 5193 Cantabiles
1195 5131 1340 5188 mihi
1385 5135 1570 5187 erant.
1641 5133 1852 5200 Qucere
1880 5133 1992 5203 fol.
2036 5139 2123 5193 94.

486 5226 703 5284 Oratio.
743 5226 1081 5283 Clamantes
1105 5219 1183 5276 ad
1207 5226 1259 5275 te
1299 5218 1566 5275 Domine.
1611 5222 1820 5287 Quwre
1858 5223 1968 5291 fol.
2001 5225 2123 5281 124.

633 5316 706 5374 IN
746 5313 1017 5372 OCTAVO
1059 5307 1391 5364 DOMINICO
1433 5307 1602 5364 POST
1639 5311 1961 5367 OCTAVAM

1094 5397 1498 5452 EPIPHANl/E.

971 5483 1227 5541 Sabbato
1257 5484 1339 5543 ad
1377 5485 1701 5556 Vesperum.

542 5581 767 5642 Lauda.
797 5573 1068 5632 lllumina
1104 5573 1310 5632 oculos
1348 5588 1534 5633 meos.
1585 5577 1810 5635 Oratio.
1845 5576 2119 5640 [ﬂumina

2261 3201 2396 3252 tuas
2426 3200 2978 3268 portasmereamur
3013 3199 3414 3269 126intrare
3443 3200 3504 3256 in
3539 3204 3938 3265 confessione

2263 3285 2661 3356 spiritualium
2696 3285 3078 3355 gaudiorum.

2331 3376 2496 3428 Pater
2511 3378 2731 3429 noster.
2766 3373 3013 3430 Liberati
3037 3391 3077 3431 a
3108 3375 3281 3432 malo.

2330 3461 2640 3516 Humiliate
2662 3477 2768 3516 vos
2796 3461 3216 3520 benedictioni.

2329 3549 2615 3605 Dominus
2635 3549 2709 3605 sit
2737 3565 2974 3623 semper
2987 3551 3315 3610 vobiscum.
3350 3566 3413 3624 ﬁ.
3439 3558 3507 3612 Et
3529 3573 3675 3614 cum
3703 3561 3930 3633 spiritu

2256 3642 2375 3695 tuo.

2329 3725 2674 3782 Benedictio.
2716 3727 3220 3784 Clementissimus
3256 3731 3566 3803 Dominus,
3617 3735 3684 3790 in
3742 3740 3928 3810 cujus

2251 3828 2439 3872 manu
2465 3819 2553 3870 est
2575 3815 2854 3871 universa
2881 3817 3264 3889 prosperitas,
3296 3818 3742 3880 benedictionis
3767 3843 3929 3884 sem-

2253 3918 2354 3974 per
2378 3910 2434 3959 et
2454 3903 2614 3975 pacis
2643 3904 2815 3959 vobis
2849 3905 3067 3960 tribuat
3109 3905 3565 3964 incrementum.
3599 3923 3666 3974 Re.
3696 3917 3924 3972 Amen.

2254 3994 2316 4048 In
2335 3991 2512 4047 bonis
2529 3991 2758 4048 actibus
2776 3992 2902 4048 sitis
2927 4007 3163 4065 semper
3183 3995 3521 4064 unanimes,
3543 4003 3731 4071 atque
3746 4005 3932 4073 parti-

2251 4079 2413 4152 cipes
2434 4097 2447 4145 ;
2464 4085 2526 4135 ut
2545 4094 2580 4135 a
2602 4079 2905 4135 mandatis
2922 4081 3156 4137 Domini
3176 4083 3520 4141 nullatenus
3537 4085 3827 4146 devictis.
3861 4104 3928 4160 ἣν.

2250 4173 2460 4226 Amen.
2475 4168 2765 4224 Omnibus
2782 4170 3040 4239 peccatis
3056 4171 3263 4227 vestris
3281 4173 3568 4229 Dominus
3587 4175 3932 4238 clementer

2248 4256 2542 4325 ignoscat,
2561 4260 2618 4310 et
2642 4255 3049 4326 perducatvos
3064 4259 3356 4330 propitius
3376 4261 3456 4317 ad
3473 4261 3740 4332 gloriam
3767 4284 3931 4326 sem-

2249 4345 2559 4415 piternam.
2584 4356 2648 4413 BI.
2681 4347 2880 4401 Amen.
2912 4346 3018 4402 Per
3041 4346 3515 4407 misericordiam
3543 4352 3764 4424 ipsius,
3804 4364 3922 4416 etc.

2317 4434 2540 4489 Lauda.
2569 4435 2910 4490 Voluntaria
2935 4435 3054 4491 oris
3088 4435 3205 4492 mei
3235 4438 3571 4510 comproba
3611 4445 3881 4504 Domine
3909 4466 3923 4503 :

2246 4519 2512 4576 Alleluia.
2555 4521 2617 4577 Ι).
2650 4523 2712 4576 Et
2757 4521 2984 4591 judicia
3014 4525 3114 4578 tua
3171 4522 3319 4580 doce
3377 4541 3494 4582 me.
3536 4527 3824 4590 Alleluia.
3854 4535 3918 4593 ν.

2249 4611 2510 4664 Lucerna
2530 4608 2783 4680 pedibus
2813 4610 2964 4667 meis
3012 4611 3263 4668 verbum
3316 4618 3483 4670 tuum
3529 4618 3816 4685 Domine,
3866 4629 3927 4679 et

2247 4697 2450 4752 lumen
2475 4696 2696 4752 semitis
2749 4698 2916 4753 meis.
2949 4701 3009 4753 P.
3053 4701 3119 4755 Et
3153 4700 3402 4771 judicia.
3563 4705 3796 4775 Gloria,
3866 4718 3924 4768 et

2242 4780 2434 4837 honor
2457 4783 2631 4850 Patri,
2659 4788 2766 4839 etc.
2786 4787 2847 4838 P.
2889 4784 2956 4840 Et
2968 4786 3216 4856 judicia.

2314 4871 2534 4926 Oratio.
2575 4873 2657 4926 Ad
2680 4873 3036 4941 te,Domine,
3083 4875 3323 4933 occulos
3376 4883 3646 4936 nostros.
3691 4885 3923 4952 Quare

2238 4959 2300 5014 in
2326 4961 2586 5030 sequenti
2613 4960 2930 5018 Matutino.

2768 5049 2852 5104 Ad
2877 5051 3264 5109 Matutinum.

2214 5171 2219 5175 -
2306 5139 2594 5208 Hymnus.
2626 5141 2854 5194 Eterne
2883 5155 3084 5198 rerum
3117 5144 3416 5200 Conditor.
3449 5147 3670 5212 Quaere
3693 5152 3824 5220 fol.
3865 5159 3920 5211 3.

2305 5226 2527 5281 Oratio.
2558 5227 2695 5282 Post
2714 5225 3008 5294 gallorum
3057 5245 3350 5288 canorum
3399 5241 3760 5304 concentus,
3801 5257 3913 5298 no—

2230 5312 2455 5384 ctisque
2484 5313 2736 5402 quietem
2758 5314 3917 5402 exclusam,tibi,Domine,matura[nox

2229 5401 2674 5490 parturitdiem.
2706 5407 2763 5458 et
2789 5403 2931 5472 galli
2953 5408 3458 5479 concrepantibus
3479 5410 3732 5482 alis,ore
3748 5401 3910 5490 pre-

2227 5490 2402 5545 conio
2426 5489 2787 5547 matutinum
2821 5492 3389 5567 jubilanthymnum
3419 5518 3431 5557 :
3461 5501 3588 5566 tibi.
3623 5489 3913 5573 Domine,

2227 5592 2368 5634 aves
2397 5576 2526 5633 coeli
2542 5577 2750 5638 laudes
2765 5580 3064 5641 emittunt:
3094 5586 3198 5641 tuo
3221 5583 3397 5655 jussu
3415 5586 3722 5650 discussis
3748 5599 3915 5654 tene-
