4160 6446
272 297 373 355 illi

1216 302 1566 361 DOMINICA
1604 303 1730 359 VIII
1770 304 1952 362 POST
1990 299 2329 361 OCTAVAM
2368 306 2797 366 EPIPHANI/E.

3634 315 3739 393 242

287 426 430 495 bris,
463 424 557 480 sol
586 424 808 481 radios
840 424 1024 482 infert
1051 426 1277 484 mundo
1306 445 1318 482 :
1352 431 1452 485 tua
1503 429 1620 485 sint
1659 430 1775 486 ista
1799 431 1979 488 mira-
2010 428 2056 481 Α
2092 431 2219 499 pter
2258 432 2699 502 paenitentiam.
2740 434 2802 488 P.
2857 434 2961 490 Cui
2991 439 3076 492 est
3106 451 3268 495 cura.
3302 436 3378 507 ,V.
3422 436 3641 506 Gloria,
3684 443 3740 493 et

297 515 426 572 cuia
442 514 854 585 omnipotens
878 515 1077 571 Pater:
1104 530 1214 571 nos
1237 517 1658 575 tantummodo
1680 524 1820 576 vota
1840 536 1975 591 por-

297 608 519 669 tamus,
555 602 890 659 offerentes
920 608 1125 659 sancto
1155 605 1382 661 nomini
1408 611 1512 662 tuo
1534 607 1661 663 haec
1688 608 1974 665 sacriﬁcia

298 693 599 751 matutina
630 707 641 746 :
681 697 745 748 ut
765 708 805 747 a
827 693 1092 763 peccatis
1110 694 1421 764 praeteritis
1435 695 1714 760 absoluti,
1733 697 1807 750 de
1825 712 1971 767 prae-

298 781 448 837 senti
483 780 877 837 tribulatione
924 796 1265 837 mereamur
1309 782 1557 839 absolvi.
1593 794 1657 851 Iv.
1688 788 1894 841 Amen.

368 870 481 926 Per
520 868 1009 925 misericordiam
1042 874 1208 926 tuam
1242 871 1396 926 Deus
1426 878 1649 941 noster,
1679 877 1786 928 etc.

364 959 732 1028 Antiphone:
767 961 818 1012 t.
847 958 1084 1013 Domini
1111 965 1196 1015 est
1222 959 1382 1016 salus
1418 979 1430 1013 ε
1464 966 1518 1016 et
1564 978 1745 1033 super
1779 977 1967 1034 popu-

289 1049 420 1103 tum
446 1052 627 1103 tuum
658 1045 1002 1102 benedictio
1024 1052 1146 1103 tua.
1169 1049 1448 1105 Psalmus
1473 1066 1547 1104 ιιι.

361 1136 745 1204 Antiphona.
779 1136 1009 1191 Incerta
1039 1139 1095 1190 et
1124 1136 1356 1194 occulta
1373 1137 1677 1209 sapientiae
1704 1142 1817 1194 tuae
1841 1155 1964 1195 ma-

280 1223 586 1281 nifestasti
618 1223 789 1279 mihi.
824 1222 1099 1279 Psalmus
1131 1240 1182 1279 ι..

356 1314 744 1381 Antiphona.
778 1315 837 1366 In
872 1311 1092 1367 umbra
1121 1312 1355 1369 alarum
1383 1318 1618 1370 tuarum
1648 1330 1961 1386 speramus

275 1403 468 1469 Deus,
500 1402 652 1456 dum
679 1399 893 1455 transit
924 1398 1227 1470 iniquitas.
1267 1401 1532 1456 Psalmus
1564 1418 1675 1456 LVI.

2082 515 2298 574 honor.
2336 521 2589 577 Reiteret
2598 536 2672 575 ur
2698 532 2761 591 ἢ.

2150 606 2338 663 Aliud
2350 609 3107 678 ResponsoriumDominus
3124 612 3493 683 omnipotens
3508 614 3735 669 audivit

2079 710 2283 749 vocem
2318 696 2639 763 Publicani,
2667 702 2722 753 et
2748 699 3096 769 peccatoris.
3128 703 3183 753 P.
3219 703 3400 755 Verus
3432 701 3585 755 Deus
3618 704 3729 757 mi-

2080 782 2326 837 sericors
2352 784 2783 854 indulgentiam
2808 786 3008 841 tribuit
3030 787 3196 858 127
3224 787 3384 842 ﬁdeli
3403 788 3723 843 confitenti-

2075 868 2136 927 ἲν.
2176 870 2533 929 Publicanus
2565 878 2781 931 stansa
2812 874 3068 944 longe,et
3092 890 3210 929 non
3234 876 3495 932 audebat
3520 876 3726 931 oculos

2076 974 2216 1013 suos
2234 958 2427 1016 levare
2451 961 2527 1017 ad
2545 964 2718 1017 caelos
2746 983 2755 1021 ε
2780 964 2883 1018 sed
2898 963 3264 1035 percutiebat
3284 971 3492 1035 pectus
3526 981 3723 1031 suum,

2073 1046 2279 1102 dicens
2311 1049 2634 1122 :{Propitius
2651 1057 2774 1107 esto
2790 1052 2931 1108 mihi
2952 1054 3259 1123 peccatori.
3279 1057 3335 1110 l’.
3352 1055 3534 1110 Verus
3550 1054 3721 1109 Deus.

2069 1133 2130 1193 Υ.
2168 1135 2379 1205 Gloria,
2412 1143 2468 1195 et
2494 1139 2707 1207 honor,
2741 1146 2849 1196 etc.
2876 1141 3208 1211 Reiteretw:
3244 1142 3721 1213 Responsorium.

2676 1230 2747 1282 In
2798 1230 3115 1285 Laudibus.

2138 1312 2231 1366 Ad
2286 1314 2623 1370 Canticum.
2677 1317 3049 1386 Antiphonti.
3097 1320 3217 1373 Lux
3281 1321 3581 1389 praecepta
3619 1323 3721 1374 tua

2068 1406 2222 1465 sunt,
2260 1401 2526 1468 Domine,
2549 1420 2726 1476 super
2745 1409 2978 1461 terram.
3011 1406 3303 1462 Justitiam
3321 1407 3532 1462 discite
3553 1406 3720 1462 habi-

354 1488 592 1545 Oratio.
618 1488 882 1545 Verbum
912 1491 1049 1542 ante
1072 1487 1291 1544 saecula
1323 1487 1720 1545 ineffabiliter.
1753 1488 1961 1555 Quaere
2068 1492 2282 1544 tatores
2304 1495 2492 1546 terrae.

266 1578 387 1645 fol.
423 1580 513 1631 33.

348 1663 703 1733 Antiphona
736 1668 781 1717 At.
833 1662 1063 1718 Exaudi
1102 1662 1175 1720 de
1202 1664 1353 1719 coelo
1382 1664 1650 1722 Domine.
1684 1667 1742 1719 P.
1778 1667 1843 1720 Et
1874 1663 1957 1720 di-

2139 1577 2470 1633 Canticum.
2502 1579 2582 1634 De
2616 1585 2786 1636 nocte
2826 1580 3054 1650 vigilat.
3093 1582 3299 1648 Quare
3318 1583 3429 1651 fol.
3470 1583 3565 1637 64.

2139 1667 2361 1723 Oratio.
2398 1666 2477 1721 De
2509 1670 3059 1739 noctevigilantem.
3081 1670 3416 1739 Quaerefol.
3455 1671 3569 1725 124.

269 1754 446 1809 mitte
470 1755 738 1824 peccata
766 1752 954 1807 servis
979 1751 1116 1814 tuis,
1147 1756 1203 1808 et
1226 1752 1452 1823 populo
1480 1757 1599 1808 tuo.
1626 1753 1681 1811 ἣν.
1717 1753 1866 1818 Quia
1894 1757 1956 1807 tu
1988 1763 2028 1816 Β
2135 1753 2225 1807 Ad
2240 1755 2623 1810 Benedictus.
2675 1758 3048 1825 Antiphona.
3079 1758 3426 1813 Benedictus
3454 1774 3517 1812 es
3537 1758 3714 1825 Deus,

272 1840 555 1907 Domine,
582 1840 812 1908 suavis,
846 1856 916 1896 ac
939 1840 1098 1895 mitis
1130 1855 1192 1894 es
1220 1857 1233 1906 ;
1259 1845 1315 1897 et
1335 1840 1590 1896 multum
1616 1840 1954 1897 misericors

268 1929 702 2003 invocantibus
729 1934 809 1986 te.
851 1930 915 1984 P.
960 1932 1026 1985 Et
1050 1929 1280 1985 dimitte
1330 1933 1593 2000 peccata.
1638 1929 1697 1989 i7.
1737 1929 1951 1999 Gloria,

276 2024 341 2076 et
364 2020 576 2075 honor.
602 2019 660 2074 P.
696 2020 765 2073 Et
817 2017 1045 2077 dimitte
1078 2022 1324 2089 peccata
1351 2018 1537 2074 servis
1565 2018 1708 2075 tuis.

354 2109 577 2163 Oratio.
597 2106 690 2161 Ad
717 2111 795 2169 te,
831 2106 1097 2173 Domine,
1127 2105 1332 2163 oculos
1369 2110 1605 2165 nostros
1626 2106 1911 2177 erigimus
1936 2123 1949 2171 ;

2066 1846 2121 1897 et
2143 1842 2523 1898 benedictum
2548 1860 2767 1900 nomen
2783 1846 2983 1913 glorias
3004 1850 3138 1901 tuae.
3164 1845 3497 1903 Benedicite
3521 1847 3718 1902 Domi-

2062 1945 2209 1986 num
2236 1946 2445 1987 omnes
2472 1931 2638 1987 electi
2657 1934 2786 2004 ejus
2814 1950 2826 1987 :
2863 1935 3193 1989 sitnomem
3224 1939 3500 1990 sanctum
3528 1934 3716 2008 ipsius

2063 2017 2442 2074 benedictum
2473 2020 2532 2076 in
2567 2021 2773 2076 omnia
2798 2021 3018 2077 saecula
3047 2021 3434 2079 saeculorum.

2137 2107 2472 2163 Canticum.
2508 2108 2856 2164 Benedictus
2884 2125 2944 2163 es
2972 2109 3223 2164 Domine
3254 2110 3411 2164 Deus
3444 2113 3705 2180 patrum.

268 2212 459 2268 quem
493 2197 556 2251 in
600 2193 948 2250 coelestibus
975 2193 1263 2259 habitare,
1298 2198 1354 2249 et
1395 2199 1561 2249 terrae
1602 2193 1951 2254 machinam
2064 2194 2270 2261 Quwre
2285 2195 2393 2264 fol.
2424 2201 2474 2251 6.
2511 2197 2727 2253 Oratio.
2757 2197 3002 2253 Domine
3036 2199 3206 2262 Deus,
3236 2198 3337 2270 qui
3372 2212 3551 2269 super
3574 2196 3713 2253 Clie-

264 2284 490 2339 virtute
538 2283 852 2338 continere
904 2282 1162 2337 fatemur
1197 2299 1207 2335 :
1251 2282 1519 2338 Miserere
1550 2281 1726 2352 igitur
1762 2282 1951 2338 nostri

262 2374 549 2437 Domine,
580 2372 902 2431 miserere;
937 2375 991 2426 et
1020 2370 1279 2441 peccatis
1320 2370 1563 2433 nostris,
1592 2386 1699 2441 pro
1730 2369 1950 2441 quibus

260 2468 317 2519 te
348 2462 710 2524 metuimus,
743 2474 924 2530 parce
959 2475 971 2513 :
1008 2463 1071 2514 ut
1100 2464 1508 2528 contemptum
1530 2466 1805 2514 nostrum
1828 2457 1947 2530 pie-

259 2555 379 2609 tate
408 2548 699 2605 clementi
724 2546 1012 2619 respicias
1042 2566 1053 2615 ;
1089 2552 1144 2602 et
1173 2563 1209 2602 a
1235 2546 1434 2603 delicti
1463 2546 1792 2618 obprobrio
1810 2548 1949 2603 dex-

257 2645 390 2696 tera
419 2654 539 2693 nos
573 2642 693 2691 tute
723 2635 958 2689 virtutis
988 2634 1232 2707 eripias.
1266 2647 1326 2705 ly.
1363 2639 1571 2689 Amen.

325 2730 440 2782 Per
465 2723 975 2780 misericordiam.

326 2815 695 2886 Antiphona
719 2816 769 2869 '2.
798 2811 972 2879 Deus,
1010 2816 1071 2867 ut
1100 2811 1311 2866 liberes
1333 2826 1464 2873 nos,
1507 2810 1741 2867 venias.
1780 2809 1845 2865 P.
1877 2813 1945 2867 Ut

256 2903 564 2960 auxilieris
586 2900 761 2956 nobis
792 2899 1007 2954 festina
1027 2899 1086 2959 θ’.
1110 2899 1220 2964 Qui
1254 2899 1413 2969 regis
1438 2898 1635 2967 Israel,
1661 2898 1899 2953 intende
1924 2917 1938 2966 ;

253 2994 361 3066 qui
392 2991 658 3047 deducis
687 2988 852 3044 velut
897 3004 1072 3044 ovem
1100 2988 1343 3059 Joseph.
1391 2988 1500 3053 Qui
1546 2988 1716 3042 sedes
1760 3002 1940 3058 super

2063 2282 2282 2338 rubim.
2320 2284 2526 2349 Quaere
2549 2286 2661 2353 fol.
2697 2291 2748 2339 tl
2774 2291 2811 2339 l.

2130 2371 2308 2426 Sono.
2350 2372 2616 2428 Alleluia.
2631 2373 2909 2429 Auditum
2928 2374 3018 2429 fac
3031 2374 3176 2429 mihi
3191 2390 3367 2430 mane
3388 2375 3712 2444 potentiam

2060 2466 2247 2527 tuam,
2270 2462 2518 2516 Domine
2546 2482 2556 2519 :
2577 2462 2721 2533 quia
2742 2463 2801 2517 in
2832 2467 2883 2517 te
2907 2463 3166 2519 confido.
3194 2465 3249 2517 P.
3271 2463 3522 2519 Ostende
3545 2463 3709 2518 mihi.

2057 2546 2331 2603 Alleluia.
2364 2548 2424 2607 ἲν.
2475 2548 2740 2605 Alleluia.
2775 2553 2993 2605 Memor
3040 2550 3123 2605 fui
3159 2550 3393 2605 dierum
3437 2551 3713 2622 antiquo-

2054 2649 2189 2689 rum
2219 2640 2478 2701 tuorum,
2510 2637 2778 2705 Domine,
2810 2638 2949 2691 etin
2984 2652 3135 2708 opus
3162 2642 3709 2693 manuumtuarum

2056 2722 2410 2778 meditabor.
2440 2724 2498 2778 P.
2524 2724 2777 2779 Ostende
2811 2724 2976 2778 mihi.

2124 2811 2353 2866 Lauda.
2398 2811 2657 2867 Laudate
2692 2812 3010 2867 Dominum
3069 2811 3141 2866 de
3174 2812 3336 2866 crelis
3371 2830 3383 2867 :
3435 2812 3709 2882 Alleluia,

2050 2898 2305 2954 alleluia.
2339 2900 2596 2955 Laudate
2622 2915 2759 2954 eum
2778 2900 2836 2954 in
2867 2898 3132 2953 excelsis.
3156 2899 3421 2965 Alleluia,
3449 2900 3706 2957 alleluia-

2049 2987 2315 3043 Psalmus
2347 3003 2569 3043 cxm'm.

255 3079 587 3137 Cherubim
620 3092 870 3149 appare.
905 3076 968 3131 P.
999 3075 1405 3133 Utauxilieris.
1443 3075 1499 3135 ἲν.
1527 3075 1838 3139 Gloria,et.
1869 3075 1935 3133 P.
1971 3108 2010 3163 ρ
2121 3078 2316 3132 Lectio
2345 3076 2480 3131 libri
2501 3077 2911 3132 Eeclesiastici
2936 3076 3258 3132 Salomonis
3289 3077 3455 3148 (Cap.
3481 3068 3704 3147 XXXIV).

255 3172 326 3227 Ut
350 3167 686 3227 auxiliaris.

328 3259 567 3315 Oratio.
601 3255 715 3321 Qui
740 3254 899 3324 regis
929 3253 1126 3324 Israel,
1171 3253 1412 3309 intende
1452 3268 1558 3325 per
1603 3253 1935 3323 misericor-

256 3347 427 3404 diam
460 3351 632 3402 tuam
664 3342 919 3399 Domine
941 3360 959 3396 :
1001 3341 1107 3414 qui
1136 3341 1385 3397 deducis
1422 3341 1583 3397 velut
1626 3357 1801 3397 ovem
1844 3344 1936 3397 Jo-

258 3437 431 3509 seph,
464 3434 732 3510 pastoris
759 3432 1188 3504 gubernacula,
1210 3436 1263 3487 et
1282 3432 1630 3504 protectoris
1652 3432 1934 3505 impende

257 3525 537 3584 remedia
563 3541 574 3577 :
605 3527 889 3580 converte
910 3538 1053 3589 nos;
1088 3525 1143 3577 et
1166 3520 1412 3576 ostende
1433 3520 1646 3576 faciem
1677 3525 1937 3589 tuam,et

259 3616 412 3673 salvi
424 3614 655 3670 erimus
673 3631 690 3683 ;
706 3612 854 3667 dum
867 3610 1129 3666 excelsus
1147 3610 1396 3665 humilia
1411 3610 1677 3681 respicis,
1693 3614 1935 3668 etoran-

258 3705 414 3763 tium
436 3717 649 3775 preces
675 3699 1031 3773 propitiatus
1058 3697 1335 3755 exaudis.
1373 3709 1434 3765 ιι.
1462 3702 1675 3754 Amen.

332 3796 445 3850 Per
470 3788 955 3847 misericordiam
987 3792 1154 3843 tuam
1184 3786 1338 3841 Deus
1368 3791 1583 3851 noster,
1610 3790 1720 3842 etc.

329 3879 682 3951 Antiphona
714 3882 766 3934 3.
807 3876 1060 3932 Domine
1106 3876 1265 3931 Deus
1314 3878 1540 3930 noster.
1593 3877 1655 3929 P.
1704 3874 1933 3933 Exaudi

256 3985 373 4028 nos
402 3986 415 4024 :
448 3967 748 4042 propitius
775 3968 925 4033 esto,
948 3968 1005 4020 et
1044 3963 1211 4021 salva
1238 3977 1374 4018 nos.
1406 3962 1467 4023 ἲν.
1498 3962 1622 4019 Cito
1648 3978 1759 4019 nos
1784 3978 1933 4036 pug-

257 4060 468 4115 veniat
516 4053 929 4112 misericordia
953 4057 1077 4117 tua,
1114 4051 1364 4108 Domine
1398 4068 1409 4105 :
1446 4050 1593 4122 quia
1633 4066 1931 4124 pauperes

259 4148 404 4205 facti
424 4161 641 4202 sumus
670 4142 869 4199 nimis.
900 4142 969 4199 P.
996 4140 1224 4197 Exaudi
1248 4155 1379 4196 nos.
1402 4138 1471 4197 if.
1498 4138 1716 4210 Gloria,
1743 4145 1799 4196 et
1821 4139 1927 4197 ho-

257 4252 394 4294 nor.
422 4238 484 4291 P.
521 4232 776 4290 Exaudi.

334 4326 563 4382 Oratio.
597 4321 893 4393 Propitius
923 4324 1051 4375 esto
1080 4318 1339 4393 peccatis
1377 4317 1599 4374 nostris
1629 4317 1882 4375 Domine
1908 4336 1922 4387 ;

2048 3176 2111 3234 1t.
2147 3168 2263 3221 Deo
2295 3166 2539 3237 gratias.

2118 3254 2237 3318 Fili,
2267 3255 2369 3327 qui
2400 3255 2562 3309 timet
2600 3255 2943 3315 Dominum,
2979 3254 3124 3309 nihil
3145 3255 3467 3327 trepidabit
3498 3266 3514 3315 :
3558 3271 3707 3326 quo-

2044 3343 2208 3398 niam
2236 3343 2361 3415 ipse
2379 3348 2465 3398 est
2484 3360 2621 3415 spes
2646 3344 2791 3414 ejus.
2812 3343 3058 3399 Timenti
3078 3343 3401 3399 Dominum
3420 3344 3596 3400 beata
3617 3348 3706 3400 est

2045 3432 2269 3487 anima.
2302 3433 2389 3487 Ad
2419 3448 2599 3503 quem
2624 3432 2914 3503 respiciet,
2938 3448 3073 3503 quae
3103 3437 3195 3488 est
3219 3432 3501 3488 fortitudo
3527 3433 3656 3503 ejus
3674 3432 3703 3487 ?

2045 3520 2210 3577 Oculi
2231 3520 2461 3575 Domini
2488 3536 2668 3592 super
2695 3521 2970 3577 timentes
3003 3536 3162 3591 eum,
3181 3525 3477 3593 protector
3492 3525 3700 3593 poten-

2043 3610 2156 3675 tiae,
2185 3610 2633 3667 ﬁrmamentum
2654 3610 2902 3677 virtutis,
2930 3610 3187 3679 tegimen
3217 3610 3471 3678 ardoris,
3490 3617 3545 3668 et
3576 3627 3698 3667 um-

2042 3696 2358 3755 braculum
2380 3697 2712 3769 meridiani,
2747 3702 2804 3754 et
2824 3699 3085 3771 precatio
3108 3698 3477 3767 offensionis,
3511 3704 3567 3757 et
3597 3700 3697 3756 ad-

2035 3784 2815 3856 jutoriumcasus,exaltans
2829 3788 3180 3859 animam,et
3196 3787 3544 3846 illuminans
3558 3805 3698 3847 ocu-

2038 3872 2152 3942 los,
2185 3874 2337 3932 dans
2368 3876 2704 3945 sanitatem,
2736 3879 2793 3932 et
2827 3875 3039 3947 vitam,
3082 3880 3140 3933 et
3189 3876 3693 3935 benedictionem.

2039 3965 2408 4021 Immolantis
2426 3980 2497 4021 ex
2523 3965 2730 4037 iniquo
2752 3963 2974 4022 oblatio
2996 3965 3320 4036 maculata,
3344 3971 3401 4023 et
3418 3982 3542 4025 non
3559 3971 3697 4024 sunt

2036 4051 2427 4122 beneplacitae
2459 4052 2959 4109 subsannationes
2980 4053 3361 4124 injustorum.
3388 4055 3691 4112 Dominus

2036 4139 2199 4196 solus
2224 4141 2652 4197 sustinentibus
2683 4144 2772 4196 est
2799 4139 2861 4195 in
2896 4141 2995 4196 via
3033 4141 3319 4211 veritatis,
3355 4146 3412 4197 et
3442 4142 3688 4214 justitia.

2037 4230 2206 4285 Dona
2234 4230 2574 4301 iniquorum
2592 4244 2715 4285 non
2727 4227 2944 4301 probat
2956 4229 3426 4298 Altissimus,nec
3439 4229 3689 4288 oblatio-

2034 4334 2141 4375 nes
2171 4319 2516 4391 iniquorum
2544 4332 2559 4374 :
2591 4333 2702 4374 nec
2747 4318 2807 4374 in
2847 4317 3221 4375 multitudine
3252 4318 3686 4375 sacrificiorum

251 4419 312 4475 et
337 4417 589 4487 propter
611 4411 907 4467 honorem
918 4408 1178 4464 nominis
1194 4406 1279 4463 tui
1296 4406 1557 4478 perfecta
1581 4421 1689 4462 nos
1711 4422 1914 4464 recrea
1955 4456 2001 4511 D
2032 4409 2389 4482 propitiatur
2412 4408 2695 4481 peccatis.
2724 4409 2837 4475 Qui
2860 4406 3032 4466 oﬁert
3057 4408 3418 4465 sacriﬁcium
3445 4424 3517 4465 ex
3545 4409 3686 4467 sub-

253 4504 530 4561 libertate
554 4518 567 4555 :
592 4510 689 4565 ne,
714 4498 863 4553 dum
881 4504 1083 4553 nostro
1106 4499 1491 4570 peccatorum
1505 4494 1698 4566 elogio
1712 4495 1925 4552 adteri-

254 4609 415 4659 mur,
440 4592 504 4648 in
533 4587 862 4661 obprobrio
887 4586 1153 4656 gentium
1172 4586 1538 4658 redigamur.
1562 4587 1712 4656 Ergo
1729 4588 1794 4641 ut
1812 4601 1923 4641 nos

256 4681 570 4740 severitate
589 4691 714 4734 non
739 4676 958 4749 punias
989 4691 1197 4747 preme,
1231 4689 1484 4731 causam
1536 4674 1713 4731 nobis
1740 4673 1919 4730 scele-

253 4790 395 4831 rum
424 4770 608 4827 ablue
634 4790 647 4823 :
666 4772 849 4838 atque
865 4765 927 4821 in
940 4768 1264 4837 conspectu
1283 4768 1383 4821 tuo
1401 4765 1663 4837 gemitus
1680 4779 1921 4836 compe-

255 4863 524 4920 ditorum
568 4857 859 4922 introeat;
888 4857 951 4909 ut
997 4852 1072 4909 de
1099 4852 1330 4909 occulto
1374 4858 1474 4910 tuo
1507 4854 1569 4909 in
1598 4852 1920 4909 manifesto

252 4955 460 5011 nostro
491 4948 686 5018 gratia
714 4942 950 5000 indulta
986 4943 1308 5015 praecedat.
1335 4954 1403 5011 Β).
1445 4947 1656 4999 Amen.

323 5042 433 5095 Per
452 5032 962 5093 misericordiam.

320 5140 387 5198 Βι.
418 5127 605 5194 Deus,
629 5122 731 5195 qui
752 5121 863 5176 das
889 5120 1092 5175 locum
1120 5118 1507 5191 paenitentia,
1538 5123 1599 5175 tu
1623 5119 1785 5175 dona
1823 5134 1920 5175 ve-

250 5217 410 5274 niam
440 5211 713 5289 peccatis
738 5208 962 5265 nostris
994 5224 1005 5263 :
1042 5208 1182 5273 Quis
1212 5206 1372 5263 enim
1397 5206 1552 5263 dicet
1581 5206 1685 5262 tibi
1718 5223 1730 5261 :
1768 5206 1917 5271 Quid

250 5306 433 5363 fecisti
454 5306 484 5361 ?
512 5308 632 5360 Aut
657 5299 798 5372 quis
825 5296 999 5353 stabit
1017 5301 1220 5351 contra
1241 5295 1539 5367 judicium
1558 5300 1727 5350 tuum
1744 5295 1772 5351 ‘t
1788 5298 1917 5351 Non

249 5403 329 5453 est
355 5398 521 5453 enim
554 5392 714 5449 alius
745 5388 903 5443 Deus
933 5391 1146 5458 praeter
1172 5390 1249 5441 te.
1294 5385 1363 5443 P.
1399 5384 1500 5440 Cui
1539 5388 1628 5439 est
1673 5398 1818 5439 cura
1842 5383 1915 5440 de

246 5486 548 5545 omnibus.
594 5481 659 5542 Ψ.
720 5476 1014 5539 Miserere,
1054 5474 1231 5537 Deus,
1279 5474 1575 5537 omnium,
1623 5473 1915 5544 quoniam

241 5577 443 5641 omnia
468 5576 672 5649 potes,
700 5570 759 5623 et
786 5562 1134 5623 dissimulas
1158 5566 1407 5643 peccata
1433 5561 1749 5617 hominum
1781 5575 1913 5633 pro-

2031 4500 2245 4557 stantia
2269 4513 2626 4571 pauperum,
2646 4499 2821 4570 quasi
2840 4498 2944 4570 qui
2965 4496 3231 4553 victimat
3248 4496 3437 4554 tilium
3467 4498 3527 4554 in
3548 4513 3685 4555 con-

2032 4593 2239 4661 spectu
2264 4587 2452 4661 patris
2465 4588 2575 4645 sui.
2600 4586 2708 4649 Qui
2731 4586 2997 4644 aufertin
3011 4586 3229 4643 sudore
3242 4602 3483 4659 panem,
3506 4588 3686 4659 quasi

2030 4677 2129 4749 qui
2139 4676 2701 4748 occiditproximum
2715 4674 3024 4741 suum.Qui
3040 4673 3291 4731 effundit
3307 4674 3681 4744 sanguinem,

2030 4771 2087 4823 et
2113 4766 2217 4838 qui
2236 4764 2512 4822 fraudem
2531 4764 2670 4820 facit
2690 4763 3097 4831 mercenariis,
3124 4762 3334 4819 fratres
3355 4764 3683 4819 sunt.Unus

2028 4853 2353 4922 aediﬁcans,
2395 4853 2546 4909 alius
2576 4852 2887 4909 destruens
2914 4869 2928 4907 :
2960 4850 3106 4922 quid
3135 4850 3381 4923 prodest
3421 4850 3539 4908 illis
3565 4852 3683 4908 nisi

2026 4942 2200 5002 labor
2219 4944 2246 4999 ‘l
2269 4945 2431 4999 Unus
2453 4956 2652 5008 orans,
2677 4945 2735 4997 et
2763 4940 2917 4998 alius
2942 4938 3340 4995 maledicens:
3377 4940 3549 5011 cujus
3575 4957 3681 4998 vo-

2028 5048 2158 5090 cem
2178 5030 2454 5088 exaudiet
2470 5031 2625 5085 Deus
2645 5028 2670 5085 τ
2704 5029 2815 5095 Qui
2838 5027 3177 5086 babtizatur
3197 5032 3560 5095 amortuo,ct
3576 5030 3678 5087 ite-

2026 5138 2162 5178 rum
2182 5121 2368 5190 tangit
2382 5118 2568 5185 illum,
2586 5118 2735 5191 quid
2756 5116 2991 5191 proﬁcit
3005 5117 3225 5175 lavatio
3237 5117 3397 5177 illius
3418 5118 3446 5175 ?
3468 5118 3551 5175 sic
3574 5120 3681 5191 qui

2021 5211 2253 5283 jejunat
2282 5209 2342 5265 in
2367 5207 2629 5280 peccatis
2668 5207 2831 5275 suis;
2859 5210 2916 5263 et
2942 5206 3154 5262 iterum
3186 5206 3402 5264 eadem
3426 5207 3672 5279 faciens,

2024 5300 2172 5373 quid
2196 5298 2402 5373 prosit,
2430 5296 2802 5353 humiliando
2833 5312 2895 5354 se
2914 5296 2943 5351 ?
2986 5296 3320 5353 orationem
3350 5295 3510 5352 illius
3539 5297 3674 5368 quis

2023 5388 2299 5457 exaudiet
2322 5387 2349 5442 ‘l
2375 5386 2543 5457 (Cap.
2562 5385 2760 5455 xxxv.)
2778 5384 2885 5450 Qui
2916 5390 3226 5440 conservat
3245 5383 3459 5454 legem,
3480 5383 3674 5439 multis

2022 5476 2202 5548 plicat
2220 5475 2571 5531 orationem.
2597 5472 2961 5529 Sacriﬁcium
2985 5472 3245 5528 salutare
3267 5476 3354 5528 est
3368 5470 3670 5528 attendere

2026 5563 2338 5631 mandatis,
2361 5567 2417 5619 et
2432 5562 2734 5619 discedere
2756 5561 2834 5619 ab
2854 5562 3020 5621 omni
3036 5560 3439 5634 iniquitate.Et
3458 5557 3668 5627 depre-
