4160 6464
237 356 339 416 2ιὸ

1449 355 1665 416 FERLA
1703 340 1775 412 1v
1814 340 1885 409 IN
1922 336 2181 412 CAPITE
2215 352 2501 425 JEJUNII.

3596 354 3707 423 246

317 488 515 552 Quam
582 498 785 558 super
824 484 1191 557 nonaginta.
1230 487 1296 550 ir.
1356 485 1567 552 Gloria,
1609 486 1666 541 et
1717 481 1936 538 honor.
1976 480 2024 532 Α
2123 481 2397 547 Alleluia.
2426 491 2492 552 tr.
2521 487 3367 546 IlluminetDominusvultum
3396 502 3578 546 suum
3596 504 3705 546 su—

262 576 598 635 Reiteretur
624 586 694 646 ﬁ.

894 682 969 738 In
1000 682 1318 740 Laudibus.

334 790 427 847 Ad
461 790 801 849 Canticum
842 789 1213 858 Antiphona.
1268 793 1352 848 Tu
1406 787 1655 845 Domine
1702 788 1945 859 propter

270 884 609 955 peccatores
643 877 1008 935 misericors
1056 882 1302 936 vocatus
1337 894 1435 936 es:
1469 877 1519 934 si
1547 877 1709 933 enim
1756 870 1943 931 nostri

268 970 545 1028 misertus
572 967 783 1033 fueris,
817 967 1158 1025 vocaberis.

484 1075 809 1134 Canticum
840 1074 1060 1132 Esdraa
1089 1074 1244 1146 (Lib.
1265 1074 1373 1139 ιν,
1412 1088 1548 1145 cap.
1582 1070 1724 1141 Vill).

328 1190 613 1261 Domine,
643 1192 754 1263 qui
799 1189 1045 1246 habitas
1089 1189 1150 1245 in
1179 1192 1489 1254 aeternum,
1517 1188 1538 1211 '
1568 1187 1740 1258 cujus
1780 1183 1938 1241 oculi

253 1280 394 1338 elati
422 1284 485 1337 et
525 1279 845 1351 superiora
882 1277 946 1333 in
978 1284 1119 1333 aera
1151 1294 1163 1334 :

321 1370 516 1441 Cujus
540 1372 637 1425 est
651 1368 904 1425 thronus
920 1365 1379 1435 inaestimabilis,
1400 1367 1417 1384 '
1438 1370 1493 1424 et
1509 1363 1938 1437 gloriaincom—

246 1457 683 1533 prehensibilis
715 1472 729 1513 :

319 1549 433 1605 Cui
469 1547 679 1604 adstat
708 1544 909 1602 omnis
942 1545 1237 1601 exercitus
1269 1544 1631 1615 Angelorum
1662 1556 1800 1598 cum
1828 1542 1939 1595 tre-

246 1652 450 1708 more,
481 1637 501 1661 ·
522 1651 794 1709 quorum
816 1634 1166 1691 observatio
1192 1636 1253 1690 in
1273 1638 1452 1690 vento
1474 1638 1529 1689 et
1548 1631 1672 1702 igni
1695 1644 1938 1687 conver—

248 1730 480 1783 tentur.

2052 586 2159 643 per
2190 591 2318 633 nos.
2346 581 2403 634 P.
2428 582 2493 635 Et
2519 578 2837 635 benedicat
2872 592 3005 634 nos.
3044 576 3309 633 Alleluia.

2122 663 2356 722 Lauda.
2386 666 2646 724 Laudate
2667 665 2989 723 Dominum
3004 665 3080 721 de
3094 663 3257 722 caelis
3284 678 3297 719 :
3328 661 3595 731 Alleluia,
3620 666 3700 723 al-

2050 748 2251 810 leluia.
2286 755 2547 813 Laudato
2579 771 2717 811 eum
2747 755 2809 811 in
2847 753 3117 812 excelsis.
3146 749 3419 817 Alleluia,
3441 751 3695 812 alleluia.

2121 840 2394 899 Psalmus
2432 860 2657 901 cxnvm.

2048 927 2226 985 Lectio
2257 932 2393 988 libri
2403 933 2697 1003 Sapientiae
2724 932 3093 991 Ecclesiastici
3114 933 3411 991 Salmonis
3431 934 3587 1008 (Cap.
3616 933 3698 1003 ιι).

2120 1030 2190 1089 Βξ.
2238 1020 2361 1076 Deo
2390 1023 2633 1091 gratias.

2119 1107 2449 1167 Metuentes
2508 1110 2828 1166 Dominum
2883 1111 3175 1168 sustinent
3224 1109 3700 1169 misericordiam

2045 1195 2175 1265 ejus
2199 1212 2212 1251 :
2232 1200 2423 1253 etnon
2444 1198 2767 1255 deﬂectatis
2788 1198 2866 1254 ab
2877 1198 2978 1254 illo
2989 1215 3065 1254 ne
3079 1200 3330 1257 cadatis.
3352 1201 3462 1266 Qui
3482 1198 3699 1255 timetis

2046 1284 2388 1355 Dominum,
2406 1287 2623 1342 credite
2636 1287 2823 1342 illum:
2854 1292 3042 1343 etnon
3068 1288 3456 1344 evacuabitur
3470 1300 3699 1343 merces

2046 1373 2261 1423 vestra.
2297 1370 2405 1433 Qui
2440 1369 2656 1425 timetis
2684 1370 3027 1437 Dominum,
3062 1376 3293 1442 sperate
3320 1372 3382 1426 in
3418 1371 3606 1435 illum,
3641 1374 3699 1426 et

2046 1456 2107 1511 in
2128 1456 2523 1512 oblectatione
2540 1458 2736 1513 veniet
2752 1458 2920 1513 vobis
2932 1458 3366 1515 misericordia.
3400 1458 3511 1523 Qui
3532 1458 3698 1514 time-

2045 1547 2119 1602 tis
2136 1548 2708 1617 Dominum,diligite
2724 1547 2912 1611 illum,
2927 1554 2983 1604 et
3000 1548 3493 1606 illuminabuntur
3511 1547 3698 1604 corda

2044 1640 2267 1692 vestra.
2291 1636 2583 1707 Respicite
2596 1634 3023 1691 ﬁliinationum
3034 1636 3379 1693 hominum:
3395 1642 3452 1693 et
3466 1636 3693 1704 scitote,

2046 1726 2180 1796 quis
2194 1724 2525 1797 speravitin
2539 1724 2811 1789 Domino,
2828 1729 2884 1779 et
2895 1724 3180 1780 confusus
3194 1729 3281 1781 est
3295 1724 3697 1797 permansitin

326 1815 524 1885 Cujus
562 1812 826 1869 verbum
851 1812 1118 1879 ﬁrmum,
1152 1815 1209 1867 et
1236 1810 1397 1866 dicta
1426 1806 1885 1897 perseverantia.
1915 1802 1939 1827 ⁶
1972 1842 2016 1897 B
2047 1813 2347 1870 mandatis
2373 1814 2523 1883 ejus,
2559 1817 2615 1868 et
2642 1812 2957 1867 derelictus
2986 1815 3073 1867 est
3100 1812 3128 1866 ‘i
3155 1819 3211 1869 et
3239 1813 3375 1884 quis
3400 1812 3698 1868 invocavit

259 1905 444 1975 129
476 1902 664 1973 Cujus
692 1900 988 1971 disposito
1012 1899 1201 1966 fortis,
1224 1904 1280 1955 et
1290 1898 1486 1969 jussio
1506 1894 1782 1951 terribilis
1814 1910 1825 1948 :

333 1994 517 2064 Cujus
566 1994 856 2063 aspectus
896 1988 1138 2044 arefacit
1166 1988 1445 2059 abyssos.
1466 1986 1487 2007 ¹
1509 1989 1566 2041 et
1601 1982 1935 2053 indignatio

259 2081 516 2140 tabescit
549 2084 815 2143 montes,
849 2082 907 2134 et
930 2077 1149 2133 veritas
1181 2076 1531 2133 testificatur
1562 2089 1575 2128 ε

329 2169 563 2225 Exaudi
595 2168 850 2223 Domine
908 2165 1245 2221 orationem
1301 2164 1457 2219 servi
1491 2161 1599 2227 tui,
1630 2162 1652 2184 "
1683 2160 1932 2217 auribus

243 2258 498 2331 percipe
535 2270 786 2327 precem
819 2254 1095 2324 ﬁgmenti
1128 2254 1233 2308 tui.

320 2344 580 2402 Intende
610 2344 672 2399 in
695 2342 880 2399 verba
908 2356 1065 2407 mea,
1096 2341 1245 2396 dum
1272 2340 1433 2397 enim
1452 2337 1607 2405 vivo,
1632 2336 1848 2408 loquar
1874 2353 1889 2393 :
1914 2338 1931 2356 '

243 2439 305 2493 et
325 2435 484 2491 dum
526 2433 722 2505 sapio,
755 2430 1143 2503 respondebo
1176 2446 1189 2485 :

318 2529 442 2581 Nec
473 2522 765 2595 respicias
800 2520 1049 2577 Domine
1074 2518 1285 2592 populi
1330 2517 1416 2574 tui
1458 2516 1678 2572 delicta
1706 2530 1725 2584 ;
1758 2515 1778 2536 "
1817 2511 1930 2585 ipsi

244 2614 355 2688 qui
384 2613 497 2670 tibi
529 2612 801 2667 serviunt
824 2610 887 2665 in
912 2609 1186 2664 veritate.

320 2707 533 2775 Neque
561 2699 842 2757 attendas
865 2697 1051 2768 impie
1072 2695 1379 2766 agentium
1400 2692 1617 2759 studia,
1641 2694 1663 2716 ⁶
1692 2691 1797 2747 sed
1817 2691 1923 2763 qui

245 2800 352 2851 tua
382 2793 761 2847 testamenta
801 2803 939 2842 cum
978 2785 1288 2841 doloribus
1328 2783 1757 2839 custodierunt.

319 2885 533 2952 Neque
558 2878 784 2947 cogites
811 2875 1061 2947 perdere
1083 2874 1189 2945 qui
1214 2873 1275 2928 in
1300 2876 1629 2944 conspectu
1648 2874 1751 2925 tuo
1782 2868 1930 2924 false

251 2967 605 3027 conversati
634 2969 793 3033 sunt,
828 2965 847 2987 '
879 2963 986 3019 sed
1028 2965 1332 3018 memento
1372 2960 1476 3032 qui
1506 2973 1581 3014 ex
1626 2957 1930 3015 voluntate

246 3072 483 3116 nomen
521 3061 697 3112 tuum
730 3068 873 3109 cum
903 3050 1117 3108 timore
1138 3051 1567 3121 cognoverunt.

314 3150 528 3218 Neque
546 3142 811 3199 volueris
843 3139 1111 3213 perdere,
1140 3138 1245 3211 qui
1265 3136 1561 3209 pecudem
1590 3148 1789 3190 mores
1815 3133 1919 3190 ha-

242 3235 516 3291 buerunt
539 3249 551 3287 :
574 3232 591 3250 '
616 3231 725 3287 sed
740 3228 1035 3301 respicias
1055 3242 1237 3299 super
1259 3241 1382 3290 eos,
1401 3225 1507 3297 qui
1523 3224 1716 3295 legem
1730 3222 1926 3294 splen-

249 3324 390 3380 dide
420 3322 786 3379 docuerunt.

318 3416 530 3484 Neque
569 3406 900 3479 indigneris
922 3405 1008 3461 eis
1029 3404 1136 3476 qui
1154 3402 1362 3459 bestiis
1399 3401 1573 3474 pejus
1606 3403 1744 3455 sunt
1769 3399 1925 3470 judi-

252 3501 368 3559 cati
396 3517 411 3557 :
439 3500 462 3522 ‘
475 3498 587 3556 sed
602 3496 823 3569 diligas
836 3511 963 3560 eos,
988 3494 1092 3567 qui
1114 3505 1350 3564 semper
1367 3490 1430 3546 in
1456 3495 1559 3547 tua
1575 3488 1765 3559 gloria
1785 3503 1926 3545 con-

250 3589 535 3646 ﬁderunt.

323 3676 633 3744 Quoniam
660 3687 794 3740 nos,
828 3676 886 3728 et
924 3670 1126 3743 patres
1171 3667 1363 3724 nostri
1393 3666 1611 3723 talibus
1653 3665 1926 3721 moribus

252 3767 492 3839 egimus
522 3781 536 3821 :
570 3767 591 3789 ’
616 3767 683 3820 tu
711 3766 914 3819 autem
943 3762 1188 3832 propter
1206 3772 1319 3813 nos
1338 3758 1679 3829 peccatores
1700 3753 1928 3811 miseri-

252 3872 389 3913 cors
417 3857 678 3911 vocatus
702 3867 786 3907 es.

326 3946 383 4002 Si
396 3943 567 4000 enim
579 3937 1036 4001 desideraveris,
1055 3938 1122 3993 ut
1135 3934 1328 3992 nostri
1361 3931 1721 4001 misereat-is,
1744 3935 1764 3956 '
1784 3936 1926 3987 tunc

250 4033 602 4091 misericors
632 4028 948 4087 vocaberis
977 4040 990 4081 :

328 4130 521 4188 Nobis
538 4128 705 4184 enim
733 4140 858 4183 non
880 4122 1237 4181 habentibus
1257 4134 1441 4192 opera
1453 4118 1715 4190 justitiaa.
1746 4118 1928 4174 Justis

250 4226 482 4285 autem,
502 4217 731 4291 quibus
757 4218 896 4271 sunt
923 4224 1107 4285 opera
1126 4210 1317 4267 multa
1337 4208 1618 4281 reposita,
1642 4209 1662 4229 '
1683 4206 1849 4279 apud
1874 4211 1928 4263 te

250 4309 508 4367 Domine
538 4323 612 4363 ex
640 4303 897 4378 propriis
921 4299 1207 4373 operibus
1234 4297 1566 4371 percipient
1588 4295 1928 4352 mercedem

250 4412 457 4454 suam.

321 4485 482 4554 Quid
512 4488 603 4540 est
622 4483 828 4547 homo,
862 4483 925 4536 ut
945 4478 996 4535 ei
1014 4476 1381 4547 indigneris:
1416 4478 1436 4500 "
1467 4478 1571 4531 aut
1594 4486 1783 4544 genus
1802 4488 1928 4530 cor-

245 4574 557 4650 ruptibile,
597 4577 664 4628 ut
698 4572 782 4627 ita
810 4567 1185 4625 exacerberis
1212 4566 1287 4621 de
1318 4566 1472 4637 ipso.

320 4671 388 4722 In
408 4662 663 4719 veritate
701 4660 883 4730 enim,
934 4672 1114 4713 nemo
1154 4655 1228 4710 de
1271 4653 1485 4724 genitis
1515 4655 1620 4716 est,
1672 4650 1775 4723 qui
1803 4665 1928 4706 non

246 4755 437 4827 impie
464 4750 727 4824 gessit,‘
759 4753 863 4804 aut
892 4746 967 4803 de
1008 4742 1467 4811 conﬁdentibus,
1498 4742 1603 4815 qui
1654 4739 1759 4796 tibi
1803 4754 1926 4795 non

247 4842 524 4916 deliquit.

322 4938 388 4989 In
404 4933 525 4988 hoc
542 4929 706 4986 enim
732 4922 1192 4983 annuntiabitur
1217 4920 1454 4976 bonitas
1483 4921 1603 4989 tua,
1622 4921 1677 4973 et
1695 4917 1928 4989 justitia

247 5027 351 5078 tua
383 5018 663 5085 Domine,
698 5019 719 5039 '
747 5030 888 5070 cum
918 5013 1195 5068 misertus
1223 5008 1406 5064 fueris
1433 5008 1528 5063 his
1554 5007 1658 5077 qui
1677 5021 1799 5062 non
1824 5006 1927 5064 ha-

247 5111 395 5167 bent
426 5103 840 5164 substantiam
880 5115 1134 5173 operum
1164 5098 1484 5154 bonorum.

318 5200 419 5257 Ad
436 5195 800 5255 Benedictus
813 5189 1192 5259 Antiphona.
1218 5184 1347 5240 Filii
1360 5184 1676 5241 hominum
1688 5182 1925 5238 benedi-

252 5289 357 5345 cite
390 5286 719 5343 Dominum
762 5277 951 5333 Israel
980 5293 994 5342 ;
1027 5282 1083 5332 et
1120 5290 1330 5331 omnes
1384 5271 1731 5329 Sacerdotes
1773 5269 1927 5324 servi

250 5379 346 5433 Dei
384 5374 727 5432 benedicite
758 5368 1102 5423 Dominum.

316 5466 655 5524 Canticum.
707 5454 1065 5513 Benedictus
1112 5468 1175 5507 es
1204 5449 1453 5507 Domine
1483 5451 1641 5504 Deus
1685 5449 1927 5518 patrum

247 5559 612 5614 nostrorum.
655 5550 876 5617 Quaere
909 5543 1024 5613 fol.
1053 5545 1105 5596 6.

313 5645 491 5705 Sana.
526 5643 693 5699 Deus
720 5634 1084 5693 misereatur
1106 5627 1303 5697 nobis,
1336 5628 1392 5683 et
1424 5623 1742 5685 benedicat
1766 5636 1878 5682 nos
1910 5639 1925 5679 :

2046 1917 2205 1969 eum,
2234 1906 2290 1956 et
2306 1901 2575 1972 despexit
2589 1900 2757 1956 illum
2777 1899 2805 1954 ‘?
2821 1900 3117 1965 Quoniam
3137 1900 3270 1972 pius
3286 1904 3341 1957 et
3361 1900 3694 1955 misericors

2046 1992 2218 2060 Deus,
2240 1994 2296 2045 et
2323 1990 2561 2045 dimittit
2589 1990 2651 2045 in
2676 1995 2946 2061 tempore
2977 1988 3375 2046 tribulationis
3398 1990 3647 2060 peccata
3679 2007 3693 2047 :

2043 2079 2325 2135 omnibus
2351 2078 2799 2150 exquirentibus
2844 2094 2905 2133 se
2931 2078 2993 2134 in
3023 2079 3290 2135 veritate.
3346 2079 3445 2133 νω
3473 2076 3698 2148 duplici

2041 2168 2241 2232 corde,
2266 2172 2323 2222 et
2340 2166 2514 2223 labiis
2534 2166 2853 2235 sceleratis,
2873 2171 2928 2222 et
2942 2166 3243 2239 peccatori
3263 2170 3481 2223 terram
3504 2166 3698 2235 ingre-

2040 2256 2225 2312 dienti
2255 2256 2493 2312 duabus
2540 2256 2671 2312 viis.
2705 2258 2799 2311 Va:
2852 2255 3154 2311 dissolutis
3200 2254 3400 2323 corde,
3431 2254 3537 2325 qui
3571 2267 3699 2311 non

2039 2345 2281 2401 credent
2301 2346 2423 2401 Deo
2457 2362 2469 2401 :
2503 2344 2638 2400 ideo
2665 2360 2789 2400 non
2818 2348 3211 2415 proteguntur
3231 2345 3305 2399 ab
3332 2358 3423 2399 eo.
3446 2344 3566 2406 Vae,
3589 2341 3698 2412 qui

2039 2434 2427 2506 perdiderunt
2488 2433 2925 2499 sustinentiam,
2977 2436 3034 2489 et
3087 2432 3192 2504 qui
3254 2430 3698 2502 dereliquerunt

2041 2522 2169 2579 vias
2205 2527 2416 2589 rectas,
2448 2526 2505 2578 et
2542 2522 2902 2578 diverterunt
2930 2521 2993 2577 in
3036 2521 3159 2577 vias
3188 2535 3421 2592 pravas.
3456 2521 3522 2573 Et
3547 2516 3698 2590 quid

2037 2611 2282 2679 facietis,
2312 2627 2451 2668 cum
2464 2612 2726 2683 aspicere
2744 2610 2990 2680 coeperit
3008 2610 3297 2665 Dominus
3316 2609 3344 2665 ?
3358 2607 3466 2673 Qui
3485 2607 3695 2663 timent

2037 2702 2379 2765 Dominum,
2400 2714 2522 2755 non
2539 2704 2712 2755 erunt
2730 2698 3111 2754 incredibiles
3126 2698 3314 2754 verbo
3332 2698 3382 2769 ej
3393 2713 3461 2753 us
3485 2714 3500 2752 :
3517 2700 3574 2753 et
3587 2694 3693 2767 qui

2037 2789 2290 2858 diligunt
2310 2788 2495 2858 illum,
2521 2788 2962 2843 conservabunt
2982 2786 3336 2843 viamillius.
3358 2786 3470 2850 Qui
3484 2786 3697 2841 timent

2038 2878 2380 2945 Dominum,
2409 2876 2710 2949 inquirant
2737 2891 2869 2946 quae
2886 2874 3263 2945 beneplacita
3306 2876 3445 2928 sunt
3488 2872 3607 2927 illi:
3637 2876 3695 2927 et

2036 2967 2141 3040 qui
2164 2966 2419 3035 diligunt
2447 2980 2607 3029 eum,
2643 2962 3029 3035 replebuntur
3056 2962 3184 3031 lege
3232 2961 3442 3033 ipsius.
3477 2959 3590 3025 Qui
3628 2958 3694 3016 ti-

2037 3058 2202 3111 ment
2214 3049 2857 3123 Dominum,parabunt
2870 3050 3055 3105 corda
3067 3053 3263 3115 sua,et
3282 3047 3345 3103 in
3361 3050 3693 3119 conspectu

2037 3143 2192 3199 illius
2223 3140 2681 3197 sanctiﬁcabunt
2705 3138 2940 3195 animas
2969 3153 3132 3193 suas.
3166 3148 3231 3208 Βι.
3250 3141 3467 3193 Amen.

2104 3233 2402 3301 Hymnus.
2434 3228 2720 3299 Splendor
2740 3231 3023 3299 paternae.
3046 3227 3157 3296 fol.
3182 3229 3270 3282 67.
3287 3224 3689 3295 Supplicatio.

2033 3323 2284 3378 Oremus
2313 3318 2765 3388 Redemptorem
2814 3315 3047 3371 mundi.
3078 3316 3191 3384 fol.
3244 3317 3334 3371 66.
3394 3312 3689 3383 Capitula.

2034 3413 2189 3467 Deus
2221 3413 2428 3465 auctor
2457 3406 2700 3464 luminis
2730 3405 2940 3473 Quaere
2954 3405 3007 3474 f.
3040 3407 3161 3461 115.

2104 3498 2327 3555 Lauda.
2353 3495 2697 3564 Irascimini,
2717 3499 2773 3550 et
2794 3492 2974 3549 nolite
2993 3507 3243 3564 peccare
3266 3509 3281 3545 :
3308 3489 3582 3547 Alleluia.
3599 3489 3692 3543 Di-

2033 3589 2142 3644 cite
2173 3588 2233 3643 in
2264 3585 2546 3642 cordibus
2570 3583 2799 3639 vestris.
2830 3585 2889 3637 P.
2922 3584 2989 3637 Et
3010 3581 3072 3636 in
3129 3579 3427 3636 cubilibus
3475 3578 3689 3633 vestris

2033 3674 2531 3748 compungimini.
2552 3671 2821 3734 Alleluia,
2856 3669 3109 3726 alleluia.
3141 3668 3205 3729 7.
3236 3667 3573 3725 Sacrificate
3599 3681 3694 3721 sa-

2033 3764 2322 3820 criﬁcium
2347 3762 2609 3833 justitiae,
2640 3765 2696 3816 et
2720 3762 2952 3831 sperate
2981 3759 3044 3813 in
3070 3758 3344 3813 Domino.
3387 3754 3545 3810 Multi
3593 3752 3687 3808 di-

2035 3857 2178 3909 cunt
2210 3869 2221 3907 :
2249 3854 2391 3918 Quis
2413 3849 2677 3907 ostendit
2698 3848 2873 3905 nobis
2896 3847 3060 3903 bona
3086 3847 3116 3903 ‘I
3136 3844 3345 3902 P.Etin
3366 3841 3687 3900 cubilibus.

2032 3943 2094 4005 tr.
2129 3941 2340 3998 Gloria.
2370 3943 2435 3996 P.
2475 3941 2538 3994 Et
2561 3938 2643 3993 in.

2109 4030 2333 4085 Oratio.
2363 4027 2507 4097 Tibi,
2565 4026 2833 4095 Domine,
2863 4024 2925 4079 in
2964 4023 3177 4089 Quaere
3189 4022 3305 4091 fol.
3333 4022 3458 4074 H7.
3520 4018 3685 4074 Com-

2034 4118 2499 4185 memorationes,
2525 4120 2590 4169 ut
2612 4128 2799 4181 supra
2824 4112 2937 4181 fol.
2970 4113 3059 4166 94.

2252 4206 2457 4261 FERIA
2486 4203 2789 4269 QUARTA.
2823 4200 2895 4253 IN
2927 4199 3170 4254 CAPITE
3195 4194 3469 4251 JEJUNII.

2603 4290 2695 4345 Ad
2713 4289 3077 4346 Matutinum
3093 4329 3106 4342 .

2105 4382 2476 4453 Antiphona.
2500 4378 2585 4434 Tu
2606 4382 2808 4435 autem
2825 4376 3073 4433 Domine
3091 4376 3399 4445 susceptor
3417 4386 3588 4428 meus
3604 4385 3687 4435 es,

2036 4473 2226 4545 gloria
2248 4485 2404 4538 mea,
2437 4472 2492 4525 et
2521 4467 2786 4524 exaltans
2820 4469 3000 4537 caput
3029 4478 3257 4520 meum.
3305 4462 3582 4517 Psalmus
3610 4472 3688 4514 ιιι.

1960 4536 2002 4589 D
2036 4536 2067 4545 ν
2109 4562 2333 4618 Oratio.
2374 4536 2658 4623 Quamvis
2674 4536 2921 4611 Domine
2941 4553 3203 4625 plurima
3218 4549 3691 4620 malignantium

2036 4648 2353 4706 multitudo
2384 4647 2662 4715 abneget,
2697 4645 2947 4700 salutem
2964 4646 3235 4697 nostram
3258 4654 3386 4695 esse
3414 4638 3476 4693 in
3496 4641 3553 4693 te
3580 4637 3693 4691 Do-

2035 4740 2201 4795 mino
2232 4739 2351 4793 Deo
2381 4739 2584 4791 nostro
2617 4750 2628 4789 :
2658 4733 2832 4789 nobis
2868 4737 3073 4787 tamen
3106 4718 3278 4799 13o
3304 4725 3383 4781 ob
3427 4726 3543 4780 hoc
3594 4738 3686 4779 ro-

2032 4829 2148 4885 bur
2176 4827 2305 4899 spei
2325 4824 2581 4880 multum
2606 4826 2874 4889 augetur,
2897 4819 3039 4891 quia
3070 4824 3132 4873 tu
3159 4817 3469 4885 susceptor
3492 4816 3692 4867 noster

2034 4932 2165 4973 esse
2186 4916 2470 4983 dignatus
2496 4928 2558 4966 es
2593 4927 2604 4966 :
2640 4909 2996 4966 Obstruatur
3015 4907 3214 4976 itaque
3236 4900 3692 4975 osloquentium

2032 5007 2272 5073 iniqua;
2315 5017 2453 5057 cum
2493 5001 2804 5071 sperantes
2831 4997 2893 5052 in
2917 5001 2973 5051 te
2996 4991 3411 5050 misericordia
3439 4990 3694 5047 circum-

2034 5095 2137 5151 dat
2160 5092 2426 5149 assidua.
2462 5101 2529 5159 It.
2560 5093 2774 5144 Amen.
2940 5088 2945 5093 ’

2104 5186 2212 5238 Per
2241 5176 2740 5236 misericordiam.

2052 5272 2055 5273 ⁷
2104 5270 2453 5341 Antiphona
2481 5272 2535 5322 1.
2562 5266 2760 5320 Venite
2790 5262 3131 5328 adoremus,
3156 5263 3212 5316 et
3234 5263 3692 5333 prosternamus

2034 5364 2171 5416 ante
2210 5360 2399 5413 Deum
2434 5372 2444 5410 :
2481 5362 2535 5411 et
2557 5355 2861 5423 ploremus
2893 5366 3096 5406 coram
3116 5349 3391 5414 Domino,
3414 5346 3521 5418 qui
3561 5346 3697 5400 fecit

2034 5463 2164 5503 nos.
2196 5447 2257 5507 it.
2302 5450 2793 5514 Praaoccupemus
2826 5440 3037 5497 faciem
3070 5439 3172 5494 Dei
3193 5441 3255 5493 in
3294 5434 3690 5495 confessione,

2035 5540 2092 5592 et
2118 5535 2181 5591 in
2201 5533 2450 5606 psalmis
2483 5531 2814 5603 jubilemus
2844 5529 2918 5585 ei.
2945 5528 3222 5583 Psalmus
3248 5540 3404 5581 XCIV.

2111 5604 2337 5682 Oratio.
2369 5620 2862 5691 Prmoc‘cupantes
2882 5616 3095 5675 faciem
3120 5618 3308 5683 tuam,
3330 5607 3598 5675 Domine,
3628 5604 3693 5660 in
