4160 6452
472 331 582 408 247.
1679 407 1682 410 η
1729 320 2182 380 BREVIARIUM
2215 323 2613 393 GOTHICUM.
3777 320 3942 377 248

478 450 876 518 confessione,
901 451 960 504 et
987 446 1051 504 in
1078 445 1322 519 psalmis
1346 446 1452 504 tibi
1479 447 1682 505 debita
1707 445 2115 504 modulatione
2142 452 2189 508 A
2218 451 2500 508 omnibus
2528 452 2801 524 gentibus
2854 450 3114 507 salutare
3171 452 3358 505 tuum.
3417 447 3483 503 P.
3558 445 3936 504 llluminet.

474 539 818 612 jubilantes,
837 536 1164 593 adoramus
1183 536 1626 607 acprocidimus
1640 540 1774 592 ante
1789 541 1860 605 te,
1881 535 2116 607 ploratu
2221 539 2284 600 ἡ.
2317 541 2528 606 Gloria,
2561 546 2618 597 et
2640 543 2844 610 honor,
2879 545 2990 595 etc.
3027 539 3096 592 P.
3129 537 3444 594 llluminet.

477 630 708 686 interno
733 631 791 682 et
820 625 1043 696 gemitu
1084 625 1470 697 deprecantes
1503 642 1515 681 :
1546 630 1610 682 ut
1648 624 1792 698 quia
1821 629 1883 680 tu
1931 622 2117 679 fecisti
2295 631 2604 685 Lauda.ln
2619 630 2834 685 sanctis
2847 627 3223 698 ejuslaudate
3240 625 3584 681 Dominum.
3604 624 3921 688 Alleluia,

477 733 609 786 nos,
638 720 696 772 et
722 721 786 772 tu
815 730 877 770 es
905 715 1058 768 Deus
1079 717 1280 770 noster
1307 731 1319 781 ;
1344 729 1454 769 nos
1478 713 1772 786 populum
1795 718 1962 768 tuum
1985 711 2120 784 pius
2227 716 2488 774 alleluia.
2519 721 2581 772 ln
2610 718 2988 772 ﬁrmamento
3011 715 3240 770 virtutis
3263 715 3394 786 ejus
3419 713 3668 771 laudate
3690 712 3942 770 Domi-

481 803 769 860 Dominus
788 806 1086 874 protegas,
1117 806 1172 856 et
1191 817 1333 857 oves
1353 817 1594 874 pascuae
1621 807 1734 858 tuae
1760 805 1963 872 pastor
1988 799 2124 857 soli-
2228 820 2393 863 num,
2427 805 2692 874 Alleluia,
2724 805 2980 861 alleluia.
3006 804 3280 860 Psalmus
3307 817 3391 859 CL.

481 892 633 948 citus
656 889 961 947 attendas:
991 888 1333 961 tribuasque
1356 889 1450 945 his
1470 889 1745 962 gratiam,
1771 903 1880 962 pro
1901 887 2122 960 quibus
2338 895 2532 951 Lectio
2555 894 2690 949 libri
2716 892 3039 963 Sapientiae
3068 892 3397 949 Salomonis
3419 890 3596 963 (Cap.
3634 890 3764 963 xu).

483 976 752 1037 animam
777 977 1049 1051 posuisti.
1080 989 1144 1047 Br.
1171 979 1382 1032 Amen.
2304 994 2367 1053 ﬁ.
2398 985 2516 1039 Deo
2535 981 2778 1053 gratias.
3021 997 3024 1000 ‘

553 1067 658 1122 Per
687 1064 1158 1121 misericordiam
1197 1067 1383 1121 tuam.
2303 1071 2476 1137 Deus,
2496 1070 2599 1142 qui
2618 1070 2728 1126 das
2742 1070 2941 1125 locum
2961 1067 3343 1142 poenitentiae,
3369 1072 3433 1124 tu
3453 1067 3622 1124 dona
3641 1066 3936 1124 veniam

555 1154 920 1224 Αηιίρὴοηα-
953 1153 1004 1206 2.
1034 1152 1374 1218 Misericors.
1408 1156 1462 1208 et
1493 1152 1824 1218 miserator.
1851 1151 2126 1221 etjustus
2233 1159 2491 1232 peccatis
2518 1159 2754 1214 nostris.
2779 1159 2920 1223 Quis
2940 1157 3098 1214 enim
3119 1157 3274 1213 dicet
3299 1155 3403 1212 tibi
3430 1177 3443 1212 ε
3468 1155 3628 1222 Quid
3654 1155 3868 1212 fecisti
3899 1157 3943 1212 φ

485 1242 794 1298 Dominus.
839 1240 902 1302 7V.
932 1241 1225 1312 Benignus
1275 1239 1382 1305 Vir,
1437 1240 1541 1312 qui
1582 1238 1912 1295 miseretur-
1965 1237 2130 1293 Ρεαι-
2235 1251 2337 1302 aut
2365 1246 2502 1317 quis
2534 1245 2933 1301 stabitcontra
2953 1243 3243 1316 judicium
3270 1248 3443 1299 tuum
3471 1243 3501 1298 ‘I
3531 1247 3639 1298 aut
3660 1243 3806 1315 quis
3843 1243 3939 1299 in

475 1346 613 1387 smus
634 1345 726 1385 Cll.
2236 1341 2557 1406 conspectu
2579 1341 2678 1390 tuo
2696 1334 2891 1389 veniet
2917 1334 3133 1389 vindex
3153 1332 3499 1404 iniquorum
3517 1331 3859 1388 hominum
3893 1331 3940 1387 ?

559 1419 777 1473 Οναίίο·
812 1416 1132 1472 Misericors
1157 1416 1402 1470 Domine
1433 1419 1489 1471 et
1511 1415 1691 1486 iuste,
1720 1414 1814 1470 fac
1835 1430 1945 1469 n05
1981 1429 2132 1469 Sem-
2239 1423 2946 1495 autquistibiimputabit,
2966 1421 3806 1494 sinationesperierunt,quas
3823 1421 3937 1478 fe-

487 1521 584 1579 per
609 1521 735 1560 esse
756 1503 1168 1558 misericordes
1193 1519 1206 1568 ;
1237 1510 1291 1558 et
1317 1503 1727 1559 commoditati
1748 1503 1989 1558 alternae
2013 1507 2133 1558 tota
2239 1513 2366 1568 cisli
2398 1511 2426 1566 εὶ
2454 1515 2566 1567 Nec
2583 1512 2739 1568 enim
2764 1512 2914 1567 alius
2938 1517 3026 1567 est
3045 1511 3200 1567 Deus
3219 1527 3405 1582 quam
3419 1516 3504 1578 tu,
3527 1510 3797 1566 cuicura
3817 1516 3942 1567 est

486 1593 698 1650 adesse
718 1593 991 1648 facilitate
1025 1609 1038 1646 :
1075 1607 1180 1648 nec
1204 1593 1281 1647 ab
1309 1591 1516 1647 auditu
1544 1591 1706 1647 malo
1727 1606 1859 1656 nos,
1883 1591 2029 1646 dum
2043 1590 2135 1660 ju-
2240 1599 2315 1655 de
2340 1599 2635 1666 omnibus,
2659 1599 3014 1655 utostendas
3039 1601 3328 1671 quoniam
3348 1614 3468 1655 non
3499 1598 3725 1670 injuste
3743 1599 3941 1670 judi-

488 1681 1035 1751 dicavefisaterl‘eas
1057 1697 1071 1745 ἱ
1092 1679 1192 1734 Sed
1207 1683 1375 1734 tuam
1389 1678 1468 1735 ad
1482 1679 1788 1735 deXtel'am
1803 1677 2137 1747 gloriﬁcaﬂ-
2242 1691 2412 1744 casti.
2443 1691 2641 1760 Neque
2669 1704 2770 1743 rex
2799 1703 2992 1759 neque
3029 1693 3321 1759 tyrannus
3345 1688 3406 1742 in
3437 1692 3774 1760 conspectu
3807 1693 3943 1745 tuo

488 1769 601 1826 dos
632 1774 880 1825 statuas.
909 1778 974 1836 Br-
1003 1770 1211 1822 Δωθου
2172 1799 2211 1852 Β
2242 1777 2543 1849 inquirent
2583 1776 2656 1831 de
2685 1776 2777 1831 his
2796 1792 2948 1847 quos
2970 1776 3292 1848 perdidisti.
3327 1777 3473 1832 Cum
3497 1775 3580 1831 sis
3610 1791 3760 1846 ergo
3779 1777 3941 1848 jus-

559 1859 664 1914 Per
682 1854 1157 1913 misericordiam
1185 1860 1368 1910 tuam:
2246 1871 2360 1931 tus,
2388 1865 2546 1935 juste
2575 1864 2782 1920 omnia
2825 1865 3095 1936 disponis
3126 1881 3139 1919 :
3176 1865 3376 1936 ipsum
3413 1879 3665 1936 quoque
3706 1865 3946 1936 puniri

2247 1954 2349 2026 qui
2377 1953 2574 2020 debet,
2619 1953 3007 2019 condemnas,
3045 1957 3101 2008 et
3133 1958 3400 2009 exterum
3432 1953 3703 2010 aestimas
3739 1957 3780 2009 ὁ.
3813 1959 3946 2011 tua

2245 2043 2476 2097 virtute.
2509 2041 2694 2098 Virtus
2721 2041 2878 2096 enim
2901 2047 3002 2097 tua
3021 2040 3259 2112 justitiaa
3277 2041 3512 2098 initium
3534 2045 3662 2097 est:
3689 2041 3775 2098 ob
3799 2042 3943 2099 hoc

2248 2130 2411 2203 quod
2433 2135 2636 2185 noster
2668 2131 2950 2185 Dominus
2975 2145 3058 2197 es,
3081 2129 3362 2184 omnibus
3392 2135 3447 2185 te
3464 2145 3716 2201 parcere
3739 2130 3937 2186 facis.

2248 2221 2531 2274 Virtutem
2554 2220 2711 2273 enim
2743 2219 3024 2282 ostendis,
3057 2219 3161 2291 qui
3184 2235 3302 2275 non
3333 2220 3661 2275 credideris
3695 2235 3835 2277 esse
3862 2221 3938 2276 in

562 1969 990 2040 Antiphona3.
1035 1969 1286 2035 Quaerite
1309 1968 1649 2025 Dominum:
1678 1969 1737 2024 et
1764 1965 2141 2024 confortami-

491 2061 556 2117 ni
585 2075 598 2116 :
627 2059 874 2130 quaerite
903 2057 1116 2113 faciem
1145 2057 1272 2128 ejus
1303 2072 1557 2128 semper.
1590 2057 1863 2113 Psalmus
1891 2070 2006 2111 etv.

569 2165 797 2222 Oratio.
827 2163 1239 2229 Quaerentibus
1252 2169 1326 2233 te,
1354 2163 1623 2229 Domine,
1644 2163 1833 2218 tribue
1855 2160 2142 2218 fortitudi-

493 2269 634 2312 nem
660 2272 674 2323 ;
706 2259 763 2309 et
778 2251 1083 2324 qumrendi
1102 2257 1153 2307 te
1165 2253 1384 2322 jugiter
1406 2251 1654 2306 infunde
1678 2256 1952 2306 sanctum
1971 2263 2139 2305 amo-

494 2359 621 2399 rem
655 2359 668 2396 :
704 2340 885 2413 utqui
905 2343 1072 2395 tuam
1094 2339 1438 2395 desiderant
1458 2354 1696 2395 cernere
1722 2339 1929 2394 faciem
1949 2336 2142 2408 perni.

496 2431 721 2487 ciosam
751 2429 963 2485 mundi
990 2443 1112 2483 non
1147 2431 1433 2500 appetant
1477 2427 1882 2498 voluptatem:
1917 2440 2140 2496 eosque

497 2518 698 2575 saeculi
712 2516 1124 2573 blandimenta
1139 2532 1261 2572 non
1275 2516 1577 2572 detineant
1599 2529 2028 2587 usquequaque
2045 2527 2139 2568 ca-

495 2607 721 2678 ptivos;
747 2609 812 2661 ut
855 2603 957 2660 lux
1010 2603 1208 2660 vultus
1259 2605 1343 2660 tui
1395 2603 1672 2661 clarificet
1723 2603 1852 2674 jam
1907 2602 2137 2658 beatos.

498 2705 563 2766 ιτα.
586 2695 797 2749 Amen.

568 2783 673 2838 Per
700 2781 1170 2837 misericordiam
1199 2786 1384 2848 tuam,
1417 2786 1526 2838 etc.

570 2889 633 2948 13,.
663 2877 1008 2949 Propitiare,
1030 2878 1298 2942 Domine,
1324 2877 1550 2950 populo
1575 2881 1700 2946 tuo,
1719 2877 1859 2950 quia
1878 2876 2146 2948 peccavit

498 2966 636 3037 tibi;
670 2965 1298 3038 etomnesiniquitates
1321 2982 1529 3022 eorum
1547 2982 1620 3021 ne
1642 2966 1986 3022 memineris
2007 2982 2020 3031 ;
2038 2964 2144 3019 sed

498 3054 591 3111 fac
611 3070 749 3110 cum
775 3056 858 3110 eis
877 3054 1374 3110 misericordiam.
1403 3055 1468 3108 P.
1492 3057 1558 3109 Et
1581 3055 1799 3110 exaudi
1823 3053 1976 3118 illos,
2035 3067 2145 3124 pro

2247 2308 2460 2365 virtute
2491 2313 2942 2362 consummatus
2973 2325 2986 2374 ;
3021 2307 3128 2363 sed
3161 2308 3294 2372 hos,
3327 2308 3432 2380 qui
3463 2309 3687 2373 sciunt,
3722 2309 3942 2366 auda—

2249 2395 2404 2450 ciam
2419 2394 2695 2449 traducis.
2710 2397 2792 2450 Tu
2805 2401 3003 2452 autem
3017 2395 3365 2451 Dominator
3378 2394 3634 2452 Domine
3649 2396 3934 2462 virtutis,

2257 2486 2299 2554 ι
2312 2485 2363 2555 3
2379 2485 2421 2554 ι
2459 2499 2596 2539 cum
2614 2483 3031 2556 tranquillitate
3043 2484 3064 2554 j
3077 2484 3277 2541 udicas
3298 2490 3669 2556 peccatores,
3686 2491 3747 2542 et
3769 2502 3934 2542 cum

2249 2588 2470 2642 magna
2500 2573 2826 2627 reverentia
2850 2571 3116 2644 disponis
3142 2588 3255 2628 nos
3284 2595 3296 2629 :
3331 2573 3538 2629 subest
3565 2574 3734 2630 enim
3782 2575 3930 2642 tibi,

2250 2677 2387 2717 cum
2417 2660 2615 2726 velles,
2643 2676 2841 2732 posse.
2893 2660 3150 2716 Docuisti
3194 2661 3356 2717 enim
3396 2662 3701 2734 populum
3736 2669 3933 2720 tuum

2249 2764 2356 2822 per
2371 2748 2507 2804 talia
2529 2763 2728 2820 Opera,
2746 2749 3031 2820 quoniam
3047 2755 3278 2820 oportet
3289 2751 3520 2820 justum
3541 2767 3676 2807 esse
3695 2751 3935 2808 huma-

2252 2853 2420 2905 num,
2450 2841 2506 2892 et
2533 2840 2696 2892 bona
2721 2851 2826 2906 spe
2863 2836 3049 2892 fecisti
3089 2837 3240 2892 ﬁlios
3269 2841 3436 2904 tuos;
3468 2839 3775 2910 quoniam
3803 2841 3935 2896 das

2251 2925 2448 2981 locum
2484 2924 2546 2981 in
2584 2925 2841 2997 peccatis
2889 2926 3273 2996 poenitentiae.
3322 2927 3380 2982 Si
3426 2928 3590 2984 enim
3628 2928 3936 2986 inimicos

2255 3031 2563 3071 servorum
2607 3020 2866 3086 tuorum,
2923 3021 2978 3071 et
3020 3015 3254 3072 debitos
3303 3017 3503 3085 morti,
3545 3034 3692 3074 cum
3743 3024 3934 3077 tanta

495 3103 2143 3215 gaias—senem;{regnavisset};3.:
2179 3137 2220 3192 ε
2251 3103 2530 3215 ξινιιοίειειί
2561 3103 2893 3166 attentione,
2929 3107 2984 3158 et
3016 3103 3283 3215 ιίρεταειξ
3318 3104 3473 3202 deus
3522 3111 3795 3215 ίίῖιξιριιεε
3874 3114 3936 3164 ει

497 3229 679 3300 mine,
701 3229 1161 3301 aliquantulum,
1179 3234 1236 3284 et
1251 3228 1543 3284 delectare
1566 3243 1746 3300 super
1767 3243 1968 3284 servos
1991 3233 2140 3284 tuos.

497 3316 565 3374 P.
597 3319 665 3373 Et
684 3316 900 3372 exaudi
926 3315 1077 3372 illos.
1105 3315 1175 3376 72’.
1216 3315 1432 3382 Gloria,
1464 3318 1542 3372 et.
1573 3314 1899 3372 Beiteretur
1939 3327 2000 3384 ἢ.

1117 3431 1185 3486 In
1214 3430 1534 3485 Laudibus.

569 3547 934 3617 Antiphona.
961 3547 1172 3603 Averte
1197 3545 1410 3601 faciem
1442 3550 1606 3603 tuam
1637 3562 1672 3601 a
1689 3547 1943 3618 peccatis
1964 3546 2140 3604 meis:

499 3640 556 3693 et
573 3649 787 3692 omnes
810 3634 1153 3706 iniquitates
1175 3649 1342 3690 meas
1359 3634 1513 3690 dele.
1547 3635 1825 3690 Psalmus
1845 3651 1895 3690 L.

573 3722 802 3780 Oratio.
822 3723 1030 3779 Averte
1049 3722 1266 3778 faciem
1285 3727 1445 3779 tuam
1469 3739 1502 3779 a
1520 3725 1778 3796 peccatis
1801 3723 2020 3780 nostris
2041 3723 2149 3780 Do-

498 3812 780 3878 mine;et
808 3825 1018 3866 omnes
1070 3811 1408 3884 iniquitates
1437 3815 1673 3868 nostras
1717 3812 2149 3868 dele:remove

500 3899 579 3957 ab
607 3899 794 3957 oculis
808 3900 921 3956 tuis
953 3899 1247 3956 malorum
1263 3905 1602 3957 nostrarum
1618 3901 1850 3958 facinus
1881 3901 2150 3973 volupta-

499 3992 1034 4061 tum;nostraeque
1071 3989 1432 4045 confessioni
1489 3988 1812 4046 clementer
1836 3994 2002 4044 tuum
2050 3988 2150 4046 ad-

499 4093 656 4149 pone
685 4076 955 4134 auditum
988 4095 1000 4132 :
1035 4077 1326 4145 Miserere,
1375 4094 1746 4150 quaesumus,
1797 4077 2150 4147 rogantibus

498 4165 693 4230 nobis,
723 4165 829 4237 qui
852 4165 1146 4238 propitius
1165 4166 1403 4238 respicis
1425 4167 1484 4222 in
1503 4166 1792 4232 adversis,
1816 4171 1874 4222 et
1893 4165 1998 4237 qui
2018 4165 2150 4221 des-

498 4254 717 4327 peratis
729 4269 833 4310 cor
851 4254 1150 4326 paenitens
1167 4255 1379 4311 tribuis
1391 4255 1470 4312 ad
1487 4255 1927 4312 confessionem
1945 4253 2148 4323 glorias

500 4346 639 4398 tute.
671 4342 784 4397 Sed
811 4343 957 4414 quia
986 4343 1344 4400 Publicanus
1369 4361 1406 4401 a
1432 4344 1611 4414 longe
1641 4347 1806 4400 stans
1841 4347 1899 4398 et
1940 4357 2148 4414 percu-

2251 3191 2471 3259 locum,
2489 3207 2595 3262 per
2618 3206 2798 3261 quem
2825 3196 3077 3261 possunt
3099 3192 3378 3247 mundari
3403 3210 3433 3247 θ
3461 3194 3699 3250 malitia
3725 3213 3744 3260 ;
3775 3213 3931 3252 cum

2252 3285 2478 3353 quanta
2528 3278 2828 3348 diligentia
2885 3279 3165 3348 judicasti
3220 3280 3374 3336 filios
3423 3286 3578 3348 tuos,
3644 3299 3932 3354 quorum

2254 3367 2601 3440 parentibus
2617 3367 2959 3436 juramenta
2974 3373 3029 3424 et
3047 3370 3510 3426 conventionem
3535 3387 3800 3428 suarum
3821 3373 3933 3429 de-

2255 3456 2390 3511 disti
2421 3453 2891 3526 promissionum
2912 3455 2940 3510 ‘2
2970 3457 3116 3510 Cum
3145 3471 3288 3526 ergo
3319 3457 3495 3514 nobis
3519 3459 3930 3532 disciplinam

2256 3545 2384 3614 das,
2447 3542 2721 3599 inimicos
2760 3548 2998 3600 nostros
3046 3545 3451 3618 multipliciter
3504 3547 3816 3621 ﬂagellas,
3864 3557 3930 3608 ut

2255 3631 2582 3690 bonitatem
2611 3637 2774 3688 tuam
2797 3633 3143 3703 cogitemus,
3159 3634 3499 3705 judicantes
3534 3655 3547 3692 :
3583 3642 3643 3694 et
3667 3655 3821 3697 cum
3850 3642 3932 3697 de

2255 3720 2429 3778 nobis
2440 3721 2460 3790 j
2473 3720 2759 3787 udicatur,
2776 3737 3083 3793 speremus
3099 3723 3596 3782 misericordiam.
3619 3739 3686 3797 131.
3701 3729 3928 3787 Amen.

2327 3809 2624 3878 Hymnus.
2642 3809 3018 3880 Benignitatis
3037 3809 3170 3865 fons
3196 3811 3368 3881 Deus,
3383 3815 3926 3885 etc.S-upplicatio.

2259 3899 2506 3956 Oremus
2535 3897 3008 3970 Redemptorem.
3044 3899 3256 3965 Qucere
3271 3901 3385 3970 fol.
3414 3905 3506 3960 69.

2331 3986 2634 4055 Capitula.
2672 3987 3103 4058 Erubescimus,
3135 3989 3476 4053 Domine,te
3496 3997 3743 4063 patrem
3767 3997 3932 4052 voci-

2257 4074 2371 4131 bus
2396 4075 2716 4146 appellare,
2735 4076 2839 4147 qui
2863 4075 3123 4132 ﬁliorum
3166 4077 3483 4134 amisimus
3512 4081 3889 4151 dignitatem
3916 4103 3928 4140 :

2259 4164 2363 4219 sed
2387 4164 2528 4237 quia
2557 4169 2807 4236 paterno
2832 4166 3052 4222 affectu
3099 4181 3213 4222 nos
3241 4166 3461 4233 salvas,
3496 4185 3641 4226 cum
3677 4172 3758 4228 de
3788 4190 3935 4245 pro.

2258 4253 2400 4325 priis
2431 4252 2660 4309 delictis
2680 4268 2792 4308 nos
2817 4253 3082 4324 judicas;
3107 4255 3279 4321 adeo,
3314 4261 3370 4312 et
3399 4258 3447 4312 si
3501 4259 3744 4330 indigni
3794 4262 3924 4328 ﬁlii,

2256 4347 2518 4412 paternae
2537 4345 2736 4397 tamen
2761 4357 2995 4414 precem
3030 4342 3339 4399 fundimus
3363 4345 3588 4417 pietati,
3620 4355 3928 4420 petentes,

502 4430 650 4485 tiens
680 4433 888 4502 pectus
915 4447 1108 4496 suum,
1143 4432 1272 4488 sola
1293 4432 1670 4489 confessione
1700 4434 1994 4502 purgatus
2021 4433 2144 4496 est;
2181 4460 2224 4512 Ι)
2259 4432 2323 4484 ut
2350 4428 2411 4484 in
2430 4429 2545 4484 hoc
2572 4433 2790 4485 nostrae
2819 4429 3153 4486 afﬂictionis
3193 4436 3482 4505 tempore,
3512 4441 3804 4494 nostrum
3836 4441 3930 4511 ju-

501 4517 768 4574 similiter
797 4523 854 4575 et
872 4535 982 4576 nos
1010 4526 1355 4593 peccatores
1384 4520 1603 4576 exaudi
1632 4524 1731 4575 :ut
1753 4519 1904 4574 sicut
1921 4517 2005 4574 illi
2027 4535 2147 4574 me-

499 4605 644 4662 ritos
688 4607 988 4679 petitionis
1017 4625 1140 4666 sure
1186 4609 1411 4665 fructus
1437 4607 1677 4662 donasti
1707 4623 1720 4672 ;
1748 4607 1829 4662 ita
1873 4611 1930 4662 et
1971 4607 2148 4662 nobis

502 4695 976 4768 supplicantibus
997 4697 1262 4768 indignis
1279 4695 1465 4752 servis
1491 4695 1604 4750 tuis
1627 4695 1863 4753 veniam
1884 4694 2147 4766 digneris

498 4783 842 4856 impendere
865 4787 1148 4858 peccatis.
1186 4797 1249 4856 ﬁt.
1281 4787 1500 4842 Amen.

569 4873 673 4928 Per
697 4873 1190 4931 misericordiam.

567 4962 665 5018 Ad
682 4963 1013 5022 Canticum.
1061 4959 1428 5031 Antiphona.
1460 4963 1539 5017 Ne
1561 4960 1915 5018 extermines
1958 4976 2146 5033 popu-

493 5049 619 5108 lum
645 5055 832 5116 tuum,
871 5049 1160 5118 Domine;
1194 5054 1250 5104 et
1299 5048 1684 5106 hereditatem
1731 5054 1918 5118 tuam,
1955 5065 2142 5123 quam

494 5137 782 5197 liberasti.

567 5230 902 5287 Canticum.
945 5226 1209 5291 Domine,
1245 5226 1516 5296 Domine,
1546 5243 1650 5284 rex
1690 5225 1941 5283 deorum
1971 5227 2142 5284 coelo-

492 5331 648 5374 rum.
686 5315 897 5380 Quwre
915 5315 1030 5383 fol.
1075 5316 1198 5371 103.

564 5403 1022 5460 Matutinarium
1035 5403 1565 5472 Antiphona.Deus
1576 5404 1918 5462 misereatur
1928 5404 2141 5476 nostri,

494 5489 1058 5550 etbenedicatnobis
1085 5507 1098 5548 :
1131 5490 1754 5550 P.111uminetvultum
1772 5509 1948 5550 suum
1962 5507 2142 5564 super

494 5593 622 5640 nos.
659 5579 721 5642 ἡ.
757 5581 826 5637 Ut
843 5593 1280 5651 cognoscamus
1321 5579 1381 5636 in
1435 5584 1587 5638 terra
1633 5581 1791 5641 viam
1840 5587 2004 5644 tuam
2036 5597 2049 5637 :
2079 5581 2138 5638 in

2256 4515 2401 4573 beas
2421 4522 2732 4588 peccatum
2757 4518 3048 4573 dimittere
3082 4535 3095 4571 :
3127 4534 3269 4590 quo,
3297 4525 3355 4576 et
3377 4521 3427 4576 si
3457 4523 3686 4578 meritis
3709 4526 3931 4599 nequi-

2256 4619 2410 4669 mus,
2445 4604 2641 4660 saltim
2671 4604 2886 4662 affectu
2914 4605 3132 4671 cordis,
3175 4611 3228 4663 te
3259 4613 3490 4680 patrem
3534 4609 3927 4683 invocemus,

2258 4695 2437 4764 atque
2466 4692 2744 4750 dicamus
2788 4713 2801 4750 :

2325 4783 2494 4837 Pater
2515 4786 2734 4838 noster.
2767 4785 2832 4839 Et
2860 4797 2936 4838 ne
2965 4797 3094 4839 nos.
3129 4785 3170 4838 A
3221 4785 3381 4843 malo
3427 4800 3542 4843 nos
3582 4787 3766 4858 libra,
3801 4798 3919 4848 etc.

2258 4869 2468 4939 Quaere
2491 4869 2606 4939 fol.
2649 4873 2732 4924 10.

2326 4957 2638 5015 Humiliate
2657 4973 2762 5014 vos
2779 4957 3198 5015 benedictioni.

2325 5045 2612 5103 Dominus
2643 5047 2716 5102 sit
2743 5061 3000 5118 semper.
3033 5059 3095 5116 Iv.
3129 5050 3192 5103 Et
3223 5063 3384 5104 cum.

2325 5135 2551 5191 Lauda.
2605 5134 2956 5205 Irascimini,
2999 5140 3054 5192 et
3086 5136 3266 5193 nolite
3303 5153 3553 5208 peccare
3583 5161 3596 5200 :
3633 5144 3920 5203 Alleluia.

2254 5224 2432 5280 Dicite
2460 5223 2520 5277 in
2553 5223 2833 5278 cordibus
2866 5224 3092 5289 vestris,
3127 5225 3396 5281 Alleluia.
3420 5229 3492 5282 P.
3519 5232 3586 5285 Et
3615 5231 3682 5288 in
3708 5235 3923 5291 cubili-

2251 5311 2368 5367 bus
2381 5310 2590 5366 vestris
2603 5311 3920 5385 compungimini.Alleluia,alleluia,alleluia.

2250 5399 2312 5461 lii.
2341 5399 2675 5456 Sacriﬁcate
2707 5399 3063 5456 sacriﬁcium
3080 5401 3343 5472 justitiaa,
3367 5410 3608 5474 sperate
3627 5410 3694 5465 in
3720 5412 3928 5469 Domi-

2249 5487 2739 5546 no.Multidicunt
2770 5508 2782 5548 :
2818 5490 3414 5556 Quisostenditnobis
3428 5493 3643 5554 bona?
3665 5500 3735 5557 P.
3757 5504 3826 5559 Et
3842 5504 3921 5558 in-

2317 5577 3078 5650 Benedictio.0mnipotens
3092 5579 3373 5653 Deus,qui
3387 5581 3468 5638 ob
3481 5583 3799 5652 indictum
3810 5592 3921 5649 hoc
