4160 6414
498 341 602 416 ἕξεί

1759 329 2212 410 BREVIARIUM
2255 333 2643 411 GOTHlCUM.

3803 333 3929 408 252

497 479 737 540 vocabis
751 479 1068 553 jejunium,
1101 481 1157 538 et
1181 479 1340 539 diem
1391 479 1816 555 acceptabilem
1837 475 2085 535 Domino
2112 458 2140 528 ‘l
2169 457 2212 526 Α
2248 473 2329 532 tio
2359 478 2656 536 saecularis
2680 479 2946 535 nostram
2963 478 3225 533 mentem
3247 473 3503 547 dejiciat,
3521 490 3632 532 nec
3654 491 3928 548 persua-

501 573 707 627 Nonne
724 567 840 625 hoc
851 572 939 625 est
953 568 1152 640 magis
1162 569 1651 644 jejunium,quod
1667 568 1858 640 elegi?
1886 563 2140 622 dissolve

502 657 908 726 colligationes
923 657 1262 730 impietatis,
1286 659 1449 716 solve
1467 658 1778 715 fasciculos
1805 653 2142 727 deprimen-

503 741 842 815 tes;dimitte
863 761 984 812 eos,
1017 745 1582 818 quiconfractisunt,
1613 746 1850 812 liberos,
1890 745 1946 800 et
1965 753 2143 799 omne

506 849 660 892 onus
697 832 1031 905 disrumpe.
1056 835 1284 906 Frange
1314 835 1594 892 esurienti
1612 849 1834 908 panem
1863 835 2052 895 tuum,
2089 831 2144 884 et

508 935 1052 994 egenosvagosque
1065 923 1316 980 inducin
1327 923 1576 980 domum
1589 927 1914 980 tuamzcum
1924 915 2142 974 videris

509 1009 762 1081 nudum,
806 1011 970 1082 operi
988 1015 1210 1083 eum,et
1226 1027 1468 1069 carnem
1485 1016 1648 1069 tuam
1673 1027 1748 1067 ne
1767 1005 2132 1080 despexeris.

505 1101 665 1155 Tunc
695 1099 957 1170 erumpet
980 1099 1156 1172 quasi
1179 1115 1359 1156 mane
1379 1100 1582 1156 lumen
1603 1104 1793 1164 tuum,
1829 1099 1886 1152 et
1924 1093 2142 1151 sanitas

505 1191 608 1243 tua
631 1185 802 1241 citius
819 1187 1056 1253 orietur,
1080 1190 1138 1243 et
1164 1188 1409 1244 anteibit
1433 1185 1646 1244 faciem
1697 1189 1865 1241 tuam
1917 1179 2142 1253 justitia

504 1277 624 1338 tua,
657 1276 714 1329 et
741 1272 929 1345 gloria
949 1274 1181 1330 Domini
1203 1275 1435 1343 colliget
1453 1270 2035 1335 te.Tuncinvocabis,
2085 1269 2142 1324 et

503 1361 789 1418 Dominus
805 1361 1470 1432 exaudiet:clamabis,et
1499 1361 1685 1416 dices:
1719 1361 1864 1415 Ecce
1880 1359 2099 1415 adsum
2125 1375 2135 1414 :

503 1448 551 1504 si
579 1447 890 1504 abstuleris
906 1448 980 1505 de
995 1448 1195 1505 medio
1217 1451 1300 1506 tui
1325 1453 1622 1517 catenam,
1645 1452 1701 1505 et
1719 1447 1963 1503 desieris
1995 1444 2138 1514 digi-

501 1541 628 1592 tum
651 1535 1049 1602 extendere,et
1068 1538 1236 1610 loqui
1257 1539 1416 1610 quod
1437 1553 1558 1594 non
1572 1537 1987 1609 prodest.Cum
2000 1533 2143 1589 etfu-

501 1625 655 1681 deris
674 1625 952 1681 esurienti
980 1625 1246 1682 animam
1262 1630 1448 1691 tuam,
1476 1629 1533 1682 et
1557 1625 1814 1681 animam
1860 1623 2142 1679 afﬂictam

502 1711 841 1784 repleveris,
865 1712 1083 1768 orietur
1102 1713 1164 1768 in
1217 1712 1473 1769 tenebris
1505 1712 1608 1768 lux
1640 1716 1761 1781 tua,
1792 1714 1847 1767 et
1887 1709 2141 1765 tenebrae

2251 563 2338 620 sio
2367 564 2913 640 nocivapossideat,
2940 581 3048 622 nec
3077 564 3393 622 inﬁdelitas
3421 564 3748 623 tenebrosa
3771 581 3933 622 con-

2251 652 2605 710 cludatzsed
2634 654 2832 711 vultus
2863 653 2949 710 tui
2992 669 3170 726 super
3219 668 3331 709 nos
3393 653 3632 725 signata
3675 653 3931 712 lumine

2250 739 2582 810 fulgeamus
2611 764 2625 811 ;
2655 758 3006 815 semperque
3022 741 3084 798 in
3104 741 3317 798 eodem
3352 740 3678 815 splendore
3726 741 3931 801 stabi-

2247 828 2408 886 litate
2434 846 2590 887 verae
2618 831 2759 887 ﬁdei
2786 829 3150 901 gradiamur.
3181 843 3246 901 11v.
3277 831 3494 890 Amen.

2320 917 2429 973 Per
2446 918 2922 977 misericordiam
2952 923 3136 990 tuam,
3172 921 3343 983 Deus,
3369 923 3479 976 etc.

2319 1010 2665 1077 Antiphona
2683 1013 2735 1065 3.
2771 1011 3116 1066 Convertere
3134 1009 3403 1078 Domine,
3459 1011 3518 1065 et
3555 1005 3723 1082 eripe
3782 1009 3927 1068 ani-

2248 1111 2381 1152 mas
2408 1102 2642 1153 nostras
2667 1115 2680 1152 :
2715 1097 2911 1155 salvos
2924 1112 3036 1155 nos
3054 1097 3146 1154 fac
3164 1101 3405 1170 propter
3419 1097 3928 1157 misericordiam

2249 1187 2434 1240 tuam.
2455 1185 2738 1250 Quianon
2766 1186 2930 1242 estin
2961 1189 3167 1254 morte,
3201 1185 3306 1258 qui
3321 1188 3646 1242 memorsit
3677 1187 3795 1242 tui.
3835 1188 3917 1248 ἲν.

2250 1273 2516 1340 Domine,
2550 1289 2622 1329 ne
2643 1274 2811 1330 inira
2840 1278 2942 1330 tua
2993 1289 3214 1344 arguas
3236 1289 3352 1340 me,
3387 1289 3585 1346 neque
3627 1275 3929 1334 infurore

2249 1366 2350 1417 tuo
2379 1361 2665 1434 corripias
2695 1378 2810 1418 me.
2839 1361 3106 1418 Psalmus
3129 1379 3208 1418 v1.

2321 1461 2390 1520 Βι.
2426 1449 3208 1519 ExurgeDominemiserere
3257 1449 3456 1518 nobis,
3514 1452 3669 1525 quia
3743 1454 3927 1510 venit

2249 1541 2483 1609 tempus
2508 1539 3175 1595 miserendi.Timebunt
3200 1539 3413 1595 Gentes
3436 1555 3667 1596 nomen
3715 1545 3922 1608 tuum,

2251 1628 2306 1682 et
2343 1642 2551 1681 omnes
2570 1629 2920 1696 regesterrae
2971 1625 3220 1695 gloriam
3242 1631 3427 1684 tuam.
3470 1627 3536 1686 P.
3569 1629 3826 1701 Respice
3859 1630 3931 1688 in

2249 1707 2544 1770 orationes
2567 1720 3068 1787 pauperumzetne
3083 1731 3329 1787 spernas
3353 1731 3560 1788 preces
3579 1732 3823 1774 eorum.
3839 1717 3887 1778 ἡ*
3902 1763 3917 1776 .

502 1805 619 1857 tum
647 1807 820 1857 erunt
841 1801 992 1856 sicut
1016 1800 1401 1857 meridies.Et
1420 1801 1688 1873 requiem
1708 1797 1874 1855 dabit
1891 1798 1993 1855 tibi
2037 1798 2143 1852 Do-
2172 1806 2216 1860 Β
2250 1801 2498 1858 Posuisti
2532 1803 2868 1874 iniquitates
2911 1807 3144 1859 nostras
3197 1803 3255 1858 in
3293 1809 3661 1876 conspectu:
3689 1821 3922 1863 omnes

503 1890 704 1946 minus
729 1905 984 1960 semper,
1013 1895 1069 1945 et
1095 1890 1366 1962 implebit
1399 1887 1816 1962 splendoribus
1874 1887 2142 1943 animam

503 1983 692 2048 tuam,
713 1981 769 2033 et
791 1993 931 2034 ossa
949 1981 1144 2034 vestra
1172 1977 1422 2048 liberati,
1472 1981 1528 2033 et
1560 1977 1672 2033 eris
1717 1978 1893 2050 quasi
1935 1971 2142 2031 hortus

499 2065 793 2135 inriguus,
817 2069 874 2120 et
899 2065 1047 2122 sicut
1070 2065 1204 2122 fons
1235 2081 1548 2139 aquarum,
1584 2065 1681 2121 cui
1709 2080 1832 2121 non
1862 2064 2142 2120 deﬁciunt

500 2169 674 2226 aquae
688 2194 701 2208 .
717 2165 781 2226 rp.
801 2152 1010 2208 Amen.

497 2241 817 2314 Sequenlia
861 2239 1150 2312 Ερὶειοιάιο
1171 2241 1360 2298 Pauli
1393 2233 1658 2314 Apostoli
1683 2241 1763 2297 ad
1793 2239 2142 2296 Colossenses

1163 2330 1343 2400 (Cap.
1381 2331 1475 2402 ιι).

571 2429 639 2488 Βι.
671 2420 790 2474 Deo
813 2416 1050 2486 gratias.

573 2508 828 2562 Fratres:
866 2505 1024 2561 Sicut
1035 2505 1373 2578 accepsistis
1387 2505 1680 2562 Christum
1695 2501 1984 2570 Jesum,in
2004 2502 2137 2574 ipso

502 2593 1707 2667 ambulate,radicati,etsuperaediﬁcatiin
1745 2593 1896 2664 ipso,
1926 2595 1980 2647 et
2005 2605 2141 2646 con-

501 2682 723 2739 ﬁrmati
744 2682 1042 2748 ﬁde,sicut
1063 2687 1118 2738 et
1134 2681 1817 2748 didicistis,abundantes
1831 2681 1890 2735 in
1931 2679 2145 2750 gratia-

500 2785 636 2827 rum
666 2770 913 2827 actione.
937 2771 1134 2826 Videte
1172 2785 1246 2826 ne
1272 2771 1405 2840 quis
1427 2787 1534 2826 vos
1556 2769 1813 2840 decipiat
1832 2784 1937 2839 per
1957 2766 2143 2839 philo-

500 2858 796 2930 sophiam,
830 2861 887 2914 et
931 2857 1173 2915 inanem
1222 2855 1540 2928 fallaciam,
1600 2857 1930 2913 secundum
1963 2855 2140 2911 tradi-

498 2947 719 3004 tionem
759 2946 1096 3014 hominum,
1164 2946 1498 3002 secundum
1561 2946 1855 3001 elementa
1907 2941 2137 3013 mundi,

495 3039 552 3092 et
575 3050 698 3091 non
728 3033 1060 3091 secundum
1087 3033 1424 3105 Christum;
1453 3033 1599 3105 quia
1649 3033 1710 3088 in
1734 3032 1865 3103 ipso
1910 3030 2140 3087 habitat

2248 1889 2374 1946 dies
2400 1891 2586 1947 nostri
2611 1891 2988 1947 defecerunt:
3011 1896 3066 1947 et
3089 1907 3203 1947 nos
3232 1892 3292 1946 in
3315 1891 3402 1948 ira
3423 1891 3918 1950 tuadefecimus.

2248 1978 2481 2034 Domini
2501 1979 2796 2050 refugium
2841 1983 2966 2035 esto
3013 1977 3187 2035 nobis
3233 1996 3270 2036 a
3317 1979 3534 2036 diebus
3581 1981 3798 2037 malis.
3839 1983 3910 2039 P.

2247 2067 2485 2138 Respice
2513 2067 2573 2122 in
2603 2071 2895 2123 orationes
2949 2083 3301 2139 pauperum.
3326 2067 3387 2130 ἡ.
3444 2067 3666 2135 Gloria,
3701 2068 3763 2126 et
3806 2071 3921 2128 ho-

2247 2169 2359 2210 nor
2379 2154 2553 2220 Patri,
2583 2159 2692 2211 etc.
2723 2156 2789 2211 P.
2829 2155 3074 2226 Respice
3089 2155 3151 2210 in
3190 2155 3488 2234 orationes
3519 2173 3914 2230 pauperum.

2319 2241 2541 2297 Preces.
2574 2241 3004 2312 Indulgentiam
3021 2242 3424 2314 postulamus,
3444 2244 3698 2310 Christe,
3730 2262 3927 2303 exau-

2249 2328 2330 2386 di.
2363 2329 2425 2383 P.
2460 2327 2716 2400 Placere,
2743 2335 2800 2386 et
2825 2330 3127 2387 miserere.
3154 2330 3216 2392 7V.
3281 2332 3422 2386 Jesu
3469 2331 3784 2402 unigenite
3821 2335 3932 2392 Dei

2252 2416 2438 2473 Patris
2462 2417 2655 2485 Filius,
2681 2419 2785 2491 qui
2804 2435 2865 2474 es
2885 2419 3198 2476 immensae
3228 2417 3822 2486 bonitatis,Domine.
3855 2423 3927 2479 P.

2251 2503 2514 2574 Placare,
2543 2511 2598 2562 et
2619 2505 2917 2562 miserere.
2951 2505 3012 2568 Ψ.
3046 2507 3249 2564 Cuncti
3275 2507 3348 2563 de
3388 2508 3720 2578 gemitibus
3782 2526 3931 2568 exo-

2249 2595 2448 2648 rantes
2469 2593 3119 2667 poscimus;cunctique
3138 2593 3315 2650 simul
3336 2593 3739 2674 deprecantes
3754 2614 3930 2671 qure-

2253 2681 2568 2736 sumus.P.
2598 2681 2858 2747 Placere,
2914 2687 2970 2738 et
3000 2681 3298 2738 miserere.
3318 2682 3382 2743 ἲν.
3437 2686 3562 2740 Tua
3601 2685 3738 2756 jam
3802 2686 3924 2743 cle-

2250 2769 2472 2825 mentia
2494 2767 2654 2824 mala
2675 2773 2877 2826 nostra
2903 2774 3174 2841 superet:
3201 2774 3301 2826 tuo
3321 2770 3452 2842 jam
3493 2788 3712 2829 sereno
3745 2775 3930 2831 vultu

2249 2856 2311 2911 in
2339 2872 2451 2913 nos
2488 2856 2807 2929 respice.P.
2840 2857 3099 2922 Placare,
3161 2861 3219 2913 et
3257 2857 3558 2914 miserere.
3583 2855 3650 2920 ἴ.
3686 2862 3930 2917 Remis-

2251 2944 2483 3000 sionem
2512 2946 2780 3001 omnium
2800 2949 3202 3018 peccatorum,
3232 2963 3586 3018 quaesumus
3620 2968 3632 3007 :
3661 2949 3926 3022 indulge

2249 3033 2510 3089 clemens
2539 3032 2718 3100 mala,
2751 3049 2886 3106 qua:
2938 3027 3370 3090 commisimus.
3423 3035 3488 3090 P.
3534 3023 3814 3110 Placare,
3863 3041 3929 3097 et

493 3123 691 3180 omnis
711 3121 1020 3195 plenitudo
1064 3121 1386 3177 divinitatis
1430 3115 1828 3192 corporaliter.
1885 3121 1950 3175 Et
1994 3119 2135 3174 estis
2177 3127 2218 3197 (ξ
2250 3122 2546 3176 miserere.

490 3211 555 3267 in
580 3209 680 3266 illo
735 3205 966 3281 repleti,
1017 3209 1120 3281 qui
1167 3211 1255 3265 est
1296 3213 1476 3280 caput
1527 3208 1720 3264 omnis
1767 3206 2135 3279 principatus

493 3302 552 3354 et
574 3297 882 3369 potestatis
913 3298 1011 3352 :in
1030 3312 1152 3368 quo
1176 3299 1231 3353 et
1258 3295 1428 3367 133
1478 3294 1806 3350 circumcisi
1847 3294 1988 3349 estis
2033 3293 2138 3347 cir-

493 3385 856 3442 cumcisione
874 3400 997 3440 non
1010 3399 1194 3439 manu
1206 3383 1361 3439 facta
1376 3385 1437 3438 in
1454 3382 1911 3454 expoliationem
1929 3395 2135 3452 corpo-

491 3474 573 3529 ris
592 3473 807 3540 carnis,
831 3474 893 3528 in
915 3472 1430 3528 circumcisionem
1449 3468 1963 3543 Christizetsepulti
1993 3469 2046 3524 ei
2076 3467 2138 3523 in

493 3560 822 3631 baptismo,
859 3562 924 3615 in
948 3575 1070 3632 quo
1087 3563 1142 3616 et
1159 3559 1553 3618 resurrexistis
1565 3573 1670 3630 per
1694 3559 1877 3614 ﬁdem
1930 3572 2136 3630 opera-

495 3646 676 3705 tionis
717 3647 837 3715 Dei,
861 3648 965 3720 qui
993 3647 1294 3705 suscitavit
1323 3647 1490 3703 illum
1528 3663 1565 3705 a
1593 3647 1863 3702 mortuis.
1932 3647 1996 3701 Et
2035 3645 2139 3717 qui

497 3752 637 3793 cum
659 3735 877 3792 mortui
910 3736 1111 3792 essetis
1137 3737 1197 3791 in
1226 3735 1472 3803 delictis,
1521 3739 1577 3793 et
1603 3734 1891 3808 praeputio
1944 3733 2140 3788 carnis

495 3822 1164 3889 vestrm,conviviﬁcavit
1175 3840 1284 3881 vos
1301 3841 1438 3881 cum
1449 3823 1811 3893 illo,donans
1823 3821 1994 3878 vobis
2015 3837 2141 3878 om-

496 3913 600 3968 nia
627 3912 858 3969 delicta.
897 3924 960 3982 Bp.
982 3916 1188 3968 Amen.

566 4000 913 4070 Antiphona
934 4005 950 4055 ί
969 4001 1206 4056 .Servite
1228 4001 1480 4056 Domino
1496 4000 1555 4056 in
1578 3999 1872 4055 timorezet
1889 3996 2139 4054 exaltate

493 4089 547 4146 ei
568 4104 705 4144 cum
734 4087 1458 4160 tremore.Apprehendite
1471 4085 2141 4160 disciplinam,nequan-

494 4177 572 4233 do
584 4177 874 4234 irascatur
890 4177 1265 4244 Dominus,et
1275 4178 1530 4249 pereatis
1545 4176 1617 4232 de
1634 4177 1727 4231 via
1733 4177 1752 4247 j
1764 4173 2142 4239 usta.V.Qua—

491 4281 557 4322 re
568 4265 935 4321 fremuerunt
954 4265 1458 4339 gentes,etpopuli
1482 4264 1747 4321 meditati
1768 4261 2136 4318 suntinania.

493 4354 763 4410 Psalmus
793 4369 853 4410 ιι.

571 4441 792 4499 Oratio.
820 4441 1138 4515 Disciplina
1153 4447 1276 4537 tua,
1307 4441 1577 4537 Domine,
1604 4455 1716 4495 nos
1740 4435 1842 4494 tibi
1866 4441 1922 4493 et
1935 4439 2138 4535 sancto
2169 4469 2213 4537 Β

495 4518 694 4585 timori
714 4531 1054 4602 conjungat,
1087 4535 1144 4587 et
1163 4529 1238 4586 ad
1266 4527 1687 4584 exultationem
1721 4533 1888 4582 tuam
1931 4526 2138 4580 timore

496 4632 611 4674 nos
632 4619 888 4677 attrahat
911 4638 923 4676 :
948 4636 1018 4676 ac
1043 4635 1117 4675 ne
1136 4618 1284 4674 avia
1300 4618 1465 4688 justa
1484 4615 1862 4680 recedamus,
1881 4630 1987 4670 nos
2005 4631 2140 4670 con-

496 4695 615 4763 tine
639 4725 652 4764 :
679 4712 734 4766 et
758 4714 822 4766 ut
839 4708 902 4765 in
927 4713 980 4764 te
1006 4707 1188 4762 ﬁdere
1211 4706 1540 4776 possimus,
1560 4702 1766 4759 beatos
1790 4720 1919 4758 esse
1933 4719 2138 4759 conce-

496 4788 588 4851 de.
623 4807 691 4866 BI.
728 4797 938 4853 Amen.
968 4796 1077 4850 Per
1105 4791 1572 4848 misericordiam
1605 4795 1766 4848 tuam
1797 4795 1970 4859 Deus,
2013 4796 2124 4847 etc.

563 4884 910 4955 Antiphona
935 4889 986 4939 2.
1011 4885 1074 4938 1n
1093 4879 1470 4937 tribulatione
1492 4883 1695 4936 nostra
1716 4879 2138 4945 Deus,dilatas-

490 4971 535 5028 ti
553 4974 960 5032 nos.Miserere
979 4969 1238 5038 nobis,et
1260 4967 1475 5024 exaudi
1497 4969 1822 5025 orationem
1843 4972 2131 5034 nostram,

488 5060 550 5122 IV.
585 5064 733 5119 Cum
757 5059 1103 5117 invocarem
1130 5063 1205 5127 te,
1239 5057 1530 5113 exaudisti
1575 5075 1671 5114 me
1695 5061 1849 5113 Deus
1891 5055 2135 5128 justitiae

485 5165 638 5206 mea:
668 5169 682 5206 :
716 5150 777 5204 in
802 5145 1181 5203 tribulatione
1211 5162 1347 5203 mea
1385 5145 1643 5202 dilatasti
1670 5145 1836 5202 mihi.
1870 5145 2134 5201 Miserere

486 5238 629 5307 mei,
657 5235 876 5292 exaudi
902 5235 1234 5292 orationem
1261 5251 1479 5291 meam.
1513 5235 1784 5292 Psalmus
1816 5250 1890 5288 iv.

562 5325 783 5380 Oratio.
813 5326 964 5380 Dum
994 5330 1067 5390 te,
1096 5324 1476 5396 omnipotens
1511 5323 1682 5388 Deus,
1704 5326 1920 5376 nostrae
1953 5320 2134 5376 delin-

489 5413 740 5480 quentiae
756 5412 1017 5468 reddunt
1037 5413 1376 5477 adversum,
1409 5418 1510 5468 tua
1539 5410 1942 5481 inspiratione,
1973 5425 2134 5480 quae-

489 5516 718 5568 sumus,
740 5505 945 5558 nostra
976 5506 1027 5557 te
1047 5501 1341 5557 invocatio
1378 5497 1715 5571 propitium,
1743 5499 1798 5551 et
1840 5496 2133 5554 confessio

487 5588 665 5650 faciat
684 5603 818 5648 esse
837 5583 1172 5662 placatum:
1196 5593 1278 5653 ut,
1316 5585 1368 5645 te
1394 5585 1734 5654 miserante,
1767 5600 1875 5641 nec
1896 5584 2135 5644 tribula-

2321 3209 2609 3280 Capitula.
2639 3203 2902 3265 Miserere
2932 3208 3121 3278 nobis,
3163 3211 3430 3278 Domine,
3477 3212 3770 3270 miserere
3801 3234 3816 3283 ;
3842 3231 3923 3271 ne

2247 3295 2420 3352 nobis
2440 3301 2822 3368 peccatorum
2853 3296 3161 3354 inﬁrmitas
3191 3298 3402 3355 afferat
3429 3305 3690 3356 mortem
3715 3318 3727 3357 :
3753 3305 3924 3361 Sana

2245 3402 2356 3442 nos
2387 3385 2721 3456 Domine,ut
2742 3385 2943 3442 anima
2965 3387 3202 3444 turbata
3222 3387 3606 3460 perculpam,
3635 3391 3716 3447 sit
3742 3396 3922 3449 tran-

2245 3471 2430 3546 quilla
2451 3487 2558 3544 per
2578 3472 2861 3543 gratiam:
2884 3473 3131 3530 infunde
3153 3474 3518 3534 medicinam
3531 3480 3922 3550 (egrotis,'ve-

2245 3560 2408 3616 niam
2432 3560 2768 3632 praestando
2789 3559 3042 3618 delictis.
3073 3574 3136 3634 Bg.
3165 3567 3374 3620 Amen.

2319 3647 2492 3704 Pater
2515 3651 2736 3704 noster.
2761 3651 2826 3704 Et
2862 3665 2936 3704 ne
2959 3665 3088 3706 nos.

2317 3735 2412 3790 Ad
2429 3736 2692 3793 Sextum.
2717 3738 2910 3794 Lectio
2953 3738 3094 3794 libri
3122 3739 3455 3797 Ezechielis
3484 3741 3838 3814 Propheta.

2908 3826 3075 3898 (Cap.
3110 3828 3224 3900 18).

2320 3923 2389 3980 Bg.
2421 3911 2540 3967 Deo
2571 3911 2814 3982 gratias.

2318 3999 2450 4053 Haec
2466 3999 2604 4054 dicit
2627 3993 2914 4055 Dominus
2939 4017 2951 4055 :
2985 4000 3429 4073 Convertimini,
3457 4007 3516 4062 et
3532 4007 3695 4076 agite
3716 4010 3918 4082 poeni-

2248 4088 2494 4143 tentiam
2519 4086 2598 4143 ab
2636 4081 2918 4145 omnibus
2936 4089 3346 4162 iniquitatibus
3384 4095 3642 4151 vestris:
3676 4081 3736 4152 et
3785 4114 3920 4156 non

2249 4175 2354 4230 erit
2382 4176 2553 4231 vobis
2578 4175 2640 4231 in
2664 4177 2906 4233 ruinam
2927 4177 3509 4252 iniquitas.Projicite
3529 4199 3567 4240 a
3585 4184 3767 4240 vobis
3785 4203 3921 4242 om-

2248 4279 2352 4319 nes
2373 4266 2892 4336 praevaricationes
2922 4271 3171 4332 vestras,
3200 4268 3262 4323 in
3278 4270 3500 4343 quibus
3524 4263 3925 4344 praevaricati

2247 4353 2469 4417 estis,et
2487 4353 2656 4409 facite
2671 4353 2844 4408 vobis
2868 4369 2970 4409 cor
2986 4370 3231 4423 novum,
3262 4359 3319 4413 et
3336 4360 3614 4432 spiritum
3632 4367 3875 4421 rectum
3901 4383 3916 4422 :

2246 4444 2301 4496 et
2317 4457 2502 4514 quare
2519 4441 2852 4498 moriemini
2865 4439 3081 4498 domus
3097 4443 3302 4501 Israel?
3319 4448 3467 4512 Quia
3480 4449 3625 4506 nolo
3648 4457 3923 4510 mortem

2247 4529 2571 4594 morientis,
2603 4529 2743 4586 dicit
2771 4530 3078 4601 Dominus,
3128 4535 3512 4607 revertimini,
3562 4545 3622 4594 et
3680 4539 3909 4598 vivete.

2247 4615 2404 4688 (Cap.
2432 4619 2573 4687 xxi).
2604 4615 2669 4674 Et
2690 4616 2875 4673 factus
2897 4623 2982 4674 est
3003 4635 3198 4676 sermo
3244 4622 3480 4679 Domini
3513 4623 3596 4681 ad
3635 4643 3759 4694 me,
3829 4629 3920 4686 di-

2246 4721 2386 4761 cens
2410 4722 2421 4760 :
2449 4706 2549 4760 Fili
2569 4706 2826 4761 hominis
2845 4706 3087 4779 loquere
3105 4710 3441 4766 senioribus
3457 4713 3725 4781 lsrael,et
3747 4715 3919 4774 dices

2245 4792 2323 4850 ad
2349 4809 2451 4849 eos
2477 4811 2489 4848 τ
2524 4796 2654 4850 Haec
2684 4794 2824 4849 dicit
2848 4795 3134 4852 Dominus
3163 4800 3498 4872 :Numquid
3542 4799 3624 4858 ad
3656 4804 3920 4862 interro-

2245 4880 2514 4954 gandum
2545 4899 2639 4938 me
2678 4899 2785 4938 vos
2813 4883 3050 4939 venistis
3075 4883 3102 4938 ?
3120 4885 3253 4941 vivo
3275 4885 3557 4957 ego,dicit
3581 4891 3914 4961 Dominus,

2244 4971 2387 5042 quia
2405 4986 2523 5025 non
2543 4969 2920 5043 respondebo
2939 4972 3440 5045 vobis.Sijudicas
3458 4980 3647 5044 eos,si
3659 4981 3681 5052 j
3695 4982 3916 5041 udicas

2242 5058 2324 5113 ﬁli
2350 5058 2631 5126 hominis,
2667 5059 3143 5117 abominationes
3162 5066 3394 5133 patrum
3411 5082 3628 5123 eorum
3651 5072 3916 5129 ostende

2245 5147 2347 5201 eis.
2376 5147 2680 5216 lnjustitia
2699 5164 2834 5203 mea
2855 5149 3486 5222 ambulate,etjudicia
3511 5171 3654 5211 mea
3713 5163 3920 5216 custo-

2243 5235 2442 5302 dite,el
2463 5235 2635 5292 facite
2658 5252 2765 5291 ea:
2803 5239 2866 5291 ut
2887 5237 3216 5308 sitsignum
3234 5237 3386 5296 inter
3426 5257 3542 5313 me,
3568 5248 3628 5300 et
3678 5261 3817 5313 vos,
3859 5247 3927 5306 et

2244 5324 2742 5394 sciatur,quiaego
2766 5341 2899 5378 sum
2913 5325 3200 5380 Dominus
3214 5327 3369 5382 Deus
3393 5333 3920 5394 vester.R-.Amen.

2313 5411 2659 5480 Antiphonti
2681 5412 3100 5468 LDesiderium
3119 5430 3452 5486 pauperum
3467 5422 3925 5480 exaudivitDo-

2243 5499 2973 5572 minuszpraeparationem
2996 5501 3190 5556 cordis
3209 5511 3416 5558 eorum
3431 5507 3724 5567 exaudiet
3747 5514 3917 5568 auris

2245 5590 2363 5646 tua.
2395 5585 2664 5646 Judicare
2679 5588 2905 5662 pupillo
2926 5593 2982 5645 et
3022 5587 3254 5661 humili,
3289 5589 3352 5646 P.
3382 5585 3598 5652 Utnon
3635 5608 3918 5673 apponat
