4160 6418
1254 479 1545 549 Hymnus.

730 595 978 654 Alleluia
1003 594 1117 666 piis
1143 592 1295 649 edite
1324 591 1623 662 laudibus,

660 687 828 743 Cives
860 681 1118 745 aetherei,
1152 679 1382 751 psallite
1403 675 1762 733 unanimiter

1084 763 1332 819 Alleluia
1362 776 1635 832 perenne.

737 856 881 910 Hinc
923 869 1026 909 vos
1050 851 1320 924 perpetui
1346 849 1588 904 luminis
1609 843 1826 902 accolae

661 943 752 1000 Ad
778 956 1083 998 summum
1094 942 1366 994 resonate
1389 933 1741 1008 hymniferis
1777 927 1972 987 choris

1086 1026 1333 1081 Alleluia
1369 1037 1649 1097 perenne.

731 1120 844 1175 Vos
873 1115 1023 1172 Urbs
1051 1114 1269 1170 eximia
1294 1111 1568 1183 suscipiet
1593 1110 1713 1172 Dei,

663 1209 804 1272 Quae
832 1205 982 1260 laetis
1011 1216 1299 1258 resonans
1329 1199 1619 1259 cantibus,
1653 1194 1864 1251 excitat

1084 1287 1326 1342 Alleluia
1344 1298 1622 1358 perenne.

725 1375 897 1434 Felici
927 1376 1117 1432 reditu
1143 1373 1365 1443 gaudia
1394 1371 1629 1436 sumite,

656 1466 986 1523 Reddentes
1022 1464 1273 1518 Domino
1302 1460 1636 1530 gloriﬁcum
1661 1456 1869 1515 melos.

1079 1549 1326 1605 Alleluia
1352 1562 1622 1620 perenne.

728 1641 966 1698 Almum
991 1638 1234 1694 sidereae
1257 1638 1383 1707 jam
1415 1635 1617 1691 Patriae
1657 1621 1840 1688 decus

658 1730 920 1786 Victores
938 1726 1130 1798 capite
1136 1769 1165 1798 ,_
1181 1741 1302 1798 quo
1316 1739 1529 1779 canere
1557 1720 1796 1793 possitis

1079 1741 1130 1782 te
1226 1741 1302 1780 uo
1316 1741 1529 1779 canere
1557 1741 1651 1793 po:

1079 1741 1328 1851 Allguia
1371 1807 1651 1865 perenne.

734 1885 854 1942 Illic
881 1884 1053 1954 Regis
1083 1884 1276 1939 honor
1300 1881 1544 1938 vocibus
1575 1878 1810 1950 inclytis

668 1971 1014 2030 Jocundum
1039 1970 1248 2026 reboat
1275 1969 1538 2025 carmine
1568 1965 1860 2038 perpetim

1089 2056 1332 2112 Alleluia
1362 2069 1641 2126 perenne.

735 2149 858 2203 Hoc
883 2145 1057 2202 fessis
1074 2145 1330 2216 requies,
1361 2143 1477 2200 hoc
1509 2141 1696 2206 cibus,
1727 2140 1842 2196 hoc
1865 2141 2039 2210 potus

669 2235 982 2292 Oblectans
1016 2233 1284 2297 reduces,
1317 2231 1634 2287 haustibus
1663 2228 1916 2285 afﬂuens

1062 2319 1314 2376 Alleluia
1341 2333 1622 2390 perenne.

737 2413 812 2465 Te
841 2408 1182 2465 suavisouis
1213 2407 1484 2463 conditor
1510 2405 1735 2461 affatim

537 2498 712 2570 138
737 2500 952 2553 Rerum
991 2495 1367 2562 carminibus,
1397 2494 1693 2564 laudeque
1719 2490 2040 2564 pangimus

1101 2582 1346 2638 Alleluia
1376 2596 1652 2652 perenne.

743 2676 818 2729 Te
847 2672 1070 2728 Christe
1106 2671 1367 2726 celebrat
1395 2669 1579 2738 gloria
1607 2668 1852 2724 vocibus

711 2761 934 2817 Nostris
962 2759 1360 2830 omnipotens,
1393 2773 1463 2813 ac
1484 2757 1581 2812 tibi
1611 2756 1867 2812 dicimus
1893 2772 1906 2811 :

1129 2845 1378 2901 Alleluia
1403 2860 1682 2916 perenne.

1121 2933 1368 2990 Alleluia
1390 2947 1668 3005 perenne.

737 3027 946 3082 Amen.

605 3191 991 3262 Supplicatio.
1013 3191 1263 3246 Oremus
1283 3189 1743 3260 Redemptorem
1757 3186 1965 3244 mundi
1981 3185 2170 3242 Domi-

534 3295 682 3336 num
703 3283 971 3335 nostrum
988 3280 1191 3333 Jesum
1217 3277 1514 3333 Christum
1534 3292 1673 3332 cum
1704 3277 1868 3332 omni
1885 3275 2172 3347 supplica-

536 3368 693 3424 tione
729 3381 1048 3436 rogemus;
1081 3370 1146 3420 ut
1171 3379 1283 3420 nos
1308 3365 1499 3433 gratia
1528 3363 1739 3434 ipsius,
1775 3368 1831 3418 et
1867 3377 1972 3434 per
2004 3363 2176 3418 inter-

537 3455 867 3512 cessionem
883 3455 1114 3510 Sancta
1134 3453 1326 3507 Marias
1355 3451 1628 3520 Virginis,
1645 3455 1701 3506 et
1735 3450 2029 3521 genitricis
2051 3465 2174 3506 suae

538 3547 601 3600 ut
622 3547 830 3599 sancto
863 3546 1118 3612 tempore
1146 3539 1630 3610 Quadragesimaa
1667 3540 1840 3595 nobis
1887 3539 2176 3596 remissio-

537 3645 670 3688 nem
694 3635 1098 3701 peccatorum,
1123 3633 1178 3683 et
1202 3643 1414 3698 pacem
1437 3627 1605 3684 nobis
1634 3629 1859 3684 donare
1879 3628 2175 3698 dignetur.

613 3719 899 3789 Capitula.
926 3715 1174 3772 Alleluia
1203 3716 1264 3770 in
1318 3717 1486 3782 ccelo,
1528 3718 1664 3772 etin
1697 3722 1874 3773 terra:
1922 3717 1982 3772 in
2023 3715 2173 3772 caelo

540 3809 947 3879 perpetuatur,
973 3804 1109 3860 etin
1151 3808 1304 3860 terra
1320 3809 1608 3860 cantatur.
1626 3805 1708 3860 lbi
1727 3810 1898 3862 sonat
1915 3805 2170 3875 jugiter:

538 3896 633 3951 hic
675 3893 940 3949 ﬁdeliter.
965 3892 1085 3947 Illic
1112 3892 1464 3964 perenniter,
1493 3893 1585 3948 hic
1615 3895 1888 3950 suaviter.
1916 3893 2034 3948 Illic
2054 3892 2174 3948 feli-

537 3983 702 4050 citer,
745 3982 838 4038 hic
890 3980 1282 4037 concorditer.
1323 3981 1440 4037 lllic
1478 3981 1881 4047 ineﬁ‘abiliter;
1915 3981 2010 4037 hic
2049 3982 2174 4036 ins-

535 4076 743 4128 tanter.
783 4070 899 4126 Illic
928 4069 1313 4140 sinesyllabis
1344 4069 1471 4125 :hic
1488 4070 1764 4126 modulis.
1796 4071 1912 4126 lllic
1958 4070 2034 4126 ab
2063 4072 2176 4126 An-

535 4159 680 4230 gelis
697 4175 709 4214 :
729 4159 824 4214 hic
837 4174 873 4215 a
891 4157 1351 4230 Populis.Quam
1366 4157 1594 4215 Christo
1612 4160 1863 4215 Domino
1892 4163 2174 4215 nascente

533 4247 593 4303 in
620 4247 798 4304 laude
827 4252 883 4301 et
932 4245 1303 4302 confessione
1332 4247 1508 4302 nimis
1537 4247 1684 4318 ejus,
1726 4263 1848 4304 non
1875 4247 2069 4303 solum
2113 4250 2175 4302 in

535 4335 707 4402 cmlo,
735 4335 838 4389 sed
863 4338 918 4388 et
942 4333 1000 4387 iu
1021 4338 1173 4389 terra
1198 4333 1477 4390 Caelicolae
1490 4336 1854 4392 cecinerunt:
1883 4335 2030 4390 dum
2053 4334 2176 4404 glo-

1742 327 2200 403 BBEVIABIUH
2238 329 2627 394 GOTHICUM.

2183 458 2231 513 A
2263 455 2526 513 Alleluia.
2563 455 2633 514 1⁷.
2672 457 2736 510 in
2765 449 3044 508 manibus
3091 443 3250 502 enim
3299 441 3422 498 suis
3457 436 3808 512 portabunt
3831 436 3940 498 te:

3817 306 3945 365 260

2262 560 2337 600 ne
2362 559 2630 616 unquam
2669 540 2943 598 offendas
2991 535 3070 592 ad
3103 532 3367 606 lapidem
3388 527 3611 602 pedem
3633 528 3842 582 tuum.
3868 524 3942 578 P.

2264 636 2330 688 Et
2350 633 2582 688 iterum.
2612 632 2674 691 V.
2709 628 2925 692 Gloria,
2953 630 3014 681 et
3038 625 3252 680 honor.
3284 619 3574 677 Psatmus
3599 629 3703 670 xc.

2333 721 2526 792 Kyrie,
2552 720 2796 776 ele'ison.
2812 729 2876 782 Bg.
2893 714 3133 777 Christe,
3151 710 3400 767 eleison.
3441 703 3646 778 Kyrie,
3665 701 3940 759 eleison.

2333 811 2499 864 Pater
2509 813 2726 864 noster.

2335 896 2566 953 Preces.
2589 895 2838 951 Domine
2849 891 2962 950 mis
2970 887 3397 947 ericordiarum
3412 880 3783 940 obliviscere
3796 892 3946 950 pec-

2265 988 2398 1040 cata
2421 988 2644 1040 nostra.
2677 987 2740 1038 In
2765 979 3060 1054 principio
3075 975 3292 1033 creasti
3322 971 3562 1036 coelum,
3589 972 3649 1026 et
3673 973 3943 1035 terram,

2265 1073 2328 1128 P.
2361 1072 2720 1128 Obliviscere
2756 1073 3022 1142 peccata,
3054 1067 3118 1126 1’.
3143 1066 3254 1130 Qui
3279 1061 3472 1119 fecisti
3492 1059 3819 1116 hominem
3849 1054 3943 1111 ad

2263 1160 2609 1230 imaginem,
2641 1164 2697 1216 et
2722 1156 3169 1215 similitudinem
3214 1157 3404 1217 tuam,
3434 1152 3496 1204 P.
3529 1146 3944 1205 Obliviscere.

2264 1247 2326 1307 ἲν.
2353 1251 2418 1303 In
2439 1247 2714 1304 omnibus
2745 1244 3022 1317 gentibus
3042 1257 3114 1298 ex
3141 1239 3450 1298 Abraham
3501 1232 3950 1307 multiplicasti

2264 1336 2612 1408 populos.P.
2645 1334 3023 1392 Obliviscere.

2339 1431 2562 1488 Oratio.
2603 1428 2827 1486 Exaudi
2845 1428 3177 1484 orationem
3202 1425 3472 1480 nostram
3501 1418 3761 1476 Domine
3789 1433 3803 1483 ;
3838 1431 3952 1488 ge-

2266 1519 2414 1575 mitu
2422 1520 2814 1591 sque'nostros
2827 1515 3072 1572 auribus
3101 1513 3344 1586 percipe
3359 1529 3373 1567 τ
3392 1525 3505 1566 nos
3519 1507 3686 1564 enim
3715 1505 3950 1578 iniqui-

2267 1610 2414 1662 tates
2426 1611 2661 1663 nostras
2705 1605 3119 1677 agnoscimus;
3161 1604 3216 1656 et
3242 1599 3460 1656 delicta
3488 1600 3704 1652 nostra
3720 1608 3949 1650 coram

2269 1699 2323 1750 te
2351 1694 2701 1766 pandimus:
2743 1693 2850 1749 tibi
2881 1693 3032 1748 Deus
3056 1688 3442 1763 peccavimus
3471 1704 3487 1756 ;
3520 1684 3759 1756 tibique
3793 1697 3950 1738 con-

2200 1779 2241 1834 B
2268 1785 2500 1840 ﬁtentes
2527 1785 2761 1840 veniam
2789 1781 3192 1854 exposcimus.
3242 1781 3309 1833 Et
3339 1775 3484 1849 quia
3515 1773 3863 1831 recesimus
3908 1787 3949 1829 a

2269 1872 2570 1929 mandatis
2590 1872 2705 1927 tuis
2735 1875 2821 1939 ;et
2842 1869 2958 1939 legi
2984 1874 3099 1925 tuae
3122 1866 3370 1923 minime
3393 1862 3753 1937 paruimus;
3786 1875 3944 1917 con-

2270 1965 2490 2017 vertere
2516 1959 2764 2016 Domine
2801 1973 2980 2030 super
3009 1972 3212 2013 servos
3244 1959 3397 2023 tuos,
3421 1967 3578 2024 quos
3595 1949 3945 2015 redemisti,

2271 2048 2561 2117 sanguine
2593 2052 2712 2103 tuo.
2745 2046 2910 2102 lndul
2920 2061 3010 2116 ge,
3029 2040 3584 2116 quaesumus,nobis
3602 2055 3614 2104 ;
3635 2040 3950 2111 etlpecca-

2272 2138 2344 2194 tis
2363 2137 2578 2192 nostris
2614 2135 2854 2191 veniam
2888 2133 3115 2190 tribue:
3153 2137 3392 2203 tuaeque
3432 2128 3674 2202 pietatis
3704 2126 3950 2184 miseri-

2273 2225 2616 2282 cordiamin
2641 2223 2810 2280 nobis
2836 2222 3038 2294 largiri
3068 2220 3340 2289 dignare.
3375 2228 3447 2288 re.
3478 2217 3700 2274 Amen.

2834 2319 2930 2374 Ad
2957 2319 3343 2374 Matutinum.

2345 2411 2625 2480 Hymnus.
2646 2411 2874 2464 Eterne
2904 2422 3103 2463 rerum
3127 2403 3430 2461 Conditor.
3469 2402 3580 2472 fol.
3620 2406 3677 2457 2.

2349 2498 2566 2553 Oratio.
2597 2497 3005 2568 Omnipotens,
3040 2498 3277 2557 mterne,
3305 2495 3361 2548 et
3381 2490 3732 2547 misericors
3758 2490 3949 2560 Deus,

2277 2585 2380 2658 qui
2403 2590 2734 2657 temporum
2762 2583 2868 2639 das
2899 2587 3196 2654 tempora;
3231 2580 3334 2653 qui
3376 2578 3632 2651 singulis
3664 2579 3962 2651 tempori-

2277 2673 2390 2730 bus
2403 2673 2512 2730 das
2528 2673 2988 2744 gratiam,quam
3001 2669 3448 2727 administrent:
3465 2671 3528 2723 tu
3541 2667 3801 2723 veniens
3815 2683 3961 2740 pro-

2277 2761 2556 2818 lixitatem
2585 2760 2965 2816 tenebrarum
2985 2759 3368 2824 exaastuas,et
3397 2755 3558 2826 gallo
3585 2771 3703 2812 nos
3731 2771 3962 2812 conso-

2279 2849 2419 2906 laris
2437 2850 2932 2917 canente,utdum
2955 2863 3150 2921 praeco
3168 2846 3284 2902 diei
3307 2844 3716 2913 sonat,diurni
3743 2845 3958 2917 operis

2282 2939 2584 2995 meditatio
2614 2936 3219 3008 reviviscatzrespice
3259 2949 3401 3004 ergo
3448 2949 3564 2990 nos
3593 2933 3848 3004 jugiter,
3887 2936 3952 2990 et

2280 3026 2518 3097 instiga,
2557 3042 2632 3082 ne
2657 3025 2970 3098 profundas
3003 3023 3192 3080 noctis
3231 3037 3427 3078 errore
3453 3022 3757 3094 persuasi,
3796 3022 3955 3078 obli-

2205 3116 2245 3180 C
2281 3115 2584 3171 viscamur
2609 3114 2921 3187 perennis;
2949 3112 3058 3171 sed
3085 3112 3352 3168 labentes
3373 3111 3432 3166 in
3469 3110 3739 3166 tenebris
3758 3111 3953 3181 erige,

2283 3208 2338 3259 et
2366 3203 2621 3258 vivendo
2651 3218 2762 3257 nos
2794 3201 3126 3273 corrigezut
3150 3216 3289 3256 cum
3319 3202 3485 3254 Petro
3503 3198 3958 3271 resipiscamus

2283 3295 2493 3357 errata,
2540 3294 2597 3346 et
2651 3289 2898 3362 paribus
2939 3288 3265 3361 lachrymis
3305 3287 3558 3343 crimina
3603 3286 3962 3345 deﬂeamus

2285 3378 2629 3436 commissa.
2669 3389 2731 3448 By.
2765 3382 2977 3433 Amen.

2357 3471 2461 3524 Per
2490 3467 2984 3523 misericordiam.

2355 3557 2724 3626 Antiphona.
2759 3555 2925 3611 Salus
2955 3560 3058 3610 tua
3087 3553 3334 3610 Domine
3401 3567 3583 3626 super
3642 3552 3962 3626 populum

2284 3648 2474 3710 tuum,
2499 3649 2554 3700 et
2577 3643 2906 3700 benedictio
2935 3647 3055 3698 tua.
3091 3643 3371 3699 Psalmus
3396 3657 3481 3697 ῐιῐ.

2355 3735 2489 3789 Alia
2518 3730 3031 3802 Antiphonanele
3064 3731 3310 3787 Domine
3359 3729 3719 3803 iniquitates
3750 3747 3949 3789 meas.

2281 3823 2568 3880 Psalmus
2580 3838 2629 3876 L.

2351 3909 2698 3982 Antiphona.
2723 3907 3007 3966 Clamabo
3035 3907 3112 3964 ad
3134 3907 3486 3963 Dominum:
3512 3907 3708 3963 Deum
3739 3908 3963 3965 altissi-

2281 4017 2441 4056 mum
2481 3999 2585 4072 qui
2621 3997 2905 4054 benefecit
2927 3997 3092 4053 mihi.
3124 3999 3409 4054 Psalmus
3431 4012 3539 4052 LVI.

2357 4090 2572 4145 Oratio.
2600 4086 2835 4142 Discute
2858 4101 2894 4141 a
2923 4085 3098 4141 nobis
3131 4083 3442 4156 Unigeuite
3475 4085 3730 4155 ingeniti
3765 4086 3965 4142 Patris

2285 4191 2566 4234 somnum
2587 4173 2851 4246 corporis
2869 4191 2882 4239 ;
2899 4173 3226 4229 etclemens
3245 4172 3507 4246 placitus
3523 4174 3751 4229 nostris
3773 4189 3968 4247 parce

2286 4264 2572 4336 piaculis:
2615 4266 2680 4316 ut
2724 4260 2906 4316 modo
2955 4260 3406 4333 redemptorum
3436 4260 3612 4333 copia
3665 4261 3788 4332 piis
3841 4262 3962 4318 fre-

2286 4357 2529 4425 quentet
2558 4350 2788 4424 vigiliis,
2817 4351 3054 4422 tuisque
3102 4349 3286 4419 digna
3305 4349 3606 4404 habeatur
3635 4349 3968 4407 obtutibus

535 4423 688 4478 riam
719 4422 782 4476 in
800 4420 1046 4476 excelsis
1060 4421 1260 4484 Deo,et
1283 4437 1495 4494 pacem
1511 4424 1573 4479 in
1601 4428 1758 4480 terra
1776 4423 1952 4479 bonte
1972 4423 2177 4478 volun-

2296 4440 2498 4495 sacris:
2535 4420 2772 4511 etquod
2803 4420 2977 4493 nunc
3004 4437 3140 4493 serit
3187 4435 3470 4507 ignobilis
3500 4437 3704 4492 carnis
3735 4437 3973 4511 fragili-

537 4509 1027 4566 tatisbominibus
1046 4510 1844 4577 nuntiaveruntﬂumsumus
1874 4525 2038 4580 ergo,
2066 4513 2176 4566 Do-

537 4599 792 4664 mine,ut
818 4613 1075 4669 quorum
1101 4599 1425 4656 ministeria
1440 4597 1912 4655 nitimurimitari
1933 4597 2176 4654 laudan-

537 4688 841 4751 do,eorum
856 4702 1094 4743 meream
1103 4703 1172 4743 ur
1182 4689 1534 4746 consortium
1550 4687 1738 4743 beatae
1749 4687 1883 4742 vitae
1900 4686 2177 4743 vivendo:

609 4777 780 4833 Pater
808 4781 1024 4832 noster.
1060 4778 1307 4834 Liberati
1334 4795 1370 4834 a
1400 4777 1585 4832 malo.
1627 4776 1735 4845 fol.
1769 4779 1822 4831 2.

609 4881 969 4937 Benedictio.
993 4881 1392 4954 Alleluia,quae
1419 4880 1792 4937 iueﬂ‘abiliter
1812 4881 2184 4938 concinnitur

539 4970 599 5026 in
624 4968 1122 5034 Coelis,efﬁcatius
1143 4970 1475 5026 declaretur
1491 4969 1550 5024 in
1570 4969 1848 5026 laudibus
1872 4969 2098 5026 vestris.
2117 4981 2182 5037 13;.

538 5060 752 5112 Amen.
768 5059 976 5129 thuoe
996 5058 1111 5115 illic
1134 5059 1261 5114 sine
1277 5057 1710 5114 intermissione
1736 5058 2087 5115 decantatur
2107 5060 2184 5115 ab

536 5145 794 5216 Angelis,
825 5147 920 5203 hic
952 5163 1057 5219 per
1093 5151 1402 5202 momenta
1445 5145 1713 5201 aﬂ‘ectius
1739 5147 2126 5203 concinnatur
2149 5163 2186 5205 a

540 5234 780 5308 Populis
799 5237 1186 5300 universis“.
1211 5239 1399 5289 Amen
1423 5251 1436 5288 :
1459 5237 1527 5290 Ut
1553 5234 1682 5289 haec
1707 5235 1858 5306 ipsa,
1891 5251 2025 5308 quin
2055 5236 2185 5293 laus

537 5323 748 5380 dicitur
786 5326 906 5386 Dei.
933 5325 993 5380 in
1024 5338 1212 5392 eaque
1253 5338 1414 5377 nunc
1455 5322 1631 5378 laude
1660 5323 1874 5380 initiari
1931 5325 2186 5396 populos

542 5412 939 5476 facit,zeterna':
959 5428 1065 5466 vos
1085 5409 1586 5468 adscribatsocios
1605 5415 2183 5484 mansioni.nv.Amen,

620 5503 847 5558 Lauda.
890 5500 1031 5564 Ibis,
1079 5498 1336 5555 Alleluia.
1370 5500 1728 5574 Prosperum
1787 5501 1891 5558 iter
1912 5502 2184 5558 habebis.

544 5589 814 5647 Alleluia.
847 5585 1209 5646 P.Etiterum
1225 5603 1363 5646 cum
1383 5590 1604 5660 gaudio
1631 5591 1944 5650 revertaris
1957 5591 2037 5649 ad
2054 5606 2187 5650 nos.

2291 4533 2408 4597 tas;
2437 4527 2757 4583 divinitatis
2773 4530 2888 4582 tuae
2916 4525 3077 4581 dono
3105 4528 3313 4594 surgat
3332 4525 3390 4580 in
3422 4523 3639 4595 gloria:
3665 4528 3752 4581 Tu
3778 4526 3974 4599 igitur

2291 4618 2536 4674 Domine
2567 4615 2791 4670 cunctis
2823 4615 2882 4670 in
2913 4618 2967 4670 te
2994 4613 3438 4669 conlidentibus
3483 4613 3788 4684 juvamen
3849 4617 3972 4672 lar-

2292 4708 2422 4778 gius
2450 4705 2760 4776 impcude;
2787 4709 2843 4759 et
2855 4703 2930 4759 ad
2953 4719 3276 4775 supernam
3289 4703 3547 4775 patriam
3563 4703 3807 4761 alarum
3832 4709 3971 4764 tua-

2289 4812 2425 4852 rum
2451 4793 2908 4850 obumbratione
2938 4807 3049 4846 nos
3073 4792 3320 4848 attrahe.
3352 4803 3423 4860 It.
3458 4793 3673 4849 Amen.

2361 4884 2470 4938 Per
2489 4881 2956 4937 misericordiam
2983 4884 3173 4938 tuam.

2361 4971 2700 5040 Antiphona
2728 4969 2901 5025 l.Filii
2923 4969 3233 5024 hominum
3257 4967 3544 5024 :simulin
3560 4984 3756 5027 unum
3782 4970 3968 5028 dives

2293 5063 2350 5117 et
2375 5074 2622 5136 pauper.
2657 5061 2714 5112 P.
2742 5056 3096 5112 lnclinemus
3120 5057 3239 5112 Deo
3261 5056 3446 5112 corda
3476 5061 3706 5123 nostra,
3744 5063 3972 5117 utnon

2293 5150 2612 5205 timeamus
2640 5145 2698 5200 in
2716 5144 2809 5200 die
2821 5143 2999 5199 mala.
3021 5143 3083 5206 ἢν.
3101 5143 3310 5200 Audite
3327 5145 3449 5200 hinc
3471 5160 3689 5202 omnes
3715 5153 3938 5216 gentes
3958 5164 3978 5206 ,-

2295 5236 2541 5293 auribus
2572 5232 2872 5304 percipite,
2916 5232 3086 5304 139
3139 5232 3243 5304 qui
3283 5232 3564 5288 habitatis
3607 5233 3855 5292 orbem.
3901 5239 3968 5292 P.

2296 5325 2660 5381 lnclinemus.
2682 5319 2742 5380 if.
2759 5321 2971 5385 Gloria,
2997 5328 3050 5376 et
3075 5321 3268 5376 honor
3289 5321 3469 5376 Patri.
3488 5325 3548 5377 P.
3576 5323 3980 5381 lnclinemus.

2369 5414 2579 5467 Oratio.
2613 5409 2870 5465 Audiant
2898 5415 2969 5475 te,
2995 5409 3250 5474 Domini,
3277 5425 3488 5465 omnes
3519 5415 3734 5481 gentes
3761 5432 3773 5483 ;
3800 5420 3859 5470 et
3890 5415 3981 5471 di-

2296 5516 2400 5557 ves
2425 5498 2593 5554 simul
2612 5514 2678 5554 ac
2692 5513 2909 5570 pauper
2924 5513 3121 5554 aurem
3136 5497 3239 5553 tibi
3257 5497 3456 5553 cordis
3472 5502 3940 5559 accommodent
3959 5519 3974 5560 :

2299 5604 2490 5662 neque
2514 5587 2833 5646 timeamus
2854 5587 2918 5644 in
2945 5585 3042 5645 die
3061 5585 3255 5656 mala;
3285 5601 3484 5658 neque
3530 5585 3679 5647 ﬁdei
3723 5591 3969 5650 honore
