4160 6466
170 314 256 385 ἓῆι

1408 316 1760 378 DOMINICA
1797 314 1820 371 ι
1857 309 2469 389 ΩῌΑΒΒΑαΕεΙΜΑε.

3499 338 3607 395 262

176 439 354 534 relicto
375 440 694 534 iumentis
728 441 1156 534 insipientibus
1187 458 1611 534 comparemur
1644 461 1659 499 :
1694 443 1759 501 ut
1794 442 1849 495 te
1879 436 1931 512 ΑΔ
2014 441 2262 534 Oratio.
2288 451 2530 515 Montes,
2549 452 2784 511 cantate
2804 454 3061 525 nobis,et
3075 457 3229 517 terra
3244 461 3481 534 audiat;
3501 463 3611 520 εἱω

185 528 358 586 solum
382 527 809 597 intelligentia
826 535 1031 587 nostra
1050 533 1385 606 adsequens
1418 532 1849 601 ambiat,quem

192 621 385 673 aeterno
413 617 475 671 in
508 618 753 685 gaudio
796 634 937 674 cum
971 622 1194 677 Sanctis
1238 623 1523 678 omnibus
1566 619 1848 689 laudans,

192 704 419 779 praemia
450 706 845 777 sempiterna
876 708 1178 781 suscipiat.
1202 722 1271 781 3;.
1307 714 1515 767 Amen.

254 796 359 850 Per
389 794 887 851 misericordiam
900 835 913 849 .

254 884 605 953 Antiphona
636 888 690 937 2.
729 886 977 957 Sperate
1005 885 1064 942 in
1098 887 1284 946 Deum
1324 903 1504 945 omne
1534 884 1853 951 consilium

190 973 576 1047 populorum.
602 974 661 1027 P.
688 973 989 1033 Etl’undite
1019 991 1223 1034 coram
1260 977 1362 1033 illo
1402 975 1586 1032 corda
1611 976 1805 1031 vestra
1837 988 1851 1026 :

188 1062 481 1135 quoniam
514 1062 645 1133 ipse
672 1062 919 1132 adjutor
938 1069 1141 1120 noster
1170 1069 1272 1121 est.
1305 1066 1367 1127 ἲν.
1398 1065 1582 1127 Nolite
1614 1076 1854 1134 sperare

185 1152 240 1208 in
256 1150 607 1223 iniquitate,
628 1153 683 1207 et
697 1151 941 1223 rapinas
956 1153 1137 1213 nolite
1155 1153 1578 1225 concupiscere
1604 1171 1615 1207 :
1632 1149 1852 1207 divitiae

182 1240 227 1294 si
242 1238 661 1305 ﬂuant,nolite
683 1239 872 1295 corda
891 1254 1215 1311 apponere.
1231 1244 1289 1297 P.
1313 1241 1606 1295 Eﬁ‘undite
1624 1253 1850 1295 coram.

177 1329 236 1386 i’.
288 1328 521 1397 Gloria,
566 1331 625 1382 et
673 1327 870 1383 honor
918 1329 1089 1385 Patri.
1149 1331 1214 1384 P.
1291 1328 1579 1385 Effundite
1628 1341 1851 1383 coram.

246 1416 488 1471 Oratio.
508 1414 969 1471 Effundentibus
981 1417 1152 1473 nobis
1164 1432 1367 1474 coram
1386 1422 1439 1472 te
1455 1415 1636 1472 corda
1652 1421 1855 1470 nostra

174 1508 231 1561 in
261 1505 570 1570 oratione,
596 1508 682 1571 tu,
704 1504 975 1569 Domine,
1009 1506 1115 1578 qui
1142 1522 1285 1576 spes
1326 1506 1602 1562 omnium
1636 1520 1719 1569 es,
1759 1518 1855 1559 ex-

173 1593 385 1659 xaudi,
413 1598 473 1647 et
496 1593 785 1647 miserere
810 1610 822 1658 ;
857 1592 1086 1664 tibique
1108 1608 1221 1649 nos
1247 1594 1595 1659 servituros,
1628 1591 1852 1656 subde;

174 1688 229 1739 et
261 1682 536 1737 subditis
578 1684 829 1753 peccato
850 1680 1111 1754 propitia
1152 1681 1521 1751 benignitate
1563 1694 1851 1737 occurre:

1962 533 2025 583 ut
2054 532 2239 605 Moysi
2267 536 2492 593 famulo
2513 542 2614 594 tuo
2642 539 2703 594 in
2734 540 3103 601 confessione
3140 532 3525 620 mirabilium,
3554 556 3611 609 et

1960 629 2387 709 praeceptorum
2407 630 2641 682 tuorum
2659 645 2671 682 :
2687 628 3009 687 descendat
3026 649 3198 704 super
3209 652 3337 706 nos,
3348 638 3607 709 Domine,

1962 708 2156 775 gratia
2182 713 2604 771 misericordias
2636 716 2873 773 Domini
2893 720 3080 776 nostri
3103 722 3241 778 Jesu
3269 725 3479 782 Christi
3504 708 3612 783 ﬁlii

1962 796 2065 862 tui,
2095 797 2245 857 sicut
2262 817 2360 857 ros
2378 818 2555 874 super
2572 809 2813 875 terram,
2833 810 2889 862 et
2909 808 3059 865 sicut
3075 809 3267 867 imber
3283 829 3463 885 super
3479 830 3610 885 gra-

1962 898 2121 971 men,
2157 892 2213 943 et
2237 889 2389 947 sicut
2417 891 2520 947 nix
2555 908 2737 964 supra
2766 893 3023 955 foenum:
3052 914 3189 971 quae
3218 916 3331 958 nos
3356 902 3609 961 insensi-

1967 970 2062 1027 bili
2101 979 2245 1043 arte,
2278 976 2592 1049 impietatis
2621 983 2907 1040 emundet
2926 984 3063 1053 illic,
3084 970 3195 1044 ubi
3226 996 3612 1061 peccatorum

1961 1064 2301 1121 nostrorum
2349 1067 2754 1126 numerositas
2786 1070 2953 1128 nulla
2990 1075 3179 1145 possit
3210 1078 3612 1136 satisfactione

1962 1150 2220 1217 pensari.
2241 1154 2322 1208 Tu
2345 1159 2546 1211 autem
2578 1155 2848 1226 Domine,
2866 1161 2969 1231 qui
2982 1177 3044 1216 es
3066 1178 3367 1222 caecorum
3381 1166 3609 1234 lumen,

1962 1238 2288 1327 errantium
2345 1242 2459 1309 via,
2508 1247 2858 1305 resurrectio
2898 1253 3292 1321 mortuorum,
3336 1260 3614 1327 respectu

1963 1322 2286 1383 clementiae
2313 1333 2449 1398 tuae,
2479 1332 2856 1389 conscientia:
2885 1340 3100 1393 nostrae
3131 1340 3408 1399 tenebras
3438 1322 3616 1399 inlu-

1961 1412 2126 1501 mina
2144 1432 2162 1483 λ
2182 1422 2494 1485 peccantes
2516 1418 2593 1473 ad
2618 1421 3027 1491 pcenitentiam
3043 1440 3257 1484 revoca
3288 1445 3302 1495 ;
3326 1430 3614 1501 paeniten-

1962 1499 2115 1557 tibus
2140 1504 2863 1584 veniam,promptamque
2879 1512 2941 1569 in
2957 1516 3012 1569 te
3031 1530 3271 1589 semper
3285 1499 3614 1578 miseratio-

1963 1604 2102 1645 nem
2123 1590 2356 1661 largire.
2386 1604 2450 1661 Bg.
2480 1599 2688 1652 Amen.

2034 1681 2139 1733 Per
2173 1679 2664 1739 misericordiam.

174 1771 272 1828 fac
290 1786 412 1826 nos
433 1767 773 1869 iniquitatis
788 1768 1003 1868 rapina
1021 1785 1218 1869 carere
1244 1786 1256 1835 ;
1292 1770 1704 1869 et‘divitiarum
1730 1773 1858 1831 tua-
1887 1771 1932 1826 B
2034 1794 2134 1848 Ad
2160 1794 2535 1854 Benedictus.
2574 1798 2939 1869 Αηιίριιοηα,
2964 1802 3086 1859 Filii
3100 1803 3419 1865 hominum
3438 1808 3615 1867 bene.

175 1877 319 1917 rum
332 1862 703 1915 ornamenta
725 1858 1078 1930 conquirere
1104 1877 1116 1915 :
1140 1864 1319 1931 atque
1341 1864 1394 1915 te
1406 1858 1708 1925 nosse,vel
1724 1872 1859 1913 con-

182 1948 729 2023 cupisceremeque
752 1947 1036 2002 omnibus
1056 1947 1555 2019 diebus,vitaaque
1572 1952 1788 2003 nostrae
1806 1949 1861 2002 et

187 2040 467 2109 tempore
486 2036 684 2093 Deum
706 2050 1047 2091 mereamur
1070 2035 1312 2092 habere.
1346 2047 1410 2106 Βι.
1451 2037 1658 2093 Amen.

269 2128 379 2181 Per
396 2122 882 2181 misericordiam
923 2129 1110 2180 tuam.

254 2213 609 2282 Antiphone!
628 2213 978 2268 3.Converte
996 2228 1107 2267 nos
1136 2214 1292 2267 Deus
1325 2211 1601 2269 salutaris
1623 2216 1822 2268 noster
1845 2229 1857 2265 :

175 2304 242 2357 P.
276 2301 347 2358 Et
374 2306 583 2358 averte
599 2301 757 2356 iram
782 2304 950 2359 tuam
976 2316 1012 2357 a
1031 2300 1207 2357 nobis
1238 2319 1249 2355 :
1275 2317 1345 2358 ac
1376 2316 1555 2374 super
1569 2299 1862 2373 populum

179 2395 355 2447 tuum
404 2406 649 2461 pacem.
704 2390 786 2444 Ne
817 2388 877 2444 in
934 2392 1227 2445 aeternum
1258 2389 1530 2447 irascaris
1558 2389 1751 2445 nobis.
1784 2387 1851 2447 ἢν.

173 2481 335 2536 Deus
368 2484 437 2534 tu
463 2480 822 2533 convertens
841 2475 1171 2533 viviﬁcabis
1194 2492 1303 2533 nos
1330 2496 1341 2530 :
1368 2483 1424 2534 et
1445 2477 1614 2549 plebs
1635 2482 1736 2533 tua
1764 2475 1862 2535 lae-

173 2568 405 2626 tabitur
432 2567 497 2624 in
529 2571 604 2623 te.
630 2565 695 2621 P.
721 2568 787 2622 Et
816 2569 1014 2622 averte
1038 2566 1209 2623 iram.
1240 2566 1301 2627 ἢν.
1337 2566 1551 2636 Gloria,
1580 2570 1655 2622 et.
1685 2565 1754 2620 P.
1797 2567 1863 2621 Et

176 2662 409 2719 averte.

252 2745 492 2802 Oratio.
529 2743 821 2799 Converte
860 2757 996 2811 nos,
1034 2742 1189 2799 Deus
1233 2742 1513 2799 salutaris
1543 2744 1775 2809 noster;
1809 2743 1866 2797 et

182 2838 387 2891 averte
411 2834 570 2890 iram
592 2834 761 2888 tuam
786 2847 823 2887 a
850 2831 1054 2889 nobis:
1081 2846 1151 2887 ac
1174 2846 1355 2904 super
1375 2831 1668 2904 populum
1694 2834 1862 2886 tuum

183 2939 408 2997 pacem
430 2925 676 2996 praesta,
704 2936 895 2993 quam
913 2920 1206 2992 loqueris;
1235 2924 1300 2977 ut
1330 2919 1499 2991 plebs
1519 2922 1619 2975 tua
1641 2919 1866 2974 laetetur

188 3015 251 3071 in
282 3019 371 3079 te;
403 3029 478 3070 ac
504 3010 769 3069 salutare
793 3014 963 3066 tuum
985 3009 1260 3067 custodia
1281 3009 1489 3067 salutis
1512 3008 1865 3077 intelligens,

189 3103 283 3159 vel
302 3098 804 3159 misericordiam
820 3103 985 3154 tuam
1006 3102 1345 3170 temporum
1368 3098 1757 3171 prosperitate
1774 3112 1869 3152 co-

192 3193 482 3263 gnoscat,
520 3188 609 3244 vel
651 3187 1020 3257 benignitate
1051 3190 1155 3243 tua
1180 3185 1439 3242 fructum
1470 3185 1868 3242 fmcunditatis

194 3279 519 3353 suscipiat.
548 3288 610 3346 BI.
644 3281 859 3332 Amen.

266 3370 377 3425 Per
404 3365 912 3423 misericordiam.

268 3470 336 3519 ἢ.
368 3460 525 3513 Ecce
555 3455 796 3510 venient
819 3454 947 3509 dies
982 3453 1217 3510 Domini
1241 3453 1445 3523 magni
1476 3453 1873 3524 eleemosynae

198 3551 251 3604 et
278 3545 540 3617 jejunii:
577 3547 761 3599 estote
802 3541 997 3613 parati
1036 3540 1378 3597 benefacere
1427 3540 1750 3613 oppressis,
1794 3541 1873 3598 vi-

199 3635 441 3703 duis,et
475 3632 791 3705 orphanis.
821 3634 882 3689 P.
908 3633 977 3688 Ut
997 3628 1299 3704 recipiatis
1323 3630 1660 3686 mercedem
1686 3630 1746 3685 in
1768 3645 1875 3685 no-

198 3724 470 3781 vissimis
517 3721 911 3795 temporibus,
944 3719 1087 3781 dicit
1136 3719 1445 3775 Dominus.
1474 3719 1540 3779 il.
1583 3718 1876 3785 Quiescite

202 3828 383 3884 agere
425 3826 737 3884 perverse,
778 3808 980 3864 discite
1004 3807 1354 3863 benefacere
1388 3823 1401 3861 :
1454 3807 1699 3879 quaerite
1721 3805 1877 3877 judi-

204 3902 391 3967 cium,
432 3897 753 3954 subvenite
785 3912 1098 3969 oppresso.
1132 3899 1188 3951 P.
1217 3898 1287 3952 Ut
1314 3894 1712 3966 recipiatisdif.
1749 3894 1881 3949 Glo«

201 3991 315 4059 ria,
348 3996 410 4046 et
428 3990 631 4045 honor
661 3985 837 4051 Patri,
868 3990 925 4042 et
961 3985 1123 4041 Filio.
1160 3985 1221 4039 P.
1256 3987 1324 4040 Ut
1351 3983 1666 4054 recipiatis.

281 4081 520 4137 Oratio.
552 4076 840 4149 Deus,qui
860 4075 1309 4147 eleemosynam
1331 4088 1443 4129 nos
1466 4072 1657 4129 facere
1679 4070 1882 4145 praeci-

201 4171 317 4243 pis,
336 4173 406 4226 ut
420 4167 592 4241 quod
618 4180 838 4237 gurges
858 4166 998 4221 hum
1008 4180 1135 4221 ause
1170 4162 1571 4237 prolapsionis
1592 4161 1887 4235 pedorum

207 4259 499 4334 squalore
524 4254 974 4319 sordiﬁcat,hoc
990 4253 1147 4310 velut
1159 4256 1497 4325 porrectum
1513 4250 1772 4323 operiat;
1796 4249 1889 4306 fac

208 4347 569 4416 nosdignas
600 4344 777 4401 nobis
817 4342 964 4415 ipsis
1000 4343 1264 4414 primum
1301 4340 1720 4412 eleemosynas
1761 4354 1893 4394 ero-

210 4452 362 4511 gare
388 4453 401 4501 ;
431 4440 491 4491 et
517 4435 602 4491 sic
634 4431 1047 4505 indigentibus
1080 4430 1511 4503 compatientes
1540 4428 1897 4491 existere,ut

211 4528 493 4600 primum
523 4524 663 4581 vitae
690 4527 913 4578 nostrae
933 4520 1567 4593 parcamus,piamque
1591 4516 1765 4573 nobis
1784 4516 1893 4572 bo-

224 4631 445 4672 norum
502 4629 756 4685 operum
814 4610 1217 4667 substantiam
1264 4608 1697 4675 ministremus,
1750 4605 1898 4661 dum

232 4721 427 4762 mores
456 4708 701 4760 nostros
734 4716 771 4757 a
800 4699 958 4756 male
987 4699 1133 4755 actis
1182 4697 1537 4767 corrigimus
1568 4715 1579 4754 :
1617 4699 1674 4751 et
1716 4695 1799 4750 sic
1825 4693 1899 4749 de

233 4792 389 4852 bono
406 4791 798 4851 conscientiae
816 4789 1120 4859 digniores
1132 4786 1342 4851 effecti,
1353 4784 1762 4859 proximorum
1777 4798 1900 4839 cor-

236 4883 386 4954 da,et
422 4880 825 4941 instructione
850 4878 1215 4934 illustremus
1230 4875 1600 4943 doctrinae,et
1629 4874 1902 4947 inopiam

235 4976 570 5032 reﬁciamus
602 4968 880 5028 subsidio
904 4967 1127 5039 gratiae.
1159 4978 1222 5038 ἢ.
1262 4966 1479 5022 Amen.

298 5068 402 5123 Per
428 5058 942 5122 misericordiam.

846 5148 921 5201 In
989 5145 1306 5203 Laudibus.

1966 1880 2139 1937 dicite
2165 1881 2487 1940 Dominum
2514 1886 2691 1942 Israel
2718 1906 2730 1946 :
2760 1892 2817 1945 et
2846 1905 3056 1948 omnes
3087 1895 3433 1953 Sacerdotes
3460 1898 3616 1955 servi

1968 1968 2072 2024 Dei
2107 1969 2437 2029 benedicite
2467 1972 2812 2033 Dominum.

1964 2145 2006 2215 Γ
2040 2058 2379 2201 ῗαηιίςιιηι.
2414 2062 2759 2120 Benedictus
2785 2080 2849 2121 es
2876 2066 3125 2126 Domine
3154 2069 3309 2128 Deus
3338 2076 3607 2146 patrum.

2001 2161 2031 2202 0
2068 2187 2080 2201 .
2112 2150 2169 2202 6.

2001 2150 2080 2202 οι.
2112 2150 2169 2202 6.

2042 2270 2221 2327 Sono.
2246 2274 2325 2328 Ne
2364 2272 2738 2333 obliviscaris
2762 2274 2918 2335 Deus
2940 2296 3147 2339 vocem
3164 2282 3621 2359 deprecantium

1972 2361 2045 2424 te,
2076 2359 2336 2447 Alleluia.
2356 2360 2417 2419 ἰν.
2447 2364 2734 2420 Memento
2760 2370 3239 2439 congregationis
3268 2378 3403 2445 tuae,
3433 2390 3621 2447 quam

1972 2447 2184 2502 creasti
2214 2446 2290 2503 ab
2312 2448 2478 2505 initio
2501 2450 2729 2522 virgam
2751 2452 3099 2515 hereditatis
3129 2463 3263 2515 tuae.

2043 2544 2272 2603 Lauda.
2313 2544 2579 2605 Alleluia.
2637 2551 2895 2609 Laudate
2944 2554 3265 2614 Dominum
3296 2558 3371 2615 de
3401 2558 3575 2616 leis
3608 2580 3624 2618 :

1973 2632 2238 2690 Alleluia.
2274 2634 2535 2693 Laudate
2566 2653 2704 2695 eum
2740 2640 2799 2697 in
2839 2642 3108 2702 excelsis.
3153 2646 3425 2705 Alleluia.
3464 2650 3627 2708 Psal-

1974 2736 2102 2779 mus
2130 2738 2356 2778 CXLVIII.

1984 2818 2155 2891 140
2184 2820 2373 2876 Lectio
2398 2821 2538 2877 libri
2556 2822 3013 2885 Proverbiorum
3033 2830 3362 2889 salomom's
3381 2832 3620 2903 (Cape).

2048 2920 2110 2977 Ii.
2147 2911 2262 2964 Deo
2290 2909 2537 2979 gratias.

2049 3006 2172 3062 Filii
2184 3006 2477 3064 hominum
2491 3009 2892 3068 convertimini
2906 3011 2979 3068 ad
2992 3015 3411 3087 correptionem
3422 3033 3596 3075 meam
3609 3059 3624 3085 ,

1900 3130 1939 3185 ρ
1978 3099 2033 3152 et
2045 3095 2342 3167 proferam
2357 3095 2521 3152 vobis
2539 3097 2817 3169 Spiritum
2830 3107 3118 3167 meum,et
3128 3107 3438 3163 ostendam
3450 3108 3632 3165 verba

1934 3184 1937 3197 "
1979 3200 2134 3240 mea.
2192 3184 2342 3250 Quia
2372 3186 2598 3250 vocavi,
2658 3190 2713 3244 et
2771 3189 3336 3250 renuistiszextendi
3378 3212 3632 3253 manum

1980 3289 2199 3339 meam,
2234 3278 2290 3329 et
2331 3289 2452 3330 non
2477 3273 2584 3332 fuit
2612 3276 2712 3347 qui
2738 3277 3047 3349 aspiceret.
3069 3282 3427 3354 Despexistis
3448 3300 3633 3342 omne

1982 3362 2293 3419 consilium
2324 3380 2547 3429 meum,
2568 3368 2624 3420 et
2641 3365 3068 3437 increpationes
3084 3362 3252 3428 meas
3264 3373 3628 3445 neglexistis.

1981 3455 2102 3522 Ego
2119 3468 2358 3525 quoque
2374 3454 2433 3508 in
2446 3454 2681 3513 interitu
2698 3460 2894 3513 vestro
2910 3457 3201 3525 ridebo,et
3216 3462 3631 3529 subsannabo,

1983 3556 2122 3597 cum
2137 3540 2303 3596 vobis
2320 3541 2473 3613 quod
2490 3541 3287 3611 timebatis,advenerit.Cum
3302 3550 3534 3607 irruerit
3546 3566 3635 3607 re-

1984 3630 2228 3700 pentina
2249 3629 2580 3697 calamitas,
2605 3635 2661 3687 et
2702 3630 2971 3689 interitus
2990 3636 3163 3705 quasi
3195 3640 3518 3710 tempestas
3547 3638 3639 3693 in-

1986 3718 2241 3787 gruerit:
2270 3719 2517 3790 quando
2548 3720 2771 3777 venerit
2802 3737 2983 3793 super
2998 3739 3103 3779 vos
3135 3724 3517 3793 tribulatio,et
3533 3741 3642 3783 an-

1988 3807 2181 3879 gustia
2209 3809 2396 3864 :Tunc
2412 3809 2780 3866 invocabunt
2796 3826 2912 3875 me,
2936 3815 3127 3869 etnon
3137 3815 3459 3873 exaudiam
3483 3837 3497 3876 :
3516 3832 3644 3883 ma.I

1988 3914 2062 3965 ne
2076 3902 2460 3967 consurgent,
2478 3902 2532 3955 et
2552 3914 2675 3955 non
2704 3900 3003 3958 invenient
3022 3918 3117 3959 me
3134 3918 3204 3960 eo
3224 3906 3389 3975 quod
3402 3922 3641 3964 exosam

1990 3986 2328 4044 habuerunt
2346 3986 2741 4059 disciplinam,
2772 3994 2828 4045 et
2855 3989 3129 4046 timorem
3145 3992 3381 4050 Domini
3398 4009 3523 4051 non
3547 4010 3648 4050 su-

1994 4080 2443 4147 sceperunt,nec
2455 4075 2879 4147 adquieverunt
2890 4078 3136 4134 consilio
3146 4081 3646 4144 meo,etdetraxe-

1994 4165 2113 4222 rint
2160 4163 2448 4221 universae
2498 4165 2855 4235 correptioni
2896 4180 3064 4221 meae.
3116 4168 3440 4225 Comedent
3467 4169 3647 4238 igitur

1999 4255 2222 4310 fructus
2262 4253 2371 4307 viae
2420 4269 2563 4318 suae,
2602 4253 2846 4325 suisque
2890 4253 3151 4310 consiliis
3194 4258 3646 4314 saturabuntur.

2002 4342 2242 4400 Aversio
2269 4342 2653 4415 parvulorum
2678 4343 2986 4400 interﬁciat
3018 4360 3140 4411 eos,
3191 4350 3247 4403 et
3275 4348 3642 4421 prosperitas

1928 4478 1984 4550 ﬁ
2004 4432 2319 4491 stultorum
2342 4431 2550 4504 perdet
2567 4431 2698 4488 illos
2728 4450 2740 4488 :
2770 4433 2880 4498 Qui
2903 4438 3104 4490 autem
3129 4450 3217 4492 me
3238 4437 3514 4503 audierit,
3549 4437 3655 4494 ab-

2006 4522 2388 4550 -.."nnmumnn
2417 4519 2747 4550 ..ηηηξηηηηι
2803 4526 2853 4550 ..ι
2887 4522 3214 4550 ..ιηηυιηηιξ
3244 4540 3271 4550 ..
3296 4526 3632 4550 --φημι-η.

2006 4522 2389 4594 squeiterrore
2417 4519 2766 4593 requiescet,
2801 4526 2856 4578 et
2885 4522 3278 4581 abundantia
3296 4526 3652 4598 perfruetur,

2008 4610 2304 4667 malorum
2323 4609 2533 4666 timore
2558 4610 2810 4667 sublato.
2843 4612 3009 4683 (Cap.
3038 4614 3240 4683 n.)Fili
3257 4615 3361 4683 mi,
3385 4614 3435 4669 si
3458 4630 3659 4670 susce-

2007 4698 2168 4773 peris
2212 4713 2515 4755 sermones
2554 4714 2741 4765 meos,
2792 4704 2849 4754 et
2893 4700 3181 4757 mandata
3227 4717 3366 4757 mea
3410 4703 3659 4758 abscon-

2009 4788 2169 4844 deris
2186 4802 2367 4859 penes
2388 4791 2462 4854 te,
2504 4790 2567 4843 ut
2597 4787 2802 4844 audiat
2826 4788 3178 4859 sapientiam
3196 4789 3359 4845 auris
3388 4794 3492 4846 tua
3518 4808 3533 4850 :
3566 4792 3658 4846 in-

2012 4877 2168 4933 clina
2197 4891 2298 4931 cor
2323 4879 2493 4931 tuum
2521 4875 2601 4931 ad
2630 4875 3122 4944 cognoscendum
3152 4877 3555 4949 prudentiam.
3599 4878 3660 4936 Si

2012 4966 2175 5022 enim
2220 4963 2574 5035 sapientiam
2616 4962 3011 5029 invocaveris,
3054 4968 3112 5021 et
3152 4964 3531 5023 inclinaveris
3560 4982 3664 5025 cor

2014 5060 2183 5112 tuum
2196 5052 2529 5126 prudentiae
2552 5069 2561 5106 :
2586 5053 2633 5107 si
2647 5053 2953 5125 qumsieris
2970 5069 3105 5110 eam
3127 5055 3302 5127 quasi
3319 5057 3663 5127 pecuniam,

2016 5148 2072 5202 et
2093 5144 2247 5200 sicut
2274 5142 2590 5199 thesauros
2628 5141 2909 5198 effuderis
2957 5142 3167 5199 illam:
3202 5150 3341 5201 tunc
3371 5145 3667 5217 intelliges

296 5246 367 5301 Ad
396 5245 746 5302 Canticum.
776 5235 1140 5306 Antiphone.
1173 5234 1238 5289 In
1277 5237 1475 5291 mente
1513 5231 1730 5289 habete
1780 5230 1909 5287 dies

235 5328 776 5405 saculijntelligite
789 5340 985 5381 annos
995 5321 1253 5380 nationis
1265 5320 1910 5389 nationumzinterroga

218 5431 450 5502 patrum
478 5431 693 5491 tuum,
728 5416 891 5473 dicet
919 5413 1062 5481 tibi;
1088 5412 1350 5469 seniores
1379 5417 1534 5485 tuos,
1591 5415 1645 5469 et
1679 5425 1911 5468 annun-

223 5518 453 5579 tiabunt
476 5514 615 5574 tibi.

276 5611 647 5674 Canticum.
672 5591 942 5657 Attende
967 5589 1217 5649 Caelum.
1247 5589 1361 5658 fol.
1392 5592 1447 5647 4.

2016 5233 2294 5290 timorem
2321 5231 2574 5296 Domini,
2612 5236 2668 5288 et
2691 5231 2998 5289 scientiam
3036 5232 3138 5289 Dei
3172 5232 3482 5291 invenies:
3525 5235 3672 5307 quia

2017 5322 2308 5379 Dominus
2337 5321 2441 5378 dat
2477 5321 2833 5393 sapientiam
2861 5339 2875 5373 :
2922 5327 2979 5377 et
3008 5336 3081 5377 ex
3110 5337 3211 5378 ore
3243 5323 3372 5393 ejus
3404 5324 3669 5387 scientia,

2020 5416 2075 5468 et
2102 5410 2417 5482 prudentia
2442 5410 2738 5482 procedet.
2756 5410 3058 5468 Custodiet
3076 5416 3375 5468 rectorum
3391 5413 3669 5480 salutem,

2021 5505 2077 5559 et
2105 5502 2374 5572 proteget
2393 5499 2729 5569 gradientes
2758 5499 3118 5572 simpliciter,
3149 5515 3397 5557 servans
3428 5500 3671 5557 semitas

2019 5589 2277 5662 iustitiae,
2328 5592 2386 5645 et
2437 5588 2601 5647 viam
2674 5593 3021 5648 sanctorum
3102 5590 3463 5649 custodiam.
3512 5590 3673 5646 Tune
