4160 6438
494 345 600 403 263

1750 306 2207 386 BREVIARIUM
2247 313 2638 378 GOTHICUM.

3783 314 3896 371 264

496 465 785 536 intelliges
803 462 1112 535 justitiam,
1138 463 1196 516 et
1218 457 1533 530 judicium,
1567 458 1622 512 et
1663 454 2020 527 aaquitatem,
2079 451 2136 505 et
2163 444 2213 501 A
2253 535 2275 536 ί
2312 446 2601 536 Psalmus.
2631 444 2897 536 Miserere
2927 442 3062 536 mei,
3090 444 3249 536 Deus
3277 446 3428 536 totus
3459 455 3591 536 cum
3621 414 3882 536 _G_lor_i_ze.

495 569 704 612 omnes
734 552 1006 608 semitam
1027 549 1273 604 bonam.
1306 557 1370 616 Βι.
1402 546 1610 601 Amen.

564 643 864 712 Hymnus.
890 637 1132 694 Alleluia
1160 635 1291 707 piis.
1325 633 1652 703 Quarefol.
1691 634 1815 688 137.

569 728 871 798 Capitula.
889 725 1132 782 Alleluia
1141 737 1384 789 nomen,
1414 720 1580 793 quod
1595 715 2133 791 interpretationem

496 817 582 873 tui
593 815 833 871 laudem
845 825 1135 869 resonans
1146 810 1266 877 Dei,
1298 813 1426 866 esto
1447 805 1850 864 consumatrix
1861 799 2131 859 matutini

497 904 674 961 ofﬁcii
695 902 1178 974 ,praebequoque
1194 903 1256 955 tu
1281 900 1435 953 Deus
1452 895 1621 953 nobis
1641 897 1794 950 hanc
1834 891 1962 954 tibi,
1988 890 2134 944 dum

499 989 1011 1056 vivimus,diﬁ‘uso
1024 1004 1124 1045 ore
1144 987 1455 1044 concinere
1477 1003 1494 1055 ;
1513 985 1669 1040 hanc
1687 982 1863 1038 etiam
1887 979 2135 1048 tibipost

501 1078 833 1143 transitum,
863 1081 1105 1146 peracto
1130 1073 1341 1130 mundi
1360 1073 1614 1128 termino
1657 1069 1974 1124 decantare
2007 1083 2019 1119 :
2051 1068 2130 1130 ut,

497 1164 561 1220 in
591 1164 762 1234 cujus
791 1161 1340 1219 hicrenovationem
1363 1157 1778 1221 dulcessimus,
1805 1155 1866 1209 in
1923 1154 2053 1222 ejus
2081 1155 2135 1206 te

498 1257 789 1307 concentu
809 1254 949 1323 post
974 1254 1245 1306 nostrum
1275 1247 1504 1304 obitum
1551 1243 1849 1316 copiosius
1913 1238 2135 1310 ample-

493 1343 744 1395 etamur.

561 1428 730 1480 Pater
756 1427 974 1480 noster.
1009 1426 1076 1478 Et
1097 1437 1192 1478 ne.

558 1513 790 1570 Lauda.
823 1511 958 1577 Ibis,
992 1511 1254 1576 Alleluia,
1320 1523 1668 1582 prosperum
1725 1507 1857 1561 iter.
1927 1503 2133 1570 Quaere

486 1601 598 1669 fol.
645 1603 764 1656 l38.
814 1599 1169 1657 Benedictio.
1227 1597 1491 1661 Alleluia,
1551 1610 1686 1667 quae
1723 1591 2121 1649 ineffabiliter.

487 1687 600 1756 fol.
630 1690 748 1744 138.

2240 535 2450 591 Postea
2464 533 2659 606 Kyrie,
2693 532 2945 589 eleison:
2971 531 3211 596 Christe,
3244 529 3464 585 eleison
3497 547 3510 583 :
3548 527 3717 601 14],
3772 530 3892 601 Ky-

2240 622 2343 688 rie,
2377 623 2615 680 eleison.
2643 623 2814 678 Pater
2848 624 3070 676 noster.
3101 619 3209 675 sub
3254 619 3507 675 silentio.

2311 711 2538 768 Preces.
2560 708 3260 774 Adverte,Domine,iram
3279 711 3443 763 tuam
3460 720 3494 761 a
3507 703 3700 760 nobis.
3718 704 3895 760 Adsit

2241 801 2416 856 nobis
2446 799 2709 872 potentia
2732 805 2849 854 tua.
2909 801 2966 852 P.
2995 801 3222 863 Averte,
3280 794 3546 862 Domine,
3589 793 3770 849 iram.
3810 793 3883 854 ἡ.

2244 888 2516 956 Benedic,
2547 885 3197 953 Domine,hereditatem
3229 888 3412 939 tuam.
3448 885 3504 937 P.
3535 885 3746 936 Averte
3779 881 3895 937 Do-

2243 977 2422 1032 mine.
2443 975 2508 1036 ἡ.
2543 974 2807 1032 Concede
2833 988 3044 1045 pacem
3071 970 3343 1027 Ecclesiae
3372 975 3515 1026 tuae.
3541 968 3611 1024 P.
3652 972 3891 1034 Averte,

2242 1064 2392 1120 iram
2414 1070 2579 1119 tuam
2600 1079 2636 1118 a
2659 1061 2850 1117 nobis.

2316 1152 2534 1207 Oratio.
2613 1149 2839 1206 Exaudi
2891 1148 3216 1205 orationem
3267 1150 3560 1212 nostram,
3613 1145 3892 1202 Domine.

2239 1241 2353 1308 fol.
2382 1241 2501 1296 138.

2769 1326 2970 1382 FERIA
3012 1324 3325 1382 SECUNDA
3338 1365 3350 1378 .
3390 1339 3395 1343 '

2805 1414 2889 1468 Ad
2925 1414 3311 1470 Matutinum.

2309 1503 2675 1572 Antiphona.
2705 1505 2788 1558 ’l‘u
2815 1507 3035 1566 autem,
3055 1501 3321 1566 Domine,
3357 1503 3664 1572 susceptor
3715 1513 3899 1557 meus

2239 1591 2514 1648 Psalmus
2553 1594 2634 1646 ni.

2312 1679 2531 1735 Oratio.
2556 1678 2838 1744 Quamvis
2855 1677 3103 1732 Domine
3120 1676 3381 1748 plurima
3415 1676 3898 1746 malignantium

562 1777 822 1831 Exeunte
861 1776 1124 1845 Vespera.
1147 1776 1211 1843 In
1227 1769 1768 1835 noctibusextollite
1793 1783 2009 1824 manus
2037 1783 2133 1822 ve-
2169 1782 2213 1837 Β
2241 1767 2560 1824 multitudo
2586 1766 2859 1836 abneget,
2926 1764 3172 1821 salutem
3210 1769 3478 1820 nostram
3516 1781 3646 1821 esse
3691 1767 3752 1822 in
3799 1771 3897 1823 te:

493 1866 644 1919 stras
672 1863 734 1917 in
763 1867 992 1932 sancta,
1043 1866 1100 1917 et
1145 1859 1474 1916 benedicite
1513 1857 1853 1914 Dominum.
1899 1856 1964 1914 ψ.
2025 1855 2134 1921 Qui

496 1951 664 2006 statis
690 1951 753 2005 in
781 1950 964 2006 domo
993 1949 1250 2018 Domini,
1281 1950 1343 2004 in
1369 1947 1528 2004 atriis
1557 1945 1889 2002 domusDei
1918 1944 2125 2000 nostri.
2179 2005 2184 2010 ,

569 2038 784 2094 Oratio.
818 2041 882 2093 In
906 2037 1182 2094 noctibus
1200 2051 1418 2092 manus
1444 2039 1676 2090 nostras
1706 2034 1782 2088 ad
1833 2036 1888 2087 te
1913 2029 2136 2087 extolli-
2173 2033 2184 2072 ὲ

494 2140 654 2193 mus,
681 2126 948 2192 Domine,
982 2130 1046 2180 ut
1073 2140 1184 2180 nos
1213 2124 1276 2180 in
1315 2123 1574 2179 Ecclesia
1598 2127 1700 2178 tua
1722 2122 1876 2176 ﬁxos
1891 2123 2133 2186 statuas;

497 2228 566 2270 ac
597 2212 745 2268 dum
773 2211 1180 2268 mundialibus
1202 2212 1602 2282 imprimimur
1631 2207 1897 2279 sarcinis,
1934 2211 2136 2263 nostra

493 2299 739 2357 laudare
765 2305 820 2356 te
849 2299 1078 2357 actione
1107 2299 1423 2355 concedas.
1453 2311 1515 2370 Br.
1541 2301 1751 2353 Amen.

563 2389 674 2445 Per
704 2389 1177 2445 misericordiam
1205 2394 1386 2445 tuam.
1933 2435 1935 2438 .

562 2477 1134 2546 Sono.Antiphona.
1194 2480 1257 2532 In
1286 2475 1561 2531 noctibus
1611 2473 1867 2530 extollite
1916 2487 2132 2528 manus

489 2569 712 2621 vestras
735 2566 795 2620 in
823 2569 1050 2633 sancta,
1079 2570 1134 2621 et
1157 2564 1486 2621 benedicite
1506 2562 1847 2618 Dominum.
1871 2560 1932 2615 P.
1950 2563 2130 2616 Bene-

488 2653 650 2710 dicat
676 2668 785 2710 vos
805 2653 1104 2717 Dominus,
1140 2653 1243 2725 qui
1273 2653 1407 2708 fecit
1453 2649 1670 2706 caelum
1701 2655 1756 2705 et
1786 2653 2023 2704 terram.
2053 2647 2121 2707 ἲν.

491 2743 636 2796 Ecce
665 2756 826 2796 nunc
840 2740 1743 2806 benediciteDominum,omnes
1768 2737 1920 2792 servi
1939 2735 2131 2791 Domi-

487 2826 1752 2895 ni,P.Benedicatvos.W.Gloria,ethonor.P.
1787 2825 2120 2880 Benedicat.

559 2915 959 2972 Lauda.Mane
992 2916 1155 2988 apud
1182 2931 1294 2972 nos
1320 2915 1516 2981 hodie,
1540 2919 1595 2970 et
1619 2913 1880 2969 crastina
1899 2911 2132 2984 proﬁci-

491 3003 1104 3067 sceris,Alleluia.P.Et
1131 3003 1279 3059 dum
1313 3009 1443 3058 orta
1465 3001 1639 3057 fuerit
1660 3001 1804 3066 dies,
1864 2999 2132 3056 ambula-

490 3091 586 3148 bis
607 3092 702 3147 via
721 3096 847 3146 tua.
871 3091 1138 3156 Alleluia,
1167 3089 1421 3146 alleluia.
1445 3089 1507 3148 ἰν.
1530 3089 1816 3144 Dominus
1837 3087 2132 3144 custodiat
2160 3119 2201 3175 ρ

490 3183 544 3234 te
576 3178 654 3234 ab
686 3177 854 3234 omni
878 3177 1041 3233 malo
1075 3193 1092 3234 :
1132 3176 1428 3232 custodiat
1453 3177 1720 3231 animam
1750 3181 1911 3230 tuam
1937 3175 2132 3230 Domi-

486 3281 620 3322 nus.
655 3269 715 3320 P.
749 3268 816 3322 Et
841 3265 986 3321 dum
1017 3269 1148 3321 orta
1172 3263 1362 3320 fuerit.
1403 3262 1466 3322 Ψ.
1499 3263 1706 3326 Gloria,
1739 3267 1794 3318 et
1823 3263 2033 3319 honor.
2069 3265 2126 3318 P.

488 3357 552 3411 Et
584 3353 727 3409 dum
758 3359 907 3411 orta.

559 3443 852 3514 Hymnus.
890 3441 1139 3496 Alleluia
1174 3439 1308 3510 piis.
1341 3439 1546 3506 Quare
1580 3439 1692 3508 fol.
1725 3442 1841 3494 137.

552 3531 854 3600 Capitula.
885 3529 1030 3583 Ecce
1052 3528 1184 3583 laus
1213 3532 1336 3593 tua,
1367 3527 1544 3589 Deus,
1576 3541 1712 3597 quae
1741 3531 1829 3581 est
1857 3525 2122 3598 Alleluia,

479 3625 537 3676 et
561 3618 742 3674 caelos
771 3616 996 3687 implet,
1032 3620 1089 3671 et
1107 3619 1358 3671 terram:
1392 3630 1530 3670 cum
1561 3629 1958 3686 supernarum
1983 3615 2126 3670 inef-

477 3707 646 3765 fabili
676 3709 970 3762 concentu
995 3703 1365 3775 exprimitur,
1405 3708 1461 3760 et
1502 3709 1870 3760 terrenarum
1917 3704 2125 3760 ofﬁciis

479 3794 812 3860 declaratur
855 3809 868 3847 :
911 3807 1260 3864 quaesumus
1303 3807 1462 3862 ergo,
1496 3793 1669 3858 Deus,
1720 3797 1785 3847 ut
1813 3807 1950 3846 cum
1976 3797 2030 3848 te
2063 3793 2126 3848 in

479 3883 579 3940 illa
609 3883 700 3938 die
729 3881 978 3938 viderint
1007 3880 1163 3937 oculi
1208 3881 1394 3937 nostri
1431 3881 1491 3936 in
1517 3881 1727 3951 gloria,
1757 3879 1985 3937 laetetur
2023 3897 2126 3938 cor

479 3976 754 4027 nostrum
785 3985 961 4041 super
985 3968 1232 4026 Alleluia
1264 3987 1276 4024 :
1311 3973 1374 4024 ut
1404 3984 1508 4041 per
1533 3969 1728 4024 laudis
1752 3968 1934 4039 hujus
1961 3971 2122 4026 exhi-

478 4060 765 4116 bitionem
797 4059 1095 4124 devotam,
1117 4057 1211 4114 hic
1227 4073 1672 4130 promereamur
1693 4057 2011 4114 criminum
2029 4074 2125 4115 ve-

476 4149 666 4218 niam,
703 4154 757 4202 et
788 4152 943 4221 post,
971 4151 1259 4203 aaternam
1290 4146 1695 4218 perducamur
1732 4146 1811 4202 ad
1845 4146 2117 4218 gloriam,

475 4251 613 4298 cum
642 4235 1019 4291 manifestata
1046 4234 1222 4290 fuerit
1239 4234 1418 4291 nobis
1444 4233 1626 4291 facies
1649 4241 1766 4291 tua.

545 4328 713 4379 Pater
751 4327 969 4378 noster.

547 4411 906 4468 Benedictio.
931 4409 1196 4480 Alleluia,
1225 4425 1444 4466 nomen
1477 4411 1668 4481 pium,
1708 4417 1888 4484 atque
1911 4413 2118 4482 jocunc

473 4499 643 4566 dum,
670 4497 944 4553 dilatetur
959 4497 1037 4552 ad
1053 4497 1294 4552 laudem
1322 4497 1420 4552 Dei
1441 4497 1501 4552 in
1521 4513 1628 4552 ora
1645 4501 1914 4554 omnium
1939 4517 2119 4573 popu-

473 4588 668 4643 lorum
702 4605 715 4640 :
748 4598 812 4654 Β».
834 4587 1040 4641 Amen.
1073 4585 1156 4640 Sit
1178 4586 1240 4640 in
1269 4585 1504 4640 vicibus
1534 4588 1898 4644 credentium
1936 4591 2113 4655 clara,

473 4672 1051 4747 quaeinAngelorum
1067 4671 1395 4728 ostenditur
1422 4674 1808 4729 concentibus
1834 4675 2110 4745 gloriosa.

476 4775 539 4831 av.
573 4766 778 4818 Amen.
808 4763 891 4825 Et,
924 4776 1060 4832 quae
1088 4761 1148 4814 in
1165 4759 1399 4815 aeternis
1422 4761 1650 4816 civibus
1676 4763 1801 4818 sine
1829 4779 2116 4820 sonorum

477 4853 728 4922 strepitu
754 4851 950 4914 enitet,
984 4850 1046 4904 in
1075 4849 1284 4904 vestris
1308 4849 1590 4906 cordibus
1603 4851 1819 4908 affectu
1851 4852 2117 4924 pleniore

474 4937 807 4993 fructiﬁcet.
847 4949 910 5007 Rt.
943 4939 1149 4992 Amen.

546 5027 656 5080 Per
675 5025 1172 5082 misericordiam.

543 5114 768 5169 Lauda.
802 5113 1060 5183 Angelus
1088 5113 1324 5168 Domini
1346 5114 1542 5170 bonus
1560 5119 1871 5174 comitetur
1897 5123 2110 5188 tecum,

470 5202 716 5257 Alleluia
751 5223 763 5256 :
789 5207 845 5256 et
868 5201 1071 5257 omnia
1097 5202 1252 5256 bona
1275 5208 1568 5274 praeparet
1596 5203 1785 5260 itineri
1817 5212 1937 5263 tuo.
1967 5212 2023 5263 P.
2050 5213 2116 5266 Et

467 5293 680 5348 iterum
719 5307 858 5346 cum
884 5289 1103 5359 gaudio
1146 5293 1456 5346 revertaris
1497 5293 1572 5348 ad
1604 5309 1736 5362 nos,
1764 5295 2024 5354 Alleluia.
2051 5300 2110 5358 ἢν.

469 5381 648 5437 Mittat
679 5379 780 5434 tibi
812 5378 1098 5434 auxilium
1126 5377 1198 5432 de
1231 5384 1437 5434 sancto
1466 5401 1478 5447 -,
1509 5386 1564 5436 et
1606 5382 1679 5436 de
1713 5384 1846 5438 Sion
1880 5392 2114 5444 tueatur

467 5472 543 5524 te.
573 5471 632 5523 P.
667 5471 732 5523 Et
758 5468 992 5523 iterum.
1024 5465 1086 5526 Ψ.
1115 5465 1326 5529 Gloria,
1360 5472 1418 5523 et
1447 5467 1658 5524 honor.
1689 5473 1745 5525 P.
1769 5474 1833 5528 Et
1863 5474 2100 5532 iterum.

467 5558 584 5615 Hic
620 5557 930 5622 clauditur
957 5554 1222 5613 Alleluia.

2242 1855 2417 1912 nobis
2447 1861 2648 1911 tamen
2669 1854 2853 1910 robur
2879 1852 3003 1924 spei
3059 1852 3316 1908 multum
3359 1858 3627 1923 augetur,
3657 1854 3805 1926 quia
3833 1859 3906 1910 tu

2246 1947 2551 2015 susceptor
2575 1947 2774 1998 noster
2803 1957 2936 1996 esse
2958 1941 3237 2010 dignatus
3286 1956 3373 1998 es.
3415 1940 3753 1998 Obstruitur
3783 1942 3902 1999 ita-

2244 2048 2358 2104 que
2376 2048 2445 2087 os
2470 2031 2842 2104 loquentium
2867 2030 3071 2102 iniqua
3095 2048 3107 2099 ;
3127 2044 3265 2084 cum
3296 2035 3602 2100 sperantes
3619 2031 3680 2086 in
3707 2036 3764 2087 te
3789 2031 3906 2087 mi-

2247 2119 2570 2176 sericordia
2591 2118 2920 2174 circumdat
2938 2117 3201 2173 assidua.
3232 2128 3292 2186 Βε.
3311 2119 3517 2172 Amen.

2313 2211 2437 2264 Per.

2313 2296 2730 2365 Antiphonal.
2762 2299 2826 2350 ln
2850 2295 2979 2365 lege
3004 2293 3240 2350 Domini
3262 2295 3626 2352 sitvoluntas
3661 2302 3897 2365 nostra,

2242 2390 2299 2440 et
2319 2385 2380 2439 in
2411 2385 2539 2453 lege
2566 2383 2693 2453 ejus
2718 2382 3074 2438 meditemur
3095 2380 3190 2436 die
3220 2398 3288 2437 ac
3309 2388 3500 2438 nocte.
3533 2384 3812 2440 Psalmus
3838 2403 3886 2441 ι.

2314 2473 2537 2528 Oratio.
2569 2470 2839 2533 Domine,
2873 2471 3036 2542 apud
3054 2486 3232 2542 quem
3249 2475 3340 2525 est
3357 2470 3518 2526 salus
3533 2471 3892 2543 plenajusti-

2241 2561 2354 2629 the,
2383 2560 2734 2632 etperfectio
2748 2559 3126 2616 beatitudinis
3153 2558 3510 2631 incorruptae
3542 2577 3556 2628 ;
3589 2560 3666 2616 da
3687 2561 3890 2628 nobis,

2240 2648 2384 2704 utin
2418 2648 2565 2718 legis
2595 2653 2710 2704 tuae
2732 2648 3114 2704 meditatione
3143 2647 3238 2703 die
3269 2663 3339 2703 ac
3386 2652 3559 2703 nocte
3608 2658 3894 2721 tempore.

2239 2742 2634 2808 transeamus,
2665 2743 2721 2793 et
2743 2738 2820 2792 ab
2851 2736 3172 2808 impiorum
3186 2735 3449 2808 consilio,
3493 2741 3671 2809 atque
3699 2755 3894 2810 apec.

2240 2832 2510 2882 catorum
2529 2825 2747 2890 via,vel
2765 2842 2800 2881 a
2815 2823 3160 2897 pestilentiae
3176 2825 3465 2880 Cathedra
3487 2824 3884 2882 declinemus:

2239 2913 2547 2986 quo,velut
2569 2913 2799 2984 lignum
2813 2913 3503 2985 fructiferum,aquarum
3520 2911 3886 2970 decursibus

2239 3001 2944 3067 enutritum,etfructibus
2968 3001 3326 3073 repleamur,
3359 3006 3415 3057 et
3433 3001 3622 3072 gratia
3641 3000 3889 3058 decore-

2240 3104 2393 3145 mur.
2430 3101 2496 3159 ly.
2536 3094 2745 3145 Amen.

2311 3179 2437 3234 Per.

2308 3264 2643 3332 Antiphona
2668 3269 2719 3318 2.
2750 3267 2932 3327 Nunc,
2965 3279 3153 3334 reges,
3185 3262 3489 3334 intelligite
3521 3281 3535 3319 :
3563 3265 3891 3324 erudimini

2237 3368 2446 3408 omnes
2493 3353 2591 3423 qui
2637 3351 2919 3424 judicatis
2967 3357 3201 3408 terram.
3260 3351 3479 3408 Servite
3519 3353 3777 3412 Domino
3824 3357 3892 3413 in

2236 3441 2464 3496 timore.
2491 3441 2761 3497 Psalmus
2787 3443 2846 3497 ll.

2309 3529 2532 3584 Oratio.
2564 3527 3020 3599 Disciplinatua,
3047 3527 3316 3595 Domine,
3341 3543 3450 3584 nos
3477 3529 3579 3585 tibi
3600 3536 3887 3590 etsancto

2235 3617 2428 3672 timori
2459 3616 2801 3687 conjungat;
2831 3621 2887 3672 et
2916 3615 2992 3671 ad
3031 3615 3453 3673 exultationem
3481 3621 3647 3675 tuam
3669 3620 3886 3677 timore

2234 3720 2343 3760 nos
2369 3705 2660 3761 attrahat:
2691 3720 2760 3760 ac
2785 3721 2858 3760 nc
2889 3720 2926 3761 a
2973 3706 3068 3760 via
3111 3705 3275 3774 justa
3325 3706 3699 3780 recedamus,
3774 3725 3887 3766 nos

2234 3795 2504 3850 contine:
2532 3799 2595 3851 ut
2615 3793 2773 3850 beati
2794 3811 2925 3850 esse
2950 3795 3252 3867 possimus
3297 3796 3358 3850 in
3403 3801 3456 3853 te
3502 3797 3685 3854 ﬁdere
3741 3815 3884 3855 con-

2232 3883 2396 3940 cede.
2429 3895 2493 3953 Bg.
2515 3889 2721 3940 Amen.

2303 3975 2424 4030 Per.

2301 4062 2646 4132 Antiphona
2676 4066 2730 4120 3.
2765 4062 3101 4119 Sacriﬁcate
3133 4063 3489 4118 sacriﬁcium
3507 4063 3766 4132 justitiee,
3828 4072 3894 4124 et

2231 4155 2460 4222 sperate
2492 4151 2551 4206 in
2581 4150 2852 4206 Domino.
2888 4152 3166 4206 Psalmus
3193 4167 3272 4207 1v.

2303 4239 2528 4294 Oratio.
2550 4238 2936 4309 Singulariter
2959 4239 3020 4294 in
3050 4255 3155 4312 spe
3189 4243 3287 4295 tua
3309 4241 3627 4296 constitue:
3650 4245 3734 4311 ut,
3776 4244 3884 4315 qui

2229 4326 2324 4382 hic
2344 4343 2447 4398 per
2467 4326 2649 4382 ﬁdem
2672 4327 3056 4382 ambulamus
3081 4332 3137 4383 et
3159 4344 3277 4383 nou
3297 4344 3398 4399 per
3424 4330 3705 4402 speciem,
3741 4346 3880 4402 spes

2231 4413 2365 4486 ipsa
2392 4431 2504 4470 nos
2527 4413 2603 4470 ad
2634 4430 2759 4470 rem
2791 4415 3204 4486 promissionis
3241 4415 3533 4473 adducat:
3557 4434 3688 4490 quae
3727 4417 3882 4474 desi-

2229 4501 2461 4559 derium
2489 4507 2758 4558 nostrum
2781 4503 3099 4559 tolerantiae
3113 4505 3549 4574 expectationes
3563 4510 3877 4576 sustentet,

2229 4597 2284 4648 et
2315 4592 2594 4648 charitate
2616 4597 3009 4647 consummet.
3055 4603 3114 4658 ne.
3158 4598 3362 4648 Amen.

2299 4684 2420 4736 Per.

2300 4781 2364 4838 Ba.
2391 4769 2586 4840 Aperi,
2611 4769 2883 4833 Domine,
2915 4768 3285 4836 oculostuos,
3314 4773 3370 4825 et
3405 4770 3541 4826 vide
3571 4770 3880 4831 miseriam

2227 4862 2525 4914 nostram:
2551 4857 2772 4913 inclina
2801 4872 3007 4914 aurem
3044 4860 3290 4921 tuam,et
3317 4858 3656 4914 exaudinos
3669 4875 3880 4917 servos

2229 4953 2380 5012 tuos,
2405 4952 2470 5002 ut
2493 4962 2616 5002 non
2642 4951 2845 5017 pereat
2903 4943 3078 5000 vinea
3128 4950 3248 5000 tua.
3278 4947 3333 4999 P.
3366 4945 3557 5007 Quam
3604 4944 3882 5016 plantare

2225 5035 2510 5105 dignatus
2527 5051 2608 5090 es.
2637 5046 2700 5105 Br.
2731 5033 2976 5089 Domine
3003 5034 3154 5089 Deus
3183 5031 3478 5097 virtutem,
3513 5039 3882 5091 convertere:

2224 5141 2384 5180 nunc
2414 5125 2640 5196 respice
2669 5125 2743 5179 de
2765 5122 2936 5193 caelo,
2995 5126 3051 5178 et
3093 5122 3244 5187 vide,
3301 5126 3358 5177 et
3414 5122 3586 5177 visita
3632 5120 3882 5182 vineam

2224 5219 2408 5270 tuam.
2434 5214 2493 5268 P.
2525 5215 2736 5279 Quam.
2770 5211 2830 5272 1V.
2865 5212 3080 5268 Gloria.
3119 5212 3465 5268 Reiteretur.
3494 5222 3557 5280 Βι.

2822 5302 2891 5356 In
2939 5302 3264 5358 Laudibus.

2294 5391 2654 5460 Antiphona.
2681 5389 2948 5445 Miserere
2980 5393 3094 5446 mei
3166 5390 3340 5454 Deus,
3375 5390 3705 5445 secundum
3742 5407 3879 5449 ma-

2223 5495 2407 5550 gnam
2439 5479 2910 5535 misericordiam
2946 5486 3129 5535 tuam.
3159 5480 3433 5535 Psalmus
3460 5495 3512 5536 L.

2295 5569 2510 5626 Oratio.
2546 5567 2809 5624 Miserere
2830 5568 3076 5624 Domine
3099 5567 3326 5624 miseris
3343 5587 3354 5626 :
3371 5571 3428 5624 et
3449 5567 3871 5640 quianostram
