4160 6460
479 283 582 338 267

479 491 628 547 inter
663 486 868 544 omnia
912 482 1260 548 animantia,
1319 487 1376 558 et
1415 483 1640 539 bestias
1696 487 1894 539 terrae:
1939 493 2121 551 super

477 582 684 652 pectus
709 581 879 633 tuum
918 573 1226 643 gradieris,
1259 569 1326 630 et’
1337 577 1555 629 terram
1581 571 1858 628 comedes
1893 567 2118 624 cunctis

477 667 692 724 diebus
721 664 854 720 vita:
871 667 1010 720 tuae.
1037 662 1372 719 Inimicitias
1397 677 1619 733 ponam
1641 661 1791 716 inter
1820 664 1874 714 te
1905 663 1959 713 et
1990 672 2120 711 mu-

473 755 697 818 lierem,
729 756 787 808 et
814 765 1018 807 semen
1040 755 1206 805 tuum
1251 756 1306 806 et
1351 765 1554 805 semen
1600 747 1922 818 ejus:tpsa
1979 759 2116 800 con-

476 847 622 900 teret
647 845 826 913 caput
853 844 1040 904 tuum,
1071 843 1126 894 et
1157 838 1613 894 tuinsidiaberis
1635 838 1916 892 calcaneo
1949 834 2103 904 ejus.

475 930 698 987 Mulieri
719 944 958 1000 quoque
979 926 1126 982 dixit
1150 948 1162 981 :
1190 926 1586 997 Multiplicabo
1606 939 1908 981 aerumnas
1960 927 2110 985 tuas,

477 1024 534 1075 et
555 1023 879 1084 conceptus
895 1021 1025 1071 tuos
1051 1033 1062 1070 :
1086 1016 1148 1070 in
1173 1016 1377 1071 dolore
1404 1014 1598 1086 paries
1620 1014 1856 1068 filioszet
1879 1011 1990 1066 sub
2006 1009 2112 1064 viri

474 1111 762 1179 potestate
792 1105 924 1172 eris,
954 1110 1009 1160 et
1037 1105 1162 1175 ipse
1192 1103 1602 1159 dominabitur
1633 1103 1732 1157 tui.
1773 1100 1913 1156 Adae
1971 1113 2109 1153 vero

473 1195 618 1251 dixit
641 1213 653 1250 :
680 1193 828 1258 Quia
848 1192 1064 1248 audisti
1086 1208 1293 1247 vocem
1319 1192 1515 1247 uxoris
1539 1196 1672 1254 tuae,
1701 1193 1757 1245 et
1804 1185 2112 1242 comedisti

471 1284 545 1338 de
569 1282 749 1351 ligno,
782 1297 855 1336 ex
878 1297 1000 1352 quo
1020 1295 1420 1351 prmceperam
1468 1278 1591 1345 tibi,
1633 1294 1707 1332 ne
1742 1276 2109 1340 comederes,

478 1370 646 1442 143
673 1369 981 1424 maledicta
1029 1366 1261 1423 terrain
1318 1382 1495 1438 opere
1545 1365 1764 1420 tuozin
1803 1363 2110 1419 laboribus

467 1457 745 1514 comedes
775 1472 843 1510 ex
865 1471 936 1510 ea
956 1457 1185 1510 cunctis
1212 1453 1427 1509 diebus
1471 1454 1604 1509 vitae
1629 1458 1743 1510 tuae
1774 1469 1784 1506 :
1815 1451 2018 1523 spinas
2057 1454 2111 1505 et

466 1545 710 1602 tribulos
728 1544 1086 1614 germinabit
1108 1543 1229 1606 tibi,
1259 1548 1315 1598 et
1337 1542 1616 1598 comedes
1653 1541 1871 1595 herbas
1893 1544 2062 1594 terrae
2091 1556 2104 1594 :

462 1635 523 1692 in
547 1634 763 1690 sudore
783 1633 977 1689 vultus
1007 1633 1090 1688 tui
1105 1633 1360 1688 vesceris
1384 1648 1559 1704 pane,
1587 1631 1776 1686 donec
1800 1627 2107 1684 revertaris

1715 264 2170 324 BKEVIARIUM
2207 264 2600 328 GOTHICUM.

482 404 638 459 Deus
668 399 748 457 ad
766 398 1130 470 serpentem:
1153 393 1304 460 Quia
1321 393 1503 451 fecisti
1523 395 1661 463 hoc,
1678 392 2030 461 maledictus
2058 405 2121 446 es
2149 389 2196 444 A

3779 277 3904 332 268

2828 397 2928 453 Ad
2991 398 3269 454 Tertiam.

2297 479 2769 550 Prophelia.Fili,
2799 487 2878 540 Ne
2899 483 3265 542 obliviscaris
3280 483 3431 554 legis
3455 499 3628 542 meae.
3663 485 3755 554 Qu
3767 502 3901 545 are

2222 565 2334 633 fol.
2355 569 2441 626 40.

2541 659 2738 715 Lectio
2771 659 2912 715 libri
2958 649 3193 718 Genesis
3251 662 3419 734 (Cap.
3449 662 3548 732 iv).

2295 755 2361 811 Bz.
2394 745 2511 800 Deo
2534 748 2777 814 gratias.

2296 834 2357 885 In
2390 831 2500 888 illis
2527 835 2738 891 diebus
2766 857 2777 894 :
2803 837 2997 892 Adam
3040 840 3319 907 cognovit
3354 841 3574 896 Hevam
3618 856 3891 900 uxorem

2225 935 2397 975 suam
2419 938 2431 976 :
2456 938 2589 993 quae
2639 926 2910 996 concepit
2949 931 3002 980 et
3024 926 3251 997 peperit
3283 928 3444 995 Cain,
3471 928 3886 986 dicenszPos-

2223 1007 2655 1064 sedinominem
2674 1027 2778 1083 per
2791 1012 3495 1086 Dominum.Rursumque
3516 1017 3744 1088 peperit
3762 1018 3890 1076 fra-

2223 1098 2367 1149 trem
2392 1097 2439 1167 ej
2451 1114 2516 1152 us
2537 1098 2833 1154 Abel.Fuit
2853 1105 3055 1156 autem
3068 1101 3214 1158 Abel
3234 1108 3518 1174 pastor,et
3542 1103 3689 1162 Cain
3711 1106 3888 1177 agri-

2221 1183 2368 1239 cola.
2404 1187 2643 1241 Factum
2669 1192 2755 1243 est
2774 1194 2974 1246 autem
2996 1193 3129 1261 post
3151 1191 3370 1247 multos
3398 1192 3524 1248 dies
3547 1198 3613 1250 ut
3638 1194 3893 1253 oﬂerret

2223 1270 2364 1326 Cain
2395 1273 2468 1327 de
2491 1273 2774 1330 fructibus
2799 1281 2964 1334 terrae
2990 1295 3237 1335 munera
3265 1280 3535 1336 Domino.
3553 1281 3703 1338 Abel
3727 1300 3891 1357 quo-

2220 1375 2336 1430 que
2353 1360 2562 1418 obtulit
2575 1363 2646 1418 de
2664 1365 3074 1436 primogenitis
3098 1367 3293 1440 gregis
3318 1368 3575 1438 sui,etde
3589 1371 3890 1444 adipibus

2221 1463 2458 1507 eorum:
2486 1455 2543 1506 et
2591 1454 2844 1523 respexit
2883 1455 3169 1510 Dominus
3212 1456 3288 1511 ad
3329 1456 3494 1524 Abel,
3537 1465 3594 1514 et
3631 1459 3707 1515 ad
3741 1478 3889 1517 mu-

2218 1551 2362 1591 nera
2382 1538 2534 1608 ejus.
2565 1540 2654 1594 Ad
2678 1540 2819 1596 Cain
2865 1559 3028 1610 vero,
3071 1549 3125 1599 et
3146 1543 3222 1598 ad
3255 1561 3503 1602 munera
3553 1546 3711 1602 illius
3741 1566 3879 1606 non

2216 1625 2478 1694 respexit
2502 1645 2513 1681 :
2540 1627 2842 1699 iratusque
2866 1631 3109 1686 estCain
3123 1631 3518 1700 vehementer,
3535 1637 3592 1691 et
3608 1638 3884 1695 concidit

460 1724 521 1780 in
544 1729 762 1779 terram
813 1722 887 1777 de
916 1738 1040 1793 qua
1091 1727 1366 1792 sumptus
1389 1737 1451 1775 es
1477 1737 1487 1775 :
1510 1720 1652 1792 quia
1699 1718 1891 1790 pulvis
1931 1735 2011 1785 es,
2054 1719 2109 1771 et
2137 1729 2180 1784 Β
2217 1709 2412 1766 vultus
2434 1715 2580 1784 ejus.
2623 1717 2893 1788 Dixitque
2927 1718 3216 1775 Dominus
3236 1719 3315 1774 ad
3341 1736 3480 1776 eum
3505 1738 3517 1777 :
3543 1723 3737 1787 Quare
3756 1725 3882 1783 ira-

457 1812 837 1884 inpulverem
851 1811 1248 1865 reverteris.Et
1264 1808 1499 1864 vocavit
1514 1808 1705 1862 Adam
1723 1822 1945 1862 nomen
1967 1822 2106 1861 uxo-

459 1903 540 1956 ris
559 1916 705 1967 suaa,
733 1899 1054 1956 lIevamzeo
1079 1900 1240 1970 quod
1261 1903 1451 1953 mater
1472 1901 1624 1952 esset
1649 1900 2002 1951 cunctorum
2025 1895 2108 1949 vi-

456 1991 738 2046 ventium.
782 1986 934 2042 Fecit
959 2002 1195 2058 quoque
1217 1985 1497 2042 Dominus
1523 1985 1678 2039 Deus
1707 1984 1848 2038 Adae
1862 1988 1918 2039 et
1937 1983 2105 2038 uxori

457 2078 588 2148 ejus
616 2075 845 2132 tunicas
898 2074 1196 2146 pelliceas,
1249 2079 1305 2129 et
1328 2073 1521 2129 induit
1577 2076 1795 2129 eoszet
1820 2071 2103 2129 ait:Ecce

454 2164 649 2220 Adam
669 2163 860 2220 factus
876 2169 964 2218 est
985 2162 1159 2234 quasi
1178 2178 1334 2217 unus
1354 2177 1425 2217 ex
1440 2161 1635 2228 nobis,
1658 2160 1849 2215 sciens
1872 2159 2100 2216 bonum

457 2257 515 2309 et
538 2251 764 2308 malum
791 2267 802 2306 :
836 2266 996 2306 nunc
1012 2265 1154 2320 ergo
1176 2266 1250 2306 ne
1271 2250 1419 2306 forte
1436 2251 1628 2306 mittat
1643 2265 1891 2305 manum
1905 2265 2095 2321 suam,

455 2346 512 2397 et
534 2338 928 2396 sumatetiam
953 2339 1028 2394 de
1053 2338 1216 2408 ligno
1237 2339 1389 2401 vitae,
1417 2343 1472 2394 et
1500 2338 1793 2400 comedat,
1842 2341 1898 2392 et
1947 2337 2101 2392 vivat

451 2429 514 2486 in
535 2433 846 2484 aeternum.
876 2426 1078 2482 Emisit
1103 2442 1241 2481 eum
1268 2427 1546 2481 Dominus
1577 2426 1651 2480 de
1681 2424 1962 2497 paradiso
1998 2441 2098 2482 vo-

449 2515 714 2587 luptatis,
745 2519 808 2572 ut
850 2519 1193 2586 operaretur
1247 2517 1488 2583 terram,
1535 2514 1612 2569 de
1659 2529 1784 2584 qua
1823 2519 2095 2585 sumptus

449 2608 554 2660 est.
613 2603 911 2674 Ejecitque
964 2603 1270 2659 Adamzet
1291 2601 1607 2659 collocavit
1658 2605 1795 2657 ante
1860 2602 2095 2674 paradi-

447 2708 582 2749 sum
610 2691 934 2763 voluptatis
963 2691 1292 2757 cherubim,
1325 2697 1382 2747 et
1419 2691 1772 2746 ﬂammeum
1825 2690 2092 2759 gladium

444 2782 623 2850 atque
647 2779 1087 2846 versatilem,ad
1099 2779 1548 2836 custodiendam
1563 2779 1726 2835 viam
1757 2778 1901 2850 ligni
1923 2779 2081 2834 vitae.

443 2870 802 3025 “OQ/1:33:43.
847 2955 1364 3029 Fulgentisauctor
1385 2955 1639 3023 aetheris,
1694 2959 1808 3012 etc.
1887 2955 2090 3022 Quaere

2216 1804 2308 1854 tus
2335 1801 2438 1855 es?
2459 1809 2635 1857 etcur
2667 1805 2928 1861 concidit
2953 1805 3134 1862 facies
3185 1812 3283 1864 tua
3301 1808 3328 1861 ἱ)
3353 1811 3560 1865 Nonne
3605 1809 3658 1865 si
3710 1812 3880 1871 bene

2216 1889 2758 1963 egeris,recipies:si
2777 1899 2977 1949 autem
2991 1895 3370 1961 male,statim
3394 1896 3453 1952 in
3477 1896 3707 1954 foribus
3731 1917 3882 1973 pec-

2215 1982 2414 2032 catum
2436 1984 2607 2035 tuum
2627 1981 2841 2036 aderit?
2863 1982 2967 2038 sed
2985 1982 3096 2038 sub
3120 1988 3172 2038 te
3195 1984 3303 2040 erit
3319 1986 3618 2057 appetitus
3634 1989 3788 2059 ejus,
3810 1996 3880 2048 et

2213 2069 2275 2120 tu
2301 2065 2708 2123 dominaberis
2722 2069 2897 2126 illius.
2916 2070 3187 2144 Dixitque
3202 2073 3341 2128 Cain
3360 2075 3437 2130 ad
3457 2075 3607 2131 Abel
3621 2075 3877 2136 fratrem

2212 2171 2388 2210 suum
2415 2173 2426 2210 :
2449 2155 3026 2225 Egrediamurforas.
3063 2163 3330 2233 Cumque
3370 2169 3566 2222 essent
3592 2165 3655 2220 in
3693 2182 3871 2238 agro,

2211 2247 2580 2302 consurrexit
2611 2248 2748 2303 Cain
2778 2250 3063 2305 adversus
3093 2251 3237 2306 Abel
3256 2251 3501 2308 fratrem
3544 2272 3721 2311 suum
3758 2269 3774 2317 :
3808 2262 3875 2314 et

2209 2331 2490 2389 interfecit
2520 2351 2676 2390 eum.
2722 2339 2788 2392 Et
2841 2337 2920 2394 ait
2951 2339 3234 2394 Dominus
3289 2341 3367 2396 ad
3393 2342 3572 2398 Cain:
3604 2344 3711 2400 Ubi
3773 2349 3873 2404 est

2206 2421 2351 2477 Abel
2381 2423 2562 2479 frater
2580 2426 2746 2479 tuus?
2771 2427 2879 2491 Qui
2915 2427 3256 2499 respondit:
3290 2431 3495 2487 Nescio
3518 2449 3528 2486 :
3550 2435 3864 2507 Numquid

2206 2511 2611 2566 custosfratris
2625 2513 2739 2568 mei
2763 2530 2898 2569 sum
2919 2531 3031 2585 ego
3047 2517 3074 2570 ‘I
3102 2516 3376 2590 Dixitque
3398 2519 3475 2575 ad
3502 2536 3641 2577 eum
3667 2537 3677 2576 :
3699 2522 3860 2587 Quid

2204 2596 2439 2654 fecisti?
2463 2617 2577 2654 vox
2604 2603 2911 2671 sanguinis
2937 2603 3132 2659 fratris
3162 2605 3244 2660 tui
3287 2605 3506 2665 clamat
3535 2607 3612 2666 ad
3653 2627 3750 2666 me
3779 2611 3862 2668 de

2203 2691 2372 2744 terra.
2401 2690 2764 2759 Nuncigitur
2824 2692 3178 2749 maledictus
3206 2695 3321 2751 eris
3373 2713 3552 2770 super
3607 2704 3854 2766 terram,

2201 2792 2335 2848 quae
2363 2779 2593 2848 aperuit
2623 2795 2689 2835 os
2706 2785 2966 2850 suum,et
2997 2784 3255 2855 suscepit
3285 2786 3640 2856 sanguinem
3654 2788 3859 2847 fratris

2199 2864 2373 2920 tuide
2402 2882 2586 2922 manu
2619 2869 2893 2926 tua.Cum
2921 2875 3200 2942 operatus
3222 2873 3399 2929 fueris
3429 2890 3583 2940 eam,
3609 2891 3731 2932 non
3746 2878 3858 2936 da-

2199 2951 2284 3008 bit
2307 2952 2529 3009 fructus
2541 2959 2904 3027 suos.Vagus
2918 2959 3273 3031 etprofugus
3295 2961 3408 3017 eris
3425 2979 3599 3034 super
3624 2967 3855 3022 terram

435 3043 544 3110 fol.
567 3047 654 3099 96.
687 3046 921 3102 Preces.
951 3047 1220 3110 Oremus,
1247 3050 1311 3100 ut
1339 3060 1451 3100 nos
1471 3047 1848 3100 sacrosancto
1858 3041 2089 3113 jejunio
2121 3074 2162 3131 ρ
2198 3042 2477 3096 omnibus
2497 3043 2708 3099 diebus
2736 3046 2866 3101 vitae
2890 3051 3024 3102 tum.
3051 3048 3322 3121 Dixitque
3363 3053 3505 3107 Cain
3521 3051 3599 3107 ad
3641 3053 3854 3108 Domi-

439 3133 706 3202 tempore
726 3132 1489 3204 Quadragesimmﬂequire
1519 3133 1580 3187 in
1600 3133 1814 3201 primis
1893 3131 2089 3200 Vespe-

437 3220 522 3275 ris
560 3220 632 3276 de
657 3221 964 3278 Dominico
989 3222 1184 3291 primo
1214 3221 1715 3290 Quadragesimw.

507 3324 801 3395 Capitula.
827 3328 946 3380 Rex
965 3331 1166 3382 noster
1177 3330 1234 3382 et
1257 3328 1410 3381 Deus
1431 3332 1635 3381 noster
1654 3324 1881 3397 depelle
1913 3341 1948 3382 a
1962 3341 2084 3382 cor-

432 3411 610 3468 dibus
629 3413 848 3469 nostris
865 3415 1076 3470 erroris
1097 3420 1154 3470 et
1168 3413 1518 3484 ignorantiae
1536 3419 1771 3470 noctem
1803 3431 1815 3466 :
1837 3418 1900 3469 ut
1913 3430 2083 3471 reno-

431 3501 628 3558 vando
655 3517 766 3558 nos
784 3503 847 3556 in
867 3517 1090 3558 novum
1117 3501 1630 3568 hominem,mane
1645 3508 1879 3558 nostras
1900 3519 2080 3559 exau-

430 3587 564 3645 dias
581 3605 792 3645 voces:
823 3589 914 3646 fac
938 3606 1048 3646 nos
1068 3590 1130 3645 in
1155 3590 1329 3645 bonis
1379 3590 1661 3662 operibus
1684 3590 1788 3646 tibi
1841 3591 2075 3648 adstare

426 3675 899 3748 diluculo;etad
917 3677 1448 3750 contemplandum
1466 3683 1518 3735 te
1565 3679 1739 3735 nobis
1787 3695 2076 3737 resurrec-

426 3763 602 3821 tionis
630 3769 746 3821 tute
786 3765 978 3822 tribue
1017 3771 1481 3823 sacramentum.

496 3853 671 3910 Pater
699 3859 928 3911 noster.
969 3855 1053 3911 Et.

491 3959 724 4016 Lauda.
754 3961 991 4016 Initium
1010 3961 1314 4034 sapientiae
1331 3962 1504 4018 timor
1529 3962 1782 4018 Domini.
1817 3964 2071 4020 P.1ntel-

417 4046 603 4104 lectus
648 4049 845 4105 bonus
888 4049 1241 4106 facientibus
1296 4051 1553 4113 eumzv.
1603 4051 1890 4108 Laudatio
1940 4053 2068 4122 ejus

417 4141 620 4194 manet
669 4139 731 4194 in
751 4138 1038 4194 seeculum
1076 4139 1292 4194 saeculi.
1338 4141 1400 4194 P.
1457 4141 1788 4197 Intellectus
1831 4142 2054 4197 bonus.

415 4217 476 4286 ῒ.
505 4226 714 4297 Gloria,
747 4228 1015 4283 ethonor
1043 4227 1218 4294 Patri,
1254 4232 1360 4285 etc.
1390 4229 1448 4286 P.
1487 4229 1816 4286 Intellectus
1837 4230 2062 4287 bonus.

487 4332 1402 4400 Oratio.Misericors.Domine,tu
1424 4335 1786 4407 principium
1805 4351 1866 4391 es
1889 4336 2063 4391 timo-

409 4420 489 4477 ris
521 4425 576 4476 et
602 4421 926 4492 sapientiae,
957 4422 1017 4477 in
1044 4423 1156 4478 isto
1189 4439 1298 4478 nos
1328 4440 1468 4495 ergo
1504 4427 1746 4495 instrue,
1783 4429 1840 4479 et
1865 4424 1925 4478 in
1959 4424 2060 4480 illo
2093 4423 2139 4478 D

410 4513 600 4566 statue
625 4525 681 4566 :a
701 4511 907 4567 timore
925 4528 1036 4567 nos
1052 4511 1352 4579 inchoa,et
1369 4513 1673 4586 sapientiae
1699 4512 2058 4586 perfectione

408 4614 784 4656 consumma.
817 4611 878 4672 131.
921 4603 1133 4658 Amen.

473 4691 579 4745 Per
618 4689 1088 4747 misericordiam
1117 4695 1301 4748 tuam.

470 4795 610 4852 Alia
637 4795 863 4854 Lauda.
895 4796 1436 4866 Utinam,Domine,
1465 4796 1800 4866 dirigantur
1821 4797 1893 4851 P.
1933 4796 2049 4852 Viae

397 4887 614 4940 nostrae
631 4884 708 4941 ad
729 4884 1146 4942 custodiendas
1165 4885 1618 4957 justiﬁcationes
1643 4881 1863 4943 tualeI.
1889 4885 2048 4940 Tunc

395 4987 521 5028 non
548 4972 899 5040 confundar,
921 4974 1070 5030 dum
1109 4975 1365 5047 respicio
1404 4973 1465 5029 in
1512 4974 1717 5030 omnia
1762 4972 2048 5029 mandata

397 5061 1316 5133 tua.P.Viaenostris.v.Gloria,et
1337 5062 1546 5120 honor.
1579 5065 1640 5117 P.
1669 5062 1782 5117 Viae
1799 5065 2037 5117 nostrae.

464 5167 686 5224 Oratio.
718 5169 1055 5241 Dirigantur
1083 5171 1194 5226 VltB
1221 5169 1738 5240 nostrw,Domine,
1755 5167 1832 5224 ad
1848 5174 2041 5225 custo-

389 5255 640 5314 diendas
656 5258 1110 5327 justiﬁcationes
1135 5263 1265 5314 tuas
1291 5274 1302 5313 :
1331 5263 1404 5320 et,
1441 5257 1544 5328 qui
1576 5257 1723 5328 legis
1772 5262 1886 5312 tua:
1911 5258 2038 5314 niti-

389 5362 524 5402 mur
545 5348 901 5418 perscrutari
951 5352 1194 5411 secreta,
1230 5350 1325 5402 tua
1357 5361 1599 5417 quoque
1634 5347 2035 5417 perducamur

385 5433 464 5490 ad
495 5436 760 5506 praemia.
790 5447 854 5506 13;.
892 5439 1099 5491 Amen.

453 5524 564 5581 Per
600 5523 1074 5582 misericordiam
1106 5527 1296 5580 tuam.

2197 3131 2552 3201 nuszajor
2573 3137 2661 3187 est
2682 3132 2965 3204 iniquitas
2988 3151 3140 3200 mea,
3169 3154 3355 3208 quam
3388 3142 3451 3194 ut
3475 3141 3711 3196 veniam
3725 3157 3855 3197 me-

2196 3232 2347 3272 rear.
2381 3217 2527 3274 Ecce
2551 3220 2748 3290 ejicies
2766 3238 2861 3277 me
2882 3222 3060 3279 hodie
3090 3240 3126 3280 a
3150 3224 3296 3280 facie
3315 3229 3503 3291 terrae,
3548 3232 3602 3284 et
3631 3244 3667 3284 a
3691 3228 3850 3287 facie

2194 3309 2295 3362 tua
2319 3307 2679 3380 abscondar,
2712 3314 2768 3366 et
2789 3327 2887 3366 ero
2927 3328 3118 3383 vagus
3152 3318 3207 3368 et
3242 3313 3530 3384 profugus
3558 3315 3618 3369 in
3649 3326 3844 3376 terra:

2193 3395 2386 3449 omnis
2419 3396 2594 3466 igitur
2621 3397 2723 3470 qui
2753 3399 3040 3456 invenerit
3069 3400 3841 3478 me,occidetme.Dixitque

2191 3483 2242 3538 ei
2263 3483 2416 3538 Deus
2439 3502 2449 3539 :
2475 3489 2867 3559 Nequaquam
2892 3487 2972 3543 ita
3003 3487 3101 3543 ﬁet
3129 3504 3142 3542 :
3175 3487 3280 3543 sed
3312 3489 3507 3544 omnis
3533 3493 3638 3562 qui
3683 3497 3843 3552 occi-

2187 3568 2339 3626 derit
2365 3572 2873 3646 Cain,septuplum
2891 3575 3182 3646 punietur.
3207 3573 3524 3649 Posuitque
3544 3581 3839 3640 Dominus

2187 3657 2248 3715 in
2275 3660 2420 3716 Cain
2446 3663 2777 3733 signum,ut
2800 3678 2921 3718 non
2938 3661 3288 3718 interﬁceret
3317 3680 3457 3720 eum
3482 3669 3682 3724 omnis
3729 3674 3839 3745 qui

2184 3746 2511 3805 invenisset
2545 3767 2702 3806 eum.
2736 3751 3136 3822 Egressusque
3158 3750 3302 3806 Cain
3327 3767 3362 3807 a
3397 3751 3544 3810 facie
3569 3756 3833 3830 Domini,

2183 3833 2472 3894 habitavit
2500 3837 2786 3910 profugus
2810 3837 2869 3891 in
2898 3841 3056 3894 terra
3087 3836 3165 3892 ad
3194 3838 3543 3897 orientalem
3584 3843 3835 3916 plagam

2183 3922 2656 3997 Eden.Cognovit
2677 3931 2876 3982 autem
2903 3926 3046 3982 Cain
3069 3943 3317 3984 uxorem
3332 3946 3670 4003 suam,quae
3693 3950 3838 3992 con-

2182 4016 2354 4086 cepit,
2385 4015 2682 4089 etpeperit
2705 4015 2945 4071 Henoch
2967 4021 3043 4072 :et
3070 4016 3385 4075 aediﬁcavit
3409 4020 3726 4090 civitatem,
3771 4031 3831 4084 et

2179 4104 2410 4160 vocavit
2432 4121 2651 4160 nomen
2706 4105 2834 4175 ejus
2862 4120 2933 4159 ex
2963 4106 3205 4161 nomine
3249 4107 3352 4163 ﬂlii
3405 4110 3496 4164 sui
3548 4112 3816 4170 Henoch.

2178 4195 2356 4249 Porro
2381 4193 2618 4249 Henoch
2649 4194 2849 4262 genuit
2878 4195 3030 4266 Irad,
3064 4200 3122 4250 et
3153 4195 3285 4253 Irad
3311 4198 3516 4265 genuit
3560 4200 3822 4269 Maviael,

2174 4285 2230 4336 et
2285 4281 2531 4336 Maviael
2570 4283 2771 4352 genuit
2805 4283 3144 4350 Mathusael,
3172 4289 3227 4340 et
3261 4283 3432 4359 144
3491 4289 3820 4347 Mathusael

2174 4370 2375 4439 genuit
2413 4370 2688 4426 Lamech.
2714 4371 2825 4436 Qui
2868 4372 3091 4443 accepit
3129 4371 3279 4429 duas
3313 4390 3545 4442 uxores,
3592 4391 3818 4436 nomen

2170 4457 2275 4513 uni
2306 4457 2446 4524 Ada,
2484 4465 2539 4514 et
2566 4474 2788 4514 nomen
2819 4459 2984 4516 alteri
3015 4460 3525 4537 Sella.Genuitque
3549 4466 3678 4523 Ada
3725 4465 3822 4526 Ja-

2166 4545 2284 4615 bel,
2312 4548 2415 4620 qui
2438 4547 2546 4602 fuit
2570 4554 2737 4620 pater
2755 4547 3150 4605 habitantium
3188 4551 3251 4606 in
3309 4552 3593 4622 tentoriis,
3635 4559 3818 4628 atque

2165 4641 2496 4709 pastorum.
2530 4637 2595 4692 Et
2626 4652 2845 4693 nomen
2901 4637 3092 4695 fratris
3117 4639 3242 4712 ejus
3289 4641 3465 4697 Jubal
3497 4642 3663 4714 :ipse
3706 4643 3820 4704 fuit

2163 4730 2332 4796 pater
2352 4723 2694 4782 canentium
2721 4727 2947 4782 cithara
2972 4731 3029 4783 et
3062 4743 3312 4798 organo.
3363 4728 3519 4788 Sella
3573 4747 3815 4806 quoque

2162 4813 2367 4883 genuit
2404 4813 2746 4880 Tubalcain,
2780 4815 2883 4887 qui
2915 4814 3023 4872 fuit
3074 4815 3388 4874 malleator
3439 4823 3494 4874 et
3518 4817 3687 4875 faber
3745 4821 3808 4877 in

2159 4908 2375 4958 cuncta
2404 4919 2588 4976 opera
2611 4903 2741 4958 aeris
2764 4908 2817 4960 et
2860 4903 3016 4960 ferri.
3060 4906 3236 4962 Soror
3286 4921 3427 4962 vero
3478 4905 3812 4966 Tubalcain

2158 4992 2399 5048 Noema.
2448 4993 2715 5065 Dixitque
2774 4994 3029 5050 Lamech
3075 4995 3362 5051 uxoribus
3401 4994 3523 5050 suis
3562 4993 3705 5051 Adze
3745 5002 3803 5055 et

2159 5079 2359 5136 Sellae:
2391 5080 2603 5137 Audite
2651 5098 2862 5138 vocem
2888 5099 3089 5139 meam
3139 5099 3351 5139 uxores
3384 5083 3657 5150 Lamech,
3703 5100 3810 5141 au-

2153 5168 2398 5226 scultate
2427 5185 2767 5227 sermonem
2781 5171 3300 5244 meum:quoniam
3317 5169 3508 5226 occidi
3527 5171 3721 5227 virum
3745 5173 3810 5231 in

2150 5257 2367 5314 vulnus
2390 5263 2675 5329 meum,et
2700 5247 3218 5316 adolescentulum
3230 5260 3291 5314 in
3310 5258 3558 5314 livorem
3572 5275 3804 5317 meum.

2151 5347 2500 5419 Septuplum
2532 5345 2676 5402 ultio
2706 5347 2946 5404 dabitur
2978 5348 3052 5404 de
3073 5348 3248 5406 Cain;
3279 5347 3352 5402 de
3373 5347 3632 5405 Lamech
3662 5365 3805 5408 vero

2148 5436 2487 5506 septuagies
2518 5434 3051 5506 septies.Cognovit
3088 5451 3329 5509 quoque
3375 5436 3576 5494 adhuc
3605 5438 3800 5496 Adam

2147 5539 2397 5582 uxorem
2426 5529 2678 5582 suamzet
2703 5525 2931 5598 peperit
2949 5525 3158 5592 tilium,
3186 5525 3544 5600 vocavitque
3573 5542 3800 5589 nomen
