4160 6434
271 277 382 332 269
1457 277 1808 334 DOMINICA
1850 276 1871 330 Ι
1914 274 2518 342 QUADRAGESIM/E.
3589 293 3695 350 270

276 402 411 470 ejus
440 400 599 461 Seth,
632 397 835 454 dicens
870 416 881 454 :
912 400 1115 456 Posuit
1161 402 1303 458 mihi
1336 403 1488 459 Deus
1522 418 1728 458 semen
1777 401 1938 456 aliud
1968 397 2015 454 A

272 505 378 561 pro
412 488 576 553 Abel,
614 503 795 560 quem
828 489 1041 544 occidit
1064 492 1223 546 Cain.
1260 493 1371 546 Sed
1400 497 1455 548 et
1477 492 1614 546 Seth
1645 495 1820 546 natus
1853 494 1939 545 est

274 578 457 640 ﬁlius,
491 593 677 648 quem
707 579 939 634 vocavit
961 583 1114 634 Enos
1144 597 1156 635 :
1191 581 1301 636 iste
1332 581 1510 651 coepit
1529 580 1808 637 invocare
1831 594 1936 635 no-

273 683 421 723 men
462 667 720 723 Domini.
757 679 822 735 11v.
864 668 1076 724 Amen.

347 756 722 825 Antiphone.
757 755 808 810 ί1.
835 756 1202 814 Desiderium
1224 774 1561 832 pauperum
1588 757 1805 814 exaudi
1830 758 1938 813 Do-

275 840 506 900 minus.
538 844 808 900 Psalmus
833 861 904 900 1x.

354 934 587 990 Oratio.
621 932 824 990 Exalta
852 949 962 990 nos
995 935 1245 992 Domine
1275 935 1349 992 de
1398 936 1582 1009 portis
1620 935 1852 1007 mortis,
1875 938 1940 990 ut

274 1024 492 1080 laudes
505 1025 637 1079 tuas
650 1023 708 1078 in
727 1023 910 1094 portis
924 1023 1065 1078 ﬁlice
1080 1025 1216 1080 Sion
1231 1025 1584 1082 adnuntiare
1597 1025 1902 1099 possimus
1921 1042 1935 1080 :

276 1112 423 1168 llluc
455 1127 570 1168 nos
599 1112 910 1183 pertrahe;
945 1116 1000 1167 et
1024 1113 1162 1168 inde
1193 1129 1304 1168 nos
1328 1129 1570 1170 remove
1602 1131 1614 1170 :
1642 1117 1708 1169 ut
1731 1111 1810 1168 ad
1835 1127 1938 1167 su-

276 1216 537 1272 pernam
548 1199 1163 1269 voluntatem,muntis
1177 1206 1393 1258 nostrae
1409 1219 1471 1258 se
1486 1202 1690 1258 tendat
1701 1200 1935 1265 erectio,

277 1295 335 1346 et
358 1289 744 1345 tenebrarum
758 1305 960 1361 opera,
982 1290 1388 1347 conversionis
1405 1295 1623 1348 nostrae
1639 1289 1938 1361 relinquat

275 1379 552 1434 intentio.
578 1389 641 1448 Βρ.
672 1382 879 1434 Amen.

352 1469 466 1523 Per
498 1467 976 1524 misericordiam
1005 1473 1187 1540 tuam,
1232 1472 1338 1525 etc.

352 1556 712 1625 Antiphona
728 1561 781 1612 2.
797 1558 999 1612 Justus
1014 1557 1302 1613 Dominus
1322 1560 1378 1612 et
1386 1558 1406 1628 j
1420 1555 1686 1613 ustitiam
1701 1555 1939 1611 dilexit:

281 1645 632 1718 aequitatem
659 1644 818 1700 videt
847 1644 1044 1699 vultus
1075 1644 1219 1716 ejus.
1248 1645 1467 1700 Psalm.
1497 1663 1551 1699 Χ,

361 1732 591 1789 Oratio.
624 1735 826 1788 Justus
848 1748 910 1787 es
926 1731 1198 1802 Domine,
1222 1733 1585 1803 etjustitiam
1612 1730 1833 1802 diligis,
1863 1734 1946 1787 at-
1979 1742 2024 1803 Β

283 1837 406 1894 que
434 1821 654 1893 aspicis
681 1821 1025 1893 aequitatem
1059 1839 1072 1877 :
1107 1821 1187 1878 da
1213 1821 1390 1877 nobis
1428 1825 1563 1878 ante
1594 1821 1801 1877 oculos
1842 1819 1946 1876 tibi

284 1911 510 1983 placita
541 1914 597 1966 et
620 1910 912 1982 placitura
937 1910 1254 1981 perﬁcere;
1285 1915 1341 1966 et
1367 1926 1602 1982 semper
1617 1909 1802 1980 digna
1830 1913 1946 1966 tuae

276 2000 527 2071 justitiae
575 2003 752 2070 atque
796 1997 1091 2070 aequitatis
1140 2015 1322 2072 opera
1370 2014 1816 2056 consummare.
1881 2009 1944 2066 nr.

289 2094 502 2144 Amen.

366 2177 482 2232 Per
510 2175 992 2232 misericordiam
1021 2181 1206 2232 tuam.

364 2264 710 2334 Antiphona
744 2268 793 2319 3.
827 2267 909 2320 Tu
932 2266 1179 2320 Domine
1210 2262 1472 2320 servabis
1489 2279 1600 2319 nos
1634 2281 1646 2319 :
1679 2265 1734 2319 et
1754 2265 1949 2320 custo-

298 2353 432 2409 dies
460 2368 574 2408 nos
601 2355 637 2408 a
677 2352 1074 2421 generatione,
1106 2353 1166 2407 in
1192 2351 1496 2424 progenie.
1519 2352 1786 2408 Psalmus
1805 2367 1878 2407 x1.

359 2454 424 2511 Βι.
463 2443 893 2497 Convertamur
945 2441 1023 2496 ad
1067 2441 1391 2497 Dominum
1424 2440 1612 2496 Deum
1651 2444 1944 2496 nostrum.

281 2531 348 2585 P.
373 2530 673 2595 Quoniam
697 2529 994 2600 benignus
1015 2546 1082 2585 ac
1105 2530 1261 2585 mitis
1284 2534 1370 2585 est
1391 2529 1468 2585 ad
1490 2528 1946 2600 ignoscendum.

281 2620 347 2680 ἴ.
370 2619 573 2674 Venite
600 2619 930 2674 exultemus
954 2621 1012 2673 in
1043 2619 1295 2675 Domino
1327 2637 1342 2674 :
1371 2618 1698 2690 jubilemus
1721 2622 1838 2674 Deo
1861 2634 1950 2674 sa-

281 2707 463 2764 lutari
505 2711 734 2765 nostro.
770 2708 839 2765 P.
877 2708 1172 2772 Quoniam
1203 2707 1521 2777 benignus.
1547 2707 1615 2767 57.
1656 2707 1869 2776 Gloria,
1897 2709 1953 2761 et

284 2797 487 2852 honor
519 2796 696 2852 Patri.
730 2797 1063 2852 Reiteretur
1088 2807 1153 2866 ne.

359 2885 588 2941 Preces.
612 2884 702 2940 Ad
729 2889 782 2940 te
813 2885 1170 2953 clamamus,
1197 2884 1464 2941 Domine.
1492 2885 1552 2938 P.
1579 2884 1866 2950 Miserere,
1898 2886 1954 2940 et

287 2989 472 3046 parce
516 2973 762 3045 populo.
818 2985 882 3043 1p.
913 2973 1309 3037 Sarcerdotes,
1352 2977 1535 3043 orate,
1596 2978 1652 3029 et
1708 2973 1952 3028 ﬂecten-

291 3069 380 3118 tes
427 3077 642 3133 genua,
695 3062 868 3118 dicite
902 3079 919 3117 :
959 3063 1018 3115 P.
1057 3063 1338 3132 Miserere,
1386 3065 1443 3118 et
1489 3077 1698 3150 parce.
1730 3061 1792 3122 )7.
1835 3061 1951 3118 Nos
1981 3095 2020 3150 ε

290 3150 401 3206 tibi
429 3150 538 3206 soli
569 3151 975 3222 peccavimus,
1017 3155 1072 3207 et
1095 3151 1325 3207 malum
1359 3166 1561 3207 coram
1592 3155 1648 3206 te
1679 3149 1948 3206 fecimus.

288 3240 355 3296 P.
384 3239 674 3296 Miserere.

360 3327 424 3387 ῒ.
448 3328 716 3398 Agnesce
754 3330 934 3398 mala,
963 3345 1097 3402 quin
1116 3329 1448 3401 gessimus:
1478 3331 1602 3385 esto
1627 3327 1800 3385 nobis
1815 3343 1948 3399 pro-

285 3417 495 3489 pitius.
536 3417 602 3472 P.
642 3417 931 3475 Miserere.
991 3429 1057 3487 Ba.
1114 3423 1392 3474 Areotem
1448 3423 1665 3474 terram
1697 3418 1828 3488 jam
1861 3431 1950 3473 re-

291 3505 462 3578 spice
491 3522 504 3571 ;
533 3510 591 3562 et
633 3505 890 3562 imbrem
950 3507 1153 3576 gratiae
1195 3507 1410 3564 tribue.
1452 3506 1517 3560 P.
1559 3506 1842 3572 Miserere,
1895 3509 1950 3560 et

282 3610 474 3666 parce
504 3595 732 3667 populo
753 3599 883 3651 tuo.

363 3685 631 3754 Hymnus
653 3685 940 3741 dicendus
964 3700 1072 3755 per
1099 3700 1299 3742 omnes
1319 3687 1441 3741 dies
1466 3685 1949 3756 Quadragesimte

280 3773 369 3831 ad
403 3773 688 3841 Tertiam,
728 3773 820 3829 vel
850 3773 1108 3841 Sextum,
1141 3775 1234 3831 vel
1276 3775 1513 3831 Nonam
1546 3771 1714 3843 infrc‘z
1738 3773 1948 3830 hebdo-

277 3862 552 3920 madam.

899 3961 1060 4003 FERIA
1091 3963 1351 4004 SECUNDA.

982 4035 1270 4105 Hymnus.

548 4121 591 4179 Ο
617 4125 937 4190 Nazarene,
953 4122 1058 4180 lux
1083 4122 1446 4190 Bethlehem,
1467 4122 1721 4179 Verbum
1742 4123 1947 4181 Patris.

471 4215 663 4278 Quem
692 4215 899 4284 partus
924 4211 1039 4269 alvi
1063 4212 1373 4283 Virginalis
1403 4211 1659 4284 protulit,

471 4301 694 4358 Adesto
722 4301 921 4368 castis,
958 4301 1204 4366 Christe,
1227 4301 1631 4374 parsimoniis,

474 4394 836 4463 Festumque
866 4396 1139 4449 nostrum
1169 4407 1273 4448 rex
1299 4407 1544 4448 serenus
1573 4391 1838 4465 adspice,

475 4480 849 4551 Jejuniorum
881 4480 1028 4537 dum
1057 4481 1298 4536 litamus
1324 4480 1647 4537 victimam.

541 4569 631 4626 Nil
653 4570 770 4626 hoc
796 4571 1060 4642 profecto
1084 4571 1298 4644 purius
1327 4571 1635 4643 mysterio,

471 4661 604 4724 Quo
632 4659 786 4715 ﬁbra
807 4659 1005 4716 cordis
1026 4659 1300 4733 expiatur
1328 4659 1529 4725 vividi,

466 4749 870 4820 Intemperata
895 4766 1019 4822 quo
1045 4749 1372 4806 domantur
1389 4750 1642 4818 viscera,

465 4838 692 4893 Arvina
729 4843 960 4908 putrem
987 4855 1060 4894 ne
1089 4839 1383 4895 resudans
1412 4837 1724 4911 crapulam

475 4925 958 4996 Obstrangulatae
980 4929 1188 4982 mentis
1218 4927 1526 4996 ingenium
1552 4932 1804 5000 premat.

542 5015 686 5071 Hinc
719 5016 1073 5086 subjugatur
1099 5015 1289 5080 luxus,
1322 5019 1379 5072 et
1409 5017 1590 5087 turpis
1622 5015 1786 5087 gula,

468 5103 602 5159 Vini
629 5107 810 5176 atque
832 5105 1028 5160 somni
1061 5103 1321 5175 degener
1351 5105 1638 5172 socordia,

465 5192 680 5250 Libido
709 5195 983 5260 sordens,
1009 5193 1444 5250 inverecundus
1475 5193 1658 5267 lepos,

463 5281 782 5355 Variaeque
813 5288 1003 5355 pestes
1042 5281 1467 5352 languidorum
1514 5300 1803 5341 sensuum

463 5374 714 5427 Parcam
750 5371 1013 5428 subactae
1044 5371 1423 5443 disciplinam
1451 5374 1729 5430 sentiunt.

540 5463 692 5518 Nam
725 5463 769 5517 si
805 5463 1050 5518 licenter
1080 5457 1359 5517 difﬂuens
1389 5469 1534 5534 potu
1559 5468 1615 5518 et
1641 5464 1798 5533 cibo,

462 5549 496 5602 J
505 5551 553 5622 ej
565 5566 686 5609 una
715 5551 822 5610 rite
851 5554 1124 5610 membra
1151 5567 1275 5610 non
1302 5556 1613 5610 coerceant
1641 5569 1654 5609 :

1980 4449 2026 4505 D

2228 408 2519 474 Sequitur,
2547 407 2840 479 frequenti
2872 411 3144 467 marcida
3173 412 3588 478 oblectamine,

2227 496 2489 551 Scintilla
2513 496 2728 551 mentis
2755 502 2817 552 ut
2845 503 3105 570 tepescat
3132 501 3367 568 nobilis,

2223 583 2592 655 Animusque
2613 584 2797 655 pigris
2822 588 3022 641 stertat
3051 593 3114 643 ut
3135 587 3506 659 praecordiis.

2294 671 2502 729 Amen.
2534 670 2753 737 Honor,
2777 677 3060 744 potestas,
3083 679 3195 732 etc.

2677 778 2833 817 FERIA
2865 778 3058 818 TERTIA
3069 805 3081 818 .

2666 851 2767 906 Ad
2803 851 3086 908 Tertiam.

2721 941 3019 1010 Hymnus.

2298 1024 2618 1082 Frenentur
2643 1042 2784 1097 ergo
2806 1043 3127 1100 corporum
3149 1021 3485 1100 cupidines,

2227 1113 2467 1170 Detersa
2491 1118 2546 1171 et
2575 1115 2733 1172 intus
2759 1117 2972 1173 emicet
3007 1116 3326 1188 prudentia
3360 1139 3372 1174 :

2230 1200 2320 1256 Sic
2343 1203 2596 1260 excitato
2618 1203 2938 1276 perspicax
2958 1206 3255 1271 acumine,

2226 1289 2513 1362 Liberque
2533 1290 2680 1347 ﬂatu
2708 1292 2930 1348 laxiore
2962 1293 3203 1366 spiritus

2228 1379 2444 1433 Rerum
2465 1381 2775 1435 Parentem
2800 1380 3016 1436 rectius
3042 1380 3408 1452 precabitur.

2300 1465 2454 1522 Elias
2475 1466 2575 1522 tali
2606 1468 2789 1524 crevit
2817 1465 3200 1528 observantia

2230 1555 2406 1609 Vetus
2430 1554 2739 1621 Sacerdos,
2767 1555 2922 1611 ruris
2953 1555 3175 1627 hospes
3200 1557 3352 1613 aridi
3383 1575 3396 1613 :

2233 1645 2487 1713 Fragore
2507 1642 2585 1698 ab
2602 1644 2768 1699 omni
2789 1660 2971 1715 quem
2990 1650 3290 1702 remotum
3311 1649 3368 1703 et
3383 1661 3703 1720 segregum

2232 1729 2532 1802 Sprevisse
2557 1732 2798 1788 tradunt
2823 1731 3142 1788 criminum
3176 1733 3595 1805 frequentiam,

2233 1820 2406 1876 Casto
2440 1819 2734 1876 fruentem
2763 1819 3023 1891 Syrtium
3049 1818 3298 1878 silentio.

2304 1912 2522 1978 Honor,
2555 1913 2844 1984 potestas.

2675 2017 2830 2056 FERIA
2860 2015 3101 2063 QUARTA.

2680 2088 2774 2144 Ad
2804 2090 3080 2145 Tertiam.

2726 2179 3026 2248 Hymnus.

2308 2264 2422 2321 Sed
2443 2281 2585 2323 mox
2603 2265 2666 2320 in
2688 2281 2868 2322 auras
2891 2263 3082 2334 igneis
3102 2262 3428 2335 jugalibus,

2239 2358 2546 2427 Cursuque
2568 2358 2771 2426 raptus
2794 2353 3052 2410 evolavit
3081 2355 3352 2426 praepeti,

2237 2447 2317 2500 Ne
2346 2444 2420 2500 de
2444 2444 2787 2516 propinquo
2814 2442 3084 2500 sordium
3115 2443 3391 2514 contagio

2239 2533 2407 2588 Dirus
2429 2533 2700 2604 quietum
2726 2531 2995 2587 mundus
3023 2531 3256 2589 afﬂaret
3281 2532 3474 2590 virum

2246 2621 2417 2693 145
2442 2621 2592 2676 Olim
2610 2621 2880 2692 probatis
2911 2621 3201 2691 inclytum
3216 2619 3482 2693 jejuniis.

2311 2712 2439 2765 Non
2473 2714 2612 2766 ante
2641 2708 2773 2764 coeli
2803 2707 3136 2781 principem
3158 2709 3562 2781 septemplicis

2238 2800 2465 2870 Moyses
2503 2796 2796 2852 tremendi
2814 2796 2972 2852 ﬁdus
2991 2796 3275 2867 interpres
3304 2797 3497 2853 throni

2238 2884 2437 2941 Potuit
2464 2884 2688 2954 videre,
2729 2901 2915 2956 quam
2946 2884 3154 2940 decem
3173 2883 3514 2940 recursibus

2239 2976 2457 3040 Quater
2475 2973 2691 3029 volutis
2709 2973 2792 3028 sol
2817 2987 3144 3044 peragrans
3165 2971 3360 3029 sidera

2241 3062 2415 3118 Omni
2447 3065 2750 3118 carentem
2772 3063 3034 3116 cerneret
3055 3059 3406 3117 substantia.

2309 3151 2506 3206 Victus
2534 3150 2831 3222 precantis
2857 3149 3050 3204 solum
3072 3147 3134 3204 in
3157 3145 3442 3219 lacrymis
3463 3147 3573 3204 fuit
3605 3164 3618 3203 :

2239 3241 2387 3296 Nam
2410 3238 2611 3294 ﬂendo
2642 3253 2870 3310 pernox
2897 3237 3208 3306 irrigatum
3238 3236 3565 3308 pulverem.

2238 3327 2411 3384 Humi
2439 3327 2736 3383 madentis
2759 3342 2858 3383 ore
2903 3324 3120 3398 pressit
3152 3340 3373 3382 cernuo
3405 3343 3423 3380 :

2236 3418 2435 3473 Donec
2462 3415 2756 3489 loquentis
2782 3431 2924 3471 voce
2956 3413 3302 3487 perstrictus
3326 3412 3448 3479 Dei,

2236 3505 2485 3577 Expavit
2511 3505 2714 3575 ignem
2738 3520 2862 3560 non
2892 3502 3205 3560 ferendum
3235 3500 3490 3560 visibus.

2307 3597 2527 3659 Honor,
2550 3598 2838 3668 potestas.

2664 3698 2826 3738 FERIA
2857 3698 3078 3746 QUINTA.

2670 3771 2768 3827 Ad
2801 3773 3080 3829 Tertiam.

2730 3862 3027 3931 Hymnus.

2304 3953 2562 4008 Joannes
2588 3949 2770 4022 hujus
2793 3951 2933 4006 artis
2957 3949 3123 4007 haud
3145 3949 3346 4008 minus
3363 3955 3599 4025 potens,

2236 4038 2341 4095 Dei
2366 4040 2643 4112 perennis
2671 4038 3054 4111 praecucurrit
3076 4039 3284 4096 Filium
3309 4059 3322 4096 :

2238 4129 2463 4182 Curvos
2485 4127 2720 4183 viarum
2743 4126 2846 4198 qui
2867 4127 3099 4183 retorsit
3129 4128 3420 4194 tramites,

2237 4216 2304 4271 Et
2340 4215 2610 4272 ﬂexuosa
2637 4215 2942 4284 corrigens
2979 4215 3314 4287 dispendia,

2238 4303 2407 4361 Dedit
2433 4303 2800 4375 sequendam
2832 4301 2979 4359 calle
3017 4309 3176 4361 recto
3203 4304 3449 4365 lineam.

2308 4395 2470 4450 Hanc
2497 4389 2574 4449 ob
2597 4391 2872 4466 equelam
2893 4393 3273 4467 prmparabat
3305 4395 3586 4467 nuncius;

2237 4486 2365 4539 Mox
2394 4479 2672 4540 adfuturo
2694 4486 3044 4539 construens
3075 4484 3181 4540 iter
3210 4485 3351 4558 Deo,

2236 4573 2474 4630 Clivosa
2502 4571 2714 4644 planis,
2748 4573 3106 4644 confragosa
3138 4579 3202 4629 ut
3224 4565 3458 4633 lenibus

2235 4664 2746 4732 Converterentur,
2764 4677 2909 4718 neve
2931 4662 3267 4735 quidquam
3288 4664 3532 4721 devium

2235 4751 2476 4823 Inlapsa
2504 4751 2690 4806 Terris
2708 4751 2998 4807 inveniret
3021 4753 3262 4808 veritas.

2304 4843 2522 4909 Honor,
2549 4845 2830 4911 potestas,
2854 4843 2965 4895 etc.

2688 4944 2848 4982 FERIA
2882 4940 3080 4982 SEXTA.

2673 5017 2770 5072 Ad
2806 5017 3086 5072 Tertiam.

2730 5107 3027 5176 Hymnus.

2304 5197 2431 5252 Non
2453 5193 2682 5252 usitatis
2704 5199 2868 5252 ortus
2896 5193 2989 5249 hic
3012 5192 3334 5269 natalibus,

2232 5283 2426 5341 Oblita
2449 5281 2616 5339 lactis
2651 5283 2779 5354 jam
2801 5281 2956 5339 vieto
2981 5283 3042 5339 in
3063 5287 3306 5356 pectoro

2228 5373 2424 5430 Matris
2456 5372 2698 5429 tetendit
2720 5388 2884 5428 serus
2912 5374 3112 5428 Infans
3148 5373 3356 5431 ubera.

2230 5465 2345 5517 Nec
2375 5467 2510 5518 ante
2539 5466 2781 5535 partum
2807 5461 2882 5518 de
2912 5461 3080 5518 senili
3105 5460 3332 5518 effusus
3359 5465 3469 5528 est,

2233 5553 2427 5617 Quam
2456 5543 2806 5624 praedicaret
2825 5551 3126 5624 Virginem
3155 5549 3398 5622 plenam
3419 5549 3560 5611 Deo,
