4160 6410
431 317 532 375 2⁸71

1695 288 2152 355 BHEVIARIUM
2189 290 2583 351 GOTHICUM.
3739 295 3880 350 272

688 434 833 490 Post
856 431 917 486 in
939 429 1209 502 patentes
1233 425 1330 483 ille
1358 423 1726 488 solitudines,
2113 416 2162 472 A
2366 421 2527 474 Tunc
2559 433 2742 474 causa
2771 416 2917 473 tanti
2947 416 3231 489 quaeritur
3249 416 3499 489 periculi
3529 437 3548 473 :

615 521 883 580 Amictus
915 517 1081 573 hirtis
1099 514 1430 570 bestiarum
1460 511 1732 584 pellibus,
2373 507 2506 563 Sors
2543 505 2605 561 in
2637 504 2914 576 fugacem
2944 504 3131 562 missa
3153 509 3352 562 vatem
3376 504 3619 562 decidit.

619 609 836 669 Setisve
859 609 1065 669 tectus,
1091 602 1330 674 hispida
1352 607 1407 657 et
1426 601 1729 670 lanugine,
2439 595 2649 649 Jussus
2678 594 2869 666 perire
2896 594 3054 650 solus
3086 609 3115 649 e
3146 595 3372 651 cunctis
3395 611 3557 660 reus,

621 694 887 758 Secessit,
921 693 1171 747 horrens
1198 689 1499 760 inquinari
1530 693 1584 744 et
1612 687 1797 761 pollui
2371 682 2552 753 Cujus
2572 682 2776 739 voluta
2797 682 3023 739 crimen
3052 699 3202 741 urna
3231 690 3624 760 expresserat,

620 779 1048 844 Contaminatis
1086 777 1448 850 oppidorum
1478 777 1767 833 moribus.
2373 769 2642 844 Praeceps
2670 775 2914 838 rotatur,
2949 776 3005 828 et
3033 771 3332 845 profundo
3355 773 3770 844 immergitur;

688 871 808 927 Illic
837 869 1036 924 dicata
1061 883 1278 940 parcus
1304 865 1678 931 abstinentia,
2376 861 2664 931 Exceptus
2694 858 2834 916 inde
2863 860 3140 917 belluinis
3169 861 3465 928 faucibus,

615 962 834 1018 Potum
864 957 1191 1028 cibumque
1220 956 1316 1011 Vir
1336 971 1552 1012 severae
1574 953 1880 1010 industriae
2372 946 2500 1003 Alvi
2520 947 2758 1020 capacis
2791 948 2957 1004 vivus
2986 948 3258 1006 hauritur
3296 965 3502 1022 specu.

619 1054 683 1106 In
708 1061 903 1120 usque
929 1060 1130 1101 serum
1157 1043 1485 1116 respuebat
1515 1059 1848 1116 vesperum,
2446 1038 2661 1100 Honor,
2693 1039 2979 1108 potestas.

619 1137 839 1193 Parum
869 1132 1134 1200 locustis,
1168 1138 1226 1189 et
1264 1131 1528 1189 favorem
1557 1131 1881 1201 agrestium
2703 1121 2874 1196 146
2905 1140 3064 1180 ream
3091 1141 3333 1189 eumn.

621 1224 873 1298 Liquore
899 1225 1140 1295 pastum
1171 1220 1407 1293 corpori
1437 1223 1638 1276 suetus
1677 1218 1843 1275 dare.
2835 1213 3204 1270 AdScxtam.

698 1315 915 1377 Honor,
945 1313 1225 1382 potestas,
1257 1312 1365 1365 etc.
2872 1301 3159 1370 Hymnus.

1135 1412 1398 1454 SABBATO.
2447 1387 2821 1444 Transmissa
2853 1389 3071 1461 raptim
3103 1390 3307 1463 praeda
3347 1406 3554 1448 cassos
3582 1391 3875 1449 dentium

1072 1485 1168 1540 Ad
1192 1485 1469 1542 Tertiam.
2377 1476 2570 1532 Eludit
2601 1477 2772 1546 ictus,
2805 1476 3178 1534 incruentam
3209 1479 3584 1536 transvolans

1135 1573 1420 1644 Hymnus,
2378 1566 2628 1637 Impune
2658 1565 2947 1635 linguam,
2982 1582 3056 1622 ne
3083 1570 3370 1624 retentam
3403 1569 3713 1626 mordicus

695 1661 964 1720 Hortator
996 1660 1090 1717 ille
1121 1661 1352 1734 primus
1381 1664 1437 1716 et:
1474 1658 1683 1715 doctor
1709 1674 1882 1716 DOVEB
2122 1707 2164 1734 ο
2381 1653 2570 1710 Offam
2600 1652 2855 1710 molares
2882 1653 3249 1712 dissecarent
3279 1656 3455 1712 vividi
3490 1675 3502 1711 :

695 1707 955 1720 ..v........
996 1707 1090 1717 ..-ν
1122 1707 1352 1734 λου-..ν
1383 1707 1437 1716 ν-
1476 1707 1672 1715 νηνη-
1711 1707 1881 1716 ﬂ...
2391 1707 2411 1710 -
2458 1707 2570 1710 νηή
3294 1707 3502 1712 -

623 1751 746 1809 Fuit
773 1749 979 1808 salutis
1013 1771 1026 1806 :
1059 1765 1201 1805 nam
1236 1751 1470 1805 sacrato
1502 1747 1832 1804 inﬂumine
2121 1707 2167 1762 Β
2380 1743 2457 1798 Os
2489 1757 2699 1797 omnes
2729 1742 2957 1807 transit,
2993 1746 3050 1798 et
3078 1743 3349 1815 palatum
3382 1745 3658 1817 praeterit.

620 1841 896 1897 Veterum
925 1838 1114 1912 pietas
1141 1835 1285 1893 lavit
1317 1852 1586 1893 errorum
1611 1841 1783 1893 notas
1818 1854 1830 1891 :
2447 1830 2646 1886 Ternis
2677 1829 2931 1894 dierum,
2965 1847 3033 1887 ac
3073 1832 3336 1888 noctium
3365 1834 3751 1904 processibus

625 1926 759 1992 Sed,
790 1927 975 1983 tincta
1003 1929 1326 1998 postquam
1373 1925 1646 1981 membra
1684 1924 2094 1994 defaecaverat,
2379 1919 2587 1975 Mansit
2615 1918 2802 1975 ferino
2843 1919 3160 1977 devoratus
3197 1925 3450 1992 gutture,

623 2015 775 2073 Caelo
803 2015 1103 2086 refulgens
1145 2012 1436 2070 inﬂuebat
1464 2014 1732 2085 Spiritus.
2382 2007 2628 2063 Errabat
2658 2006 2772 2062 illic
2803 2023 2908 2079 per
2932 2007 3191 2064 latebras
3221 2009 3517 2067 viscerum
3551 2029 3564 2066 :

701 2108 816 2160 Hoc
850 2119 920 2160 ex
946 2104 1150 2160 lavaro
1175 2101 1311 2158 labe
1338 2105 1578 2175 dempta
1606 2101 1922 2158 criminum
2384 2096 2608 2151 Ventris
2639 2111 2908 2152 recessus
2933 2096 3280 2154 circumibat
3311 2099 3530 2155 tortiles

624 2193 796 2250 Ibant
817 2192 1006 2250 renati
1030 2207 1155 2248 non
1185 2207 1356 2247 secus
1388 2207 1572 2263 quam
1605 2190 1654 2246 si
1685 2191 1848 2247 rudis
2383 2183 2664 2253 Anhelus,
2699 2184 2846 2240 extis
2874 2185 3031 2242 intus
3058 2187 3472 2244 aestuantibus.

624 2281 765 2338 Auri
799 2285 1032 2338 recocta
1059 2296 1208 2337 vena
1241 2279 1558 2352 pulchrum
1593 2278 1902 2352 splendeat
1939 2296 1953 2332 :
2458 2273 2720 2329 Intactus
2753 2273 2887 2328 exin
2915 2275 3096 2331 tertize
3128 2275 3320 2331 noctis
3354 2277 3503 2346 vice,

628 2370 792 2427 Micet
823 2369 1033 2427 mitalli
1058 2369 1180 2425 sive
1210 2368 1311 2424 lux
1344 2369 1605 2439 argentei
2388 2361 2623 2418 Monstri
2650 2361 2942 2418 vomentis
2972 2361 3210 2435 pellitur
3240 2365 3616 2434 singultibus,

632 2459 861 2516 Sudum
894 2458 1078 2531 polito
1101 2456 1423 2530 przenitens
1444 2457 1814 2529 purgamine.
2389 2449 2515 2514 Qua
2536 2450 2932 2506 murmuranti
2955 2449 3092 2516 fine,
3115 2451 3332 2507 ﬂuctus
3359 2452 3650 2524 frangitur

707 2547 929 2616 Honor,
958 2549 1244 2619 potestas.
2391 2537 2712 2610 Salsosque
2733 2537 3000 2596 candens
3019 2555 3239 2612 spuma
3259 2541 3453 2597 tundit
3474 2543 3744 2614 pumices
3779 2563 3792 2599 :

1079 2633 1178 2690 Ad
1199 2633 1464 2690 Sextum.
2387 2627 2667 2682 Ructatus
2692 2625 2824 2694 exit,
2861 2642 3044 2700 seque
3076 2633 3380 2686 servatum
3417 2634 3636 2702 stupet.

1129 2723 1427 2793 Hymnus.
2459 2715 2679 2782 Honor,
2712 2719 2994 2786 potestas.

702 2810 934 2868 Referre
965 2810 1144 2884 prisci
1175 2815 1432 2868 stemma
1462 2827 1622 2868 nunc
1649 2811 1863 2884 jejunii
2827 2820 2986 2859 FERIA
3017 2821 3237 2870 QUINTIL-

633 2899 817 2968 l.ibet,
846 2899 1006 2957 ﬁdeli
1037 2899 1340 2972 proditum
1369 2901 1693 2966 volumine,
2832 2893 2929 2947 Ad
2956 2894 3223 2951 Sexlam.

633 2990 700 3046 Ut
727 2987 1034 3045 diruendae
1066 2989 1321 3046 Civitatis
1346 2990 1554 3046 incolis
2881 2980 3165 3051 Hymnus.

633 3076 876 3134 Fulmen
904 3077 1148 3148 benigni
1171 3078 1605 3135 masuefactum
1632 3079 1816 3136 Patris
2130 3055 2171 3110 δ
2458 3071 2519 3123 In
2544 3067 2824 3124 Ninivitas
2848 3085 2907 3125 se
2934 3076 3175 3127 coactus
3204 3071 3426 3144 percito

628 3159 724 3221 Pie
754 3165 1038 3238 repressis
1068 3165 1311 3236 ignibus
1342 3168 1693 3238 pepercerit.
2387 3159 2599 3214 Gressu
2626 3157 2870 3214 reﬂectit
2900 3177 2912 3214 :
2943 3175 3093 3232 quos
3123 3163 3184 3216 ut
3209 3161 3639 3233 increpaverat,

702 3255 854 3310 Gens
880 3252 1160 3310 insolenti
1195 3265 1532 3326 praepotens
1551 3255 1838 3326 jactantia
2387 3244 2676 3302 Pudenda
2707 3247 2929 3304 Censor
2948 3247 3251 3320 imputans
3276 3249 3596 3320 Opprobria
3628 3266 3639 3304 :

633 3341 896 3399 Pollebat
925 3341 1087 3408 olim,
1131 3358 1315 3415 quam
1344 3341 1625 3400 ﬂuentem
1649 3347 1920 3416 nequiter
2389 3334 2703 3406 ῐωρεηάἱι,
2733 3333 2943 3407 inquit,
2978 3338 3064 3394 ira
3095 3337 3316 3393 summi
3346 3337 3599 3393 vindicis
3632 3337 3644 3391 !

633 3431 924 3503 corrupta
948 3430 1130 3501 vulgo
1162 3431 1416 3487 solverat
1434 3429 1678 3488 lascivia
1701 3450 1714 3488 ε
2394 3423 2730 3494 Urbemque
2757 3422 3008 3481 ﬂamma
3030 3441 3166 3482 mox
3197 3425 3503 3488 cremabit,
3533 3425 3792 3481 credite!

635 3521 701 3576 Et
723 3519 862 3576 inde
890 3517 1066 3575 bruto
1097 3522 1423 3575 contumax
1455 3518 1715 3590 fastidio,
2465 3509 2708 3583 Apicem
2740 3510 3020 3585 deinceps
3051 3514 3218 3570 ardui
3250 3513 3466 3570 montis
3489 3513 3653 3585 petit,

637 3606 872 3664 Cultum
915 3607 1156 3680 superni
1190 3607 1529 3678 negligebat
1567 3608 1855 3666 Numinis.
2393 3599 2634 3655 Visurus
2665 3598 2804 3656 inde
2835 3600 3263 3671 conglobatum
3291 3602 3574 3658 turbidae!

709 3694 949 3752 Offensa
983 3693 1227 3751 tandem
1252 3696 1413 3766 jugis
1442 3695 1825 3766 indulgentize
2394 3689 2646 3744 Fumum
2674 3689 2883 3752 ruinae,
2916 3688 3097 3747 cladis
3144 3694 3200 3745 et
3229 3690 3372 3746 dirae
3405 3695 3652 3749 struem.

639 3784 917 3850 Censura,
941 3783 1118 3855 justis
1149 3783 1437 3840 excitatur
1470 3786 1753 3854 motibus,
2390 3778 2596 3834 Tectus
2626 3775 2875 3847 ﬂagellis
2904 3777 3245 3834 multimodi
3275 3779 3581 3848 germinis,

640 3871 918 3928 Dextram
943 3875 1246 3944 perarmat
1273 3871 1668 3945 rhomphaeali
1704 3875 1978 3934 incendio
2396 3867 2494 3922 Hi0
2515 3869 2570 3922 et
2597 3870 2832 3938 repente
2865 3866 3175 3939 Perfruens
3205 3867 3582 3937 umbraCUIO.

641 3959 888 4017 Nimbos
913 3964 1225 4032 crepantes
1253 3965 1308 4018 et
1335 3961 1608 4033 fragosos
1633 3961 1897 4020 turbines
2466 3955 2577 4012 Sed
2599 3962 2811 4012 maesta
2831 3961 3153 4029 postquam
3185 3957 3388 4014 civitas
3413 3957 3630 4014 vulnus
3658 3957 3803 4015 novi

642 4048 912 4120 Vibrans,
944 4052 1258 4106 tonantum
1288 4049 1449 4106 nube
1487 4050 1872 4110 ﬂammarum
1897 4055 2105 4127 quatit.

2031 4055 2105 4112 Lit,
2393 4044 2567 4099 Auxit
2596 4043 2815 4100 doloris
2842 4043 2961 4101 heu
2987 4060 3355 4117 supremum,
3386 4045 3635 4118 palpitat
3663 4045 3674 4099 Ξ

714 4137 827 4196 Sed
856 4138 1178 4211 paenitendi
1204 4139 1352 4196 dum
1379 4139 1558 4197 datur
1585 4141 1842 4212 diecula,
2397 4132 2649 4188 Cursant
2668 4147 2775 4204 per
2804 4133 3006 4205 ampla
3036 4133 3443 4204 congregatim
3467 4133 3690 4191 mmnia

645 4227 704 4285 Si
730 4227 880 4286 forte
905 4226 1118 4285 vellent
1149 4227 1493 4302 improbam
1524 4229 1855 4301 libidinem,
2394 4217 2586 4285 Plebs,
2622 4224 2680 4275 et
2709 4221 2973 4285 Senatus,
3001 4221 3207 4276 omnia
3228 4225 3376 4278 astas
3404 4221 3654 4287 Civium,

646 4318 849 4373 Vetere
874 4331 992 4390 que
1021 4331 1235 4388 nugas,
1259 4317 1623 4377 condomare
1647 4337 1717 4378 ac
1744 4320 2018 4394 frangere
2362 4306 2594 4363 P3119113
2620 4309 2922 4373 Iuventus:
2953 4309 3243 4380 ejlﬂantes
3273 4309 3529 4368 femina?-

648 4404 968 4476 Suspendit
996 4404 1180 4461 ictum
1213 4408 1396 4463 terror
1421 4407 1757 4479 exorabilis,
2145 4402 2190 4456 D
2406 4398 2622 4461 Honor,
2653 4399 2939 4469 potestas.

648 4491 1018 4564 Paulumque
1047 4491 1204 4550 dicta
1236 4493 1492 4552 substitit
1521 4496 1827 4554 sententia.
2842 4503 2994 4542 FERIA
3035 4503 3228 4542 SEXTA-

717 4580 935 4652 Honor,
970 4581 1254 4651 potestas,
1279 4585 1387 4637 etc.
2848 4575 2946 4632 Ad
2967 4575 3232 4633 Sextum.

1099 4683 1256 4724 PERIA
1279 4675 1494 4728 TERTiA.
2887 4665 3168 4736 Hymnus.

1107 4757 1202 4813 Ad
1222 4757 1481 4816 Sextam.
2473 4753 2687 4824 Placet,
2714 4754 3064 4811 fermentem
3088 4754 3345 4827 publicis
3368 4756 3613 4828 jejuniis

1155 4845 1445 4918 Hymnus,
2407 4842 2649 4900 Placare
2677 4842 2971 4900 Christum
3007 4863 3019 4904 :
3058 4859 3190 4902 mos
3220 4844 3438 4901 edendi
3463 4843 3783 4917 spernitur.

724 4935 938 4991 Jonam
965 4934 1320 5008 Prophetam
1350 4936 1508 4995 mitis
1537 4938 1694 4996 ultor
1720 4940 1954 5007 excitat,
2407 4930 2660 4988 Glaucos
2677 4932 2928 4989 amictus
2954 4932 3146 4989 induit
3168 4933 3493 4990 monilibus

655 5021 852 5079 Poenae
889 5022 1252 5082 imminentis
1281 5027 1391 5082 iret
1418 5029 1483 5083 ut
1517 5028 1898 5100 praenuncius
1929 5049 1944 5088 :
2407 5022 2666 5078 Matrona
2697 5021 2978 5094 demptis,
3009 5037 3239 5097 proque
3293 5038 3536 5093 gemma
3564 5025 3621 5077 et
3665 5019 3888 5090 serico,

659 5108 773 5167 Sed
799 5116 1002 5170 nosset
1024 5112 1118 5170 ille
1159 5129 1296 5170 cum
1321 5114 1622 5171 minacem
1642 5115 1910 5186 judicem
2409 5109 2641 5168 Crinem
2665 5109 2948 5168 ﬂuentem
2980 5113 3260 5169 sordibus
3290 5112 3515 5184 spargit
3558 5109 3704 5166 cinis

656 5199 1128 5277 Servaremalle,
1151 5217 1340 5277 quam
1361 5201 1548 5277 ferire,
1582 5219 1652 5260 ac
1677 5203 1951 5277 plectere,
1989 5217 1996 5223 ‘
2480 5197 2786 5271 Squallent
2812 5201 3074 5259 recincta
3102 5204 3262 5259 veste
3294 5200 3495 5272 pullati
3523 5201 3724 5256 Patres
3757 5217 3770 5256 :

652 5271 888 5373 Tectum
913 5271 1444 5373 latenter'vertitnin
1475 5271 1730 5373 Tharsos
1741 5271 1984 5373 fugam.
2412 5287 2696 5362 Setasque
2725 5289 3017 5362 plangens
3041 5293 3236 5350 Turba
3264 5271 3443 5347 sumit
3465 5289 3712 5356 textiles,

723 5359 952 5453 Celsam
982 5361 1206 5453 paratis
1235 5359 1521 5453 pontibus
1545 5362 1780 5453 scandit
1802 5368 1987 5423 ratem
2408 5359 2652 5450 Impexa
2677 5359 2828 5435 villis
2870 5359 3044 5453 i’irgo
3071 5378 3421 5438 bestialibus

656 5448 783 5505 Udo
811 5449 1079 5507 revincta
1107 5449 1248 5506 fune
1277 5450 1499 5523 puppis
1527 5451 1812 5522 solvitur;
2409 5448 2685 5532 Nigrante
2716 5463 2942 5522 vultum
2965 5448 3220 5535 contegit
3246 5463 3560 5533 velamine,

619 5567 624 5570 -
655 5539 774 5597 Itur
807 5552 916 5611 per
940 5536 1125 5596 altum
1157 5554 1174 5595 :
1203 5536 1271 5596 ﬁt
1291 5539 1669 5610 procelosum
1698 5558 1864 5602 mare
1889 5561 1910 5604 :
2409 5551 2617 5609 Jacens
2648 5551 2843 5611 arenis
2873 5557 2932 5612 et
2957 5570 3105 5629 puer
3140 5551 3523 5626 provolvitur.
