4160 6406
241 314 361 370 273

471 440 590 496 Rex
621 440 771 513 ipse,
823 443 1015 501 Choos
1075 453 1426 505 aestuantem
1475 452 1733 509 murices

396 530 662 596 Laenam,
696 531 935 589 revulsa
954 531 1292 607 dissipabat
1309 535 1498 595 ﬁbula

391 619 678 673 Gemmas
706 619 984 688 virentes,
1018 626 1073 679 et
1122 623 1352 696 lapillos
1379 627 1603 693 sutiles,

383 706 629 777 Insigne
649 706 861 763 frontis
893 711 1493 783 exuebatvinculum,

386 795 571 867 Turpi
592 795 838 868 capillos
866 797 1182 872 impeditos
1234 803 1502 877 pulvere.

465 882 689 940 Honor.

952 994 1193 1035 SABBATO
1206 1021 1221 1037 ο

878 1067 975 1121 Ad
1008 1067 1276 1124 Sextum.

930 1155 1230 1225 Hymnus.

463 1239 672 1297 Nullus
696 1240 966 1307 bibendi,
996 1259 1175 1301 nemo
1233 1246 1514 1303 vescendi
1552 1261 1804 1312 memor,

384 1327 610 1400 Jejuna
645 1345 889 1389 mensas
912 1332 1105 1405 pubes
1137 1336 1332 1391 omnis
1385 1336 1637 1409 liquerat
1666 1353 1678 1390 :

387 1417 547 1483 Quin
568 1421 625 1475 et
647 1425 866 1490 negato
908 1420 1059 1478 lacte
1113 1424 1480 1494 vagientium

388 1505 559 1563 Fletu
588 1508 944 1567 madescunt
971 1513 1363 1583 parvulorum
1396 1514 1652 1583 cunulae,

388 1596 649 1653 Succum
675 1598 915 1671 papillae
952 1614 1137 1671 parca
1183 1603 1384 1658 nutrix
1442 1602 1718 1671 denegat.

460 1686 679 1756 Greges
701 1690 757 1742 et
785 1686 950 1759 ipsos
984 1688 1206 1745 claudit
1263 1689 1685 1746 armentalium

389 1773 598 1830 Solves
625 1774 892 1832 virorum
918 1792 1077 1843 cura,
1106 1792 1181 1832 ne
1221 1793 1441 1849 vagum
1479 1794 1663 1850 pecus

388 1862 710 1933 Contingat
738 1879 839 1919 ore
868 1863 1172 1921 rorulenta
1228 1866 1520 1936 gramina,

390 1950 608 2007 Potum
644 1953 956 2024 strepentis
980 1968 1129 2010 neve
1154 1953 1335 2011 fontis
1360 1954 1617 2016 hauriat,

393 2040 610 2095 Vacuis
634 2042 890 2113 querelae
936 2048 1262 2115 personant
1293 2043 1687 2118 praesepibus.

466 2128 840 2195 Mollitushis,
879 2136 935 2187 et
970 2131 1204 2196 talibus,
1231 2131 1473 2187 brevem
1504 2133 1658 2188 Deus

396 2222 551 2274 Iram
590 2217 888 2288 refraenat,
914 2225 1255 2293 temperans
1286 2221 1615 2277 oraculum.

394 2307 655 2379 Propere
691 2307 1035 2365 sinistrum:
1070 2325 1264 2382 prona
1316 2326 1459 2367 nam
1487 2308 1800 2365 clementia

395 2395 570 2451 Haud
599 2393 914 2452 difﬁculter
949 2397 1283 2469 supplicem
1314 2398 1660 2454 mortalium

397 2482 583 2540 Solvit
606 2489 861 2552 reatum,
899 2486 1087 2559 ﬁtque
1130 2485 1351 2542 fautrix
1414 2485 1704 2542 ﬂentium.

473 2574 695 2642 Honor,
726 2577 1007 2644 potestas.

877 2678 1037 2718 FERIA
1067 2679 1309 2719 SECUNDA

900 2750 991 2805 Ad
1023 2750 1282 2807 Nonam.

938 2840 1232 2909 Hymnus.

478 2925 593 2982 Sed
613 2942 719 2981 cur
749 2930 994 2982 vetustae
1018 2928 1210 2996 gentis
1258 2926 1601 2999 exemplum
1654 2927 1870 2999 loquor
1896 2927 1924 2981 ?

402 3014 640 3070 Pridem
667 3014 911 3070 caducis
983 3032 1121 3071 cum
1154 3021 1435 3085 gravatus
1485 3015 1735 3073 artubus

398 3106 591 3170 Jesus,
619 3103 818 3160 dicato
854 3104 1413 3175 cordejejunaverit
1444 3122 1456 3169 ;

398 3194 915 3266 Prrenuncupatus
943 3209 1044 3250 ore
1067 3195 1173 3267 qui
1205 3194 1553 3267 prophetico

400 3282 759 3338 Emmanuel
796 3286 905 3347 est,
931 3282 1050 3338 sive
1070 3282 1392 3340 nobiscum
1425 3285 1578 3338 Deus
1600 3288 1627 3339 ?

472 3370 584 3436 Qui
613 3386 831 3443 corpus
854 3370 1017 3428 istud
1054 3372 1233 3429 molle
1263 3372 1631 3441 naturaliter,

395 3463 778 3532 Captumque
820 3459 954 3517 laxo
991 3461 1102 3516 sub
1164 3460 1541 3534 voluptatum
1568 3460 1736 3533 jugo,

393 3547 631 3604 Virtutis
658 3551 820 3604 arcta
841 3548 969 3621 lege
998 3549 1136 3606 fecit
1163 3549 1441 3618 liberum,

410 3637 832 3709 Emancipator
865 3638 1172 3693 servientis
1214 3638 1550 3711 plasmatis,

396 3726 718 3795 Regnantis
750 3729 883 3781 ante
905 3728 1086 3782 victor
1118 3731 1175 3783 et
1200 3728 1518 3799 cupidinis.

474 3812 823 3882 lnhospitali
866 3828 1129 3884 namque
1196 3818 1456 3871 secretus
1503 3815 1660 3883 loco,

403 3899 615 3964 Quinis
646 3898 858 3954 diebus
898 3899 1081 3954 octies
1139 3898 1505 3963 labentibus,

405 3985 640 4043 Nullam
676 3985 949 4042 ciborum
1017 3986 1361 4043 vendicavit
1384 4046 1385 4051 η
1412 3987 1687 4057 gratiam,

402 4075 671 4131 Firmans
698 4072 943 4143 salubri,
990 4074 1233 4140 scilicet,
1262 4074 1494 4146 jejunio

395 4165 512 4219 Vas
538 4163 892 4234 appetendis
927 4162 1294 4219 imbecillum
1343 4163 1610 4235 gaudiis.

469 4255 685 4321 Honor,
718 4258 1011 4327 potestas.

871 4359 1033 4399 FERIA
1062 4358 1277 4400 TERTIA.

880 4432 974 4489 Ad
995 4432 1229 4489 Nnoam

928 4521 1216 4594 Hymnus.

466 4612 708 4669 Miratur
754 4612 943 4669 hostis
971 4627 1150 4685 posse
1174 4611 1389 4669 limum
1418 4612 1697 4671 tabidum

390 4704 647 4758 Tantum
684 4701 908 4758 laboris
949 4702 1269 4769 sustinere,
1313 4717 1383 4758 ac
1425 4702 1656 4774 perpeti
1686 4742 1701 4759 .

406 4790 575 4864 147
590 4790 860 4861 Explorat
890 4796 1014 4848 arte
1042 4790 1370 4847 sciscitator
1399 4790 1633 4848 callida.

401 4881 560 4936 Deus
584 4895 660 4935 ne
684 4878 951 4936 menbris
972 4878 1048 4935 sit
1096 4882 1369 4950 receptus
1426 4882 1628 4936 terreis
1672 4897 1685 4936 :

402 4968 539 5039 Sed,
562 4967 868 5041 increpata
895 4967 1125 5033 fraude,
1146 4970 1290 5040 post
1310 4970 1545 5039 tergum
1567 4969 1706 5027 ruit.

474 5060 594 5114 Hoc
606 5073 717 5114 nos
731 5071 1078 5130 sequamur,
1094 5056 1357 5128 quisque
1369 5071 1532 5113 nunc
1546 5073 1652 5129 pro
1680 5057 1919 5115 viribus,

399 5146 575 5215 Quod
599 5144 932 5203 consecrati
952 5148 1017 5203 tu
1048 5146 1321 5217 Magister
1349 5145 1662 5218 Dogmatis

394 5236 534 5293 Tuis
564 5234 809 5303 dedisti,
868 5234 1114 5300 Christe,
1183 5234 1633 5295 sectatoribus:

397 5328 489 5393 Ut,
518 5340 657 5381 cum
681 5324 936 5381 vorandi
994 5322 1199 5378 vicerit
1222 5321 1562 5388 libidinem,

393 5416 539 5471 Late
567 5413 886 5485 triumphet
955 5412 1288 5484 Imperator
1338 5411 1597 5483 spiritus.

476 5506 596 5559 Hoc
629 5506 739 5570 est,
773 5501 939 5575 quod
982 5500 1094 5558 atri
1118 5500 1268 5557 livor
1304 5499 1499 5557 hostis
1552 5501 1781 5560 invidet

401 5591 628 5661 Mundi,
653 5590 897 5665 Polique
923 5589 1089 5665 quod
1140 5589 1508 5661 gubernator
1538 5590 1778 5666 probat,

1446 325 1796 384 DOMINICA
1834 325 1858 380 Ι
1897 324 2507 393 QUADRAGESIM/E.

2034 325 2507 388 .DRAGESIMZE.
3574 342 3677 397 274

1947 451 1995 509 Α

2164 454 2379 512 Altaris
2409 473 2579 513 aram
2607 459 2773 531 quod
2808 458 2950 516 facit
3013 462 3389 533 placabilem,

2166 543 2336 608 Quod
2367 545 2719 602 dormientis
2749 548 2965 604 excitat
2993 549 3187 605 cordis
3214 550 3416 619 fidem,

2164 631 2335 698 Quod
2355 633 2525 689 limat
2545 649 2769 704 aegram
2817 637 3086 709 corporis
3118 638 3447 695 libidinem.

2220 722 2455 793 Honor,
2505 728 2789 795 potestas,
2814 729 2921 782 etc.

2636 828 2794 867 ream
2822 829 3015 876 omum
3030 857 3043 871 .

2656 900 2755 955 Ad
2777 902 3036 958 Nonam.

2697 988 2990 1058 Hymnus.

2234 1074 2473 1131 Perfusa
2500 1090 2624 1131 non
2656 1076 2739 1132 sic
2770 1093 2949 1133 amne
3013 1078 3263 1135 ﬂamma
3322 1080 3680 1150 extinguitur

2165 1163 2281 1216 Nec
2310 1162 2393 1217 sic
2430 1163 2658 1220 calente
2695 1166 2825 1221 Sole
2870 1165 3378 1224 tabescuntnives
3410 1188 3423 1237 ;

2167 1249 2235 1304 Ut
2258 1248 2636 1307 turbidarum
2677 1254 2895 1310 scabra
2943 1255 3258 1326 culparum
3316 1270 3489 1325 seges

2163 1338 2437 1395 Vanescit
2464 1339 2600 1397 alvo
2630 1340 2764 1398 trita
2804 1341 2919 1399 sub
2945 1344 3207 1416 jejuuio,

2167 1425 2223 1481 Si
2260 1424 2484 1483 blanda
2506 1442 2743 1500 semper
2781 1430 3104 1487 misceatur
3122 1431 3386 1501 largitas.

2236 1517 2333 1571 Est
2359 1515 2586 1588 quippe
2616 1522 2672 1573 et
2693 1517 2839 1573 illud
2891 1520 3118 1589 grande
3168 1519 3401 1576 virtutis
3433 1535 3623 1591 genus
3660 1537 3671 1576 :

2166 1603 2405 1674 Operire
2460 1604 2703 1660 nudos:
2754 1606 3094 1678 indigentes
3133 1624 3415 1679 pascere:

2167 1693 2356 1764 Opem
2408 1691 2727 1762 benignam
2753 1693 2903 1750 ferre
2935 1694 3414 1767 supplicantibus
3441 1713 3451 1749 :

2168 1781 2377 1847 Unam;
2399 1794 2728 1853 paremque
2768 1782 2942 1839 sortis
3008 1783 3291 1839 humanm
3338 1785 3532 1840 vicem

2168 1871 2320 1923 lnter
2344 1873 2641 1940 polentes,
2673 1874 2852 1943 atque
2892 1886 3114 1941 egenos
3158 1870 3374 1926 ducere
3410 1889 3423 1925 :

2240 1958 2389 2014 Satis
2411 1956 2624 2014 beatus
2653 1959 2909 2032 quisque
2955 1959 3230 2016 dextram
3260 1959 3534 2031 porrigit,

2167 2045 2384 2102 Laudis
2432 2061 2717 2120 rapacem
2747 2047 3069 2119 prodigam
3096 2046 3389 2120 pecuniae,

2169 2135 2349 2205 Cujus
2379 2134 2617 2193 sinistra
2656 2135 2828 2191 dulce
2857 2135 3079 2192 factum
3108 2135 3337 2191 nesciat
3377 2155 3387 2192 :

2168 2223 2341 2279 Illum
2372 2238 2664 2295 perennes
2694 2223 2965 2296 protinus
2997 2223 3299 2296 complent
3323 2238 3469 2296 opes
3494 2242 3507 2292 ;

2168 2312 2443 2384 Ditatque
2467 2311 2693 2369 fructus
2725 2312 3118 2370 fcenerantem
3153 2311 3491 2384 centuplex.

2242 2402 2460 2468 Honor,
2492 2405 2771 2471 potestas,
2813 2398 3122 2473 plenitudo
3152 2399 3357 2470 gratiae

2171 2491 2290 2544 Deo
2312 2489 2581 2561 perenni,
2608 2488 2868 2546 Trinitati
2896 2488 3176 2561 simplici,

2172 2576 2429 2643 IEterna,
2474 2578 2644 2649 cujus
2675 2581 2762 2633 est
2784 2577 2967 2634 beata
2992 2577 3201 2651 gloria,

2174 2665 2377 2737 Replet
2417 2665 2598 2735 globi,
2640 2682 2963 2739 rerumque
2998 2668 3214 2721 cuncta
3242 2665 3545 2733 machina,

2173 2755 2469 2826 Tenetque
2490 2769 2745 2825 regnum
2775 2754 3068 2826 perpetim
3095 2770 3195 2824 per
3215 2752 3453 2809 saecula.

2246 2843 2452 2897 Amen.

2102 2930 2488 3001 Supplicatio.
2511 2932 2781 2996 Oremus,
2812 2932 2874 2985 ut
2900 2944 3011 2985 nos
3045 2931 3254 2985 sancto
3280 2927 3507 2999 jejunio
3530 2930 3687 2995 Qua-

2032 3019 2411 3088 dragesimze.
2443 3018 2557 3087 fol.
2590 3020 2710 3073 143.

1951 3145 1992 3201 C
2105 3108 2402 3179 Capitula.
2430 3105 2670 3164 Custodi
2692 3121 2823 3173 nos,
2860 3107 3112 3162 Domine
3143 3122 3180 3163 a
3207 3106 3588 3176 generatione
3618 3106 3679 3161 in

2028 3197 2375 3270 progeniem
2413 3216 2427 3252 :
2458 3211 2568 3251 nec
2599 3211 2738 3252 cum
2795 3194 3074 3267 praesenti
3092 3193 3411 3251 volvamur
3440 3194 3681 3265 saeculo,

2027 3286 2132 3359 qui
2158 3285 2409 3356 tuojam
2436 3284 2790 3342 inhaasimus
2829 3283 3240 3340 fundamento.
3278 3282 3392 3340 Sed
3416 3282 3685 3339 miseria-

2026 3392 2162 3432 rum
2190 3386 2535 3431 nostrarum
2556 3373 3129 3442 consolatorexurge
3154 3390 3166 3441 ;
3192 3374 3551 3445 etproventu
3587 3370 3685 3427 las-

2026 3462 2169 3519 litite
2189 3478 2476 3518 maerores
2505 3464 2745 3518 nostros
2804 3460 3105 3532 absterge.

2097 3553 2269 3609 Pater
2291 3556 2510 3609 noster.
2562 3557 2609 3607 A
2640 3551 2801 3607 malo
2832 3566 2943 3607 nos
3000 3549 3207 3606 libera.
3236 3550 3349 3620 fol.
3382 3553 3467 3615 to,
3498 3549 3685 3605 Bene-

2026 3642 2229 3699 dictio.
2257 3641 2465 3708 Quaere
2489 3643 2551 3697 in
2581 3639 2771 3708 Nona,
2804 3655 2936 3711 quae
2957 3639 3185 3696 dicitur
3212 3654 3314 3711 per
3368 3644 3553 3694 totum
3578 3652 3684 3694 an-

2026 3746 2170 3788 num
2198 3732 2262 3788 in
2279 3730 2483 3787 diebus
2499 3729 2693 3799 feriis.

2706 3817 2791 3872 Ad
2816 3817 3056 3875 Sextum

2240 3909 2431 3965 Lectio
2458 3907 2815 3963 tibriEsaice
2858 3906 3160 3979 Propheta?
3195 3906 3359 3979 (Cap.
3395 3908 3464 3979 1).

2100 4007 2170 4067 ἢ.
2218 3995 2341 4051 Deo
2365 3996 2614 4065 gratias.

2101 4086 2235 4138 Haec
2259 4082 2402 4138 dicit
2428 4082 2720 4138 Dominus
2753 4100 2766 4141 :
2798 4082 3032 4147 Audite,
3059 4082 3260 4139 audite
3286 4081 3541 4138 verbum
3566 4083 3679 4139 Do-

2029 4169 2168 4227 mini
2180 4170 2484 4241 Principes
2498 4170 2910 4237 Sodomorum,
2930 4169 3215 4242 percipite
3232 4169 3481 4226 auribus
3495 4169 3682 4240 legem

2028 4260 2129 4315 Dei
2152 4258 2349 4326 vestri,
2363 4257 2623 4330 populus
2642 4257 3011 4315 Gomorrhas.
3030 4259 3161 4324 Quo
3176 4256 3323 4313 mihi
3356 4256 3682 4314 multitudi-

2027 4364 2164 4406 nem
2177 4348 2556 4405 victimarum
2568 4352 2924 4414 vestrarum,
2944 4346 3086 4405 dicit
3098 4347 3387 4404 Dominus
3407 4347 3435 4403 εἰ
3464 4345 3679 4419 plenus

2027 4454 2162 4494 sum
2198 4435 2587 4497 :holocausta
2627 4435 2899 4502 arietum,
2933 4439 2990 4492 et
3041 4435 3284 4508 adipem
3340 4434 3676 4508 pinguium,

2027 4530 2084 4585 et
2112 4525 2471 4595 sanguinem
2491 4524 2836 4591 vitulorum,
2861 4528 2918 4581 et
2936 4538 3256 4595 agnorum,
3284 4523 3676 4590 ethircorum,

2026 4615 2215 4673 nolui.
2244 4616 2389 4671 Cum
2400 4613 2672 4671 veneritis
2699 4617 2837 4670 ante
2864 4618 3257 4687 conspectum
3283 4627 3509 4676 meum,
3541 4611 3679 4683 quis

2026 4703 2438 4776 quaesivithtec
2470 4702 2545 4759 de
2575 4701 2855 4759 manibus
2895 4698 3601 4766 vestris,utambularetis
3617 4699 3681 4757 in

2028 4792 2190 4850 atriis
2212 4791 2358 4848 meis
2383 4791 2411 4846 ?
2439 4806 2515 4846 ne
2544 4790 2809 4847 offeratis
2834 4789 2990 4846 ultra
3018 4788 3379 4846 sacriﬁcium
3407 4786 3629 4843 frustra
3662 4803 3674 4841 :

2030 4880 2343 4937 incensum
2367 4878 2738 4936 abominatio
2789 4881 2881 4934 est
2935 4876 3107 4933 mihi.
3145 4876 3553 4938 Neomeniam,
3624 4880 3682 4933 et

2032 4968 2299 5035 sabbata,
2324 4971 2379 5023 et
2414 4967 2758 5023 festivitates
2784 4966 2931 5022 alias
2953 4981 3078 5022 non
3104 4965 3316 5029 feram,
3335 4963 3524 5038 iniqui
3543 4968 3682 5021 sunt

2032 5060 2221 5115 cretus
2250 5056 2427 5113 vestri
2459 5055 2776 5112 :calendas
2796 5058 3040 5121 vestras,
3060 5053 3249 5111 odivit
3274 5054 3480 5111 anima
3495 5068 3628 5109 mea
3660 5069 3672 5108 :

2031 5147 2190 5204 facta
2210 5145 2504 5203 suntmihi
2518 5142 3068 5211 molesta,laboravi
3083 5144 3407 5199 sustinens.
3437 5143 3506 5197 Et
3540 5156 3679 5196 cum

2032 5236 2410 5293 extenderitis
2437 5249 2654 5291 manus
2682 5240 2929 5299 vestras,
2959 5237 3227 5290 avertam
3277 5231 3484 5288 oculos
3511 5244 3679 5284 meos

2032 5340 2069 5382 a
2086 5324 2253 5382 vobis
2265 5331 2470 5381 etcum
2483 5323 3010 5396 multiplicaveritis
3027 5322 3379 5389 orationem,
3396 5334 3518 5375 non
3566 5332 3677 5371 au-

2031 5414 2216 5473 diam:
2234 5429 2451 5471 manus
2466 5418 2679 5470 vestrae
2693 5411 2987 5484 sanguine
3005 5411 3198 5484 plenae
3220 5412 3377 5465 sunt.
3403 5403 3677 5462 Lavami-

2030 5503 2114 5573 ni,
2142 5503 2351 5560 mundi
2379 5507 2567 5560 estote
2613 5501 2813 5558 aufere
2848 5500 3075 5557 malum
3131 5495 3558 5567 cogitationum
3584 5500 3681 5539 ve—

2037 5593 2294 5651 strarum
2325 5590 2403 5650 ab
2429 5590 2619 5649 oculis
2646 5589 2795 5647 meis
2826 5609 2838 5649 :
2872 5588 3155 5662 quiescite
3183 5597 3360 5654 agere
3377 5586 3678 5651 perverse,
