4160 6402
445 387 553 444 275

1717 371 2168 435 BREVIABIUM
2207 371 2598 430 GOTHICUM.

3749 378 3874 434 276

447 507 1012 566 discitebenefacere
1032 505 1278 580 quaerite
1285 504 1603 577 judicium,
1647 501 1958 560 subvenite
1987 514 2092 572 op-
2121 498 2169 554 A
2198 497 2304 554 tibi
2333 498 2586 556 Domino
2612 499 3039 573 impendamus
3064 502 3210 557 :uta
3239 502 3292 556 te
3321 497 3524 568 gloriae
3546 514 3851 560 coronam

446 596 944 672 presso,judicate
955 595 1186 668 pupillo
1199 592 1499 649 defendite
1512 592 1776 648 viduam.
1797 591 1863 646 Et
1875 589 2090 654 venite,

449 691 508 743 et
530 686 757 756 arguite
791 700 909 750 me,
967 684 1101 738 dicit
1131 682 1421 738 Dominus
1459 698 1473 736 :
1505 680 1553 736 si
1582 680 1798 736 fuerint
1848 681 2096 751 peccata

450 776 666 838 vestra,
681 771 1083 841 utcoccinum,
1097 769 1274 842 quasi
1294 769 1420 837 nix,
1440 767 1881 825 dealbabuntur
1907 784 1923 825 :
1963 769 2020 820 et
2044 763 2095 818 si

451 859 668 916 fuerint
702 859 886 916 rubra
935 858 1112 930 quasi
1141 854 1525 924 vermiculus,
1575 856 1736 912 velut
1787 855 1931 910 lana
1958 851 2097 909 alba

453 951 644 1004 erunt.
661 946 1048 1011 Sivolueritis,
1078 947 1133 1002 et
1147 943 1452 1001 audieritis
1467 959 1582 1011 me,
1611 944 1775 1000 bona
1803 945 1970 997 terrae
2001 955 2097 995 co-

451 1035 722 1100 medetis,
755 1033 836 1090 ait
865 1032 1150 1090 Dominus
1179 1031 1588 1104 omnipotens.
1638 1041 1706 1100 BI.
1733 1031 1943 1086 Amen.

525 1121 874 1192 Antiphona
902 1121 955 1176 1.
1007 1123 1072 1175 In
1099 1117 1421 1177 avertendo
1477 1118 1765 1174 Dominus
1791 1114 2096 1187 captivita-

453 1217 573 1269 tem
599 1209 791 1282 plebis
821 1225 967 1280 suae,
1017 1208 1246 1264 laetetur
1299 1207 1502 1273 Iacob,
1533 1209 1590 1263 et
1634 1203 1852 1262 exultet
1891 1202 2092 1262 Israel.

453 1300 719 1357 Psalmus
740 1314 871 1354 xm.

526 1387 750 1443 Oratio.
776 1387 1006 1441 Nomen
1026 1387 1199 1439 tuum
1237 1381 1486 1438 Domine
1518 1380 1756 1437 credere
1781 1393 2017 1452 semper
2041 1383 2098 1434 et

451 1476 728 1532 invocare
757 1489 886 1539 nos,
916 1472 1131 1530 facito:
1165 1485 1240 1528 ne
1281 1485 1421 1528 cum
1452 1469 1630 1525 corde
1681 1467 2097 1541 insipientium

453 1563 797 1628 sentiamus,
827 1560 934 1634 qui
959 1559 1186 1616 inﬁdeli
1206 1573 1352 1615 voce
1401 1556 1750 1614 adclamant
1790 1575 1808 1611 :
1850 1559 1976 1612 Non
2013 1559 2102 1612 est

452 1653 626 1707 Deus.
659 1647 1110 1721 Corruptionem
1147 1646 1362 1702 mentis
1404 1661 1613 1702 eorum
1667 1645 1746 1702 ad
1792 1644 2100 1700 veritatem

453 1741 727 1795 converte
757 1735 1025 1792 ﬁdelium
1057 1751 1070 1789 :
1101 1740 1165 1790 ut
1191 1733 1418 1800 ﬁdeles,
1447 1749 1657 1790 eorum
1688 1732 1952 1806 pravitas
1979 1745 2103 1788 non

453 1826 796 1892 subvertat;
828 1823 933 1880 sed
944 1822 1172 1889 ﬁdeles,
1200 1821 1332 1878 illos
1353 1821 1867 1894 doctrinapietatis
1893 1819 2105 1892 adqui-

453 1918 588 1971 rant
619 1918 721 1970 :ut
752 1911 1021 1968 inﬁdeles
1044 1914 1270 1968 sectam
1300 1909 1772 1966 abominabilem
1794 1912 2101 1981 respuant;

453 2006 511 2058 et
537 2017 676 2057 cum
701 1999 996 2071 ﬁdelibus,
1018 1999 1308 2056 Trinitatis
1331 1997 1652 2058 essentiam
1669 1997 1846 2053 corde
1871 1997 2102 2067 integro

452 2089 750 2146 fateantur
769 2092 826 2146 et
849 2087 1093 2144 credant
1117 2104 1132 2156 ;
1160 2091 1224 2143 ut
1249 2103 1385 2143 cum
1412 2086 1588 2158 justis
1618 2085 2102 2156 generationibus

454 2178 834 2250 deputentur,
860 2179 917 2234 et
937 2191 1077 2234 cum
1095 2175 1324 2232 Sanctis
1356 2175 1485 2248 ejus
1535 2173 1926 2232 beatitudinis
1976 2173 2103 2245 glo-

454 2267 608 2324 riam
628 2266 946 2340 potiantur.
976 2277 1043 2335 ni.
1070 2267 1280 2321 Amen.

523 2354 937 2424 Antiphona2.
969 2352 1245 2438 Adimple
1270 2368 1380 2429 nos
1407 2351 1606 2410 laetitia
1634 2366 1774 2408 cum
1795 2350 1964 2409 vultu
1999 2354 2100 2409 tuo

456 2444 725 2500 Domine.
756 2442 1018 2498 Psalmus
1043 2457 1142 2497 xv.

531 2548 706 2622 158
730 2549 947 2608 Oratio.
990 2548 1134 2604 Pars
1170 2545 1514 2603 hereditatis
1546 2548 1793 2612 nostrae,
1850 2545 2099 2602 Domine

453 2638 630 2704 Deus,
656 2637 716 2694 in
739 2643 840 2694 tua
862 2635 1495 2706 {consistitteternitate
1528 2652 1540 2690 :
1576 2635 1740 2691 Unde
1781 2651 2100 2708 precamur

452 2730 509 2783 te
540 2725 808 2790 Domine,
833 2725 1050 2797 pietate
1063 2725 1236 2782 solita
1255 2723 1646 2780 hereditatem
1668 2727 1835 2780 tuam
1861 2739 2096 2784 conser-

449 2830 525 2870 va
554 2831 567 2880 ;
599 2819 654 2869 et
671 2813 915 2870 calicem
930 2813 1249 2884 passionis,
1267 2827 1450 2884 quem
1468 2813 1686 2883 potasti
1707 2828 1818 2885 pro
1833 2829 1923 2877 ea,
1945 2828 2100 2868 sem-

449 2917 557 2974 per
596 2901 651 2962 ei
681 2916 789 2974 pro
818 2900 1083 2957 remedio
1114 2906 1326 2971 priesta
1359 2915 1371 2954 :
1396 2903 1462 2955 ut
1490 2898 1641 2956 sicut
1669 2899 2096 2972 redemptionis

449 2989 738 3062 prmolara
768 2994 905 3045 sunt
921 3002 1189 3053 munera,
1224 2988 1308 3043 ita
1323 2987 1776 3060 redemptorum
1791 2988 1865 3044 sit
1885 2987 2098 3061 adqui-

452 3078 589 3136 sitio
619 3076 865 3150 copiosa
897 3093 909 3132 :
943 3077 1160 3150 quique
1183 3075 1476 3147 redempti
1523 3091 1735 3132 sumus
1761 3091 1937 3132 cruce
1970 3080 2093 3144 tua,

453 3167 642 3232 simus
667 3164 952 3237 perpetim
1006 3163 1303 3224 hereditas
1360 3169 1463 3224 tua
1503 3179 1518 3219 :
1559 3167 1622 3221 ut
1655 3179 1764 3220 nec
1816 3165 1880 3222 in
1923 3163 2097 3222 infer—

449 3269 598 3313 num
623 3252 893 3312 animam
922 3256 1188 3316 nostram
1240 3250 1579 3322 relinquas;
1623 3252 1729 3308 sed
1753 3253 2096 3325 incorrupte

453 3344 656 3404 tecum
681 3357 918 3414 semper
959 3341 1251 3398 victuram
1309 3344 1430 3396 atto
1443 3339 1581 3396 llas.
1612 3351 1676 3411 Ii.
1703 3344 1915 3398 Amen.

519 3431 862 3502 Antiphona
891 3433 944 3485 3.
994 3429 1186 3484 Virtus
1211 3442 1374 3484 mea.
1440 3429 1707 3484 Psalmus
1741 3445 1882 3486 xvn.

521 3540 586 3598 ﬁ.
619 3528 838 3588 Habeta
865 3526 1153 3584 ﬁduciam
1175 3541 1380 3582 coram
1439 3525 1714 3595 Domino,
1742 3527 2099 3601 etmultipli-

451 3621 658 3674 cantur
685 3617 868 3672 corda
895 3618 1113 3686 vestra,
1142 3615 1206 3671 P.
1246 3617 1308 3672 in
1333 3613 1822 3674 sanctiﬁcatione.
1869 3616 1933 3678 ν.
1964 3618 2097 3676 Per-

452 3705 588 3762 fecti
639 3708 822 3760 estote
855 3721 868 3759 :
897 3702 1336 3759 exhortamini:
1373 3703 1532 3760 idem
1583 3704 1771 3776 sapite
1805 3726 1818 3761 :
1880 3720 2095 3777 pacem

450 3793 690 3863 habete,
721 3795 776 3848 et
797 3794 953 3848 Deus
982 3791 1148 3863 pacis
1169 3791 1277 3852 erit
1306 3791 1718 3850 vobiscum.P.
1753 3797 1815 3848 ln
1837 3794 2097 3850 sanctiﬁ-

453 3881 704 3937 catione.
734 3879 796 3941 V.
821 3879 1032 3947 Gloria,
1066 3883 1124 3940 et
1140 3879 1335 3940 honor
1374 3879 1550 3944 Patri,
1594 3885 1650 3939 et
1689 3881 1860 3938 Filio.
1904 3883 2095 3940 Reite-

459 3975 627 4027 retur
655 3980 700 4039 ﬁ
712 4012 724 4024 .

524 4075 747 4133 Preces.
772 4073 862 4130 Ad
893 4077 945 4130 te
967 4074 1302 4130 clamamus
1328 4075 1598 4132 Domine.
1650 4078 1721 4132 P.
1751 4075 2094 4146 Precamur,

455 4166 520 4220 ut
541 4163 848 4221 exaudias.
869 4163 930 4223 ῒ.
959 4162 1109 4219 Audi
1132 4179 1341 4219 vocem
1372 4164 1734 4236 supplicum,
1776 4171 1832 4222 et
1859 4167 1939 4224 da
1955 4167 2097 4224 vita;

453 4251 807 4309 remedium.
835 4252 900 4305 P.
931 4251 1268 4317 Precamur,
1339 4257 1403 4308 ut
1431 4253 1751 4312 exaudias.
1781 4255 1842 4316 γ.
1872 4258 2100 4314 Causas

457 4341 685 4412 peccati
697 4354 927 4404 amove,
941 4343 999 4395 et
1011 4339 1091 4395 da
1135 4339 1332 4396 locum
1349 4341 1558 4398 veniae.
1585 4344 1649 4398 P.
1676 4345 2014 4411 Precamur,
2036 4349 2102 4401 ut

459 4427 766 4485 exaudias.
791 4426 854 4486 )7.
885 4428 969 4483 Da
994 4427 1169 4484 nobis
1199 4429 1683 4502 auxilium,quod
1741 4438 1978 4505 superet
2001 4449 2103 4506 pe-

459 4516 738 4573 riculum.
757 4515 830 4574 P.
847 4515 1186 4580 Precamur,
1219 4521 1284 4572 ut
1311 4517 1619 4576 exaudias.
1640 4519 1702 4579 ἳί.
1718 4521 1889 4586 Audi,
1920 4523 2099 4591 Deus,

461 4603 674 4661 viduas
704 4608 760 4660 et
779 4604 1188 4675 orphanorum
1217 4606 1580 4679 lachrymas.
1603 4609 1668 4664 P.
1689 4609 2103 4681 Precamur,ut

460 4692 746 4750 cxaudias
758 4736 772 4750 .

528 4798 812 4870 Hymnus.
837 4801 882 4856 Ο
909 4803 1222 4867 Nazarene,
1261 4801 1366 4858 lux
1398 4801 1762 4872 Bethlehem,
1791 4808 1902 4860 etc.
1935 4805 2103 4872 Quae-

461 4902 525 4945 re
541 4888 656 4956 fol.
717 4891 840 4944 144.
895 4890 1288 4964 Supplicatio.
1331 4893 1583 4948 Oremus
1646 4891 2102 4967 Redemptorem

463 4976 698 5033 mundi.
714 4977 824 5045 fol.
861 4981 981 5034 138.

533 5082 830 5152 Capitula.
863 5083 1176 5156 Refugium
1201 5089 1493 5152 nostrum,
1530 5087 1801 5154 Domine,
1837 5086 1899 5142 in
1931 5089 2102 5148 tuum

464 5185 703 5244 semper
755 5171 1136 5230 conlocemus
1179 5174 1624 5232 arbitriumzut
1670 5189 1780 5230 nec
1841 5175 2103 5247 scopulis

461 5257 775 5326 elidamur,
806 5276 914 5318 nec
938 5261 1296 5318 tumentium
1343 5260 1791 5318 mundanorum
1809 5261 2102 5320 ﬂuctuum

460 5349 912 5422 tempestatibus
941 5351 1309 5418 obruamur;
1340 5350 1440 5405 sed
1470 5349 1531 5404 in
1558 5351 1784 5406 cunctis
1810 5351 2098 5420 adversis,

461 5435 717 5492 dexterae
747 5441 862 5494 tuae
883 5437 1226 5494 fortitudine
1252 5436 1484 5510 protegi
1530 5452 1908 5510 mereamur;
1933 5440 2102 5496 disci-

459 5524 624 5596 plina
650 5529 750 5581 tua
778 5526 1104 5580 doceamur
1133 5524 1434 5591 ;doctrina
1462 5525 1805 5596 dirigamur,
1834 5531 1890 5584 et
1919 5529 2104 5610 incre-

459 5614 676 5670 mentis
721 5612 1126 5685 spiritualibus
1151 5613 1470 5671 dilatemur
1502 5615 1912 5674 :Famulatum
1928 5617 2098 5676 ﬁdei:

2198 586 2261 643 in
2285 589 2765 645 remuneratione
2797 591 3100 662 percipere
3155 603 3518 647 mereamur.

2271 674 2673 733 Paternoster.
2703 675 2770 734 Et
2795 692 2873 734 ne
2915 693 3055 735 nos.

2841 767 2933 822 Ad
2981 767 3242 824 Nonam.

2413 853 2816 910 Ecclesiastici
2863 852 3190 912 Salomonis
3240 853 3395 924 (Cap.
3420 853 3582 928 xvn).

2275 952 2337 1012 1y.
2373 942 2492 996 Deo
2523 942 2770 1010 gratias.

2276 1028 2395 1096 Fili,
2450 1028 2606 1084 Deus
2655 1029 2875 1085 creavit
2895 1029 3206 1088 hominem
3244 1029 3319 1086 de
3349 1034 3518 1096 terra,
3543 1035 3602 1088 et
3645 1047 3872 1090 secun-

2203 1116 2351 1172 dum
2376 1116 2701 1188 imaginem
2715 1133 2889 1174 suam
2904 1117 3240 1176 fecitillum.
3275 1117 3342 1174 Et
3376 1118 3584 1175 iterum
3611 1136 3868 1179 conver-

2201 1203 2268 1259 tit
2291 1202 2458 1258 illum
2481 1203 2542 1259 in
2599 1203 2815 1276 ipsam,
2847 1208 2903 1261 et
2922 1205 3256 1261 secundum
3304 1221 3368 1262 se
3422 1207 3655 1264 vestivit
3684 1207 3865 1265 illum

2201 1289 2436 1346 virtute.
2499 1288 2825 1349 Numerum
2862 1292 3116 1362 dierum,
3149 1297 3206 1350 et
3264 1297 3502 1367 tempus
3534 1283 3702 1354 dedit
3731 1296 3818 1353 illi
3848 1315 3864 1364 ;

2203 1381 2946 1454 potestatemeorum,quaa
2987 1384 3123 1438 sunt
3149 1397 3328 1454 super
3354 1389 3594 1453 terram,
3645 1384 3867 1444 POsuit

2204 1466 2478 1522 timorem
2535 1467 2689 1523 illius
2745 1484 2924 1541 super
2969 1485 3214 1526 omnem
3271 1486 3534 1542 carnem,
3577 1476 3636 1530 et
3667 1472 3868 1529 domi—

2205 1558 2385 1610 natus
2412 1557 2500 1610 est
2526 1554 2856 1612 bestiarum
2915 1557 3263 1614 volatilium.
3322 1559 3554 1616 Creavit
3614 1577 3688 1618 ex
3723 1561 3866 1634 ipso

2209 1641 2577 1712 adjutorium
2618 1643 2806 1699 simile
2839 1643 2954 1716 ipsi
2997 1661 3009 1700 :
3056 1645 3397 1716 consilium,
3449 1651 3508 1704 et
3553 1647 3870 1721 linguam,

2210 1734 2267 1785 et
2301 1729 2527 1797 oculos,
2557 1734 2612 1786 et
2636 1747 2827 1798 aures,
2853 1735 2910 1787 et
2939 1748 3042 1788 cor
3069 1731 3230 1788 dedit
3271 1732 3384 1789 illis
3434 1736 3822 1806 excogitandi
3849 1757 3863 1797 :
3929 1723 3948 1731 ’

2211 1822 2268 1874 et
2305 1817 2638 1890 disciplina,
2674 1822 2730 1875 et
2753 1819 3053 1876 intellectu
3079 1819 3330 1894 replevit
3349 1821 3502 1879 illos.
3537 1824 3769 1881 Creavit
3798 1824 3866 1880 il-

2209 1905 2282 1962 lis
2305 1906 2619 1963 scientiam
2631 1907 2890 1979 spiritus,
2909 1924 3091 1964 sensu
3115 1908 3384 1982 implevit
3406 1926 3508 1967 cor
3531 1926 3764 1983 eorum,
3803 1917 3865 1971 et

2209 1994 2371 2050 mala
2391 1998 2448 2050 et
2467 1994 2629 2051 bona
2654 1995 2911 2052 ostendit
2947 1996 3082 2054 illis.
3121 1995 3324 2054 Posuit
3371 1999 3614 2056 oculum
3647 2016 3864 2058 eorum

2211 2097 2390 2155 super
2410 2083 2592 2139 corda
2621 2098 2852 2153 eorum,
2884 2083 3196 2141 ostendere
3224 2085 3338 2142 illis
3383 2089 3693 2158 magnalia
3719 2105 3862 2163 ope-

2208 2185 2344 2227 rum
2357 2187 2623 2238 suorum,
2648 2175 2712 2228 ut
2727 2187 2948 2228 nomen
2963 2173 3447 2232 sanctiﬁcationis
3458 2177 3855 2247 conlaudent;

2210 2263 2266 2314 et
2291 2259 2533 2328 gloriari
2570 2259 2631 2316 in
2652 2260 3025 2317 mirabilibus
3048 2261 3228 2327 illius,
3260 2267 3317 2320 et
3346 2263 3655 2334 magnalia
3683 2281 3856 2323 enar-

2206 2361 2338 2403 rare
2376 2363 2627 2419 operum
2655 2349 2804 2419 ejus.
2846 2348 3086 2406 Addidit
3114 2349 3229 2406 illis
3259 2349 3660 2426 disciplinam,
3689 2358 3746 2410 et
3776 2354 3859 2410 le-

2209 2449 2346 2504 gem
2373 2435 2508 2490 vita:
2536 2436 2884 2494 hereditavit
2910 2437 3045 2494 illis.
3085 2440 3533 2498 Testamentum
3563 2447 3858 2500 aeternum

2208 2523 2512 2580 constituit
2537 2540 2676 2580 cum
2734 2525 2871 2594 illis,
2894 2529 2950 2582 et
2991 2525 3219 2597 judicia
3270 2544 3380 2586 sua
3407 2529 3667 2587 ostendit
3719 2529 3859 2587 illis.

2207 2621 2272 2682 13;.
2299 2614 2508 2669 Amen.

2833 2703 2932 2760 Ad
2967 2704 3222 2762 Nonum.

2547 2791 2747 2846 Lectio
2781 2791 2924 2847 libri
2953 2792 3190 2854 Genesis
3213 2793 3383 2864 (Cap.
3415 2793 3493 2861 v).

2276 2887 2342 2950 13:.
2368 2880 2486 2934 Deo
2513 2879 2756 2950 gratias.

2279 2967 2382 3022 Hic
2402 2971 2494 3023 est
2521 2967 2672 3024 liber
2692 2968 3092 3039 generationis
3107 2970 3317 3027 Adam.
3346 2973 3412 3028 In
3432 2969 3527 3028 die
3556 2987 3673 3044 qua
3696 2987 3857 3030 crea-

2205 3053 2290 3110 vit
2319 3057 2470 3110 Deus
2487 3055 2814 3124 hominem,
2844 3056 2922 3113 ad
2935 3057 3382 3116 similitudinem
3398 3059 3496 3116 Dei
3513 3058 3646 3116 fecit
3664 3060 3855 3118 illum.

2206 3141 2551 3210 Masculum,
2583 3147 2638 3199 et
2663 3143 2952 3202 feminam
2983 3147 3205 3204 creavit
3229 3163 3350 3215 eos,
3384 3152 3441 3206 et
3476 3147 3776 3208 benedixit
3795 3149 3864 3206 il-

2126 3206 2167 3262 C
2203 3228 2275 3286 lis
2308 3247 2320 3286 :
2349 3233 2884 3290 etvocavitnomen
2897 3249 3106 3292 eorum
3118 3235 3328 3302 Adam,
3344 3236 3405 3292 in
3421 3236 3518 3294 die
3539 3253 3661 3312 qua
3676 3237 3862 3296 creati

2206 3323 2369 3376 sunt.
2419 3320 2569 3376 Vixit
2608 3325 2809 3378 autem
2844 3322 3037 3382 Adam
3074 3329 3313 3382 centum
3348 3325 3593 3396 triginta
3633 3326 3810 3382 annis
3842 3345 3855 3385 :

2205 3411 2261 3464 et
2303 3408 2506 3477 genuit
2545 3407 2737 3466 ﬁlium
2777 3409 2856 3467 ad
2912 3411 3261 3486 imaginem,
3319 3416 3375 3470 et
3405 3413 3861 3474 similitudinem

2205 3510 2396 3560 suam,
2423 3497 2770 3569 vocavitque
2799 3513 3021 3556 nomen
3053 3501 3180 3572 ejus
3216 3501 3372 3558 Seth.
3422 3503 3488 3558 Et
3539 3501 3679 3561 facti
3720 3506 3862 3558 sunt

2204 3584 2333 3640 dies
2352 3583 2562 3655 Adam,
2588 3591 2908 3660 postquam
2925 3587 3130 3656 genuit
3149 3589 3306 3656 Seth,
3325 3590 3650 3660 octingenti
3671 3589 3816 3654 anni
3845 3608 3858 3648 :

2205 3671 2528 3744 genuitque
2551 3672 2707 3729 ﬁlios
2723 3678 2779 3734 et
2793 3674 3043 3731 ﬁlias.Et
3062 3675 3286 3740 factum
3303 3682 3393 3733 est
3417 3693 3596 3734 omne
3624 3682 3862 3751 tempus

2203 3761 2370 3833 quod
2397 3761 2544 3817 vixit
2560 3762 3316 3836 Adam,nongentitriginta
3327 3767 3489 3833 anni,
3512 3771 3568 3825 et
3583 3773 3862 3824 mortuus

2205 3853 2314 3907 est.
2355 3849 2504 3906 Vixit
2532 3867 2773 3924 quoque
2798 3853 2934 3912 Seth
2970 3858 3209 3912 centum
3249 3855 3511 3930 quinque
3567 3856 3761 3921 anuis,
3807 3860 3865 3914 et

2204 3938 2406 4009 genuit
2465 3941 2640 3996 Enos.
2680 3941 2830 3999 Vixit
2858 3957 3099 4016 quoque
3139 3943 3279 4000 Seth
3307 3949 3628 4016 postquam
3655 3945 3865 4018 genuit

2205 4029 2384 4095 Enos,
2432 4029 2785 4097 octingentis
2818 4034 3045 4102 septem
3068 4031 3262 4099 annis,
3296 4033 3619 4108 genuitque
3634 4033 3790 4090 ﬁlios
3807 4036 3864 4090 et

2203 4115 2379 4172 ﬁlias.
2410 4117 2473 4172 Et
2499 4116 2638 4173 facti
2667 4121 2806 4174 sunt
2833 4133 3044 4175 omnes
3075 4119 3203 4177 dies
3235 4121 3374 4179 Seth
3417 4125 3861 4193 nongentorum

2207 4203 2527 4260 duodecim
2543 4219 2862 4271 annorum,
2880 4210 2936 4261 et
2959 4212 3231 4264 mortuus
3251 4209 3518 4276 est.Vixit
3535 4199 3678 4268 vero
3701 4212 3860 4267 Enos

2207 4291 2539 4362 nonaginta
2569 4293 2761 4363 annis,
2795 4298 2852 4350 et
2875 4295 3079 4370 genuit
3103 4296 3352 4358 Cainan.
3399 4297 3542 4355 Post
3567 4300 3739 4371 cujus
3768 4314 3861 4356 or-

2208 4386 2337 4436 tum
2373 4380 2521 4436 vixit
2549 4381 2902 4454 octingentis
2933 4383 3276 4458 quindecim
3321 4386 3519 4458 annis,
3563 4392 3619 4444 et
3658 4389 3862 4458 genuit

2208 4468 2364 4525 ﬁlios
2380 4473 2438 4525 et
2463 4469 2642 4526 ﬁlias.
2671 4471 2946 4543 Factique
2966 4477 3103 4530 sunt
3131 4489 3346 4530 omnes
3373 4474 3501 4530 dies
3527 4478 3683 4532 Enos
3711 4491 3862 4534 non-

2131 4552 2177 4607 D
2211 4558 2367 4628 genti
2397 4558 2664 4632 quinque
2693 4560 2856 4624 anni,
2901 4565 2956 4620 et
2991 4567 3265 4620 mortuus
3297 4568 3407 4621 est.
3453 4565 3599 4628 Vixit
3625 4581 3864 4639 quoque

2212 4647 2436 4704 Cainan
2468 4649 2846 4722 septuaginta
2896 4649 3090 4722 annis,
3131 4655 3188 4724 et
3233 4652 3440 4724 genuit
3480 4651 3763 4712 Malaleel.
3799 4654 3867 4708 Et

2208 4737 2354 4792 vixit
2382 4737 2606 4793 Cainan
2632 4743 2956 4811 postquam
3002 4739 3208 4810 genuit
3237 4741 3520 4807 Malaleel,
3556 4743 3862 4812 octingen-

2211 4825 2284 4882 tis
2311 4826 2710 4899 quadraginta
2741 4825 2937 4893 annis,
2971 4829 3294 4904 genuitque
3317 4829 3474 4888 ﬁlios
3496 4834 3551 4888 et
3574 4829 3755 4888 ﬁlias.
3792 4831 3859 4886 Et

2212 4912 2350 4970 facti
2407 4919 2547 4972 sunt
2599 4931 2811 4973 omnes
2859 4915 2986 4972 dies
3032 4917 3259 4977 Cainan
3297 4918 3587 4991 nongenti
3650 4916 3859 4974 decem

2212 5003 2378 5081 anni,
2417 5007 2472 5060 et
2505 5007 2773 5062 mortuus
2809 5009 2920 5064 est.
2977 5005 3130 5068 Vixit
3171 5011 3370 5066 autem
3403 5001 3662 5064 Malaleel
3693 5021 3860 5061 sexa-

2212 5093 2378 5162 ginta
2405 5093 2671 5165 quinque
2701 5094 2894 5163 annis,
2934 5099 2990 5152 et
3020 5094 3223 5166 genuit
3252 5095 3444 5154 Jared.
3485 5095 3548 5150 Et
3577 5091 3722 5154 vixit
3747 5097 3860 5152 Ma-

2209 5178 2378 5235 laleel
2407 5185 2733 5254 postquam
2761 5182 2964 5251 genuit
2999 5183 3195 5250 Jared,
3229 5182 3578 5254 octingentis
3617 5181 3860 5258 triginta

2211 5267 2386 5324 annis
2421 5285 2433 5322 :
2465 5269 2524 5323 et
2551 5269 2755 5338 genuit
2790 5268 2945 5326 ﬁlios
2979 5274 3037 5328 et
3073 5271 3248 5326 ﬁlias.
3281 5273 3348 5326 Et
3404 5269 3539 5334 facti
3571 5275 3705 5328 sunt
3733 5287 3860 5326 om-

2210 5369 2317 5410 nes
2363 5355 2490 5410 dies
2531 5355 2786 5416 Malaleel
2843 5359 3169 5431 octingenti
3214 5357 3546 5428 nonaginta
3590 5361 3860 5433 quinque

2211 5444 2373 5509 anni,
2412 5449 2468 5499 et
2497 5450 2766 5502 mortuus
2799 5454 2906 5505 est.
2940 5450 3086 5506 Vixit
3125 5461 3364 5520 quoque
3415 5449 3590 5504 Jared
3621 5454 3860 5505 centum

2211 5531 2521 5604 sexaginta
2545 5531 2784 5591 duobus
2806 5537 3002 5607 annis,
3035 5542 3089 5593 et
3119 5535 3320 5604 genuit
3343 5535 3605 5594 llenoch.
3633 5540 3699 5596 Et
3718 5538 3861 5592 vixit

2209 5618 2387 5676 Jared
2424 5622 2745 5694 postquam
2775 5626 2977 5695 genuit
3013 5620 3184 5695 149
3216 5622 3478 5693 Henoch,
3505 5624 3860 5695 octingentis
