4160 6428
294 375 403 433 277

1478 377 1838 434 DOMIN'ICA
1876 377 1899 434 Ι
1939 377 2551 447 ΟΗΑΠΒΑῦΕΞΙΜᾹΞ.

3615 376 3722 431 278

298 500 496 571 annis,
528 503 588 557 et
613 501 821 575 genuit
839 500 994 559 filios
1019 507 1077 560 et
1114 502 1289 558 ﬂlias.
1322 504 1388 560 Et
1408 502 1547 559 facti
1578 506 1719 559 sunt
1749 517 1960 560 omnes
1992 514 2036 561 A
2142 504 2437 576 Capztula.
2464 503 2551 560 Sit
2586 504 2803 560 festum
2829 503 3126 574 jejunium
3149 503 3419 559 nostrum
3444 499 3609 574 apud
3638 502 3718 558 te.

290 590 423 647 dies
441 591 623 647 Jared
650 591 941 664 nongenti
961 592 1278 662 sexaginta
1299 592 1420 648 duo
1454 592 1678 663 anni,et
1691 598 1962 648 mortuus

293 686 403 737 est.
434 683 619 736 Porro
664 680 906 736 Henoch
930 681 1077 736 vixit
1120 681 1433 752 sexaginta
1461 681 1729 754 quinque
1759 681 1953 752 annis,

288 773 348 826 et
378 770 586 839 genuit
628 769 1044 837 Mathusalem,
1077 775 1134 827 et
1163 770 1493 827 ambulavit
1531 771 1771 827 Henoch
1818 786 1958 826 cum

287 857 414 914 Deo
430 875 444 913 :
463 861 520 914 et
536 858 685 914 vixit
707 859 949 915 Henoch
969 862 1298 931 postquam
1317 859 1519 930 genuit
1538 858 1954 931 Mathusalem,

285 946 566 1003 trecentis
582 946 778 1014 annis,
812 947 1082 1015 etgenuit
1106 947 1259 1003 ﬁlios
1300 951 1355 1003 et
1373 947 1627 1003 ﬁlias.Et
1660 946 1795 1002 facti
1821 949 1959 1002 sunt

288 1052 507 1094 omnes
520 1036 649 1093 dies
664 1037 909 1094 Henoch
921 1038 1164 1094 trecenti
1181 1038 1495 1107 sexaginta
1510 1038 1776 1111 quinque
1790 1039 1951 1094 anni.

286 1126 761 1200 Ambulavitque
775 1142 912 1183 cum
934 1128 1073 1196 Deo,
1100 1130 1156 1183 et
1178 1142 1301 1183 non
1318 1127 1593 1200 apparuit
1622 1143 1635 1182 :
1658 1128 1802 1199 quia
1830 1127 1960 1184 tulit

285 1216 465 1271 illum
491 1217 669 1271 Deus.
703 1216 1109 1288 Vixitquoque
1141 1216 1529 1271 Mathusalem
1542 1219 1779 1271 centum
1800 1219 1957 1273 octo-

286 1304 462 1375 ginta
492 1308 724 1375 septem
774 1304 972 1371 annis,
1002 1308 1058 1360 et
1102 1304 1305 1374 genuit
1361 1304 1634 1360 Lamech.
1689 1307 1755 1361 Et
1810 1304 1953 1361 vixit

284 1392 686 1449 Mathusalem
700 1398 1023 1466 potsquam
1051 1394 1253 1463 genuit
1268 1393 1549 1459 Lamech,
1570 1394 1951 1465 septingentis

282 1482 598 1550 octoginta
623 1480 865 1537 duobus
892 1483 1083 1548 annis,
1120 1487 1173 1537 et
1203 1482 1402 1551 genuit
1422 1483 1577 1537 ﬁlios
1604 1486 1660 1537 et
1689 1482 1860 1537 ﬁlias.
1885 1485 1951 1537 Et

278 1569 425 1627 facti
455 1573 822 1626 suntomnes
845 1570 975 1626 dies
991 1571 1381 1627 Mathusaiem
1407 1572 1692 1641 nongenti
1707 1574 1947 1642 septua-

279 1658 453 1727 ginta
496 1673 721 1714 novem
775 1659 938 1728 anni,
981 1663 1039 1715 et
1092 1664 1364 1715 mortuus
1406 1663 1516 1715 est.
1570 1658 1721 1714 Vixit
1744 1662 1943 1715 autem

276 1746 543 1803 Lamech
574 1750 815 1803 centum
856 1747 1159 1817 octoginta
1174 1747 1412 1803 duobus
1443 1748 1635 1816 annis,
1661 1752 1715 1803 et
1741 1748 1943 1819 genuit

274 1832 507 1891 ﬁlium:
558 1836 913 1908 vocavitque
941 1850 1165 1891 nomen
1195 1836 1325 1907 ejus
1368 1838 1508 1903 Noe,
1554 1836 1793 1891 dicens:
1832 1840 1940 1891 Iste

275 1923 699 1981 consolabitur
737 1939 849 1980 nos
902 1924 980 1980 ab
1028 1924 1333 1996 operibus,
1366 1927 1421 1980 et
1457 1923 1766 1980 laboribus
1818 1941 1941 1982 ma-

272 2028 470 2069 nuum
501 2016 865 2083 nostrarum,
895 2013 957 2069 in
982 2016 1140 2070 terra
1166 2014 1261 2069 cui
1283 2013 1589 2070 maledixit
1626 2012 1935 2072 Dominus.

274 2113 343 2174 ἢ.
373 2103 594 2161 Amen.

351 2192 727 2262 Antiphona.
765 2198 812 2249 1.
859 2194 953 2250 Ad
1009 2192 1417 2249 defensionem
1464 2195 1735 2249 nostram
1782 2192 1936 2247 Deus

278 2286 492 2336 noster
519 2282 770 2354 respice.
802 2284 1075 2340 Psalmus
1100 2298 1223 2337 xxi.

355 2370 584 2426 Oratio.
623 2370 715 2425 Ad
744 2371 1156 2428 defensionem
1186 2373 1455 2427 nostram
1487 2370 1737 2426 Domine
1784 2370 1938 2426 Deus

271 2462 483 2514 noster
521 2458 839 2530 dignanter
885 2461 1145 2532 respice;
1174 2460 1333 2531 eripe
1364 2475 1401 2514 a
1427 2458 1657 2514 framea
1704 2458 1937 2515 animas

268 2552 543 2605 nostras:
578 2553 633 2604 et
662 2561 737 2603 ne
780 2548 1054 2604 doctrina
1084 2563 1404 2620 pascamur
1439 2547 1656 2617 lethali,
1686 2551 1787 2603 tuo
1825 2561 1937 2603 nos

112 2660 224 2752 [βλ
264 2637 567 2692 tutamine
587 2652 751 2709 rege;
778 2637 1075 2710 simulque
1106 2636 1179 2692 de
1206 2652 1307 2693 ore
1327 2636 1533 2705 leonis,
1581 2651 1790 2707 rapere
1820 2650 1934 2692 nos

271 2726 572 2752 Αιελεηνιιει-
601 2725 788 2752 ιειυη...
824 2744 835 2752 .
856 2730 908 2752 ..ι
935 2725 1599 2752 ..ι-,ιηι-...ιιοεηνυ-ικιιιιζηυκ
1619 2725 1907 2752 ..ην-ἐκηλο-

268 2725 795 2796 cupientis,libera
823 2730 909 2782 :et
932 2726 1279 2782 oblatrantis
1295 2725 1601 2796 perfidiam
1616 2725 1781 2780 canis
1796 2738 1932 2796 per-

262 2814 434 2884 vigili
464 2816 753 2884 contuitu,
779 2815 1004 2872 solicita
1023 2830 1137 2870 nos
1166 2819 1405 2889 protege
1433 2828 1594 2869 cura.
1627 2823 1692 2886 ηε.
1718 2814 1929 2868 Amen.

337 2904 467 2957 Per.

334 2990 678 3062 Anta'phona
702 2994 753 3046 2.
788 2991 1014 3047 Delicta
1042 2991 1147 3067 qui
1180 2990 1344 3047 solus
1366 2989 1929 3061 intelligis,apecca-

260 3081 338 3137 tis
368 3081 588 3136 nostris
614 3082 846 3137 munda
873 3096 1002 3149 nos,
1040 3080 1310 3136 Domine.
1339 3079 1628 3135 Psalmus.
1654 3095 1819 3135 xvm.

339 3169 569 3225 Oratio.
602 3170 689 3223 Ab
720 3170 967 3227 occultis
998 3169 1213 3226 nostris
1251 3169 1481 3224 munda
1506 3167 1924 3236 nos,Domine,

2070 592 2341 660 Domine,
2369 595 2471 667 qui
2494 592 2834 665 iniquitates
2874 590 3053 657 deles,
3084 594 3139 645 et
3153 595 3399 662 peccata
3434 589 3715 645 dimittis:

2068 682 2201 737 vide
2232 684 2486 751 gemitus
2516 680 2925 738 conﬁtentium
2954 678 3080 742 tibi,
3114 683 3171 733 et
3201 693 3408 749 preces
3443 678 3716 732 omnium

2066 768 2317 825 libenter
2336 770 2579 826 exaudi:
2631 774 2712 840 ut,
2746 768 2851 842 qui
2899 768 3005 824 tibi
3053 767 3115 823 in
3142 766 3385 822 veritate
3430 764 3713 830 serviunt,

2067 857 2427 915 adversitate
2456 855 3247 923 nullaturbentur,auferens
3270 866 3515 910 omnem
3547 851 3717 908 mali-

2068 946 2209 1003 tiam
2228 947 2301 1003 de
2320 947 2602 1003 cordibus
2621 947 2862 1015 nostris,
2896 951 2961 1002 ut
2989 946 3104 1001 tuis
3126 941 3478 1000 inhaerendo
3497 954 3714 1014 praece-

2066 1036 2195 1107 ptis,
2232 1040 2333 1092 tua
2361 1053 2474 1093 nos
2499 1053 2646 1109 pace
2666 1035 2949 1092 laetiﬁcos.

2136 1128 2304 1180 Pater
2328 1130 2549 1181 noster.

2138 1214 2664 1271 BenedictioJesus
2679 1213 3203 1284 SalvatorjacDeus
3215 1212 3416 1266 noster
3429 1207 3713 1265 emundet

2062 1317 2170 1356 vos
2193 1318 2299 1374 per
2316 1304 2687 1359 abstinentiae
2718 1303 3033 1376 puritatem
3048 1301 3124 1357 ab
3156 1300 3320 1356 omni
3341 1298 3535 1355 delicti
3560 1310 3707 1353 con-

2062 1390 2323 1460 tagione.
2362 1402 2423 1460 ιτς.
2450 1393 2657 1448 Amen.
2701 1394 2931 1464 Quique
2968 1394 3303 1446 vestrarum
3323 1393 3409 1444 est
3426 1385 3706 1457 redemp-

2060 1480 2140 1535 tio
2167 1480 2526 1545 animarum,
2555 1482 2631 1538 sit
2657 1484 3068 1536 remunerator
3096 1481 3426 1533 vestrorum
3454 1474 3707 1546 jejunio-

2057 1584 2211 1624 rum.
2242 1580 2311 1639 Ii.
2351 1571 2561 1625 Amen.
2587 1573 2656 1626 Ut
2684 1570 2761 1627 ab
2793 1585 2859 1624 eo
2874 1569 3128 1625 donetur
3151 1566 3321 1623 vobis
3335 1570 3555 1621 aeterna
3575 1562 3703 1635 glo-

2053 1657 2161 1723 ria,
2196 1675 2231 1714 a
2260 1675 2381 1731 quo
2400 1658 2757 1716 sanctiﬁcari
2776 1656 3088 1729 vosjvultis
3125 1670 3233 1727 per
3254 1653 3700 1711 abstinentiam.

2052 1757 2115 1816 1y.
2141 1747 2347 1804 Amen.

2117 1835 2244 1891 Per.

2125 1925 2349 1981 Lauda.
2380 1925 2613 1981 Initium
2647 1924 2952 1997 sapientiae
2975 1923 3173 1980 timor.
3195 1921 3307 1989 fol.
3357 1921 3473 1976 143.

2674 2029 2836 2069 ΡΕΒΙΑ
2875 2028 3091 2069 TERTIA.

2623 2104 2707 2158 Ad
2742 2102 3125 2158 Matutinum.

2118 2193 2269 2247 Voce
2303 2206 2439 2247 mea
2465 2192 2541 2247 ad
2578 2192 2900 2247 Dominum
2934 2189 3223 2245 clamavi:
3289 2189 3347 2243 et
3396 2182 3701 2242 exaudivit

2048 2294 2145 2335 me
2183 2280 2257 2336 de
2289 2286 2491 2337 monte
2518 2285 2725 2337 sancto
2741 2296 2870 2337 suo.
2904 2280 3168 2335 Psalmus
3190 2292 3267 2333 in.

2121 2370 2338 2426 Oratio.
2367 2371 2457 2426 Ad
2487 2370 2851 2440 te,Domine,
2870 2366 3306 2442 propriaavocis
3324 2366 3585 2421 clamore
3612 2362 3701 2419 di-

2045 2462 2355 2525 recto,non
2378 2459 2558 2515 verba
2578 2458 2804 2529 ingenti
2830 2473 2979 2513 sono
3004 2454 3493 2530 perstringimus;
3518 2452 3624 2509 sed
3642 2456 3698 2508 te

2047 2545 2126 2601 ad
2146 2547 2597 2619 propitiandum
2627 2551 2748 2603 toto
2780 2545 2977 2602 cordis
3008 2545 3224 2600 affectu
3274 2542 3694 2615 deposcimus;

2046 2635 2262 2691 exaudi
2305 2650 2417 2691 nos
2439 2651 2778 2707 quaesumus
2808 2634 2883 2689 de
2937 2638 3141 2689 monte
3180 2635 3386 2688 sancto
3424 2631 3527 2686 tuo
3560 2631 3696 2685 Jesu

2046 2722 2277 2780 Christo
2318 2725 2571 2780 Domino
2598 2727 2830 2779 nostro:
2867 2723 3039 2793 cujus
3064 2736 3187 2777 non
3209 2719 3456 2776 altitudo
3481 2719 3653 2788 erigit
3679 2735 3693 2773 :

2042 2812 2214 2882 cujus
2238 2812 2445 2868 dilatat
2464 2812 2745 2869 fortitudo
2778 2828 2792 2867 :
2817 2811 3111 2883 cujusque
3129 2807 3462 2881 amplitudo
3482 2808 3694 2864 conﬁr-

2038 2904 2186 2955 mat.
2208 2911 2272 2970 Bl.
2295 2902 2506 2957 Amen.

2108 2989 2447 3147 Siliiphona
2468 3082 2481 3132 l
2499 3077 2729 3133 .Domin
2738 3093 2810 3131 us
2823 3076 3103 3131 virtutem
3115 3072 3341 3146 populo
3361 3087 3472 3129 suo
3484 3072 3652 3129 dabit
3675 3090 3689 3129 :

2038 3168 2095 3221 et
2129 3166 2515 3222 benedicetin
2548 3181 2693 3238 pace
2722 3164 2962 3238 plebem
2987 3179 3181 3219 suam.
3206 3162 3475 3218 Psatmus
3498 3178 3691 3218 XXVIII.

258 3256 1446 3331 purgandoconscientiam,quaeinternis
1464 3274 1533 3313 ac
1550 3257 1805 3329 propriis
1829 3234 1918 3312 in;
1960 3234 2007 3295 Ο
2117 3258 2289 3329 150
2322 3234 2657 3313 OratioaDa
2706 3234 2943 3311 Domine
3002 3254 3277 3308 virtutem
3323 3250 3546 3323 populo
3588 3255 3694 3308 tuo

257 3347 461 3403 ﬁcitur
480 3347 733 3404 maculis
756 3368 767 3407 :
797 3348 874 3405 ab
892 3348 1098 3405 alienis
1124 3362 1365 3422 quoque
1388 3362 1569 3420 parce
1583 3347 1763 3402 servis
1782 3347 1924 3416 tuis;

258 3436 417 3494 ut'ea
435 3435 1017 3511 indulgeas,quae.vel
1040 3437 1337 3493 malorum
1361 3435 1649 3508 exemplis
1668 3435 1918 3492 addisci-

258 3524 526 3593 mus,vel
551 3526 746 3599 pravis
768 3526 961 3582 inlecti
977 3525 1464 3599 persuasionibus
1485 3529 1924 3597 perpetramus:

257 3618 347 3678 ut,
358 3614 453 3685 qui
468 3618 521 3669 te
537 3614 828 3687 proprium
842 3614 1084 3685 agnosci
1094 3631 1217 3669 mus
1231 3614 1529 3670 Dominum
1541 3618 1925 3685 ,peccatorum

255 3717 639 3775 nequaquam
654 3703 1233 3760 sentiamusulterius
1247 3704 1700 3773 dominatumn.
1718 3705 1923 3758 Amen.

335 3790 447 3845 Per
466 3791 940 3846 misericordiam
981 3795 1167 3856 tuam,
1199 3792 1354 3846 Deus
1384 3796 1604 3856 noster,
1639 3796 1747 3846 etc.

334 3878 699 3945 Antiphona
731 3883 783 3934 3.
808 3878 1036 3932 Exaudi
1065 3879 1250 3932 nosin
1277 3879 1395 3942 die,
1422 3893 1543 3947 qua
1564 3878 1929 3934 invocaveri‘

263 3980 411 4021 mus
435 3967 512 4032 te,
554 3964 801 4019 Domine
824 3965 978 4019 Deus
1015 3968 1235 4020 noster.
1262 3965 1535 4020 Psalmus
1564 3981 1672 4019 xm.

343 4054 644 4123 Hymnus.
676 4056 718 4109 Ο
742 4056 1057 4109 Nazarene.
1084 4052 1193 4123 fol.
1223 4053 1346 4107 Hi.

343 4141 831 4214 CapitulaJmple
849 4141 1096 4199 Domine
1110 4156 1321 4197 omnes
1336 4139 1648 4212 petitiones
1661 4142 1922 4209 nostras;

259 4247 335 4289 ac
376 4230 539 4286 mitte
579 4230 756 4286 nobis
785 4230 1077 4288 auxilium
1126 4229 1200 4286 de
1253 4233 1460 4285 sancto
1491 4246 1503 4282 :
1532 4244 1765 4285 memor
1802 4234 1925 4287 esto

259 4321 460 4378 omnis
478 4319 750 4376 sacrificii
763 4320 1132 4392 nostri,quod
1147 4319 1251 4375 tibi
1269 4335 1388 4374 non
1406 4319 1583 4374 solum
1600 4318 1920 4389 oblatione,

260 4410 371 4465 sed
400 4410 579 4465 etiam
632 4409 903 4465 oratione
935 4412 1113 4482 atque
1160 4408 1478 4465 afﬂictione
1528 4408 1925 4467 dicamus:ut

256 4515 371 4557 nos
395 4498 497 4556 tibi
510 4500 768 4555 humiles
787 4514 1019 4571 semper
1035 4498 1306 4565 facias,et
1322 4498 1603 4555 contritos
1627 4499 1916 4555 attendas.

330 4588 503 4665 Pater
533 4592 752 4643 noster.
789 4590 855 4645 Et
878 4588 947 4643 de
986 4604 1121 4644 nos.

331 4677 622 4733 Dominus
642 4678 715 4734 sit
737 4693 970 4749 semper
995 4677 1330 4735 vobiscum.
1357 4688 1419 4747 Ba.
1446 4678 1514 4733 Et
1536 4692 1674 4733 cum
1689 4677 1917 4750 spiritu.

861 4767 959 4821 Ad
991 4768 1325 4837 Vesperum.

330 4856 561 4913 Lauda.
591 4858 674 4913 Tu
705 4854 1053 4911 illuminans
1088 4857 1394 4911 lucernam
1419 4857 1913 4922 meam,Domine.

329 4945 697 5014 Antiphona.
724 4944 900 5000 Salva
926 4943 1162 5016 plebem
1185 4950 1349 5000 tuam
1372 4946 1640 5014 Domine,
1673 4950 1729 5003 et
1750 4948 1919 5003 bene-

254 5032 355 5089 dic
385 5034 778 5089 hereditatem
798 5038 983 5089 tuam.
1012 5034 1282 5089 Psalmus
1305 5051 1471 5090 xxvn.

326 5121 554 5179 Lauda.
609 5123 951 5193 Dirigantur
979 5124 1089 5178 viae
1120 5128 1356 5187 nostrae,
1402 5123 1670 5181 Domine.
1715 5124 1781 5182 P.
1821 5124 1914 5179 Ad

252 5211 681 5268 custodiendas
707 5211 1161 5282 justiﬁcationes
1188 5216 1343 5268 tuas.
1373 5212 1603 5272 itBeati
1626 5214 1917 5269 immacu-

249 5300 354 5355 lati
385 5300 445 5354 in
480 5300 572 5356 via
601 5318 613 5355 :
647 5301 750 5372 qui
784 5300 1095 5355 ambulant
1116 5301 1175 5354 in
1202 5300 1329 5371 lege
1355 5302 1830 5367 Domini.Gloria,
1861 5306 1917 5357 et

245 5388 446 5445 honor
471 5388 649 5444 Patri.
693 5390 753 5443 P.
788 5388 875 5443 Ad
915 5389 1820 5460 custodiendasjustiﬁcationes.

318 5478 612 5549 Hymnus.
659 5476 884 5532 Christe
940 5476 1207 5533 Salvator
1272 5478 1545 5534 omnium
1591 5480 1907 5545 Coelorum,

245 5569 359 5625 etc.
384 5568 591 5635 Quare
612 5566 715 5635 fol.
742 5567 826 5622 97.
850 5566 1245 5636 Supplicatz’o.
1280 5568 1528 5624 Oremus
1557 5568 1912 5641 Redempto-

246 5670 377 5713 rem
403 5652 643 5711 mundi.
679 5654 886 5723 Quaere
912 5654 1022 5722 fol.
1059 5655 1180 5713 138.

2039 3351 2247 3402 contra
2260 3346 2331 3401 ad
2342 3346 2674 3401 versitatem
2690 3345 2963 3400 omnium
2976 3342 3153 3411 mala;
3172 3341 3518 3415 plebemque
3532 3344 3693 3395 tuam

2038 3435 2203 3506 pacis
2225 3434 2537 3490 collatione
2564 3434 2891 3507 locupleta:
2920 3437 2978 3486 ut
2998 3447 3105 3503 pro
3137 3429 3510 3486 abundantia
3530 3428 3694 3499 quie-

2038 3522 2112 3577 tis
2156 3537 2365 3579 omnes
2410 3524 2470 3577 in
2500 3523 2721 3595 templo
2750 3528 2849 3577 tuo
2892 3520 2997 3576 tibi
3030 3518 3283 3590 gloriam
3314 3516 3635 3572 concinant
3676 3535 3689 3584 ;

2038 3611 2399 3687 laudemque
2421 3613 2642 3686 pariter
2672 3614 2726 3667 et
2753 3612 3066 3673 honorem,
3101 3607 3276 3663 malis
3329 3606 3466 3662 vita:
3512 3606 3692 3677 hujus

2038 3701 2256 3765 oblitis,
2284 3706 2398 3758 tua:
2420 3716 2657 3773 semper
2681 3699 2948 3756 deferant
2988 3696 3307 3768 majestati.
3342 3705 3411 3765 Bg.
3480 3695 3689 3751 Amen.

2107 3790 2213 3844 Per
2248 3790 2744 3846 misericordiam.

2107 3879 2160 3935 A
2176 3878 2488 3946 ntiphona.
2509 3878 2562 3932 2.
2588 3880 2902 3949 Sperantes
2923 3877 2981 3930 in
3009 3875 3260 3931 Domino
3285 3871 3693 3929 misericordia

2039 3966 2458 4035 circumdabit,
2484 3967 2784 4022 Psalmus.
2822 3980 2983 4021 χχχι.

2109 4053 2331 4109 Oratio.
2357 4055 2601 4110 Remitte
2621 4055 2869 4109 Domine
2888 4051 3255 4123 impietatem
3272 4050 3467 4106 cordis
3480 4051 3688 4106 nostri.

2035 4156 2145 4213 pro
2176 4157 2296 4214 qua
2325 4145 2379 4197 te
2405 4143 2602 4197 omnis
2637 4145 2886 4198 Sanctus
2916 4141 2976 4194 in
3034 4144 3299 4210 tempore
3348 4141 3689 4209 opportuno

2036 4234 2239 4285 exorat
2271 4249 2284 4300 ;
2315 4234 2492 4303 atque
2527 4230 2885 4286 intellectum
2918 4228 3110 4284 tribue
3142 4226 3316 4283 nobis
3349 4242 3457 4297 per
3476 4225 3690 4281 oratio-

2033 4320 2126 4376 nis
2157 4321 2530 4391 suffragium,
2559 4319 2722 4392 quod
2753 4333 3096 4392 precamur:
3131 4321 3189 4373 et
3220 4316 3443 4373 instrue
3471 4331 3585 4372 nos
3625 4314 3688 4372 in

2032 4409 2212 4480 hujus
2236 4411 2364 4466 vitae
2394 4410 2511 4474 via,
2534 4426 2657 4482 qua
2687 4409 3012 4481 gradimur.
3038 4418 3108 4479 ην.
3146 4408 3361 4465 Amen.

2101 4498 2212 4554 Per
2236 4498 2712 4555 misericordiam
2738 4502 2925 4565 tuam,
2949 4500 3059 4553 etc.

1950 4584 1998 4637 D
2101 4588 2445 4659 Antiphona
2477 4592 2528 4644 3.
2564 4587 2936 4644 Conﬁtemini
2959 4586 3213 4642 Domino
3242 4587 3304 4642 in
3327 4585 3589 4644 cithara:
3623 4584 3683 4640 in

2030 4678 2309 4749 psalterio
2336 4679 2545 4734 decem
2593 4677 2953 4734 chordarum
3000 4676 3233 4748 psallite
3280 4675 3380 4731 illi.
3410 4674 3684 4730 Psalmus

2032 4781 2233 4824 CXXXII.

2101 4856 2322 4911 Oratio.
2379 4856 2609 4911 Gaudio
2654 4856 2973 4926 justorum,
3038 4854 3202 4925 quod
3250 4856 3335 4908 est
3366 4851 3425 4907 in
3448 4854 3522 4917 te,
3569 4852 3682 4907 Do-

2028 4944 2208 5009 mine,
2242 4944 2607 5000 famulorum
2646 4949 2885 5000 tuorum
2924 4941 3170 4997 infunde
3207 4940 3541 4997 visceribus
3572 4959 3586 5010 ;
3619 4945 3685 4997 ut

2027 5031 2411 5087 conlaudatio
2440 5036 2558 5095 tua,
2589 5047 2724 5102 quae
2752 5035 2942 5085 rectos
2971 5030 3159 5095 decet,
3192 5045 3437 5085 omnem
3464 5044 3501 5086 a
3542 5044 3680 5085 sen-

2027 5119 2194 5175 sibus
2223 5120 2443 5176 nostris
2474 5120 2829 5192 pravitatem
2855 5122 3165 5192 expurget.
3199 5130 3261 5190 13:.
3278 5120 3476 5175 Amen.

2096 5211 2201 5265 Per
2228 5208 2717 5265 misericordiam.

2096 5298 2572 5369 Responsarium.
2599 5300 3026 5354 Convertamur
3046 5297 3124 5353 ad
3146 5298 3465 5354 Dominum
3490 5296 3679 5351 Deum

2023 5394 2312 5442 nostrum.
2334 5388 2699 5452 P.0uoniam
2724 5378 3029 5457 benignus
3059 5403 3127 5441 ac
3144 5387 3292 5441 mitis
3306 5389 3394 5441 est
3412 5384 3487 5440 ad
3515 5385 3680 5451 igno-

2023 5477 2340 5544 scendum;
2374 5476 2609 5533 dimittit
2633 5476 2693 5531 in
2716 5480 2982 5546 tempore
3011 5473 3679 5541 tribulationispeccata

2019 5571 2242 5621 nostra.
2272 5564 2339 5625 7V.
2372 5566 2587 5629 Venite,
2619 5565 2963 5630 adoremus,
2993 5567 3049 5618 et
3097 5561 3489 5634 procidamus
3541 5556 3677 5607 ante

2021 5656 2208 5710 Deum
2238 5671 2251 5721 ;
2284 5656 2340 5709 et
2375 5652 2680 5724 ploremus
2704 5667 2909 5709 coram
2939 5644 3594 5719 Domino,quifecitnos.
3615 5637 3677 5694 P.
