4160 6422
435 333 540 393 279

1691 317 2149 380 BREVIARIUM
2186 319 2575 383 GOTHICUM.

3743 321 3867 380 280

438 453 730 522 Quoniam
756 451 1076 523 benignus.
1102 449 1164 512 ἡ.
1198 450 1397 508 Gloria
1423 453 1538 509 etc.
1577 450 1900 507 Reiteretur
1958 447 2086 504 Res-
2113 445 2161 503 A
2193 463 2370 519 super
2397 448 2613 506 faciem
2639 453 2989 508 cunctarum
3011 448 3343 520 regionum.
3369 448 3466 502 Hae
3499 447 3644 500 sunt
3669 459 3867 516 gene-

429 543 798 613 pausarium.

1047 626 1119 682 In
1147 627 1462 685 Laudibus.

512 717 885 787 Antiphona.
916 714 1258 772 Secundum
1287 731 1575 788 magnam
1613 713 2084 771 misericordiam

439 809 626 872 tuam,
650 803 802 875 dele,
820 802 1090 870 Domine,
1122 802 1464 876 iniquitates
1491 819 1684 861 meas.
1713 803 1986 860 Psalmus
2027 816 2078 856 L.

509 893 726 952 Oratio.
766 891 1108 950 Secundum
1145 892 1590 950 multitudinem
1634 891 2082 949 miserationum

439 986 682 1039 tuarum
699 979 968 1048 Domine,
999 979 1129 1035 dele
1157 979 1500 1052 iniquitates
1531 989 1796 1037 nostras:
1827 985 1912 1047 ut,
1937 979 2085 1052 quia

441 1068 574 1125 ista;
591 1083 702 1123 nos
726 1070 1073 1137 aggravant,
1105 1065 1218 1122 illas
1231 1083 1341 1123 nos
1363 1067 1610 1136 erigant.
1631 1067 1742 1123 Cor
1768 1065 2083 1122 contritum

439 1160 497 1212 et
523 1154 902 1211 humiliatum
937 1169 1012 1209 ne
1044 1170 1288 1226 spernas
1315 1155 1376 1210 in
1398 1155 1598 1224 nobis,
1624 1155 1726 1210 sed
1746 1170 1851 1226 per
1881 1151 2084 1208 ineffa-

440 1243 621 1302 bilem
642 1244 987 1314 potentiam.
1015 1243 1311 1299 Trinitatis
1340 1243 1628 1299 inhabitet
1648 1244 1708 1299 in
1731 1242 1907 1298 nobis
1955 1239 2082 1312 Spi-

442 1333 590 1390 ritus
617 1333 1134 1400 Sanctus,innovet
1160 1331 1398 1403 spiritus
1426 1330 2084 1400 rectus,conﬁrmetspi-

443 1421 590 1477 ritus
617 1418 984 1490 principalis,
1013 1423 1191 1490 atque
1224 1419 1402 1474 unius
1422 1419 1741 1474 testimonii
1769 1420 1840 1475 sit
1874 1417 2084 1485 virtus,

445 1513 511 1566 ut
539 1507 918 1563 conﬁrmatos
940 1522 1049 1562 nos
1071 1521 1175 1578 per
1200 1509 1452 1572 Patrem,
1477 1506 1668 1563 editos
1687 1524 1815 1564 esse
1832 1507 2089 1579 gaudea-

445 1612 582 1653 mus
611 1611 715 1668 per
741 1594 1024 1667 Spiritum
1050 1595 1349 1652 Sanctum.
1376 1606 1447 1666 Βι.
1474 1595 1684 1652 Amen.

515 1684 626 1740 Per
652 1683 1153 1739 misericordiam.

2191 536 2451 592 rationes
2470 539 2594 594 Sem
2612 555 2622 594 :
2641 541 2768 595 Sem
2780 543 3008 594 centum
3024 552 3312 592 annorum
3326 533 3727 606 erat,quando
3746 547 3862 601 ge-

2192 627 2319 681 nuit
2337 627 2906 698 Arphaxat,biennio
2925 634 3059 698 post
3076 622 3679 694 diluvium.Vixitque
3709 622 3864 678 Sem

2192 717 2512 786 potsquam
2539 716 2742 785 genuit
2771 715 3094 787 Arphaxat,
3114 712 3477 785 quingentos
3531 724 3764 766 annos:
3794 711 3863 765 et

2193 803 2396 873 genuit
2415 804 2568 861 ﬁlios
2579 804 2817 861 etﬁlias.
2841 808 3018 860 Porro
3031 802 3333 874 Arphaxat
3372 803 3414 871 1
3431 801 3482 872 5
3496 801 3540 870 ι
3567 798 3719 855 vixit
3746 797 3850 854 tri—

2193 893 2356 963 ginta
2370 893 2636 966 quinque
2665 893 2856 963 annis,
2878 896 2934 948 et
2957 892 3161 962 genuit
3185 889 3411 948 Salech.
3433 888 3712 960 Vixitque
3743 891 3857 944 Ar-

2191 981 2418 1053 phaxat
2440 988 2760 1056 postquam
2790 982 2992 1052 genuit
3023 980 3246 1043 Salech,
3305 978 3584 1036 trecentis
3653 977 3857 1034 tribus

2191 1070 2394 1126 annis:
2436 1076 2492 1127 et
2517 1071 2718 1141 genuit
2745 1069 2901 1126 ﬁlios
2929 1075 2984 1126 et
3009 1069 3181 1125 ﬁlias.
3204 1068 3412 1126 Salech
3433 1081 3676 1140 quoque
3698 1064 3861 1121 vixit

2193 1157 2429 1226 triginta
2473 1159 2669 1224 annis,
2713 1164 2770 1214 et
2800 1158 3006 1228 genuit
3038 1157 3248 1213 Heber.
3297 1157 3562 1228 Vixitque
3605 1153 3850 1225 Salech,

2192 1251 2517 1317 postquam
2535 1249 2735 1315 genuit
2760 1247 2965 1313 Heber,
2981 1246 3423 1319 quatuorcentis
3440 1243 3627 1300 tribus
3645 1242 3855 1299 annis.

2196 1334 2351 1389 Vixit
2375 1341 2572 1390 autem
2597 1336 2783 1391 Heber
2808 1336 3046 1404 triginta
3075 1339 3128 1390 et
3156 1339 3414 1406 quatuor
3439 1331 3636 1398 annis,
3668 1336 3726 1387 et
3754 1346 3860 1401 ge-

2197 1423 2323 1477 nuit
2352 1423 2702 1483 Phalech.Et
2719 1425 2859 1479 vixit
2882 1424 3090 1487 Heber,
3116 1429 3443 1495 postquam
3476 1421 3683 1491 genuit
3700 1420 3862 1476 Pha-

2196 1511 2346 1580 lecb,
2367 1513 2814 1584 quatuorcentis
2835 1513 3067 1582 triginta
3080 1513 3253 1568 annis
3280 1528 3294 1577 ;
3327 1510 3602 1579 etgenuit
3616 1509 3775 1565 ﬁlios
3799 1515 3861 1566 et

2197 1599 2372 1655 ﬁlias.
2404 1600 2555 1655 Vixit
2584 1606 2784 1656 autem
2816 1599 3071 1656 Phalech
3096 1597 3611 1669 trigintaannis,et
3645 1598 3859 1666 genuit

2199 1687 2382 1744 Rheu.
2415 1688 2674 1760 Vixitque
2724 1688 2996 1754 Phalech,
3027 1693 3351 1760 postquam
3392 1686 3596 1756 genuit
3654 1687 3849 1752 Rheu,

517 1772 616 1829 Ad
637 1772 974 1829 Canticum.
999 1771 1364 1842 Antiphona.
1387 1774 1673 1828 Levemus
1687 1773 1864 1830 corda
1883 1778 2091 1832 nostra
2123 1793 2170 1848 Β
2200 1776 2463 1832 ducentis
2495 1793 2711 1832 novem
2735 1777 2908 1832 annis
2937 1782 3021 1832 :et
3039 1775 3414 1847 genuitﬁlios
3427 1774 3672 1832 etﬁlias.
3706 1776 3861 1831 Vixit

447 1877 588 1920 cum
613 1860 938 1932 lachrymis
969 1860 1048 1916 ad
1078 1862 1399 1916 Dominum
1426 1861 1489 1916 in
1513 1862 1699 1918 caelis.

861 1950 1176 2005 Canticum
1212 1950 1585 2006 Threnorum
1608 1967 1689 2006 ιιι.

523 2038 677 2106 Quid
701 2038 1098 2094 murmuravit
1123 2038 1309 2094 homo
1330 2038 1560 2107 vivens,
1590 2039 1613 2061 ‘
1632 2040 1721 2095 vir
1743 2055 1849 2111 pro
1891 2056 2096 2112 pecca-

451 2129 527 2188 tis
556 2128 718 2184 suis?
952 2174 954 2176 .

526 2219 866 2274 Scrutemur
888 2215 1014 2273 vias
1038 2219 1290 2282 nostras,
1319 2220 1376 2274 et
1393 2233 1756 2290 quaeramus,
1785 2219 1801 2236 '
1831 2222 1888 2275 et
1907 2233 2096 2276 rever-

453 2311 654 2366 tamur
677 2306 755 2362 ad
784 2305 1128 2361 Dominum:

526 2397 814 2452 Levemus
843 2394 1028 2452 corda
1053 2398 1258 2452 nostra
1287 2410 1426 2452 cum
1461 2395 1744 2453 manibus
1767 2397 1784 2415 '
1809 2395 1886 2454 ad
1903 2395 2096 2453 Domi-

455 2498 606 2542 num
629 2483 692 2539 in
718 2483 905 2541 caelis.

527 2571 642 2626 Nos
665 2567 867 2641 inique
892 2567 1148 2638 egimus,
1179 2571 1235 2624 et
1276 2567 1358 2625 ad
1388 2568 1767 2627 iracundiam
1807 2573 1860 2626 te
1887 2586 2097 2643 provo-

460 2658 761 2716 cavimus:
791 2657 813 2679 ’
830 2657 1048 2714 idcirco
1076 2659 1142 2713 tu
1163 2656 1545 2714 inexorabilis
1571 2673 1653 2715 es.

528 2746 817 2820 Operuisti
860 2747 922 2803 in
971 2745 1188 2813 furore,
1224 2750 1280 2803 et
1331 2746 1708 2820 percussisti:
1743 2749 1762 2770 "

453 2852 565 2894 nec
593 2835 928 2909 perpecisti.

526 2923 862 2996 Opposuisti
880 2921 1107 2980 nubem
1127 2922 1260 2990 tibi,
1275 2923 1293 2944 "
1315 2937 1391 2979 ne
1418 2927 1678 2981 transeat
1707 2925 1917 2983 oratio.

527 3011 740 3076 Gloria,
775 3017 830 3068 et
852 3011 1047 3068 honor
1075 3011 1247 3068 Patri.

1811 2748 2092 2816 occidisti,

2201 1868 2389 1921 autem
2405 1865 2568 1920 Rheu
2580 1865 2815 1933 triginta
2831 1865 3089 1937 quinque
3102 1864 3298 1930 annis,
3313 1869 3370 1919 et
3382 1864 3587 1933 genuit
3599 1865 3856 1922 Saruch.

2200 1953 2349 2008 Vixit
2365 1969 2604 2025 quoque
2618 1954 2982 2025 Rheu,postq
2992 1969 3128 2008 uam
3149 1953 3353 2022 genuit
3367 1952 3856 2019 Saruch,ducen-

2201 2038 2272 2096 tis
2311 2046 2535 2112 septem
2557 2041 2730 2096 annis
2759 2041 3059 2109 :etgenuit
3086 2040 3237 2095 ﬁlios
3257 2043 3313 2096 et
3343 2039 3518 2095 ﬁlias.
3535 2039 3690 2096 Vixit
3709 2056 3857 2097 vero

2205 2130 2429 2188 Saruch
2456 2129 2695 2198 triginta
2725 2128 2922 2194 annis,
2962 2134 3016 2183 et
3046 2129 3248 2198 genuit
3273 2127 3526 2184 Nachor.
3580 2127 3855 2200 Vixitque

2202 2217 2450 2281 Saruch,
2494 2222 2813 2288 potsquam
2844 2218 3046 2286 genuit
3070 2217 3318 2282 Nachor,
3340 2216 3613 2273 ducentis
3637 2217 3814 2273 annis
3841 2235 3856 2271 :

2204 2311 2260 2363 et
2287 2305 2490 2378 genuit
2512 2304 2669 2360 ﬁlios
2702 2310 2757 2360 et
2777 2304 2944 2361 ﬁlias.
2979 2305 3122 2360 Vixit
3151 2308 3352 2361 autem
3385 2305 3617 2361 Nachor
3641 2304 3856 2375 viginti

2204 2399 2260 2452 et
2289 2410 2506 2450 novem
2535 2394 2732 2459 annis,
2767 2398 2822 2449 et
2851 2393 3052 2463 genuit
3080 2394 3284 2449 Thare.
3317 2393 3462 2449 Vixit
3493 2397 3691 2449 autem
3731 2395 3853 2449 Na-

2205 2484 2368 2550 chor,
2395 2487 2718 2555 postquam
2731 2482 2933 2551 genuit
2957 2482 3412 2548 Thare,centum
3436 2481 3642 2538 decem
3669 2485 3726 2538 et
3745 2497 3854 2537 no-

2205 2587 2341 2628 vem
2358 2571 2530 2627 annis
2558 2587 2571 2625 :
2597 2569 3034 2640 etgenuitﬁlios
3054 2573 3110 2626 et
3138 2568 3314 2626 ﬁlias.
3362 2569 3630 2642 Vixitque
3661 2568 3856 2624 Thare

2206 2659 2581 2732 septuaginta
2593 2659 2848 2724 annis,et
2864 2657 3069 2727 genuit
3084 2657 3301 2713 Abram
3312 2657 3586 2726 ,Nachor,
3601 2661 3657 2713 et
3668 2659 3851 2713 Aran.

2206 2748 2386 2804 Porro
2418 2749 2598 2803 Aram
2622 2746 2824 2818 genuit
2837 2747 3003 2802 Loth.
3019 2747 3393 2817 Mortuusque
3409 2748 3498 2801 est
3512 2746 3694 2800 Aram
3713 2751 3855 2801 ante

2204 2839 2389 2894 Thare
2408 2841 2638 2908 patrem
2672 2852 2849 2890 suum
2878 2835 2940 2890 in
2969 2839 3122 2891 terra
3147 2834 3465 2891 nativitatis
3500 2849 3623 2888 suae
3683 2833 3745 2888 in
3777 2836 3856 2890 Ur

2207 2925 2966 2982 Chaldteorum.Duxerunt
3009 2929 3210 2980 autem
3259 2922 3480 2978 Abram
3501 2927 3556 2978 et
3619 2920 3857 2976 Nachor

2209 3030 2458 3070 uxores:
2510 3029 2733 3069 nomen
2772 3012 2970 3068 uxoris
3024 3011 3268 3080 Abram,
3312 3011 3478 3068 Sarai
3526 3014 3582 3066 et
3627 3025 3856 3064 nomen

640 3099 1023 3194 .Benedz'ctus.
1055 3099 1422 3194 Antiphonti.
1446 3104 1655 3194 ln_tuo_,
1681 3102 2098 3194 Deus,lumine
2132 3138 2173 3194 ρ
2208 3104 2408 3160 uxoris
2437 3103 2688 3171 Nachor,
2724 3101 2963 3167 Melcha,
2994 3101 3116 3156 tilia
3137 3104 3337 3168 Aram,
3387 3101 3570 3172 patris
3593 3097 3858 3194 Melchae,

453 3187 794 3243 videbimus
823 3186 1038 3242 lumen.
1066 3185 1126 3246 ἲν.
1170 3187 1418 3243 Ostende
1440 3188 1910 3246 misericordiam
1932 3196 2098 3247 tuam

457 3275 779 3332 scientibus
809 3281 882 3346 te,
925 3279 981 3331 et
1005 3274 1291 3345 justitiam
1323 3280 1488 3333 tuam
1516 3276 1605 3341 iis,
1649 3277 1749 3349 qui
1774 3281 1933 3334 recto
1961 3283 2099 3335 sunt

455 3363 654 3424 corde.

528 3454 857 3512 Canticum.
889 3451 1258 3509 Benedictus.
1288 3453 1395 3522 fol.
1429 3457 1485 3508 6.

524 3543 752 3608 Lauda.
783 3545 844 3597 In
873 3539 1090 3597 sanctis
1124 3540 1174 3610 ej
1188 3557 1252 3595 us
1274 3540 1516 3597 laudate
1539 3541 1895 3600 Dominum:
1920 3542 1982 3600 in
2003 3543 2098 3599 ﬁr-

456 3635 740 3687 mamento
753 3628 976 3686 virtutis
988 3628 1039 3698 ej
1049 3627 1366 3685 uslaudate
1379 3629 1704 3687 Dominum.
1718 3631 1989 3689 Psalmus
2007 3647 2092 3690 CL.

788 3719 988 3774 Lectio
1014 3715 1156 3773 libri
1178 3717 1414 3776 Genesis
1453 3719 1632 3792 (Cap.
1660 3721 1767 3792 ιιι).

526 3820 590 3880 Br.
633 3809 753 3864 Deo
783 3808 1022 3876 gratias.

527 3898 595 3956 In
614 3896 728 3955 illis
749 3895 964 3955 diebus
987 3899 1148 3956 :Erat
1175 3902 1330 3956 terra
1349 3897 1493 3956 labii
1507 3897 1706 3971 unius,
1727 3915 2098 3957 sermonum-

454 4002 572 4062 que
583 3984 953 4046 eorumdem.
962 3987 1220 4059 Cumque
1232 3986 1751 4059 proﬁciscerentur
1763 3987 1836 4045 de
1851 3989 2093 4054 oriente,

452 4075 808 4133 invenerunt
836 4089 1110 4147 campum
1134 4075 1198 4131 in
1222 4078 1376 4132 terra
1405 4077 1689 4142 Sennaar,
1712 4082 1768 4134 et
1794 4077 2100 4135 habitave-

453 4169 592 4221 runt
621 4163 683 4220 in
711 4179 802 4222 eo.
838 4163 1108 4234 Dixitque
1134 4163 1280 4220 alter
1299 4165 1377 4221 ad
1397 4165 1740 4236 proximum
1764 4183 1943 4224 suum
1965 4183 1977 4224 :
1996 4169 2096 4224 Ve-

454 4251 893 4320 nite,faciamus
922 4251 1219 4320 lateres,et
1242 4268 1596 4326 coquamus.
1630 4255 2093 4328 Habueruntque

454 4341 664 4396 lateres
682 4356 792 4412 pro
809 4339 988 4404 saxis,
1005 4343 1064 4396 et
1089 4339 1360 4398 bitumen
1380 4358 1488 4414 pro
1513 4348 1803 4401 cremento
1828 4360 1840 4399 :
1870 4344 2099 4401 etdixe-

454 4431 630 4484 runt:
662 4427 879 4494 Venite,
914 4427 1205 4484 faciamus
1233 4428 1410 4485 nobis
1449 4431 1752 4488 civitatem
1777 4436 1834 4488 et
1863 4431 2093 4498 turrim,

458 4515 632 4585 cujus
651 4493 889 4571 culmen
918 4515 1214 4587 pertingat
1243 4533 1433 4589 usque
1465 4518 1543 4575 ad
1572 4519 1817 4576 coelum:
1853 4525 1910 4578 et
1959 4493 2101 4577 cele-
2133 4493 2178 4548 D

454 4604 701 4660 bremus
709 4617 932 4660 nomen
947 4608 1209 4660 nostrum
1220 4610 1544 4678 antequam
1556 4607 1891 4665 dividamur
1901 4609 1964 4665 in
1975 4609 2102 4666 uni-

456 4707 661 4748 versas
691 4696 897 4749 terras.
927 4692 1243 4748 Descendit
1263 4699 1462 4751 autem
1487 4696 1778 4752 Dominus
1806 4702 1867 4754 ut
1880 4696 2104 4754 videret

457 4781 776 4848 civitatem,
800 4796 989 4854 quam
1017 4781 1393 4841 aediﬁcabant
1419 4782 1523 4839 ﬁlii
1568 4784 1782 4853 Adam,
1831 4791 1888 4843 et
1919 4786 2098 4844 dixit:

459 4870 604 4927 Ecce
619 4885 776 4925 unus
789 4877 876 4925 est
885 4869 1221 4942 populus,et
1237 4887 1428 4929 unum
1439 4876 1526 4929 est
1543 4871 1771 4931 labium
1785 4875 2066 4933 omnibus
2085 4892 2096 4931 :

459 4961 767 5030 coeperunt
787 4957 902 5015 hoc
918 4957 1128 5028 facere,
1156 4976 1266 5017 nec
1285 4961 1618 5020 desistenta
1644 4965 2102 5035 cogitationibus

461 5047 609 5114 suis,
632 5047 824 5104 donec
844 5063 946 5104 eas
969 5065 1148 5122 opere
1179 5051 1541 5122 compleant.
1560 5055 1761 5110 Venite
1780 5055 1976 5125 igitur,
1992 5055 2100 5111 de-

461 5135 840 5203 scendamus,
865 5141 921 5194 et
943 5137 1386 5196 confundamus
1399 5139 1504 5195 tibi
1523 5140 1760 5210 linguas
1784 5157 2013 5210 eorum,
2037 5149 2102 5200 ut

457 5240 582 5282 non
619 5225 820 5284 audiat
842 5228 1259 5300 unusquisque
1284 5243 1489 5284 vocem
1503 5229 1777 5299 proximi.
1801 5232 1992 5302 Atque
2021 5232 2101 5290 ita

456 5313 658 5371 divisit
672 5330 772 5372 eos
785 5315 1072 5372 Dominus
1095 5331 1167 5372 ex
1196 5315 1440 5372 illoloco
1468 5315 1531 5370 in
1552 5317 1864 5374 universas
1891 5322 2097 5394 terras,

458 5407 516 5460 et
543 5408 924 5461 cessaverunt
942 5402 1236 5460 aediﬁcare
1252 5401 1572 5460 civitatem.
1607 5404 1900 5464 Etidcirco
1927 5424 2100 5466 voca-

461 5495 588 5547 tum
616 5493 706 5548 est
729 5505 953 5548 nomen
973 5489 1103 5559 ejus
1114 5489 1296 5546 Babel
1316 5489 1548 5561 quiaibi
1563 5492 1882 5551 confusum
1901 5500 1992 5553 est
2019 5497 2101 5554 la-

457 5577 628 5637 bium
653 5578 944 5636 universae
958 5580 1123 5635 terrae
1136 5581 1193 5634 et
1219 5576 1359 5635 inde
1382 5577 1659 5651 dispersit
1679 5596 1781 5640 eos
1811 5582 2101 5644 Dominus

2207 3198 2262 3249 et
2282 3193 2462 3264 patris
2483 3192 2735 3248 Jeschae.
2750 3193 2884 3247 Erat
2902 3196 3104 3246 autem
3126 3191 3290 3247 Sarai
3321 3187 3859 3254 sterilis,nechabe-

2205 3281 2307 3337 bat
2330 3281 2569 3335 liberos.
2600 3278 2751 3334 Tulit
2767 3279 2968 3351 itaque
2987 3279 3174 3334 Thare
3194 3277 3415 3334 Abram
3434 3277 3628 3332 tilium
3655 3291 3858 3342 suum,

2206 3373 2262 3425 et
2285 3369 2432 3424 Loth
2460 3365 3070 3434 ﬁliumAram,ﬁlium
3090 3366 3197 3422 ﬁlii
3219 3364 3329 3432 sui,
3372 3371 3427 3422 et
3458 3364 3863 3422 Sarainurum

2207 3473 2404 3524 suam,
2438 3472 2686 3514 uxorem
2711 3456 2935 3512 Abram
2970 3455 3080 3512 ﬁlii
3111 3456 3222 3522 sui,
3252 3460 3308 3512 et
3333 3454 3536 3510 eduxit
3561 3469 3664 3510 eos
3683 3453 3760 3510 de
3791 3454 3870 3510 Ur

2207 3546 2638 3617 Chaldmorum,
2696 3545 2931 3601 utirent
2981 3545 3042 3600 in
3070 3549 3287 3601 terram
3311 3544 3625 3601 Chanaan:
3681 3557 3863 3598 vene-

2204 3641 2456 3707 runtque
2480 3650 2672 3708 usque
2695 3636 2894 3702 Aram,
2918 3637 2974 3690 et
3001 3633 3420 3692 habitaverunt
3456 3632 3558 3689 ibi.
3615 3634 3683 3688 Et
3710 3630 3866 3700 .facti

2208 3729 2569 3781 suntomnes
2581 3722 2709 3780 dies
2720 3723 2905 3780 Thare
2917 3721 3311 3778 ducentorum
3323 3721 3658 3794 etquinque
3671 3735 3862 3776 anno-

2205 3828 2359 3880 rum,
2392 3816 2448 3867 et
2478 3816 2750 3868 mortuus
2778 3810 2839 3866 in
2867 3811 3050 3866 Aram
3074 3809 3252 3877 (Cap.
3280 3809 3407 3879 xu).
3444 3807 3598 3864 Dixit
3655 3811 3860 3864 autem

2207 3900 2495 3957 Dominus
2518 3899 2596 3956 ad
2611 3898 2856 3954 Abram:
2878 3898 3167 3968 Egredere
3188 3896 3262 3953 de
3289 3903 3443 3954 terra
3466 3896 3735 3964 tua,etde
3757 3911 3862 3952 co-

2207 3990 2487 4060 gnatione
2517 3993 2637 4054 tua,
2670 3993 2724 4045 et
2755 3987 2829 4044 de
2846 3987 3030 4044 domo
3056 3986 3241 4060 patris
3271 3987 3373 4050 tui,
3406 3990 3461 4042 et
3490 3985 3629 4042 veni
3665 3985 3839 4040 inter

2206 4094 2337 4136 ram
2363 4093 2548 4150 quam
2569 4082 2978 4134 monstravero
3003 4074 3127 4132 tibi.
3149 4073 3510 4146 Faciamque
3541 4078 3596 4130 te
3627 4073 3685 4128 in
3717 4087 3858 4142 gen-

2206 4171 2325 4223 tem
2338 4169 2709 4236 magnam,et
2726 4162 3076 4219 benedicam
3093 4161 3219 4231 tibi,
3241 4167 3299 4218 et
3312 4161 3720 4234 magniﬁcabo
3735 4176 3857 4216 no-

2206 4269 2337 4310 men
2349 4251 2766 4324 tuum,erisque
2777 4249 3498 4308 benedictus.Benedicam
3512 4250 3863 4308 benedicen-

2206 4343 2362 4399 tibus
2375 4341 2562 4407 tibi,et
2583 4339 2940 4397 maledicam
2956 4338 3451 4397 maledicentibus
3471 4339 3780 4412 tibi,atque
3799 4339 3864 4394 in

2207 4437 2262 4488 te
2277 4431 2701 4488 benedicentur
2711 4428 2998 4485 universas
3010 4427 3395 4498 cognationes
3420 4432 3609 4486 terrm.
3653 4431 3860 4497 Egres-

2209 4537 2310 4576 sus
2328 4523 2417 4577 est
2444 4522 2642 4592 itaque
2666 4515 3066 4582 Abram,sicut
3084 4520 3450 4588 praeceperat
3469 4517 3524 4573 ei
3545 4516 3860 4589 Dominus,

2209 4609 2379 4667 etivit
2406 4624 2543 4665 cum
2569 4623 2639 4664 eo
2659 4606 2838 4663 Loth:
2874 4605 3252 4678 septuaginta
3272 4606 3541 4678 quinque
3566 4622 3864 4663 annorum

2209 4703 2333 4754 erat
2349 4697 2565 4754 Abram
2577 4711 2734 4763 ,cum
2751 4695 3127 4766 egrederetur
3139 4693 3212 4749 de
3224 4694 3678 4766 Aran.’l‘ulitque
3695 4694 3863 4750 Sarai

2211 4802 2457 4842 uxorem
2489 4789 2746 4854 suam,et
2772 4783 2916 4839 Loth
2935 4781 3123 4838 ﬁlium
3141 4782 3336 4837 fratris
3365 4782 3860 4847 sui,universam-

2208 4891 2326 4949 que
2339 4873 2739 4930 substantiam
2751 4887 2939 4944 quam
2961 4869 3434 4942 possederant,et
3453 4869 3686 4926 animas
3704 4884 3858 4939 quas

2208 4963 2469 5020 fecerant
2492 4961 2554 5017 in
2585 4963 2772 5016 Aran:
2807 4965 2864 5015 et
2889 4962 3109 5029 egressi
3145 4964 3285 5015 sunt
3312 4960 3538 5015 utirent
3564 4957 3624 5011 in
3639 4960 3858 5012 terram

2211 5051 2512 5109 Chanaan.
2563 5051 2830 5120 Cumque
2860 5047 3163 5104 venissent
3189 5047 3251 5102 in
3281 5061 3435 5111 eam,
3481 5043 3862 5116 pertransivit

2207 5140 2426 5197 Abram
2457 5144 2673 5194 terram
2714 5151 2904 5207 usque
2933 5135 3010 5191 ad
3037 5136 3239 5192 locum
3271 5133 3530 5201 Sichem,
3566 5147 3754 5202 usque
3785 5133 3862 5188 ad

2209 5229 2539 5286 convallem
2559 5226 2876 5282 illustrem:
2911 5225 3263 5281 Chananeus
3281 5227 3485 5279 autem
3498 5224 3635 5276 tunc
3648 5225 3773 5277 erat
3799 5221 3864 5277 in

2211 5323 2382 5374 terra.
2411 5314 2818 5388 Apparuitque
2843 5314 2993 5369 Deus
3008 5312 3252 5381 Abram,
3275 5313 3331 5366 et
3350 5308 3497 5364 dixit
3519 5308 3571 5364 ei
3596 5325 3606 5363 :
3635 5309 3859 5365 Semini

2211 5411 2312 5462 tuo
2341 5404 2503 5461 dabo
2534 5408 2754 5460 terram
2767 5402 2946 5458 hanc.
2973 5395 3413 5466 Quimdiﬂcavit
3431 5394 3515 5453 ibi
3548 5396 3732 5454 altare
3755 5399 3865 5455 Do-

2211 5495 2394 5563 mino,
2437 5492 2543 5564 qui
2563 5489 2845 5562 apparuit
2875 5491 2946 5546 ei.
3004 5489 3070 5544 Et
3099 5485 3236 5542 inde
3286 5485 3738 5555 transgrediens
3785 5485 3864 5542 ad

2213 5581 2607 5654 montem,qui
2624 5583 2749 5637 erat
2761 5583 2962 5637 contra
2973 5575 3263 5636 orientem
3289 5573 3758 5647 Bethel,tetendit
3776 5573 3861 5634 ibi
