4160 6410
264 345 366 402 281

1450 356 1803 413 DOMINICA
1840 355 1863 410 Ῑ
1903 354 2507 423 ΟΗΑΒΗΑΘΕΞΙΜΕ.

3572 368 3679 421 282

257 469 719 561 tabernaculum
737 491 928 547 suum,
955 477 1032 534 ab
1050 478 1352 541 occidente
1371 481 1603 540 habens
1620 479 1926 547 Bethel,ab
1955 482 2002 536 A
2032 498 2172 540 vero
2207 484 2361 542 bene
2406 485 2497 542 usi
2525 488 2661 543 sunt
2697 488 2938 557 propter
2982 485 3148 542 illam
3176 504 3189 542 :
3224 486 3582 561 fueruntque
3622 491 3677 548 ei

254 557 486 614 oriente
514 560 622 617 Hai
646 562 996 622 :aediﬁcavit
1015 582 1257 641 quoque
1273 570 1455 628 altare
1471 571 1745 638 Domino,
1767 571 1926 626 invo-

256 648 539 723 cavitque
571 665 798 709 nomen
818 655 964 725 ejus.
986 668 1049 727 It.
1077 662 1282 717 Amen.

326 739 620 807 Hymnus.
656 742 811 799 Deus
842 746 1044 803 aeterni
1073 746 1336 817 luminis,
1372 750 1599 808 candor
1620 751 1923 808 inenarra-

252 824 412 882 bilis.
447 827 664 895 Quaere
688 832 799 900 fol.
827 836 914 891 98.

328 916 565 974 Preces.
633 918 903 989 Oremus,
963 927 1028 981 ut
1092 941 1203 982 nos
1264 932 1644 987 sacrosancto
1695 927 1921 1001 jejunio

254 1005 535 1076 tempore
564 1008 1074 1081 Quadragesimae,
1108 1020 1175 1071 ut
1197 1032 1398 1087 supra.

331 1093 634 1165 Capitula.
654 1098 925 1166 Domine,
947 1103 1109 1175 apud
1129 1121 1310 1177 quem
1336 1110 1423 1164 est
1453 1108 1590 1165 fons
1609 1109 1765 1175 vitm,
1793 1108 1921 1165 etin

253 1182 431 1252 cujus
468 1183 695 1242 lumine
736 1189 1060 1261 aspicimus
1089 1193 1293 1250 lumen
1328 1197 1520 1251 enutri
1558 1197 1620 1252 in
1663 1212 1773 1252 nos
1803 1201 1917 1253 tuas

252 1271 520 1329 scientiae
548 1275 936 1346 splendorem
970 1297 983 1337 :
1016 1285 1079 1337 ut
1106 1282 1445 1340 sitientibus
1474 1285 1647 1341 nobis
1676 1286 1919 1342 vitalem

247 1360 562 1427 impertias
578 1369 788 1434 potum
812 1383 825 1432 ;
843 1372 899 1423 et
919 1368 1318 1440 caligantibus
1339 1373 1657 1431 animabus
1676 1373 1918 1446 superni

244 1447 500 1504 luminis
539 1452 816 1509 restituas
844 1455 1221 1517 intellectum.

246 1535 428 1593 Pater
468 1545 699 1597 noster.

322 1628 553 1685 Lauda.
586 1629 935 1699 Gloriemur,
964 1634 1213 1692 Domine
1240 1640 1298 1692 P.
1321 1636 1384 1693 ln
1406 1638 1583 1694 laude
1608 1642 1727 1696 tua.
1756 1640 1817 1701 v.
1850 1644 1919 1699 Ut

245 1713 647 1773 conﬁteamur
676 1720 906 1776 nomini
939 1728 1147 1780 sancto
1187 1729 1289 1781 tuo
1342 1744 1354 1782 :
1394 1731 1450 1783 et
1479 1728 1804 1799 gloriemur
1839 1730 1901 1786 in

245 1800 432 1858 laude
458 1808 581 1861 tua.
609 1805 674 1865 Ψ.
707 1807 922 1876 Gloria,
948 1815 1005 1866 et
1024 1811 1237 1868 honor.
1271 1814 1332 1869 P.
1364 1816 1429 1869 In
1450 1814 1627 1871 laude
1651 1822 1771 1873 tua.

326 1892 552 1951 Oratio.
577 1895 785 1952 Salvos
806 1913 915 1953 nos
940 1898 1053 1965 fac,
1078 1901 1326 1958 Domine
1346 1903 1501 1959 Deus
1519 1910 1741 1970 noster,
1768 1910 1823 1961 et
1855 1906 1915 1962 in

248 1979 445 2037 salute
476 1986 580 2038 tua
604 1983 775 2041 visita
801 2005 813 2041 :
859 1988 1318 2061 neciniquitatis
1346 1997 1563 2047 nostrae
1592 2008 1791 2064 pcena,
1812 1994 1916 2051 sed

246 2069 480 2124 timoris
496 2071 579 2126 tui
595 2087 705 2126 nos
722 2073 992 2130 humiliet
1018 2075 1338 2148 disciplina
1362 2096 1375 2144 ;
1398 2083 1462 2134 ut
1480 2084 1579 2134 tua
1592 2080 1915 2150 gloriemur

246 2155 313 2212 in
333 2156 538 2223 laude,
562 2160 1104 2219 etcontiteamurin
1130 2165 1393 2232 nomine,
1419 2182 1530 2223 nos
1549 2184 1792 2240 quoque
1835 2169 1916 2226 ad

242 2244 861 2305 videndumlaetitiam
894 2251 1216 2309 electorum
1232 2258 1472 2311 tuorum
1503 2256 1714 2312 excitet
1740 2258 1911 2314 boni-

243 2337 387 2475 tas
399 2339 457 2390 et
481 2335 562 2391 ad
581 2336 961 2396 laudandum
982 2341 1152 2411 regni
1173 2343 1257 2399 tui
1281 2344 1574 2403 adsciscat
1593 2345 1909 2404 hereditas.

245 2432 317 2475 Br.
391 2438 554 2475 men.

245 2432 317 2491 Ii.
340 2432 554 2479 Amen.

322 2513 434 2570 Per
461 2514 961 2573 misericordiam.

878 2606 978 2660 Ad
1004 2607 1285 2663 Tertiam.

516 2693 971 2751 Proverbiorum
999 2696 1333 2752 Salomonis
1359 2696 1527 2767 (Cap.
1559 2699 1635 2769 v).

323 2792 388 2849 ἢ.
415 2780 537 2835 Deo
578 2781 824 2851 gratias.

324 2868 449 2934 Fili,
480 2867 614 2924 bibe
643 2886 866 2942 aquam
897 2869 971 2926 de
992 2870 1248 2928 cisterna
1268 2876 1389 2943 tua,
1423 2876 1478 2929 et
1500 2872 1725 2930 ﬂuenta
1748 2874 1909 2944 putei

247 2957 333 3014 tui
369 2973 382 3012 :
417 2958 764 3014 Deriventur
793 2958 987 3015 fontes
1020 2960 1102 3015 tui
1133 2960 1309 3029 foras,
1328 2964 1383 3016 et
1404 2961 1463 3016 in
1489 2961 1702 3033 plateis
1720 2979 1909 3035 aquas

245 3051 385 3102 tuas
401 3045 621 3102 divide.
644 3047 868 3103 Habeto
883 3064 983 3104 eas
998 3048 1183 3115 solus,
1209 3064 1318 3106 nec
1342 3048 1461 3106 sint
1478 3049 1654 3107 alieni
1678 3052 1908 3123 partici-

2032 588 2193 638 oves,
2222 578 2278 629 et
2300 574 2483 629 boves
2508 578 2563 629 et
2584 573 2754 640 asini,
2783 576 2838 629 et
2864 573 3017 628 servi
3037 574 3362 641 etfamiliae,
3388 581 3443 631 et
3466 578 3669 646 asinae,

2033 669 2087 719 et
2116 662 2346 718 cameli.
2384 662 2721 734 Flagellavit
2746 668 2945 718 autem
2978 662 3261 719 Dominus
3291 662 3665 723 Pharaonem

2031 749 2224 820 plagis
2242 750 2539 820 maximis,
2565 753 2617 805 et
2642 749 2893 805 domum
2909 750 3059 821 ejus,
3080 754 3322 821 propter
3341 752 3506 806 Sarai
3530 767 3677 808 uxo~

2028 853 2145 893 rem
2158 838 2774 910 Abram.Vocavitque
2801 839 3037 895 Pharao
3058 837 3306 907 Abram,
3335 842 3391 893 et
3412 838 3560 894 dixit
3582 840 3633 897 ei
3660 861 3673 896 :

2031 927 2329 994 Quidnam
2351 928 2613 999 estquod
2629 927 2815 983 fecisti
2830 927 2975 982 mihi
2993 928 3026 981 ’ἲ
3050 942 3239 999 quare
3255 942 3377 981 non
3401 926 3677 984 indicasti

2028 1018 2195 1089 quod
2213 1032 2361 1075 uxor
2386 1021 2485 1074 tua
2509 1016 2707 1073 esset?
2729 1018 2921 1082 Quam
2942 1015 3022 1071 ob
3050 1031 3297 1072 causam
3314 1014 3515 1070 dixisti
3545 1030 3673 1073 esse

2028 1120 2293 1163 sororem
2332 1113 2517 1172 tuam,
2545 1108 2610 1162 ut
2639 1106 2906 1163 tollerem
2931 1120 3067 1161 eam
3096 1104 3245 1159 mihi
3287 1103 3351 1159 in
3376 1120 3621 1159 uxorem
3645 1106 3674 1162 ?

2028 1196 2193 1250 Nunc
2217 1194 2395 1263 igitur
2419 1210 2553 1250 ecce
2582 1195 2714 1265 conj
2727 1211 2803 1250 ux
2832 1198 2953 1259 tua,
2985 1193 3187 1264 accipe
3226 1208 3383 1263 eam,
3416 1198 3473 1248 et
3501 1192 3675 1249 vade.

2026 1282 2421 1355 Praecepitque
2442 1282 2669 1338 Pharao
2692 1298 2871 1353 super
2884 1282 3109 1337 Abram
3129 1280 3266 1335 viris
3293 1298 3311 1334 :
3340 1285 3396 1335 et
3419 1278 3675 1335 deduxe~

2023 1376 2161 1427 runt
2186 1387 2344 1437 eum,
2369 1375 2424 1427 et
2448 1386 2698 1427 uxorem
2718 1370 2893 1434 illius,
2924 1374 2979 1426 et
3003 1370 3207 1425 omnia
3226 1384 3361 1440 quae
3384 1366 3668 1423 habebat.

2024 1461 2192 1530 (Cap.
2215 1460 2649 1531 xm.)Ascendit
2668 1473 2809 1529 ergo
2824 1457 3047 1514 Abram
3068 1458 3141 1513 de
3158 1456 3437 1527 Egypto,
3463 1455 3589 1529 ipse
3615 1458 3671 1511 et

2024 1565 2175 1605 uxor
2204 1549 2352 1621 ejus,
2385 1552 2441 1603 et
2464 1548 2667 1603 omnia
2687 1563 2823 1619 quae
2842 1546 3124 1609 habebat,
3157 1549 3214 1600 et
3243 1545 3387 1600 Loth
3410 1559 3548 1598 cum
3574 1558 3666 1610 eo,

2026 1637 2104 1692 ad
2142 1636 2462 1692 australem
2500 1635 2763 1707 plagam.
2796 1638 2934 1689 Erat
2963 1638 3163 1689 autem
3194 1632 3357 1687 dives
3400 1631 3575 1687 valde
3604 1630 3668 1686 in

2023 1725 2399 1796 possessione
2417 1723 2644 1793 argenti
2661 1726 2716 1778 et
2728 1722 2876 1777 auri.
2896 1724 2973 1776 Re
2982 1735 3304 1791 versusque
3321 1724 3408 1775 est
3427 1719 3670 1790 pariter,

1947 1832 1990 1886 Β
2022 1830 2144 1887 quo
2182 1816 2444 1881 venerat,
2479 1815 2515 1867 ὲ.
2544 1810 2790 1867 meridie
2818 1810 2881 1864 in
2912 1808 3110 1864 Bethel
3142 1823 3332 1877 usque
3358 1806 3437 1861 ad
3470 1806 3672 1861 locum

2023 1902 2124 1957 ubi
2151 1900 2315 1973 prius
2336 1900 2545 1955 ﬁxerat
2564 1897 3019 1954 tabernaculum
3040 1897 3191 1951 inter
3221 1893 3417 1949 Bethel
3443 1898 3500 1948 et
3524 1896 3629 1947 Hai
3652 1911 3670 1947 ε

2020 1991 2082 2045 in
2100 1990 2299 2045 locum
2325 1987 2528 2045 altaris
2554 1987 2718 2059 quod
2741 1986 2957 2041 fecerat
2982 1985 3165 2055 prius,
3192 1987 3247 2037 et
3267 1981 3565 2036 invocavit
3586 1979 3671 2034 ibi

2021 2093 2243 2134 nomen
2272 2075 2523 2133 Domini.
2566 2074 2679 2131 Sed
2710 2078 2766 2129 et
2793 2073 2937 2129 Loth
2966 2072 3069 2144 qui
3097 2075 3223 2126 erat
3243 2084 3381 2124 cum
3425 2066 3671 2134 Abram,

2020 2156 2483 2236 fueruntgreges
2503 2163 2726 2231 ovium,
2765 2166 2824 2217 et
2852 2164 3145 2224 armenta,
3179 2164 3235 2213 et
3262 2154 3666 2212 tabernacula.

2019 2256 2133 2310 Nec
2168 2258 2397 2325 poterat
2422 2268 2523 2307 eos
2549 2266 2761 2322 capere
2795 2253 2966 2313 terra,
2991 2251 3054 2303 ut
3077 2245 3416 2302 habitarent
3438 2242 3618 2298 simul
3647 2260 3665 2296 :

2020 2347 2146 2398 erat
2171 2342 2397 2414 quippe
2423 2340 2761 2397 substantia
2784 2353 2993 2395 eorum
3020 2337 3234 2406 multa,
3266 2340 3321 2388 et
3340 2332 3671 2404 nequibant

2018 2431 2288 2489 habitare
2310 2430 2725 2486 communiter.
2747 2427 2911 2483 Unde
2934 2426 3089 2481 facta
3110 2430 3201 2480 est
3219 2425 3343 2479 rixa
3363 2424 3514 2477 inter
3536 2436 3671 2492 pas-

2019 2526 2175 2578 tores
2201 2535 2451 2590 gregum
2478 2518 2701 2574 Abram
2724 2523 2779 2571 et
2816 2516 2980 2571 Loth.
3028 2517 3109 2569 Eo
3156 2519 3355 2567 autem
3404 2516 3671 2582 tempore

2021 2608 2393 2664 Chananaaus
2431 2610 2489 2663 et
2518 2606 2865 2661 Pherezaaus
2890 2600 3251 2658 habitabant
3269 2602 3329 2655 in
3359 2598 3462 2654 illa
3490 2604 3667 2654 terra.

2019 2696 2173 2751 Dixit
2192 2712 2332 2767 ergo
2343 2694 2562 2750 Abram
2575 2693 2653 2749 ad
2674 2692 2824 2748 Loth
2850 2707 2861 2745 ε
2896 2694 2977 2747 Ne
2989 2705 3196 2762 quaeso
3213 2689 3289 2743 sit
3299 2688 3565 2758 jurgium
3584 2686 3671 2742 in-

2019 2789 2105 2840 ter
2119 2800 2216 2839 me
2241 2787 2387 2847 ette,
2416 2782 2916 2851 etinterpastores
2933 2793 3101 2831 meos
3117 2780 3173 2831 et
3196 2779 3465 2847 pastores
3487 2778 3622 2831 tuos
3651 2791 3664 2829 :

2018 2872 2227 2928 fratres
2258 2871 2416 2927 enim
2455 2885 2687 2925 sumus.
2719 2869 2863 2922 Ecce
2893 2866 3177 2920 universa
3204 2867 3357 2917 terra
3384 2876 3591 2917 coram
3611 2864 3668 2917 te

2018 2965 2107 3017 est
2137 2977 2147 3014 :
2191 2957 2401 3017 recede
2424 2973 2460 3013 a
2479 2972 2595 3021 me,
2624 2955 2872 3011 obsecro
2906 2969 2917 3008 :
2949 2953 3077 3007 situ
3093 2950 3171 3006 ad
3188 2949 3488 3005 sinistram
3507 2947 3666 3013 ieris,

2017 3066 2127 3120 ego
2140 3049 2219 3105 ad
2234 3048 2543 3103 dexteram
2557 3044 2771 3100 tenebo
2801 3060 2813 3097 :
2836 3042 2960 3097 situ
2976 3040 3053 3096 ad
3064 3040 3374 3095 dexteram
3391 3035 3662 3105 elegeris,

241 3150 351 3207 pes
368 3134 472 3190 tui.
496 3135 579 3191 Sit
596 3152 747 3192 vena
772 3141 871 3193 tua
891 3136 1223 3204 benedicta,
1245 3142 1299 3194 et
1323 3138 1523 3194 laetare
1544 3140 1904 3196 cummulie-
1938 3164 1979 3219 ρ
2015 3154 2125 3209 ego
2142 3138 2219 3193 ad
2243 3136 2541 3191 sinistram
2564 3147 2833 3204 pergam.
2862 3128 3113 3219 Elevatis
3131 3127 3330 3219 itaque
3358 3124 3497 3180 Loth
3522 3140 3662 3219 ocu-

238 3238 303 3279 re
318 3222 737 3281 adolescentiae
765 3229 878 3281 tuae
911 3242 923 3279 :
954 3242 1126 3284 cerva
1142 3227 1516 3292 charissima,
1552 3231 1609 3283 et
1634 3230 1904 3299 gratissi-

243 3312 439 3368 simus
466 3312 753 3369 hinnulus
787 3330 798 3369 :
833 3313 1020 3371 ubera
1042 3316 1170 3385 ejus
1199 3315 1559 3373 inebrientte
1572 3317 1736 3372 omni
1758 3322 1900 3373 tem-

236 3415 404 3473 pore,
448 3405 506 3456 et
536 3401 596 3456 in
645 3416 851 3458 amore
898 3403 1026 3474 ejus
1082 3402 1373 3461 delectare
1407 3403 1653 3475 jugiter.
1708 3407 1901 3472 Quare

238 3489 542 3545 seduceris
565 3489 650 3546 ﬁli
667 3489 750 3547 mi
781 3490 859 3546 ab
890 3490 1106 3559 aliena,
1129 3496 1186 3548 et
1213 3492 1429 3549 foveris
1460 3494 1597 3550 sinu
1612 3494 1851 3551 alterius
1872 3496 1900 3551 τ

236 3576 501 3649 Respicit
518 3578 822 3644 Dominus,
838 3579 965 3635 vias
989 3580 1271 3648 hominis,
1285 3585 1560 3639 etomnes
1581 3598 1818 3652 gressus
1836 3584 1901 3639 il-

237 3665 358 3722 lius
376 3667 730 3724 considerat.
756 3668 1105 3740 Iniquitates
1130 3686 1254 3725 suae
1277 3671 1521 3741 capiunt
1540 3670 1814 3743 impium,
1844 3676 1902 3729 et

239 3752 492 3809 funibus
526 3755 696 3825 152
729 3760 1115 3827 peccatorum
1148 3773 1398 3813 suorum
1438 3759 1889 3829 constringitur.

240 3845 380 3915 Ipse
400 3842 703 3905 morietur,
722 3842 866 3913 quia
890 3858 1012 3897 non
1038 3843 1666 3915 habuitdisciplinam,
1685 3847 1903 3902 etmul—

240 3926 506 3984 titudine
538 3928 792 3983 stultitiae
847 3945 969 3983 suae
1027 3929 1338 4000 decipitur.
1398 3932 1501 3986 Fili
1536 3932 1639 4000 mi,
1671 3934 1717 3987 si
1769 3950 1901 4004 spo-

244 4012 537 4087 ponderis
564 4030 670 4086 pro
696 4015 890 4071 amico
919 4019 1042 4083 tuo,
1075 4015 1331 4071 deﬁxisti
1360 4019 1523 4088 apud
1552 4024 1903 4078 extraneum

242 4117 505 4160 manum
528 4107 711 4167 tuam,
726 4102 1102 4175 inlaqueatus
1121 4119 1183 4159 es
1202 4104 1401 4159 verbis
1425 4105 1545 4161 oris
1570 4106 1673 4171 tui,
1693 4111 1748 4163 et
1767 4123 1904 4179 cap-

243 4197 344 4249 tus
362 4191 621 4263 propriis
638 4192 1161 4249 sermonibus.Fac
1180 4208 1321 4263 ergo
1343 4194 1508 4266 quod
1528 4194 1682 4263 dico,
1697 4195 1779 4254 ﬁli
1796 4196 1900 4263 mi,

244 4285 301 4338 et
327 4281 709 4351 temetipsum
736 4280 946 4338 libera.
980 4293 1046 4353 Βι.
1078 4286 1294 4339 Amen.

541 4370 744 4426 Lectio
787 4370 925 4426 libri
964 4370 1199 4429 Genesis
1231 4370 1601 4443 (Caputxn.)

313 4470 379 4530 1}.
417 4459 537 4515 Deo
569 4460 812 4528 gratias.

314 4549 378 4602 ln
404 4545 520 4602 illis
540 4546 750 4603 diebus
777 4568 794 4603 δ
826 4550 1000 4605 Facta
1023 4551 1110 4604 est
1126 4547 1315 4605 fames
1337 4546 1397 4603 in
1422 4552 1579 4604 terra
1610 4564 1622 4604 :
1657 4548 1899 4606 descen-

242 4634 449 4707 ditque
462 4635 767 4692 Abraham
787 4636 849 4691 in
865 4636 1184 4709 Egyptum,
1206 4638 1755 4708 utperegrinaretur
1772 4638 1858 4694 ibi
1883 4656 1894 4695 :

250 4724 651 4797 prmvaluerat
669 4724 1103 4781 enimfamesin
1115 4730 1288 4782 terra.
1309 4728 1572 4798 Cumque
1602 4742 1788 4799 prope
1814 4743 1901 4783 es-

246 4819 335 4871 set
358 4819 425 4870 ut
450 4814 859 4884 ingrederetur
881 4815 942 4870 in
971 4818 1291 4886 Egyptum
1332 4815 1477 4871 dixit
1518 4817 1683 4872 Sarai
1728 4816 1903 4873 uxori

252 4920 377 4959 suae
408 4922 425 4958 :
459 4903 781 4975 Noviquod
796 4902 1141 4975 pulchrasis
1163 4902 1401 4959 mulier:
1424 4908 1478 4960 et
1496 4904 1663 4976 quod
1687 4920 1826 4961 cum
1844 4908 1901 4962 te

248 4992 507 5048 viderint
532 4992 818 5064 Egyptii,
850 4992 1060 5048 dicturi
1086 4998 1246 5062 sunt,
1265 4992 1431 5063 quod
1454 5008 1605 5049 uxor
1628 5009 1765 5050 mea
1797 4994 1897 5061 sis,

252 5086 309 5138 et
338 5082 825 5149 interﬁcientme,
845 5084 901 5137 et
917 5090 971 5137 te
986 5082 1397 5139 reservabant.
1420 5082 1521 5137 Dic
1541 5098 1703 5152 ergo,
1728 5083 1899 5140 obse-

250 5186 352 5227 cro
384 5176 463 5235 te,
488 5170 658 5244 quod
688 5186 855 5228 soror
878 5186 1017 5227 mea
1047 5171 1128 5226 sis
1159 5188 1175 5224 ε
1204 5176 1266 5226 ut
1293 5170 1446 5227 bene
1477 5172 1549 5227 sit
1590 5171 1735 5228 mihi
1764 5189 1897 5245 pro-

244 5264 376 5331 pter
391 5263 529 5330 te,et
540 5258 907 5316 vivetanima
918 5274 1056 5315 mea
1069 5258 1147 5315 ob
1160 5260 1412 5329 gratiam
1425 5260 1684 5317 tui.Cum
1697 5259 1900 5333 itaque

247 5349 555 5420 ingressus
571 5352 726 5405 esset
737 5348 1318 5420 Abraszgyptum,
1337 5348 1615 5405 viderunt
1639 5348 1899 5421 Egyptii

241 5437 561 5495 mulierem
574 5436 740 5509 quod
753 5435 1168 5509 essetpulchra
1178 5435 1377 5492 nimis.
1394 5438 1460 5493 Et
1470 5436 1900 5494 nunciaverunt

238 5526 546 5599 principes
564 5525 875 5589 Pharaoni,
894 5524 1353 5583 etlaudaverunt
1362 5541 1498 5583 eam
1514 5525 1679 5597 apud
1690 5524 1858 5582 illum
1875 5544 1893 5580 :

239 5620 299 5677 et
327 5616 569 5679 sublata
596 5619 686 5675 est
701 5616 917 5677 mulier
942 5616 1005 5674 in
1029 5614 1282 5675 domum
1307 5615 1653 5675 Pharaonis.
1670 5615 1894 5675 Abram

1931 4508 1975 4561 D

2012 3227 2083 3282 lis
2112 3226 2515 3282 viditomnem
2547 3222 2701 3277 circa
2720 3219 3024 3288 regionem
3046 3215 3344 3280 Jordanis,
3369 3229 3506 3285 quas
3534 3212 3664 3266 uni-

2010 3331 2185 3372 versa
2208 3312 2597 3382 inrigabatur,
2627 3312 2954 3378 antequam
2983 3304 3350 3359 subverteret
3375 3300 3665 3356 Dominus

2012 3404 2339 3460 Sodomam
2351 3404 2405 3455 et
2417 3392 3320 3465 Gomorrham,sicutparadisus
3334 3387 3589 3452 Domini,
3608 3391 3666 3443 et

2012 3492 2164 3548 sicut
2192 3483 2869 3561 [Egyptusvenientibus
2891 3482 2952 3537 in
2979 3482 3185 3549 Segor.
3218 3478 3523 3549 Elegitque
3546 3474 3662 3531 sibi

2011 3581 2156 3638 Loth
2185 3578 2492 3649 regionem
2510 3574 2666 3630 circa
2688 3572 3029 3634 Jordanem,
3049 3573 3104 3624 et
3119 3566 3359 3623 recessit
3376 3565 3453 3621 ab
3473 3564 3662 3621 orien-

2010 3674 2065 3725 te
2096 3688 2109 3727 :
2132 3666 2433 3739 divisique
2451 3668 2590 3719 sunt
2606 3662 2882 3718 alteruter
2898 3674 2934 3714 a
2963 3657 3141 3713 fratre
3164 3671 3292 3711 suo.
3312 3653 3535 3709 Abram
3556 3651 3662 3739 ha-

2007 3757 2222 3815 bitavit
2238 3756 2300 3811 in
2320 3737 2477 3811 terra
2507 3752 2791 3807 Chanaan
2821 3767 2834 3804 :
2870 3747 3014 3803 Loth
3030 3761 3169 3801 vero
3194 3747 3463 3799 moratus
3490 3743 3577 3795 est
3600 3737 3659 3793 in

2009 3844 2267 3917 oppidis,
2286 3859 2427 3915 quae
2449 3843 2617 3897 erant
2641 3839 2798 3893 circa
2821 3835 3164 3902 Iordanem,
3197 3838 3254 3887 et
3282 3827 3571 3886 habitavit
3600 3826 3663 3882 in

2015 3932 2307 3989 Sodomis.
2328 3931 2607 3986 Homines
2626 3930 2826 3982 autem
2850 3923 3170 3980 Sodomitre
3195 3917 3447 3993 pessimi
3469 3919 3656 3979 erant,

2014 4023 2070 4075 et
2086 4022 2429 4091 peccatores
2453 4031 2659 4072 coram
2680 4012 2933 4069 Domino
2945 4009 3147 4065 nimis.
3169 4007 3446 4077 Dixitque
3467 4003 3660 4060 Domi-

2011 4123 2128 4163 nus
2156 4105 2233 4162 ad
2263 4104 2507 4171 Abram,
2536 4104 2865 4174 postquam
2895 4098 3127 4153 divisus
3146 4100 3236 4151 est
3264 4092 3409 4149 Loth
3440 4091 3517 4149 ab
3542 4106 3611 4146 eo
3644 4107 3658 4145 :

2014 4197 2164 4251 Leva
2192 4192 2397 4249 oculos
2425 4196 2560 4247 tuos
2591 4189 2904 4255 directum,
2932 4190 2989 4241 et
3014 4185 3150 4239 vide
3177 4198 3213 4238 a
3241 4181 3396 4245 loco,
3432 4179 3494 4233 in
3538 4193 3661 4249 quo

2010 4298 2171 4340 nunc
2192 4298 2276 4349 es,
2308 4280 2387 4337 ad
2413 4277 2757 4350 aquilonem
2788 4279 2845 4330 et
2881 4273 2961 4331 ad
2980 4271 3312 4337 meridiem,
3340 4268 3419 4325 ad
3466 4267 3659 4323 orien-

2012 4377 2129 4429 tem
2151 4375 2207 4429 et
2236 4372 2313 4427 ad
2340 4367 2730 4425 occidentem.
2767 4366 3018 4421 Omnem
3038 4366 3258 4417 terram
3281 4373 3467 4431 quam
3484 4372 3659 4413 cons-

2009 4460 2182 4534 picis,
2219 4459 2325 4516 tibi
2353 4457 2515 4515 dabo
2556 4459 2611 4511 et
2651 4453 2863 4510 semini
2893 4457 2994 4509 tuo
3024 4465 3219 4521 usque
3248 4449 3310 4523 in
3350 4447 3659 4519 sempiter-

2010 4566 2181 4607 num.
2209 4548 2567 4619 Faciamque
2599 4559 2805 4601 semen
2835 4547 3005 4599 tuum
3033 4540 3189 4595 sicut
3216 4537 3521 4611 pulverem
3550 4541 3661 4591 ter-

2009 4656 2090 4695 ras
2124 4657 2137 4692 :
2172 4638 2223 4694 si
2251 4637 2385 4709 quis
2414 4639 2611 4708 potest
2635 4632 2951 4689 hominum
2988 4642 3307 4685 numerare
3355 4625 3661 4697 pulverem

2010 4730 2203 4794 terrm,
2227 4739 2432 4783 semen
2459 4737 2703 4795 quoque
2724 4725 2893 4776 tuum
2918 4729 3237 4773 numerare
3266 4711 3498 4785 poterit.
3527 4712 3659 4767 Sur-

2011 4830 2082 4885 ge
2113 4830 2275 4885 ergo,
2306 4810 2664 4884 perambula
2702 4813 2921 4864 terram
2952 4806 3014 4860 in
3055 4801 3451 4873 longitudine,
3494 4801 3552 4855 et
3598 4798 3663 4854 in

2008 4900 2321 4958 latitudine
2335 4914 2447 4954 sua
2477 4917 2489 4953 :
2523 4895 2671 4969 quia
2690 4894 2798 4952 tibi
2818 4894 3067 4950 daturus
3081 4907 3216 4947 sum
3238 4905 3391 4946 eam.
3422 4892 3660 4946 Movens

2009 4990 2187 5062 igitur
2212 4988 2432 5044 Abram
2458 4984 2913 5043 tabernaculum
2953 4997 3151 5050 suum,
3172 4979 3330 5035 venit
3355 4984 3409 5036 et
3424 4978 3659 5035 habita-

2010 5079 2089 5135 vit
2108 5079 2279 5149 juxta
2308 5074 2643 5133 convallem
2671 5071 2952 5139 Mambre,
2992 5086 3130 5143 quae
3170 5073 3259 5125 est
3283 5068 3344 5124 in
3373 5068 3611 5126 Hebron
3640 5086 3654 5124 :

2010 5166 2443 5241 aediﬁcavitque
2468 5164 2552 5221 ibi
2580 5162 2764 5221 altare
2791 5160 3067 5218 Domino.
3101 5172 3165 5231 Βι.
3190 5169 3395 5216 Amen.

2079 5299 2431 5368 Antiphona
2456 5303 2503 5353 l.
2531 5297 2745 5353 Anima
2763 5298 2972 5352 nostra
2986 5294 3219 5366 patiens
3250 5296 3336 5348 est
3354 5290 3606 5347 Domino
3638 5304 3654 5343 :

2009 5388 2301 5459 quoniam
2331 5387 2570 5458 adjutor
2613 5389 2670 5443 et
2697 5389 2993 5457 protector
3018 5386 3221 5441 noster
3240 5385 3347 5438 est.
3379 5378 3658 5435 Psalmus

2010 5490 2189 5533 XXXII.

2080 5611 2302 5670 Oratio.
2334 5609 2460 5669 Tibi
2476 5610 2728 5669 Domino
2753 5608 2992 5685 patiens
3006 5609 3096 5665 est
3115 5604 3320 5664 anima
3344 5599 3546 5658 nostra
3580 5611 3592 5649 :
3620 5604 3658 5649 a
