4160 6406
456 388 562 447 283

1725 377 2172 444 BREVIARIUM
2205 375 2601 438 GOTHICUM.

3750 369 3878 428 284

457 527 580 586 quo
592 514 650 569 et
667 510 946 568 virtutem
966 509 1712 583 tolerantite,etprmmium
1735 508 2105 582 concupiscit
2132 519 2179 574 Α
2211 522 2405 579 suam,
2435 509 2491 563 et
2520 503 2750 580 aperuit
2772 518 2840 561 os
2867 513 3046 558 suum
3065 497 3295 586 absque
3318 495 3441 586 ullo
3457 495 3718 586 termino
3751 511 3770 552 :
3812 497 3881 552 et

460 602 730 674 accipere
766 622 777 659 :
808 605 915 657 tua
943 616 1083 672 ergo
1115 616 1294 673 super
1321 616 1433 656 nos
1468 599 1899 665 misericordia,
1951 597 2105 653 sicut

462 689 860 770 speravimus,
881 687 985 744 ﬁat
1014 706 1027 745 :
1061 693 1286 762 tuaque
1307 703 1418 744 nos
1435 687 1624 760 gratia
1649 689 1931 745 consueta
1955 700 2101 760 prae-

460 776 678 852 veniat.
714 786 778 846 ἢ.
802 776 1007 832 Amen.

532 863 643 918 Per
672 863 1166 929 misericordiam,
1190 868 1302 921 etc.

533 951 885 1023 Antiphona
911 958 964 1008 2.
995 953 1362 1026 Magniﬁcate
1391 952 1710 1010 Dominum
1737 965 1974 1008 mecum
2007 965 2019 1005 :
2048 951 2105 1004 et

461 1039 794 1096 exaltemus
827 1055 1049 1097 nomen
1073 1043 1203 1112 ejus
1231 1042 1293 1098 in
1330 1057 1546 1098 unum.
1599 1040 1870 1095 Psalmus
1897 1052 2101 1092 xxxm.

538 1129 763 1185 Oratio.
782 1130 1153 1202 lnquirentes
1167 1135 1242 1195 te,
1258 1129 1840 1197 Domine,dignanter
1851 1123 2065 1181 exaudi
2084 1142 2098 1202 _;

461 1219 639 1290 atque
671 1220 735 1271 ut
759 1216 820 1272 in
843 1222 895 1273 te
923 1217 1202 1274 laudetur
1227 1219 1429 1273 anima
1451 1222 1678 1282 nostra,
1706 1213 1998 1287 propitius
2017 1213 2102 1267 in-

461 1302 659 1359 dultor
685 1304 922 1378 imperti
952 1322 964 1360 :
999 1309 1074 1373 et,
1109 1305 1215 1378 qui
1240 1306 1410 1375 juxta
1451 1319 1513 1359 es
1539 1303 1654 1372 his,
1692 1301 1792 1376 qui
1825 1299 2102 1356 tribulato

461 1395 598 1446 sunt
640 1393 837 1460 corde,
897 1407 1102 1448 aurem
1152 1395 1319 1448 tuam
1356 1391 1524 1466 153
1571 1388 1650 1445 ad
1691 1388 2101 1446 contritionem

459 1479 648 1534 nostri
692 1479 932 1568 spirit'us
981 1479 1180 1551 pande
1215 1497 1229 1535 :
1259 1483 1316 1536 et
1363 1477 1441 1535 ad
1479 1492 1690 1552 pacem
1727 1481 1918 1568 tuam,
1964 1490 2102 1568 quae

460 1570 745 1638 exuperat
760 1560 1004 1622 omnem
1031 1581 1296 1642 sensum,
1329 1579 1583 1650 corpora
1609 1567 1818 1620 nostra
1845 1567 1902 1618 et
1919 1560 2104 1619 corda

459 1658 760 1710 converte.
800 1666 867 1723 ἣν.
895 1655 1103 1710 Amen.

529 1741 637 1797 Per
657 1742 1128 1799 misericordiam
1154 1745 1342 1800 tuam.

2209 595 2570 651 descendent
2586 594 2764 650 fortes
2784 592 2934 665 ejus,
2950 594 3005 645 et
3020 585 3279 662 populus
3292 585 3444 656 ejus,
3467 589 3523 640 et
3541 583 3875 648 sublimes,

2209 683 2571 757 gloriosique
2601 683 2728 753 ejus
2750 681 2826 736 ad
2857 694 3016 735 eum.
3040 677 3106 732 Et
3133 673 3546 730 incurvabitur
3569 673 3784 740 homo,
3814 675 3882 728 et

2206 771 2618 828 humiliabitur
2628 772 2736 837 vir,
2753 767 2974 825 etoculi
2987 764 3334 820 sublimium
3346 763 3785 836 deprimantur.
3802 764 3881 816 Et

2208 860 2567 916 exaltabitur
2577 860 2864 915 Dominus
2881 853 3249 911 exercituum
3271 851 3332 907 in
3353 851 3602 923 judicio,
3630 855 3688 906 et
3703 852 3882 906 Deus

2209 953 2450 1003 sanctus
2493 944 2953 1004 sanctiﬁcabilur
2980 943 3042 998 in
3074 941 3325 1013 justitia.
3365 951 3428 1011 Bg.
3462 941 3675 995 Amen.

2278 1037 2613 1105 Antiphona
2650 1040 2698 1088 1.
2748 1036 2977 1101 Exurge
3026 1028 3293 1094 Domine,
3347 1027 3574 1098 adjuva
3620 1042 3755 1094 nos,
3813 1029 3883 1084 et

2205 1123 2393 1180 libera
2415 1139 2526 1180 nos
2555 1125 2797 1196 propter
2824 1133 3046 1175 nomen
3076 1123 3266 1174 tuum.
3299 1117 3572 1172 Psalmus
3600 1131 3757 1172 xmn.

2281 1213 2502 1268 Oratio.
2534 1213 2762 1282 Exurge
2784 1208 3057 1277 Domine,
3092 1206 3316 1278 adjuva
3342 1221 3455 1261 nos
3485 1210 3693 1261 contra
3715 1219 3874 1260 om-

2207 1315 2345 1357 nem
2379 1299 2668 1356 malitiam
2698 1295 3182 1371 persequentium
3216 1310 3230 1349 :
3263 1298 3320 1350 et
3333 1293 3523 1349 libera
3543 1308 3656 1349 nos
3681 1308 3880 1366 prop-

2208 1392 2294 1444 ter
2323 1403 2546 1445 nomen
2573 1391 2742 1443 tuum
2769 1391 2806 1442 a
2835 1388 3142 1441 contractu
3168 1383 3484 1458 spirituum
3514 1381 3877 1437 immundo-

2208 1491 2343 1533 rum
2371 1495 2383 1532 :
2414 1481 2498 1540 ut,
2513 1475 2617 1547 qui
2633 1490 2743 1530 nos
2758 1474 2962 1530 inloco
2971 1471 3300 1528 humiliasti
3323 1469 3684 1535 aiﬂictionis,
3700 1468 3878 1526 exal-

2207 1567 2296 1621 tes
2326 1565 2538 1619 iterum
2569 1564 2630 1618 in
2655 1561 3132 1618 remuneratione
3160 1560 3410 1616 virtutis.
3439 1570 3505 1631 ἢ.
3537 1563 3749 1614 Amen.

2281 1652 2391 1707 Per
2427 1650 2919 1707 misericordiam.

2279 1740 2630 1810 Antiphone
2647 1742 2703 1796 2.
2731 1742 3012 1796 Memores
3038 1749 3248 1792 sumus
3268 1735 3531 1817 nominis
3551 1735 3657 1804 tui,
3683 1737 3876 1806 Deus,

527 1829 877 1899 Antiphonti
906 1830 960 1885 3.
999 1830 1119 1887 Filii
1137 1830 1451 1887 hominum
1483 1829 1546 1885 in
1586 1827 1950 1906 protectione
1975 1826 2100 1884 ala-
2129 1865 2174 1921 Β
2207 1829 2270 1887 in
2297 1807 2459 1884 omni
2489 1827 2771 1901 progenie
2805 1830 2861 1882 et
2885 1825 3288 1921 generatione.
3321 1807 3764 1921 Psalmusxmv.

458 1929 593 1974 rum
625 1922 888 1988 sperant,
921 1917 1188 1974 Domine.
1223 1917 1484 1974 Psalmus
1511 1931 1685 1974 xxxv.

531 2014 602 2073 13,.
639 2005 970 2066 Benefaciat
995 2005 1170 2061 nobis
1199 2005 1371 2072 Deus,
1399 2004 1671 2062 etliberet
1687 2018 1800 2059 nos
1819 2001 1896 2059 ab
1915 2002 2104 2058 omni-

458 2090 576 2147 bus
608 2091 801 2150 malis.
827 2093 885 2147 P.
913 2095 979 2148 Et
1005 2093 1183 2150 donet
1211 2107 1423 2168 pacem
1452 2092 1514 2148 in
1543 2092 1754 2148 diebus
1771 2091 2009 2146 nostris.
2036 2090 2098 2150 ἲν.

458 2177 757 2238 muminet
784 2179 1015 2237 vultum
1043 2197 1220 2238 suum
1251 2195 1431 2264 super
1457 2195 1582 2236 nos.
1611 2179 1676 2236 P.
1708 2183 1775 2236 Et
1803 2179 2003 2235 donet.
2035 2177 2098 2256 ιτ.

459 2265 673 2324 Gloria.
703 2269 1039 2325 Reiteretur
1066 2279 1138 2340 13;.

529 2355 759 2428 Preces.
788 2357 1018 2424 Averte,
1046 2357 1319 2426 Domine,
1362 2355 1513 2418 iram
1544 2355 1758 2411 furoris
1792 2353 1876 2411 tui
1903 2372 1918 2414 :
1948 2354 2008 2410 P.
2038 2355 2103 2410 Et

458 2444 774 2501 miseratus
806 2461 984 2522 parce
1013 2446 1239 2520 populo
1267 2450 1386 2502 tuo.
1416 2445 1482 2506 ῒ.
1513 2444 1794 2502 Omnium
1827 2443 2103 2516 precibus

458 2533 625 2604 pium
643 2533 915 2590 auditum
932 2533 1133 2607 praebe
1166 2549 1179 2588 :
1213 2539 1418 2606 etquae
1442 2547 1729 2602 rogamus
1749 2535 1968 2597 sancte,
1988 2531 2104 2588 cito

459 2622 745 2680 concede.
769 2622 836 2683 ν.
866 2623 1109 2689 Christe,
1127 2621 1354 2693 ﬂebiles
1384 2621 1640 2692 gemitus
1677 2621 1904 2678 intuere
1935 2639 1949 2678 :
1977 2620 2105 2675 vin-

459 2708 596 2765 cula
620 2709 829 2765 mortis
856 2710 1040 2775 solve,
1063 2715 1119 2766 et
1142 2710 1324 2765 vitam
1339 2709 1575 2780 largire.
1594 2709 1656 2766 P.
1678 2711 1744 2764 Et
1767 2709 2100 2764 miseratus.

455 2793 518 2869 ὴ.
548 2797 678 2851 Jam
691 2795 822 2852 vide
842 2796 1186 2868 lachrymas
1210 2814 1224 2852 :
1251 2796 1797 2866 intelligelugentes
1813 2814 1830 2866 ;
1860 2794 2102 2850 tandem

455 2882 670 2940 delicta
693 2890 897 2940 nostra
919 2884 1180 2940 clemens
1211 2885 1472 2954 ignosce.
1503 2883 1569 2938 P.
1600 2887 1668 2939 Et
1689 2883 2018 2939 miseratus.
2035 2881 2097 2943 tr.

453 2971 662 3026 Nullus
679 2987 753 3028 ex
767 2972 942 3028 nobis
963 2977 1068 3037 est,
1091 2987 1273 3044 quem
1296 2971 1509 3028 audias
1530 2971 1779 3027 libenter
1799 2989 1817 3042 ;
1837 2975 1901 3026 tu
1926 2985 2102 3042 prop-

454 3061 541 3114 ter
557 3060 963 3134 temetipsum,
988 3057 1234 3128 Christe,
1255 3074 1554 3114 succurre.
1578 3059 1620 3114 P
1634 3101 1648 3114 .
1678 3061 1745 3114 Et
1763 3058 2097 3115 miseratus.

526 3147 800 3216 Hymnus.
827 3147 1061 3203 Referre
1087 3146 1282 3218 prisci.
1313 3147 1427 3220 fol.
1459 3147 1582 3202 145.

529 3215 824 3306 capitula.
853 3235 920 3290 In
948 3215 1562 3308 protectione'alarum
1588 3237 1823 3290 tuarum
1853 3233 2101 3290 Domine
2131 3215 2173 3270 (ἶ

454 3321 612 3388 ﬁlios
649 3321 969 3384 hominum
1016 3327 1342 3395 sperantes,
1396 3337 1783 3395 nequaquam
1825 3323 2098 3392 detegas;

457 3411 562 3468 sed
588 3414 902 3486 tamquam
932 3410 1148 3482 pullos,
1169 3426 1293 3485 quo
1322 3412 1622 3484 possimus
1643 3411 1914 3483 supernis
1939 3410 2104 3466 vola-

457 3497 660 3560 tilibus
689 3497 1040 3570 praeparari,
1069 3497 1327 3555 fovendo
1359 3498 1620 3556 enutrias
1649 3513 1660 3551 :
1693 3512 1888 3572 neque
1913 3497 2102 3569 deripi

455 3602 569 3642 nos
636 3585 995 3641 laceratione
1055 3585 1460 3642 insidiantium
1514 3587 1677 3641 sinas
1706 3602 1720 3652 ;
1750 3600 1860 3664 nec
1889 3601 1927 3642 a
1958 3581 2103 3641 nido

455 3673 734 3730 Ecclesiae
756 3677 872 3748 tuae
894 3673 1125 3730 avolare
1144 3674 1481 3748 permittas;
1507 3674 1632 3740 sed,
1664 3674 1810 3730 dum
1830 3688 1942 3729 nos
1976 3677 2100 3745 teg-

455 3761 619 3820 mine
647 3762 803 3833 regis
833 3766 1102 3840 paterno,
1137 3763 1213 3818 ad
1244 3763 1575 3822 ubertatem
1611 3764 1832 3819 domus
1855 3766 1970 3819 tua;
1999 3751 2097 3818 ad-

453 3850 569 3921 juti
595 3854 697 3905 tuo
722 3851 1034 3928 veniamus
1063 3849 1294 3908 auxilio.

527 3936 700 3995 Pater
727 3942 948 4004 noster.

1080 4025 1178 4082 Ad
1213 4027 1472 4083 Sextam.

665 4115 864 4172 Lectio
896 4114 1042 4182 libri
1065 4105 1254 4173 Esaia:
1273 4114 1593 4184 Propheta:
1614 4111 1778 4184 (Cap.
1806 4111 1888 4184 v).

524 4215 591 4276 ἢ.
619 4207 737 4262 Deo
759 4205 1001 4274 gratias.

526 4291 1138 4347 HaacdicitDominus:
1151 4291 1249 4346 Vas
1267 4289 1371 4362 qui
1384 4289 1516 4359 conj
1527 4287 1744 4358 ungitis
1764 4288 2013 4345 domum
2025 4289 2104 4346 ad

454 4379 728 4444 domum,
748 4384 805 4434 et
820 4394 1030 4450 agrum
1052 4380 1129 4435 ad
1148 4394 1362 4448 agrum
1376 4377 1666 4450 COpulatis
1679 4393 1870 4448 usque
1889 4377 1967 4433 ad
1999 4382 2106 4434 ter-

455 4467 817 4524 minumloci
850 4487 863 4527 :
892 4467 1167 4548 nunquid
1195 4464 1545 4528 habitabitis
1568 4463 1678 4519 soli
1694 4480 1800 4520 vos
1815 4466 1876 4520 in
1907 4467 2106 4523 medio

2282 1917 2502 1973 Oratio.
2557 1919 2667 1972 Fac
2716 1929 2830 1970 nos
2885 1913 3136 1969 Domine
3181 1911 3424 1990 diligere
3463 1912 3758 1984 justitiam
3809 1916 3876 1969 et

2208 2004 2375 2062 odire
2403 2004 2776 2075 iniquitatem
2807 2019 2823 2058 :
2857 2017 2925 2058 ac
2963 2016 3070 2074 per
3095 2000 3378 2072 speciem,
3407 2004 3574 2056 tuam
3597 1999 3873 2072 pulchri-

2207 2092 2477 2149 tudinem
2493 2095 2840 2165 quaerentes,
2873 2089 3131 2145 deducat
3153 2104 3264 2145 nos
3285 2089 3633 2144 mirabiliter
3658 2087 3866 2144 dexte-

2206 2196 2277 2238 ra
2306 2185 2408 2236 tua
2440 2197 2454 2235 :
2488 2187 2563 2248 et,
2595 2179 2950 2236 mortiﬁcata
2977 2179 3039 2234 in
3068 2177 3243 2233 nobis
3267 2177 3565 2234 incentivo
3601 2177 3864 2236 fornica-

2208 2269 2412 2340 tionis,
2451 2270 2694 2338 accinge
2729 2268 2972 2325 lumbos
3017 2271 3253 2322 nostros
3292 2265 3495 2337 gladio
3543 2266 3861 2322 castitatis.

2208 2368 2272 2428 ιν.
2296 2359 2503 2413 Amen.
2542 2356 2653 2412 Per
2676 2355 3144 2412 misericordiam
3174 2358 3362 2411 tuam.

2280 2447 2631 2514 Antiphona
2661 2449 2712 2500 3.
2756 2447 2909 2500 Deus
2927 2448 3198 2499 nostrum
3215 2443 3533 2515 refugium,
3555 2446 3611 2500 et
3626 2443 3812 2498 virtus
3845 2460 3861 2509 ;

2213 2535 2453 2606 adjutor
2481 2535 2542 2589 in
2598 2533 3101 2606 tribulationibus,
3161 2547 3297 2605 quin
3350 2533 3707 2589 invenerunt
3747 2547 3868 2588 nos

2209 2624 2404 2679 nimis.
2433 2623 2710 2678 Psalmus
2729 2637 2857 2677 XLV.

2281 2723 2350 2781 Βε.
2397 2713 2626 2777 Averte,
2655 2710 2924 2775 Domine,
2947 2709 3098 2765 iram
3115 2713 3283 2766 tuam
3311 2712 3346 2766 ὲ.
3371 2709 3570 2765 nobis.
3600 2721 3666 2780 ἣν.
3691 2713 3776 2766 Ne
3800 2711 3871 2767 in

2210 2803 2498 2855 aeternum
2533 2799 2807 2856 irascaris
2837 2798 3030 2854 nobis.
3063 2799 3125 2861 t7.
3160 2799 3372 2868 Mitiga,
3424 2797 3695 2865 Domine,
3734 2815 3871 2855 om-

2209 2903 2348 2944 nem
2363 2888 2513 2944 iram
2533 2894 2699 2948 tuam
2733 2892 2823 2944 :et
2836 2891 3029 2944 averte
3047 2883 3123 2943 ab
3155 2887 3244 2944 ira
3265 2885 3693 2957 indignationis
3719 2891 3866 2944 tuae.

2209 2975 2282 3034 P.
2310 2979 2388 3032 Ne
2417 2975 2477 3030 in
2507 2981 2813 3032 aeternum.
2845 2975 2906 3036 ἵ.
2944 2975 3155 3032 Gloria.
3185 2975 3250 3030 P.
3274 2978 3353 3032 Ne
3382 2974 3444 3030 in
3473 2978 3784 3032 aeternum.

2280 3063 2502 3120 Preces.
2536 3065 2624 3119 Ad
2655 3068 2708 3119 te
2739 3064 3090 3129 clamamus,
3119 3064 3390 3120 Domine.
3419 3065 3485 3119 P.
3512 3063 3869 3135 Precamur,

2208 3155 2273 3208 ut
2293 3151 2595 3208 exaudias.
2628 3151 2692 3212 llr.
2716 3151 2937 3209 Christe
2956 3152 3315 3224 Redemptor
3339 3151 3871 3217 omnium,exaudi

2208 3254 2412 3312 preces
2452 3238 2798 3312 supplicum.
2840 3240 2902 3296 P.
2936 3243 3267 3296 Precamur.
3300 3239 3362 3298 ῒ.
3393 3239 3660 3296 Concede
3682 3240 3867 3296 nobis

2209 3327 2439 3382 donum
2452 3328 2738 3396 gratiae,et
2756 3327 3014 3383 fructum
3029 3327 3409 3400 pcenitentiae.
3425 3327 3486 3382 P.
3518 3330 3862 3384 Precamur.

2208 3413 2271 3494 γ.
2295 3416 2548 3470 Remove
2565 3430 2600 3470 a
2616 3414 2788 3471 nobis
2802 3416 3089 3486 gladium,
3116 3415 3332 3481 tamen,
3357 3420 3413 3472 et
3437 3415 3840 3488 pestilentiam
3852 3459 3867 3472 .

2208 3499 2275 3560 P.
2307 3501 2642 3558 Precamur.
2700 3503 2762 3562 tt.
2797 3503 2968 3567 Solve
3008 3503 3205 3560 delicti
3232 3501 3586 3577 periculum,
3618 3508 3675 3561 et
3699 3503 3872 3564 dona

2208 3588 2661 3658 indulgentiam.
2688 3591 2750 3646 P.
2792 3591 3128 3647 Precamur.

2278 3678 2569 3754 Hymnus.
2603 3679 2645 3734 Ο
2667 3681 2982 3746 Nazarene,
3017 3679 3137 3735 lux.
3167 3680 3277 3748 fol.
3317 3683 3434 3754 144.

2281 3767 2508 3822 oratio.
2541 3769 2693 3831 Deus
2716 3772 2920 3825 noster
2949 3772 3078 3831 esto
3108 3767 3282 3823 nobis
3315 3767 3377 3823 in
3421 3767 3689 3846 adversis
3713 3769 3869 3824 refu-

2208 3853 2408 3924 gium;
2435 3859 2493 3910 et
2515 3855 2576 3910 in
2607 3857 3030 3912 certaminibUS
3055 3856 3238 3927 hujus
3268 3856 3484 3915 mundi
3503 3857 3728 3913 virtutis
3746 3861 3865 3916 tuae

2207 3941 2408 4013 praebe
2436 3941 2736 3998 solatium:
2758 3947 2814 4006 et
2838 3945 2985 4000 dum
3007 3947 3060 4000 te
3083 3943 3442 4001 adventante
3461 3961 3722 4002 maerens
3739 3950 3865 4002 tur-

2206 4029 2352 4085 bata
2380 4029 2555 4086 fuerit
2569 4036 2740 4101 terra,
2761 4031 2864 4086 tibi
2894 4032 3303 4102 adjungantur
3320 4032 3379 4088 in
3398 4033 3640 4103 gaudio,
3661 4033 3865 4108 quiob

2209 4117 2650 4188 metumjudicii
2682 4115 2854 4189 154
2881 4119 3149 4182 admissa
3187 4118 3406 4176 deﬂent
3427 4120 3488 4175 in
3521 4119 3769 4176 saeculo:
3794 4125 3865 4177 ut

2209 4205 2578 4270 tu,virtutum
2599 4205 2988 4271 Dominus,sis
3021 4205 3338 4262 nobiscum
3365 4224 3378 4274 ;
3405 4222 3587 4280 quem
3610 4211 3666 4263 et
3685 4207 3864 4265 time-

2210 4307 2346 4347 mus
2369 4291 2635 4361 judicem
2665 4307 2678 4358 ;
2712 4297 2769 4349 et
2807 4293 3224 4362 cognoscimus
3260 4295 3720 4370 redemptorem.

2281 4379 2449 4437 Pater
2474 4384 2696 4436 noster.

2835 4469 2944 4527 Ad
2979 4470 3234 4528 Nonam.

455 4560 624 4612 terra:
651 4554 680 4610 7
720 4557 784 4610 in
814 4553 1061 4612 auribus
1096 4554 1244 4610 meis
1294 4557 1430 4609 sunt
1458 4551 1607 4618 haec,
1639 4552 1778 4608 dicit
1820 4553 2105 4610 Dominus
2137 4551 2183 4605 D
2282 4556 2476 4612 Lectio
2508 4556 2644 4612 libri
2667 4558 3078 4615 Ecclesiastici
3104 4559 3430 4618 Salomonis
3457 4561 3626 4634 (Cap.
3658 4560 3750 4632 ιι).

455 4644 820 4702 exercituum
851 4661 864 4700 :
894 4644 1011 4699 Nisi
1055 4642 1277 4697 domus
1316 4639 1517 4694 multa:
1571 4639 1815 4696 desertae
1867 4643 2103 4713 fuerint,

453 4732 735 4804 grandes,
755 4729 1351 4804 etpulchrae,absque
1362 4726 1932 4785 habitatore.Decem
1945 4732 2104 4787 enim

447 4821 666 4891 jugera
693 4820 1003 4874 vinearum
1029 4817 1245 4872 facient
1270 4815 1655 4885 lagunculam
1687 4832 1892 4884 unam,
1923 4823 1980 4874 et
2010 4819 2104 4874 tri-

455 4907 624 4984 ginta
654 4906 840 4964 modii
866 4905 1146 4962 sementis
1181 4903 1406 4960 faciunt
1434 4906 1668 4961 modios
1698 4911 1832 4962 tres.
1862 4909 1955 4962 Vae
1997 4908 2102 4980 qui

455 4993 816 5066 consurgitis
845 5010 1022 5050 mane
1053 4992 1132 5049 ad
1158 4992 1499 5050 ebrietatem
1526 4995 1893 5062 sectandam,
1917 5003 1972 5052 et
1997 5011 2101 5067 po-

454 5081 711 5138 tandum
739 5097 930 5154 usque
969 5081 1048 5137 ad
1075 5096 1411 5154 vesperum,
1441 5087 1506 5140 ut
1539 5083 1680 5138 vino
1705 5083 1986 5138 mstuetis.
2010 5083 2097 5141 Ci-

454 5169 648 5234 thara,
681 5172 738 5224 et
764 5168 892 5235 lira,
929 5173 986 5225 et
1010 5172 1384 5240 tympanum,
1419 5175 1474 5226 et
1501 5171 1668 5236 tibia,
1705 5175 1758 5226 et
1794 5171 2000 5226 vinum
2036 5172 2096 5228 in

454 5256 745 5314 conviviis
765 5257 972 5313 vestris
1005 5261 1254 5329 :etopus
1269 5258 1499 5316 Domini
1521 5273 1642 5314 non
1655 5258 1963 5329 respicitis,
1988 5274 2097 5314 nec

454 5360 921 5418 operamanuum
934 5347 983 5415 ej
995 5362 1060 5400 us
1073 5345 1803 5416 consideratis.Propterea
1824 5346 2094 5416 captivus

454 5434 669 5490 ductus
681 5433 1039 5505 estpopulus
1051 5449 1241 5498 meus,
1257 5434 1398 5504 quia
1412 5448 1530 5488 non
1544 5433 1754 5487 habuit
1766 5433 2094 5504 scientiam,

455 5527 514 5579 et
538 5521 770 5578 nobiles
801 5520 928 5591 ejus
954 5520 1297 5576 interierunt
1317 5520 1499 5590 fame,
1538 5523 1594 5574 et
1623 5519 1938 5588 multitudo
1965 5522 2094 5592 ejus

456 5610 554 5668 siti
580 5608 827 5668 exaruit.
859 5610 1179 5680 Propterea
1217 5607 1484 5664 dilatavit
1524 5603 1790 5662 infernus
1829 5607 2093 5667 animam

2284 4655 2348 4712 Βι.
2383 4644 2501 4699 Deo
2528 4645 2768 4714 gratias.

2283 4732 2409 4798 Fili,
2441 4732 2742 4788 Accedens
2760 4733 2838 4789 ad
2857 4735 3199 4790 servitutem
3223 4737 3480 4804 Domini,
3506 4737 3868 4806 stainjusti-

2210 4818 2312 4888 tia,
2330 4830 2384 4875 et
2410 4820 2638 4887 timore,
2658 4825 2713 4876 et
2733 4837 3008 4894 praepara
3024 4823 3290 4879 animam
3309 4829 3474 4880 tuam
3489 4824 3566 4879 ad
3587 4825 3863 4880 tentatio—

2209 4923 2347 4963 nem
2381 4924 2394 4962 :
2419 4908 2689 4979 Deprime
2707 4925 2808 4965 cor
2830 4915 3081 4980 tuum,et
3103 4913 3329 4967 sustine
3355 4929 3368 4966 :
3408 4911 3628 4967 inclina
3645 4927 3859 4968 aurem

2207 4999 2392 5062 tuam,
2426 4998 2695 5069 etexcipe
2723 4997 2909 5053 verba
2931 4999 3256 5055 intellectus
3289 5018 3302 5054 :
3336 5004 3392 5054 et
3421 5013 3495 5053 ne
3524 4997 3764 5053 festines
3793 4999 3861 5057 in

2205 5089 2442 5156 tempus
2469 5084 2865 5143 obductionis.
2891 5088 3121 5143 Sustine
3143 5085 3594 5141 sustentationes
3633 5085 3755 5156 Dei,
3799 5093 3860 5145 et

2205 5173 2565 5244 conjungere
2587 5175 2798 5239 Deo,et
2828 5175 3069 5238 sustine,
3089 5179 3152 5230 ut
3186 5178 3409 5242 crescat
3429 5173 3489 5229 in
3517 5174 3858 5231 novissimo

2203 5260 2326 5317 vita
2356 5264 2472 5316 tua.
2500 5273 2565 5332 Βν.
2598 5267 2803 5316 Amen.

2537 5351 2725 5404 Lectio
2751 5350 2895 5406 libri
2926 5351 3156 5406 Genesis
3188 5350 3352 5420 (Cap.
3383 5349 3503 5422 xv).

2274 5447 2335 5497 Βί.
2381 5437 2497 5490 Deo
2519 5437 2758 5504 gratias.

2274 5522 2461 5578 lnillis
2483 5522 2722 5578 diebus:
2744 5527 2950 5598 Factus
2969 5530 3055 5582 est
3074 5539 3270 5583 sermo
3290 5526 3523 5582 Domini
3541 5527 3619 5583 ad
3630 5527 3854 5586 Abram

2200 5623 2308 5681 per
2333 5608 2649 5674 visionem,
2665 5610 2868 5670 dicens
2893 5632 2907 5674 :
2936 5613 3062 5670 Noli
3083 5614 3288 5671 timere
3303 5614 3545 5683 Abram,
3573 5629 3685 5686 ego
3713 5631 3851 5688 pro-
