2080 3202
113 199 165 227 285

705 199 881 229 DGMINICA
900 199 912 227 Ι
931 199 1237 234 ΩῙΙΑΒΗΑΕΕΞῙΜᾹΞ.

1770 198 1824 228 286

110 263 205 292 testor
217 262 291 295 tuus
305 268 386 297 sum.
396 263 426 296 et
443 268 556 294 merces
564 263 614 291 tua
625 269 738 297 magna
747 262 846 296 nimis.
854 262 944 292 Dixit-
957 263 983 291 A
997 262 1060 293 dit:
1076 262 1179 303 Atacie
1186 261 1269 295 Sarai
1279 261 1491 295 dominmmeea
1497 261 1647 298 egotugio.
1658 261 1791 299 Dixitque
1797 261 1824 296 ei

108 314 169 344 quo
183 306 298 334 Abram
311 315 319 334 :
335 306 460 334 Domine
485 307 571 340 Deus,
593 306 667 346 quid
679 306 766 337 dabis
778 306 874 337 mihi?
886 315 942 342 ego

108 351 222 382 vadem
232 350 351 387 absque
357 350 457 379 liberis
472 358 479 378 :
492 352 520 379 et
530 350 609 380 ﬁlius
623 351 824 388 procuratoris
834 351 943 380 domus

108 403 196 436 mem,
210 394 266 431 iste
280 395 447 424 Damascus
468 395 584 423 Eliezer.
608 395 788 432 Addiditque
805 395 917 424 Abram
934 405 941 423 :

109 439 177 474 Mihi
190 441 292 469 autem
306 447 369 468 non
382 439 489 468 dediin
504 447 622 474 semen;
639 442 666 468 et
682 447 748 468 ecce
764 440 942 468 vernaculus

110 491 211 525 meus,
226 483 314 516 heres
330 491 415 513 meus
425 484 656 521 erit.Statimque
666 491 764 513 sermo
777 484 944 514 Dominifa-

112 529 178 559 ctus
193 527 290 561 estad
303 535 385 561 eum,
398 527 501 556 dicens
517 537 524 555 :
537 528 598 556 Non
613 528 667 556 erit
679 528 727 556 hic
748 528 834 558 heres
851 530 919 556 tuus
935 536 942 556 :

112 573 169 602 sed
175 573 229 610 qui
238 572 410 608 egredietur
416 573 452 601 de
461 574 545 600 utero
552 573 717 609 tuo,ipsum
726 572 852 601 habebis
860 573 944 603 here-

113 617 197 648 dem.
214 617 383 654 Eduuitque
393 624 463 645 eum
477 617 567 650 foras,
584 619 612 645 et
627 617 668 645 ait
682 617 721 645 illi
736 617 875 654 :Suspice
888 625 945 645 cce-

113 662 191 694 lum,
207 664 236 690 et
248 669 376 690 numera
389 662 499 697 stellas,
512 661 637 697 sipotes.
650 662 682 689 Et
692 662 765 689 dixit
775 662 819 689 ei:
834 662 879 691 Sic
891 662 946 690 erit

114 714 223 735 semen
237 708 335 734 tuum.
351 705 479 734 Credidit
488 706 597 733 Abram
614 707 891 741 Deo,etreputatum
901 708 945 733 est

111 750 156 779 illi
167 750 207 778 ad
215 750 372 786 justitiam.
384 750 519 786 Dixitque
528 750 566 778 ad
579 758 662 779 eum:
672 751 732 784 Ego
740 750 883 777 Dominus
894 749 944 786 qui

111 795 207 824 eduxi
225 797 252 824 te
266 794 304 823 de
319 795 360 822 Ur
373 794 590 827 Chaldaeorum,
605 797 637 822 ut
655 794 759 822 darem
773 794 825 822 tibi
836 796 945 822 terram

110 839 216 872 istam,
233 840 262 867 et
274 839 444 875 possideres
458 847 535 866 eam.
548 839 583 866 At
593 838 640 866 ille
652 838 712 866 ait:
724 838 848 866 Domine
856 838 943 872 Deus,

109 883 195 912 unde
207 883 283 911 scire
293 891 427 919 possum,
436 883 518 919 quod
531 890 728 918 possessurus
738 890 805 910 sum
815 890 883 910 eam
891 882 905 910 ?
913 884 946 910 Et

109 927 269 967 respondit
284 927 455 958 Dominus:
485 928 584 959 Sume,
600 927 702 963 inquit.
724 927 797 957 mihi
822 934 944 956 vaccam

109 972 272 1006 trieunem,
287 974 315 1000 et
328 979 451 1008 capram
466 972 597 1005 trimam,
622 974 651 999 et
663 971 783 1000 arietem
797 979 945 999 annorum

112 1017 217 1050 trium,
237 1018 381 1044 turturem
397 1023 519 1052 quoque
532 1018 560 1044 et
573 1015 756 1044 columbam.
772 1015 826 1048 Qui
842 1015 946 1043 tollens

113 1061 260 1090 universa
273 1060 348 1094 hmo,
361 1059 461 1088 divisit
475 1068 511 1088 ea
532 1068 585 1096 per
607 1060 751 1093 medium,
767 1062 795 1088 et
805 1062 945 1095 utrasque

114 1107 218 1142 partes
225 1107 330 1134 contra
338 1112 370 1133 se
379 1104 554 1134 altrinsecus
563 1104 663 1140 posuit
676 1113 683 1133 :
693 1112 762 1132 aves
771 1106 872 1132 autem
884 1111 945 1133 non

112 1149 514 1185 divisit.Descenderuntque
521 1148 655 1177 volucres
663 1148 946 1184 supercadavera,et

112 1193 260 1228 abigebat
271 1201 322 1222 eas
330 1193 590 1230 Abram.Cumque
598 1192 645 1221 Sol
653 1192 946 1228 occumberet,sopor

110 1238 200 1267 irruit
211 1245 302 1274 super
315 1237 467 1271 Abram,et
476 1238 581 1265 horror
594 1244 723 1271 magnus
733 1239 761 1264 et
771 1236 945 1264 tenebrosus

115 1282 230 1312 invasit
239 1290 319 1311 eum.
335 1281 511 1318 Dictumque
524 1284 570 1310 est
584 1281 624 1310 ad
637 1289 705 1310 eum
717 1290 724 1311 :
740 1281 818 1310 Scito
830 1288 946 1317 praeno-

111 1334 204 1365 scens
215 1326 300 1362 quod
312 1325 505 1362 peregrinum
516 1325 650 1355 futurum
659 1325 696 1353 sit
706 1332 809 1353 semen
819 1327 905 1356 tuum
915 1324 945 1352 in

108 1372 193 1399 terra
205 1377 267 1398 non
286 1378 350 1405 sua,
365 1369 616 1405 etsubjicienteos
623 1369 797 1400 servituti,et
813 1369 947 1403 afﬂigent

108 1414 321 1452 quadragintis
338 1414 438 1442 annis.
453 1416 663 1442 Verumtamen
678 1416 808 1448 gentem,
827 1413 874 1440 cui
887 1419 947 1440 ser-

106 1459 198 1490 vituri
208 1460 286 1490 sunt,
295 1466 350 1494 ego
363 1457 508 1494 judicabo
524 1466 531 1486 :
549 1460 577 1486 et
588 1459 656 1494 post
669 1457 860 1493 egrediantur
877 1463 946 1488 cum

108 1511 225 1540 magna
234 1502 413 1532 substantia.
434 1503 474 1531 Tu
489 1504 591 1530 autem
606 1502 662 1530 ibis
677 1501 715 1529 ad
728 1503 828 1538 patres
842 1503 908 1529 tuos
916 1501 947 1528 in

110 1546 337 1584 pace,sepultus
347 1547 378 1575 in
389 1548 540 1575 senectute
546 1545 833 1579 bona.Geueratione
846 1547 946 1577 autem

117 1594 231 1629 quarta
239 1593 422 1619 revertentur
429 1591 489 1619 huc
500 1599 507 1619 :
516 1591 646 1619 necdum
655 1590 810 1626 completaa
821 1589 947 1618 suntini-

118 1636 251 1674 quitates
264 1635 506 1667 Amorrhazorum
517 1643 612 1671 usque
627 1635 666 1668 ad
674 1643 806 1673 przesens
818 1637 947 1670 tempus.

117 1677 195 1709 Cum
201 1687 271 1715 ergo
280 1679 666 1712 occubuissetSol,factaest
676 1679 772 1714 caligo
779 1678 946 1711 tenebrosa,

117 1726 149 1754 et
158 1724 298 1761 apparuit
311 1724 448 1762 clibanus
459 1723 592 1757 fumans,
605 1726 632 1752 et
642 1723 760 1760 lampas
769 1723 846 1758 ignis
856 1720 948 1752 transi

116 1776 174 1801 ens
188 1769 263 1798 inter
282 1767 440 1802 divisiones
452 1768 527 1799 illas.
544 1770 576 1802 1n
588 1768 638 1796 illo
653 1761 700 1796 die
713 1767 828 1807 pepigit
850 1767 949 1796 Domi-

115 1820 178 1850 nus
192 1821 261 1842 cum
275 1812 387 1842 Abram
403 1807 512 1845 foedus,
528 1812 630 1847 dicens
643 1822 650 1842 :
669 1811 782 1843 Semini
796 1814 848 1840 tuo
867 1810 949 1840 dabo

116 1860 233 1898 terram
243 1864 261 1886 a
274 1856 365 1898 ﬂuvio
378 1856 496 1897 Egypti
504 1863 600 1897 usque
609 1854 650 1895 ad
662 1855 789 1892 ﬂuvium
803 1861 950 1896 magnum

117 1896 316 1937 Euphratem,
334 1896 456 1935 Cinaeos,
470 1894 499 1932 et
517 1894 682 1936 Cenezaaos,
696 1899 912 1937 Cethmonzeos,
923 1894 951 1927 et

118 1945 251 1975 Ethaeos,
267 1945 295 1975 et
305 1941 488 1976 Pherezaea.
501 1943 650 1983 Bapheina
661 1950 789 1984 quoque.
806 1944 835 1970 et
847 1944 951 1982 Amor-

114 1989 234 2021 rhaaos,
246 1987 359 2019 Evzeos,
371 1987 400 2014 et
414 1985 610 2020 Chananazos,
627 1987 656 2019 et
667 1986 848 2021 Gergesseos,
864 1987 893 2014 et
905 1984 952 2020 Je-

116 2034 258 2062 buseeos.
280 2031 367 2065 (Cap.
385 2029 459 2065 xv1.)
474 2029 565 2065 Igitur
577 2029 670 2061 Sarai,
687 2036 760 2057 uxor
772 2027 954 2063 Abram,non

118 2077 269 2115 genuerat
283 2075 339 2103 sibi
358 2075 468 2103 liberos
484 2083 491 2102 :
509 2073 563 2102 sed
587 2073 703 2104 habens
720 2073 859 2105 ancillam
870 2074 955 2109 Egy-

119 2114 218 2160 ptiam
232 2119 354 2154 nomine
367 2122 453 2155 Agar,
464 2114 539 2146 dixit
549 2118 657 2149 marito
673 2125 741 2148 suo:
755 2118 828 2146 Ecce
837 2117 955 2145 conclu-

122 2166 161 2203 sit
174 2172 223 2195 me
234 2164 431 2199 Dominus,ne
437 2170 574 2200 parerem
586 2171 592 2190 :
605 2162 758 2199 ingredere
766 2161 806 2192 ad
814 2161 955 2191 ancillam

122 2217 236 2249 meam,
248 2208 273 2237 si
284 2208 358 2236 forte
373 2207 478 2241 saltem
493 2215 528 2235 ex
538 2206 587 2235 illa
600 2205 858 2243 suscipiamﬁlios.
870 2206 955 2235 Cum-

124 2262 184 2293 que
195 2253 244 2283 ille
260 2252 463 2290 acquiesceret
482 2250 663 2288 deprecanti,
678 2250 743 2280 tulit
755 2251 833 2286 Agar
848 2251 955 2287 IEgyp-

997 307 1127 345 Angelus
1139 306 1256 347 Domini
1269 314 1276 335 :
1288 307 1441 338 Revertere
1456 306 1493 334 ad
1508 305 1664 338 dominam
1685 308 1779 345 tuam,
1795 307 1825 336 et

997 350 1157 379 humiliate
1165 351 1221 383 sub
1232 349 1416 384 manuillius.
1425 350 1585 378 Etrursum
1600 348 1822 386 :Multiplicans,

998 395 1103 431 inquit,
1116 394 1322 431 multiplicabo
1333 402 1434 422 semen
1444 396 1541 429 tuum,
1550 395 1579 421 et
1589 401 1649 425 non
1657 393 1826 422 numerabi-

998 441 1045 467 tur
1059 446 1120 475 praa
1135 438 1333 468 multitudine.
1346 439 1386 466 Ac
1396 437 1537 475 deinceps
1555 445 1561 466 :
1576 437 1711 470 Ecce,ait,
1721 445 1826 466 conce-

998 483 1204 520 pisti,etparies
1211 483 1319 513 ﬁlium;
1330 482 1513 518 vocabisque
1519 489 1629 510 nomen
1639 481 1663 518 ej
1669 481 1824 515 usismael,

999 535 1034 556 eo
1043 527 1124 564 quod
1132 527 1259 556 audierit
1266 527 1408 556 Dominus
1415 526 1606 555 afﬂictionem
1614 528 1707 554 tuam.
1718 525 1767 554 Hic
1774 525 1828 558 erit

999 571 1078 600 ferus
1092 572 1194 605 homo,
1211 580 1320 600 manus
1340 571 1404 607 ejus
1424 573 1526 600 contra
1541 577 1645 598 omnes
1669 573 1697 598 et
1715 577 1826 604 manus

999 618 1136 647 omnium
1145 619 1249 645 contra
1261 623 1345 645 eum:
1356 617 1384 643 et
1396 622 1411 642 e
1424 614 1545 649 regione
1556 614 1762 644 universorum
1770 613 1827 642 fra-

1000 666 1078 692 trum
1094 669 1217 690 suorum
1224 660 1293 695 ﬁget
1301 658 1502 689 tabernacula.
1515 658 1636 686 Vocavit
1642 661 1741 688 autem
1749 658 1828 693 Agar

999 715 1109 736 nomen
1126 705 1243 734 Domini
1253 703 1303 740 qui
1312 702 1538 739 loquebaturad
1547 710 1627 733 eam.
1645 701 1826 737 Dixitenim:

1000 752 1131 780 Profecto
1151 751 1198 778 hic
1212 748 1273 777 vidi
1288 747 1454 785 posteriora
1468 746 1594 774 videntis
1601 754 1660 775 me.
1674 748 1829 785 Propterea.

1000 794 1291 832 appellavitputeum
1300 792 1393 823 illum,
1402 792 1525 818 Puteum
1535 790 1561 818 vi
1567 790 1659 818 ventis
1666 792 1694 818 et
1701 790 1828 821 videntis

1000 848 1058 868 me.
1081 840 1148 876 Ipse
1161 837 1287 865 estinter
1296 835 1390 863 Cades
1404 836 1432 862 et
1445 834 1581 869 Barad.1
1590 834 1645 870 55
1655 833 1829 870 Peperitque

1001 886 1078 920 Agar
1091 883 1177 912 Abrae
1190 881 1285 910 ﬁlium
1303 889 1307 907 :
1322 879 1374 916 qui
1388 878 1505 906 vocavit
1520 886 1630 906 nomen
1637 880 1700 914 ejus
1712 878 1827 912 lsmael,

1001 928 1156 962 Octoginta
1167 928 1194 954 et
1201 933 1251 953 sex
1258 931 1406 953 annorum
1414 922 1590 951 eratAbram
1599 923 1715 958 quando
1722 922 1828 959 peperii

1003 973 1028 1000 ei
1044 973 1123 1006 Agar
1134 970 1289 998 lsmaelem
1297 969 1385 1003 (Cap.
1400 967 1483 1002 XVll->
1491 967 1650 1001 Postquam
1661 974 1731 993 vero
1737 974 1830 994 nona.-

1001 1016 1084 1051 ginta
1099 1018 1128 1044 et
1141 1023 1249 1043 novem
1260 1019 1409 1041 annorum
1421 1018 1484 1038 esse
1497 1012 1635 1045 coeperat,
1651 1010 1788 1046 apparuit
1803 1010 1830 1036 ei

1000 1060 1078 1087 Deus
1094 1059 1209 1092 dicens,
1218 1057 1352 1093 dixitque
1360 1055 1398 1084 ad
1411 1061 1494 1082 eum:
1508 1053 1568 1088 Ego
1575 1053 1719 1082 Dominus
1729 1053 1829 1084 omni-

999 1107 1106 1140 potens
1121 1113 1126 1131 :
1142 1102 1265 1131 ambula
1278 1109 1380 1129 coram
1394 1107 1453 1133 me,
1480 1101 1508 1126 et
1518 1100 1582 1125 esto
1598 1098 1758 1134 perfectus.
1779 1099 1829 1125 Po-

1000 1156 1132 1185 namque
1151 1146 1249 1175 foedus
1259 1145 1496 1175 meuminterme
1508 1144 1579 1175 ette,
1589 1141 1829 1178 etmultiplicabo

1000 1195 1027 1221 te
1040 1192 1229 1221 vehementer
1241 1191 1342 1220 nimis.
1363 1187 1475 1217 Cecidit
1488 1186 1599 1215 Abram
1619 1194 1732 1222 pronus
1745 1185 1775 1214 in
1788 1185 1830 1213 fas

1000 1236 1088 1266 ciem.
1100 1236 1235 1272 Dixitque
1244 1235 1354 1263 eiDeus
1367 1240 1437 1267 :ego
1450 1239 1526 1265 sum,
1536 1232 1565 1260 et
1583 1238 1695 1266 ponam
1707 1233 1829 1266 pactum

1000 1288 1102 1310 meum
1116 1279 1348 1315 tecum,erisque
1355 1278 1439 1314 pater
1449 1274 1609 1304 multarum
1623 1275 1829 1309 gentium.Nec

1000 1323 1237 1353 ultravocabitur
1247 1324 1450 1352 nomentuum
1458 1321 1570 1350 Abram
1583 1329 1589 1348 :
1603 1320 1654 1348 sed
1664 1317 1827 1350 Abraham:

1001 1368 1072 1403 quia
1078 1369 1193 1403 patrem
1200 1366 1362 1394 multarum
1369 1365 1502 1399 gentium
1511 1364 1648 1397 constitui
1659 1361 1831 1392 te.Faciam-

1002 1413 1092 1447 quete
1100 1418 1233 1438 crescere
1244 1408 1515 1449 vehementissime,
1525 1410 1553 1436 et
1562 1415 1675 1446 ponam
1683 1408 1710 1434 te
1718 1406 1747 1436 in
1757 1412 1829 1440 gen-

1001 1455 1239 1490 tibus,regesque
1249 1461 1283 1480 ex
1292 1455 1318 1480 te
1325 1451 1558 1487 egredientur.Et
1569 1454 1697 1479 statuam
1708 1451 1830 1485 pactum

1002 1499 1240 1527 meuminterme
1249 1499 1277 1525 et
1292 1499 1362 1529 tc,et
1386 1496 1461 1524 inter
1479 1503 1576 1523 semen
1596 1498 1691 1525 tuum,
1722 1494 1789 1529 post
1803 1495 1830 1520 te

1002 1543 1031 1570 in
1039 1540 1281 1577 generationibus
1291 1539 1354 1568 suis
1373 1538 1483 1567 fmdere
1513 1539 1695 1575 sempiterno
1711 1538 1759 1566 :ut
1774 1536 1828 1564 sim

1002 1587 1086 1616 Deus
1102 1589 1179 1620 tuus,
1197 1587 1225 1615 et
1238 1584 1343 1617 semini
1358 1586 1410 1613 tuo
1432 1586 1502 1619 post
1515 1586 1551 1611 te.
1579 1582 1720 1618 Daboque
1741 1579 1791 1610 tibi
1802 1581 1831 1607 et

1003 1630 1109 1659 semini
1125 1632 1175 1658 tuo
1191 1631 1300 1657 terram
1308 1627 1566 1664 peregrinationis,
1582 1629 1640 1654 tuae
1648 1632 1769 1665 omnem
1777 1626 1832 1661 ter-

1002 1683 1068 1704 ram
1075 1675 1216 1703 Chanaan
1224 1674 1252 1701 in
1261 1672 1477 1709 possessionem
1484 1674 1746 1707 mternammroque
1753 1668 1831 1696 Deus

1003 1726 1118 1751 eorum.
1140 1717 1216 1746 Dixit
1231 1716 1399 1752 iterumque
1413 1715 1490 1743 Deus
1507 1714 1545 1742 ad
1561 1713 1732 1741 Abraham:
1749 1712 1781 1739 Et
1799 1712 1832 1738 tu

1003 1770 1073 1798 ergo
1080 1761 1228 1790 custodies
1238 1762 1357 1796 pactum
1365 1767 1479 1792 meum,
1495 1759 1523 1786 et
1531 1765 1632 1785 semen
1639 1759 1720 1785 tuam
1729 1755 1795 1792 post
1804 1756 1831 1798 te

1003 1797 1291 1841 inigenerationibus
1302 1804 1440 1833 suis.Hoc
1452 1805 1495 1832 est
1507 1805 1628 1838 paetum
1640 1808 1741 1829 meum
1749 1797 1833 1836 quod

1004 1850 1200 1878 observabitis
1208 1849 1285 1876 inter
1294 1856 1342 1876 me
1354 1850 1381 1882 et
1391 1855 1456 1880 vos,
1467 1849 1495 1878 et
1504 1853 1607 1874 semen
1616 1848 1700 1873 tuum
1709 1844 1776 1879 post
1787 1844 1814 1870 te
1825 1850 1830 1869 :

1005 1893 1234 1922 Circumcidetur
1241 1900 1278 1920 ex
1285 1892 1370 1920 vobis
1377 1899 1466 1919 omne
1472 1890 1640 1919 masculum
1653 1898 1658 1916 :
1672 1891 1700 1922 et
1709 1888 1834 1915 circum-

1006 1938 1108 1965 cidetis
1124 1945 1246 1965 carnem
1261 1935 1542 1981 prmputii‘vestriﬁt
1557 1934 1594 1981 sit
1607 1933 1636 1961 in
1650 1932 1770 1981 signum
1783 1931 1834 1980 fce-

1006 1982 1083 2008 deris
1096 1982 1171 2009 inter
1186 1988 1234 2008 me
1247 1983 1275 2008 et
1286 1975 1351 2007 vos.
1360 1978 1461 2014 Infans
1469 1980 1536 2014 octo
1549 1977 1666 2005 dierum
1679 1975 1834 2009 circumci-

1007 2024 1227 2056 deturinvobis,
1240 2031 1329 2051 omne
1338 2021 1540 2061 masculinum
1551 2018 1581 2048 in
1593 2018 1835 2059 generationibus

1007 2069 1112 2096 vestris
1124 2077 1129 2096 :
1140 2071 1202 2096 tam
1211 2067 1506 2102 vernaculuquuam
1518 2063 1670 2104 emptitius
1680 2061 1835 2097 circumci-

1008 2114 1103 2147 detur,
1115 2116 1142 2141 et
1157 2119 1355 2149 quiscumque
1368 2119 1429 2144 non
1444 2109 1598 2143 fuerintde
1611 2108 1701 2146 stirpe
1714 2109 1812 2135 vestra
1827 2113 1833 2133 :

1008 2158 1122 2194 eritque
1128 2159 1250 2194 pactum
1257 2163 1359 2183 meum
1370 2155 1399 2183 in
1407 2162 1496 2184 carne
1504 2156 1601 2182 vestra
1612 2153 1641 2181 in
1651 2151 1746 2180 foedus
1755 2152 1835 2178 aeter-

1008 2211 1092 2231 num.
1109 2201 1354 2235 Masculus,cujus
1365 2198 1501 2237 praeputii
1510 2206 1579 2226 caro
1588 2196 1765 2225 circumcisa
1773 2202 1835 2223 non

1008 2247 1105 2281 fuerit,
1116 2245 1263 2274 delebitur
1273 2245 1374 2272 anima
1385 2243 1435 2272 illa
1448 2242 1484 2271 de
1496 2242 1607 2280 populo
1616 2249 1670 2269 suo
1681 2251 1686 2270 :
1700 2240 1770 2278 quia
1782 2246 1834 2274 pa-

126 2283 197 2328 tiam
207 2283 346 2333 ancillam
358 2305 455 2331 suam,
467 2283 535 2339 post
545 2303 642 2325 annos
654 2283 860 2332 decemtq'uam
872 2283 955 2323 habi-
971 2289 993 2316 D
1008 2290 1317 2339 ctummeumirritum
1324 2288 1399 2339 fecit.
1414 2287 1612 2339 Dixitquoque
1619 2287 1696 2339 Deus
1704 2285 1739 2339 ad
1745 2283 1834 2339 iter:

125 2346 187 2372 tare
200 2344 350 2380 creperant
366 2341 396 2377 in
410 2343 486 2370 terra
501 2340 656 2370 Chanaam
670 2339 804 2369 :etdedit
817 2339 954 2368 eamviro

127 2395 181 2419 suo
195 2394 330 2415 uxorem.
348 2385 403 2419 Qui
415 2385 569 2421 ingressus
584 2384 675 2414 estad
685 2392 766 2417 eam.
781 2384 819 2415 At
828 2383 877 2412 illa
884 2391 954 2412 con-

126 2431 240 2467 cepisse
247 2439 278 2460 se
286 2429 542 2467 videns,despexit
552 2428 708 2458 dominam
718 2428 954 2465 suam.Dixitque

128 2475 210 2504 Sarai
226 2474 266 2503 ad
282 2474 394 2502 Abram
408 2483 413 2500 :
428 2472 532 2510 Inique
546 2473 610 2508 agis
619 2475 723 2503 contra
737 2481 785 2508 me
798 2482 804 2501 :
815 2480 871 2508 ego
885 2472 954 2500 dedi

127 2519 270 2555 ancillam
285 2526 386 2550 meam
402 2518 433 2546 in
445 2518 546 2547 sinum
558 2519 653 2554 tuum,
672 2524 740 2553 qua)
753 2515 857 2545 videns
872 2517 954 2553 quod

129 2557 309 2600 conceperit,
325 2561 481 2599 despectui
495 2568 543 2589 me
553 2561 643 2590 habet
659 2569 666 2588 :
683 2560 797 2598 judicet
809 2560 953 2590 Dominus

128 2608 206 2637 inter
219 2615 268 2647 me
284 2609 312 2638 et
324 2608 361 2636 te.
375 2606 426 2634 Cui
437 2604 591 2643 respondit
605 2605 717 2644 Abram
734 2613 740 2634 :
753 2605 836 2640 Ecce,
850 2605 955 2639 ait,an-

127 2651 197 2680 cilla
211 2651 301 2686 tuain
316 2651 610 2685 manutuaest,utere
625 2656 660 2678 ea
671 2650 702 2679 ut
713 2647 794 2677 libet.
802 2647 955 2683 Afﬂigente

126 2696 218 2732 igitur
233 2703 302 2723 eam
322 2694 416 2727 Sarai,
432 2694 535 2729 fugam
558 2692 630 2726 iniit.
654 2693 784 2729 Cumque
797 2692 957 2726 invenisset

126 2748 195 2769 eam
203 2739 336 2776 Angelus
344 2738 452 2767 Domini
457 2739 467 2774 j
473 2738 544 2766 uxta
550 2737 656 2766 fontem
663 2744 746 2776 aqua:
752 2737 782 2765 in
789 2736 957 2773 solitudine-

125 2793 196 2823 quas
209 2786 255 2813 est
268 2784 300 2812 in
310 2783 360 2819 via
374 2784 429 2812 Sur
442 2782 473 2810 in
484 2782 613 2816 deserto,
629 2780 702 2810 dixit
716 2780 756 2815 ad
770 2780 852 2821 illam
862 2789 868 2810 :
878 2781 957 2816 Agar

124 2828 235 2859 ancilla
242 2826 420 2862 Sarai,unde
428 2826 508 2855 venis
515 2825 529 2853 ?
535 2827 563 2854 et
572 2833 634 2862 quo
640 2824 726 2855 vadis
736 2824 751 2852 ?
757 2832 825 2861 quae
833 2831 957 2860 respon-

1008 2336 1079 2364 ham
1093 2344 1099 2363 :
1113 2335 1195 2363 Sarai
1210 2341 1334 2362 uxorem
1349 2336 1432 2360 tuam
1452 2340 1513 2360 non
1527 2330 1653 2359 vocabis
1669 2327 1763 2368 sarai,
1782 2326 1835 2354 sed

1010 2381 1126 2408 Saram.
1144 2381 1176 2406 Et
1189 2378 1366 2407 benedicam
1383 2378 1420 2411 ei,
1437 2375 1566 2404 etexilla
1580 2374 1658 2402 dabo
1672 2371 1726 2400 tibi
1739 2371 1835 2405 ﬁlium

1008 2425 1055 2451 cui
1073 2423 1283 2451 benedicturus
1293 2429 1370 2453 sum,
1388 2420 1501 2459 eritque
1515 2419 1546 2446 in
1554 2418 1700 2448 nationes,
1712 2418 1740 2446 et
1751 2423 1834 2450 reges

1007 2467 1325 2504 populorumorientur
1331 2473 1367 2492 ex
1373 2462 1687 2492 eo.CeciditAbraham
1694 2460 1835 2489 infaciem

1008 2520 1106 2546 suam,
1127 2514 1154 2539 et
1166 2511 1228 2538 risit
1239 2510 1270 2538 in
1281 2509 1369 2537 corde
1378 2516 1443 2541 suo,
1458 2507 1559 2535 dicens
1572 2515 1578 2535 :
1591 2506 1721 2534 Putasne
1735 2507 1834 2534 cente-

1007 2557 1092 2585 nario
1107 2557 1245 2584 nascetur
1260 2554 1338 2581 ﬁlius
1349 2554 1362 2581 ‘I
1378 2555 1406 2581 et
1418 2553 1490 2581 Sara
1502 2550 1710 2586 nonagenaria
1719 2549 1835 2586 pariet?

1009 2601 1144 2637 Dixitque
1155 2599 1194 2628 ad
1203 2599 1362 2627 Dominum
1377 2608 1383 2625 :
1396 2597 1516 2625 Utinam
1526 2595 1631 2624 lsmael
1642 2595 1720 2624 vivat
1733 2601 1835 2621 coram

1008 2647 1045 2673 te.
1059 2647 1091 2673 Et
1106 2645 1146 2673 ait
1162 2644 1305 2672 Dominus
1325 2642 1364 2670 ad
1388 2641 1540 2674 Abraham
1561 2649 1568 2668 ε
1593 2642 1666 2668 Sara
1694 2645 1770 2667 uxor
1787 2639 1836 2664 tua

1008 2690 1104 2726 pariet
1118 2689 1169 2717 tibi
1183 2688 1288 2720 ﬁlium,
1300 2686 1481 2722 vocabisque
1497 2692 1609 2713 nomen
1625 2684 1689 2719 ejus
1704 2683 1794 2712 Isaac,
1809 2682 1838 2707 et

1010 2734 1188 2762 constituam
1195 2734 1309 2768 pactum
1317 2739 1418 2759 meum
1426 2729 1465 2758 illi
1476 2730 1506 2757 in
1518 2728 1613 2756 foedus
1623 2727 1835 2763 sempiternum,

1010 2781 1038 2806 et
1048 2778 1154 2806 semini
1162 2777 1187 2812 ej
1193 2786 1225 2805 us
1233 2779 1300 2813 post
1306 2783 1376 2804 eum
1383 2796 1390 2802 .
1401 2776 1495 2810 Super
1503 2772 1734 2819 lsmaelquoque
1742 2773 1833 2819 exau-

1010 2822 1070 2851 divi
1086 2824 1114 2850 te
1128 2831 1134 2852 :
1151 2808 1416 2855 eccm-benedicam
1430 2808 1468 2850 ei,
1484 2819 1513 2845 et
1526 2808 1642 2851 augebo
1656 2808 1835 2845 et'multipli-
