4160 6418
497 365 603 425 287
1733 349 2188 416 BREVIARIUM
2225 349 2621 410 GOTHICUM.
3767 351 3896 410 288

497 487 647 543 cabo
675 498 817 542 eum
843 481 1018 542 valde
1045 501 1058 542 :
1092 481 1414 539 duodecim
1449 479 1632 538 duces
1664 474 2150 550 generabit,etfa-
2174 480 2222 534 A
2323 476 2709 547 Supplicatio.
2738 475 2986 535 Oremus
3027 475 3092 530 ut
3119 488 3228 529 nos
3251 476 3636 530 sacrosancto
3659 474 3931 550 jejunio

497 575 653 630 ciam
679 571 847 628 illum
879 585 1138 627 crescere
1166 571 1229 626 in
1267 573 1507 640 gentem
1537 582 1844 640 magnam.
1899 565 2147 620 Pactum
2253 569 2520 636 tempore
2575 564 3074 634 Quadrageslmae.
3151 560 3445 632 Capitula.
3503 562 3932 638 Omnipotens

494 678 637 718 vero
654 676 857 717 meum
884 665 1142 716 statuam
1163 658 1241 714 ad
1262 661 1447 726 Isaac,
1472 671 1656 729 quem
1670 653 1859 728 pariet
1877 652 1983 710 tibi
2002 653 2150 708 Sara
2258 652 2612 708 semditerne
2643 653 2825 710 Deus.
2844 653 2893 722 f.
2924 655 3012 708 94.

497 755 767 822 tempore
794 749 907 804 isto
946 749 1007 804 in
1032 763 1191 804 anno
1223 747 1436 804 altero.
1479 756 1543 816 Βι.
1585 749 1793 803 Amen.
2325 739 3357 810 Benedictio.Benedicatomnipotens
3373 739 3643 795 Dominus
3659 755 3939 812 praesen-

572 839 924 908 Antiphona
957 842 1005 893 1.
1039 836 1225 894 Simul
1243 836 1305 892 in
1339 850 1530 891 unum
1589 833 1753 890 dives
1779 837 1835 890 et
1873 845 2099 910 pauper
2132 847 2145 886 :
2257 829 2806 901 temfamiliam,qui
2823 829 3013 885 crucis
3033 829 3285 900 portavit
3304 827 3928 900 injuriam.1§.Amen.

504 927 748 985 auribus
764 925 1159 998 percipitegqui
1170 923 1442 981 habitatis
1455 920 2145 980 orbem.Psalmustvm.
2257 920 2391 991 Ipse
2418 933 2527 974 vos
2545 913 2830 989 perducat
2845 917 3077 973 caeleste
3093 916 3154 972 in
3178 931 3458 987 regnum,
3482 917 3587 989 qui
3612 917 3936 990 pependit

577 1015 802 1071 Oratio.
830 1013 1088 1069 Audiant
1112 1011 1289 1069 simul
1316 1017 1371 1069 te
1399 1011 1646 1068 Domine
1668 1022 1878 1067 omnes
1905 1011 2108 1077 gentes
2133 1022 2148 1071 ;
2257 1007 2318 1062 in
2345 1005 2525 1078 ligno.
2554 1009 2982 1078 IpAmeanse
2999 1005 3077 1061 ad
3105 1005 3411 1062 dexteram
3428 1004 3620 1062 Patris
3649 1021 3762 1063 vos
3785 1004 3933 1063 col-

505 1103 667 1158 dives
705 1117 776 1158 ac
804 1116 1034 1174 pauper
1057 1116 1264 1157 aurem
1297 1099 1404 1156 tibi
1422 1098 1616 1156 cordis
1645 1094 2104 1154 accommodent
2132 1111 2146 1150 :
2256 1094 2427 1160 locet,
2461 1095 2562 1166 qui
2588 1110 2773 1151 causa
2799 1093 2973 1150 nobis
2995 1094 3186 1150 factus
3210 1098 3296 1150 est
3335 1093 3522 1166 pacis.
3566 1105 3632 1164 ny.
3671 1098 3875 1151 Amen
3896 1137 3914 1150 .

506 1189 630 1259 ibiq
639 1203 708 1243 ue
720 1188 992 1244 omnium
1006 1188 1084 1243 ad
1097 1187 1278 1244 ﬁdem
1289 1190 1648 1260 praeparetur
1658 1183 2020 1254 auditio,quo
2037 1180 2152 1237 sal-
2329 1181 2440 1237 Per
2463 1182 2956 1238 misericordiam.

505 1275 720 1332 vandis
750 1275 1110 1348 promittitur
1142 1274 1348 1344 gratiae
1379 1273 1705 1347 plenitudo.
1737 1282 1803 1342 13;.
1833 1274 2040 1326 Amen.
2327 1270 2552 1325 Lauda.
2584 1269 2932 1337 Gloriemur,
2960 1267 3233 1330 Domine.
3270 1267 3490 1326 Oratio.
3543 1268 3754 1326 Salvos
3789 1285 3928 1326 nos

577 1364 686 1419 Per
715 1362 1190 1419 misericordiam
1216 1367 1405 1428 tuam,
1435 1362 1612 1427 Deus,
1642 1365 1749 1416 etc.
2258 1356 2371 1414 fac.
2397 1357 2505 1428 fol.
2538 1357 2654 1414 151.

576 1451 929 1520 Antiphona
956 1454 1012 1506 2.
1044 1449 1272 1507 Exaudi
1291 1465 1426 1516 nos,
1459 1450 1614 1505 Deus
1641 1447 1911 1504 salutaris
1933 1447 2148 1514 noster,
2857 1461 3017 1502 manu
3065 1462 3306 1509 QUARTA.

509 1553 647 1610 spes
669 1539 942 1594 omnium
970 1537 1182 1594 ﬁnium
1216 1544 1404 1595 terrm.
1434 1539 1722 1594 Psalmus
1747 1551 1902 1591 inv.
2822 1534 2916 1589 Ad
2941 1534 3329 1590 Matutz'num.

581 1627 808 1682 Oratio.
835 1625 1062 1682 Exaudi
1087 1641 1199 1682 nos
1225 1629 1377 1682 Deus
1399 1625 1674 1681 salutaris
1689 1627 1924 1694 noster;
1948 1637 2018 1678 ac
2041 1637 2153 1677 nos
2328 1619 2702 1691 Antiphona.
2734 1621 2926 1678 Gloria
2953 1638 3089 1678 mea
3131 1622 3398 1678 exaltans
3454 1627 3637 1696 caput
3679 1639 3922 1680 meum.

511 1718 616 1770 tua
638 1713 848 1770 virtute
869 1713 1167 1785 praecinge
1183 1729 1196 1770 :
1213 1713 1480 1785 dumque
1491 1712 1631 1768 ﬁdei
1648 1717 1927 1784 optamus
1948 1709 2154 1764 solidi-
2258 1713 2408 1768 Voce
2434 1726 2570 1767 mea
2584 1711 2662 1766 ad
2677 1711 2996 1767 Dominum
3011 1711 3267 1766 clamavi
3296 1715 3382 1766 :et
3399 1711 3816 1770 exaudivitme
3833 1713 3922 1769 de

507 1806 708 1866 tatem,
741 1801 868 1873 spei
893 1817 1231 1858 mereamur
1256 1803 1614 1874 quietem,et
1644 1799 1930 1855 charitate
1954 1812 2154 1870 perve-
2182 1797 2222 1852 Β
2258 1804 2454 1855 monte
2483 1802 2688 1854 sancto
2718 1814 2846 1854 suo.
2879 1799 3151 1854 Psalmus
3176 1814 3257 1854 ιιι.

507 1889 746 1945 niamus
776 1889 857 1945 ad
879 1889 1172 1962 requiem.
1222 1899 1286 1960 Βι.
1319 1890 1527 1946 Amen.
2329 1886 2555 1942 Oratio.
2584 1885 2778 1943 Gloria
2797 1890 3019 1953 nostra,
3041 1886 3196 1941 Deus
3210 1890 3430 1953 noster,
3459 1886 3538 1944 da
3558 1887 3829 1954 nobis,ut
3846 1889 3917 1944 in

581 1979 709 2032 Per.
2257 1979 2312 2030 te
2342 1974 2466 2029 sine
2493 1973 2612 2030 ﬁne
2639 1973 2959 2043 gloriemur
2988 1989 3000 2028 :
3033 1989 3308 2046 quosque
3337 1973 3527 2030 fecisti
3566 1974 3642 2030 de
3695 1975 3916 2048 capitis

579 2065 924 2136 Antiphona
956 2069 1006 2120 3.
1049 2065 1227 2121 Dicite
1280 2067 1398 2122 Deo
1433 2085 1444 2124 :
1474 2066 1665 2130 Quam
1712 2062 1993 2120 terribilia
2013 2065 2154 2117 sunt
2257 2061 2613 2118 exultatione
2644 2061 2951 2130 sublimes,
2974 2077 3346 2133 quaesumus,
3378 2067 3443 2118 ut
3470 2061 3697 2118 efﬁcias
3724 2063 3799 2118 de
3823 2068 3914 2119 to-

509 2168 688 2224 opera
700 2153 887 2209 tualin
901 2152 1331 2210 multitudinem
1345 2153 1579 2209 virtutis
1596 2152 2009 2208 tuae.Psalmus
2022 2165 2150 2206 va.
2257 2148 2372 2205 tius
2397 2149 2662 2221 corporis
2683 2153 3099 2205 consummata
3111 2148 3298 2205 salute
3326 2151 3792 2207 securos.Elevet
3804 2151 3917 2208 ab-

578 2240 860 2310 Hymnus.
886 2241 930 2294 Ο
955 2243 1249 2297 Nazarene
1286 2281 1298 2295 .
1327 2242 1441 2311 fol.
1475 2243 1592 2296 144.
2251 2236 2569 2308 jectionem
2601 2242 2869 2292 nostram
2902 2241 3004 2292 tua
3028 2252 3252 2308 magna
3281 2237 3572 2295 celsitudo
3605 2257 3619 2294 :
3657 2245 3740 2303 ut,
3798 2240 3913 2311 qui

579 2327 881 2397 Capitula.
904 2331 1072 2385 Dona
1090 2328 1265 2384 nobis
1287 2329 1558 2396 Domine,
1588 2333 1655 2384 ut
1673 2344 1805 2395 nos,
1827 2328 1931 2399 qui
1959 2330 2011 2382 te
2033 2341 2151 2382 cre-
2255 2324 2984 2380 humilitatetuaaterrenis
2997 2324 3281 2395 erigimur,
3303 2324 3661 2382 exaltatione
3685 2342 3915 2398 quoque

506 2416 725 2486 dendo,
767 2416 1018 2472 domum
1052 2421 1213 2473 tuam
1243 2417 1306 2472 in
1349 2416 1718 2474 holocaustis
1758 2414 2147 2484 ingredimur,
2255 2415 2359 2468 tua
2384 2411 2464 2468 ad
2492 2412 2754 2469 caelestia
2781 2411 3024 2485 pervehi
3051 2428 3411 2469 mereamur.
3453 2425 3518 2483 By.
3552 2417 3760 2470 Amen.

506 2503 715 2558 dicatis
750 2503 853 2559 tibi
875 2503 1172 2575 operibus,
1192 2520 1261 2560 ac
1278 2505 1634 2562 mortiﬁcato
1661 2518 1909 2574 corpore
1933 2502 2148 2558 servia-
2327 2501 2462 2556 Per.

507 2607 644 2646 mus
673 2610 684 2649 :
715 2591 914 2663 sicque
956 2607 1077 2647 non
1121 2607 1404 2650 amoveas
1435 2592 1766 2648 orationem
1797 2594 2062 2646 nostram
2096 2593 2152 2644 et
2324 2589 2673 2658 Antiphonti
2705 2594 2752 2645 1.
2779 2591 3074 2647 Conserva
3093 2605 3204 2646 nos
3237 2592 3506 2656 Domine,
3528 2593 3822 2665 quoniam
3846 2593 3916 2648 in

509 2677 980 2735 misericordiam
1005 2684 1170 2737 tuam
1201 2696 1238 2737 θ,
1263 2680 1471 2746 nobis;
1512 2679 1658 2735 dum
1676 2695 1741 2736 ea
1774 2679 2017 2751 inspicis
2047 2692 2147 2750 pe-
2257 2681 2311 2734 te
2343 2693 2673 2748 speramus.
2719 2680 2804 2733 Tu
2835 2679 3020 2745 enim,
3055 2679 3326 2744 Domine,
3357 2695 3498 2752 pars
3553 2679 3913 2736 hereditatis

508 2771 645 2832 tere,
670 2783 805 2838 quae
835 2767 1010 2824 nobis
1049 2769 1341 2840 prospicis
1380 2768 1714 2824 convenire.
2255 2773 2492 2824 nostrae.
2536 2767 2805 2823 Psalmus
2843 2785 2942 2825 xv.

580 2857 748 2912 Pater
773 2860 990 2912 noster.
1022 2860 1067 2912 Α
1107 2857 1271 2913 malo
1302 2871 1414 2912 nos
1435 2855 1642 2912 libera.
1670 2855 1781 2926 fol.
1814 2858 1897 2912 10.
2329 2856 2857 2912 0ratio.Conserva
2883 2872 2991 2912 nos
3017 2857 3264 2912 Domine
3283 2857 3343 2912 in
3369 2857 3578 2912 timore
3601 2872 3757 2928 ;quo
3775 2857 3909 2912 dili-

1087 2944 1185 2999 Ad
1222 2945 1558 3014 Vesperum.
2257 2945 2345 3014 gis
2365 2949 2452 3009 ;et
2469 2961 2505 3000 a
2529 2944 2756 3015 peccati
2769 2945 3122 3016 contagione
3138 2960 3248 3001 nos
3279 2958 3526 3016 separa:
3551 2944 3909 3016 ut,quiabo-

576 3031 805 3087 Lauda.
838 3031 1194 3088 llluminatio
1221 3049 1360 3089 mea
1397 3037 1455 3090 et
1479 3032 1641 3088 salus
1666 3046 1802 3087 mea
1827 3029 2139 3086 Dominus.
2256 3037 2822 3088 norumnostrorum
2834 3032 3462 3104 nonindiges,tuorum
3474 3047 3583 3088 nos
3600 3031 3911 3088 donorum

574 3118 864 3172 Dominus
896 3119 968 3173 sit
1005 3133 1239 3192 semper
1257 3119 1593 3174 vobiscum.
1629 3128 1693 3190 Bg.
1721 3120 1968 3173 Etcum.
2181 3140 2222 3195 ί]
2261 3121 2555 3178 adsocies.
2581 3131 2646 3192 Ity.
2675 3121 2884 3176 Amen.

575 3203 1158 3273 Antz'phona.Salvos
1171 3221 1281 3262 nos
1307 3203 2153 3270 faciatdexteratua,ctexaudi
2329 3211 2464 3266 Per.

503 3306 642 3349 nos.
677 3294 831 3347 Deus
857 3291 1091 3348 locutus
1116 3296 1206 3349 est
1242 3292 1304 3348 in
1333 3297 1540 3349 sancto
1566 3308 1694 3348 suo.
1725 3292 1997 3348 Psatmus
2020 3307 2142 3348 ιιι.
2328 3296 2730 3366 Antiphona2.
2764 3295 3016 3362 Quaarite
3047 3297 3390 3361 Dominum,
3423 3301 3478 3355 et
3506 3297 3665 3353 vivet
3696 3297 3904 3354 anima

578 3380 799 3438 Lauda.
829 3383 914 3437 Tu
945 3382 1264 3447 mandasti,
1292 3382 1577 3440 mandata
1616 3387 1717 3438 tua
1753 3381 1816 3436 P.
1846 3380 2151 3436 Custodire
2258 3390 2474 3442 vestra.
2502 3385 2763 3441 Psalmus
2795 3400 3016 3440 vanu.

505 3469 705 3535 nimis,
739 3471 894 3525 Deus
918 3484 1090 3525 meus
1117 3469 1179 3531 ἳνα
1217 3471 1452 3526 Utinam
1482 3471 1811 3540 dirigantur
1839 3469 1953 3525 Viae
1978 3485 2148 3536 mete,
2331 3473 2548 3529 Oratio.
2603 3473 3020 3538 Quaerentibus
3066 3477 3140 3540 te,
3164 3473 3435 3545 Domine,
3468 3473 3650 3531 vitam
3689 3473 3915 3529 animae

507 3558 586 3614 ad
614 3557 1037 3613 custodiendas
1053 3558 1510 3629 justiﬁcationes
1541 3563 1699 3615 tuas.
1729 3559 1790 3612 P.
1818 3558 2149 3616 Custodire.
2255 3568 2473 3621 nostrae
2496 3563 2871 3634 temetipsum
2891 3562 3157 3635 imperti;
3191 3562 3406 3619 exaudi
3427 3577 3723 3636 pauperes
3749 3567 3911 3629 tuos,

508 3644 568 3705 ἰν.
612 3643 827 3712 Gloria,
866 3650 923 3701 et
949 3644 1142 3702 honor
1170 3646 1348 3702 Patri.
1380 3647 1443 3702 P.
1473 3646 1795 3704 Custodire.
2256 3652 2362 3726 qui
2396 3651 2543 3707 nihil
2569 3667 2692 3723 prae
2722 3667 2830 3709 sua
2862 3651 3112 3722 justitia,
3155 3650 3260 3706 sed
3287 3655 3388 3708 tuo
3441 3650 3748 3724 replentur
3775 3666 3916 3708 mu-

1192 3735 1482 3805 Hymnus.
2256 3755 2427 3807 nere;
2468 3744 2572 3796 tua
2594 3739 2832 3798 aluntur
2861 3739 3213 3811 substantia,
3247 3743 3350 3795 tua
3377 3739 3570 3810 gratia
3586 3746 3911 3812 protegan-

759 3820 980 3877 Christe
998 3820 1202 3878 lumen
1231 3827 1586 3895 perpetuum
2256 3832 2370 3884 tur.
2405 3826 2823 3899 Necdespicias
2837 3826 3088 3894 vinctos,
3109 3841 3369 3898 quorum
3391 3831 3446 3882 te
3477 3829 3781 3900 suspirant
3795 3829 3905 3882 De-

685 3911 1014 3977 Astrorum,
1047 3909 1242 3981 fulgor
1281 3911 1568 3981 siderum,
2255 3914 2503 3981 sideria;
2533 3929 2792 3986 quorum
2821 3913 2926 3970 tibi
2961 3913 3216 3971 aderunt
3243 3914 3502 3983 animas;
3531 3918 3899 3989 tuorumque

686 4000 925 4054 Noctem
963 4004 1233 4056 nostram
1260 3999 1551 4070 illumina,
2255 4004 2453 4061 studia
2483 4003 2705 4076 jugiter
2741 4006 3202 4078 prosequuntur.
3243 4013 3308 4074 ﬁ.
3341 4006 3548 4060 Amen.

684 4086 979 4143 Conserva
1006 4103 1152 4158 pura
1179 4092 1438 4160 pectora.
2323 4092 2452 4148 Per.

754 4174 936 4230 Nullis
963 4176 1201 4232 incedat
1218 4176 1466 4248 laqueis.
2323 4179 2670 4249 Antiphona
2683 4183 2734 4235 3.
2754 4181 2818 4234 In
2834 4179 2930 4249 adj
2941 4178 3200 4235 utorium
3226 4183 3502 4238 nostrum
3523 4179 3784 4247 intende,
3795 4181 3911 4237 Do-

691 4263 862 4335 156
894 4263 1074 4319 Nullis
1095 4269 1369 4336 gravetur
1395 4266 1688 4330 hostibus,
2252 4267 2412 4324 mine
2441 4285 2454 4323 :
2486 4266 2565 4324 ad
2590 4265 3000 4338 adjuvandum
3031 4282 3128 4323 me
3155 4267 3390 4325 festina.
3432 4270 3704 4328 Psalmus
3734 4285 3899 4326 LXIX.

685 4354 798 4406 Nec
821 4352 1148 4409 maculetur
1171 4369 1389 4427 corpus
2325 4354 2798 4413 Oratiantende
2813 4354 2875 4411 in
2887 4354 2958 4411 ad
2961 4356 3254 4426 jutorium
3274 4362 3550 4414 nostrum
3570 4357 3837 4424 Domine,
3851 4361 3912 4414 et

685 4439 854 4497 Lasci
867 4441 956 4497 via
983 4457 1088 4514 per
1116 4459 1417 4516 soporem.
2175 4480 2220 4535 Β
2253 4448 2316 4500 ut
2332 4443 2697 4515 nosadjuves
2710 4443 2958 4500 festinus
2974 4444 3294 4516 aggredere
3332 4463 3350 4500 :
3382 4445 3578 4504 tribue
3616 4445 3766 4503 vires
3800 4461 3909 4503 ex-
3951 4522 3954 4524 γ

752 4530 990 4586 Custodi
1019 4531 1203 4588 corda
1229 4533 1505 4589 omnium
2175 4530 2211 4535 ⁷
2251 4532 2450 4605 plendi
2465 4548 2601 4606 quae
2630 4533 2908 4588 novimus
2932 4532 3356 4605 ;etperfectum
3370 4533 3600 4607 deputa
3623 4534 3782 4608 quod
3799 4549 3911 4607 op~

679 4617 1084 4692 Fideliumque
1109 4621 1376 4677 maxima
2250 4625 2479 4678 tamus:
2507 4625 2592 4690 ut,
2615 4621 2762 4678 dum
2778 4636 2956 4694 opere
2972 4625 3074 4679 tuo
3099 4622 3277 4679 tuain
3297 4622 3474 4680 nobis
3495 4628 3912 4696 pasceptaper-

677 4708 1041 4764 Protectione
1067 4709 1312 4780 propria
2248 4708 2590 4779 feceris,tibi
2617 4709 2851 4767 laudem
2866 4709 3116 4781 deputes
3135 4727 3147 4766 :
3164 4710 3238 4766 de
3264 4710 3479 4768 effectu
3493 4715 3599 4769 tuo
3614 4727 3728 4768 nos
3742 4711 3909 4768 exal-

674 4797 815 4862 Tua,
845 4795 1085 4861 Christe,
1117 4797 1397 4868 potentia.

743 4885 812 4939 Ut
841 4883 1165 4953 gratuletur
1196 4883 1401 4940 anima

674 4969 903 5025 Vidisse
934 4971 1129 5027 lucem
1158 4987 1530 5044 prosperam,

676 5057 958 5129 Implesse
986 5064 1125 5115 vota
1152 5059 1355 5116 debita

672 5145 998 5201 Reddenda
1025 5148 1148 5212 tibi,
1181 5149 1456 5205 Trinitas.

749 5235 866 5289 Deo
894 5233 1051 5289 Patri
1082 5235 1156 5289 sit
1180 5235 1388 5305 gloria,

673 5322 931 5392 Ejusque
969 5322 1076 5377 soli
1105 5323 1244 5378 Filio

672 5411 820 5464 Cum
861 5410 1075 5481 Spiritu
1110 5411 1393 5468 Paraclito

674 5503 736 5556 In
766 5501 1126 5571 sempiterna
1147 5501 1388 5558 saecula.

745 5590 961 5645 Amen.

2246 4802 2442 4855 temur
2461 4797 2785 4870 inpraemio
2815 4814 2828 4854 :
2862 4802 2915 4854 te
2945 4798 3135 4857 nostri
3162 4799 3512 4870 magnificet
3532 4799 3730 4871 operis
3765 4814 3898 4854 rec-

2247 4886 2437 4942 titudo
2469 4903 2482 4942 :
2510 4902 2621 4942 nos
2640 4891 2745 4943 tua
2770 4885 2998 4945 attollat
3029 4887 3450 4945 remuneratio.
3485 4888 3781 4957 mAmen.

2318 4974 2428 5031 Per
2456 4974 2948 5032 misericordiam.

2317 5074 2380 5133 ιιι.
2402 5063 2726 5128 Lavamini,
2759 5063 2969 5119 mundi
2990 5068 3198 5129 estote,
3233 5065 3454 5122 auferte
3483 5061 3712 5118 malum
3733 5064 3904 5136 cogi-

2245 5152 2538 5208 tationum
2552 5154 2884 5207 vestrarum
2913 5151 2990 5208 ab
3011 5153 3198 5210 oculis
3211 5153 3390 5208 meis:
3413 5149 3696 5222 quiescite
3722 5165 3906 5222 agere

2244 5253 2517 5312 perverse
2549 5255 2562 5293 :
2577 5237 2790 5294 discite
2800 5239 3421 5313 benefacere,qumrite
3431 5239 3452 5308 j
3463 5238 3752 5305 udicium,
3763 5240 3909 5296 sub-

2244 5327 2441 5383 venite
2455 5326 2775 5398 oppressis,
2781 5327 2801 5398 j
2812 5327 3045 5385 udicate
3059 5327 3308 5402 pupillo,
3329 5325 3627 5382 defendite
3642 5327 3880 5384 viduam
3891 5369 3904 5381 .

2247 5415 2312 5470 P.
2330 5415 2389 5470 Si
2416 5413 2737 5480 volueritis,
2765 5420 2821 5471 et
2833 5416 3157 5481 audieritis,
3179 5415 3342 5472 bona
3359 5417 3527 5470 terrm
3554 5416 3906 5486 comedetis,

2247 5502 2390 5560 dicit
2422 5501 2728 5560 Dominus.
2759 5503 2822 5566 Υ.
2844 5505 2902 5561 Si
2925 5505 3140 5562 fuerint
3155 5506 3402 5575 peccata
3412 5509 3609 5562 vestra
3632 5508 3695 5562 ut
3711 5506 3900 5562 cocci-

2256 5591 2604 5669 num,quasi
2631 5592 2752 5662 nix,
2788 5593 3226 5653 dealbabuntur
3257 5607 3270 5659 ;
3301 5595 3360 5650 et
3375 5591 3426 5648 si
3453 5591 3671 5651 fuerint
3717 5593 3906 5659 rubra
