4160 6408
236 307 347 360 297

1433 302 1785 380 DQMINICA
1828 302 1852 360 I
1888 301 2491 371 QUADRAGESIMJE.

3551 315 3660 373 298

235 446 400 487 eam.
431 428 604 485 Venit
624 430 825 486 autem
840 429 994 485 Deus
1015 427 1094 483 ad
1114 425 1456 482 Abimelech
1471 443 1580 499 per
1602 430 1897 486 somnium
1928 430 1975 485 A
2008 431 2123 487 Sed
2152 434 2207 487 et
2239 430 2431 486 ﬁlium
2459 429 2687 487 ancillae
2719 429 2940 491 faciam
2968 436 3031 492 in
3069 439 3306 507 gentem
3342 449 3658 510 magnam,

235 518 449 583 noctis,
484 521 542 574 et
600 518 684 575 ait
718 518 806 574 ei:
870 521 953 573 En
980 516 1247 573 morieris
1300 522 1540 589 propter
1587 519 1896 575 mulierem

236 624 429 682 quam
458 606 640 663 tulisti
676 623 689 661 :
730 606 913 663 habet
942 606 1099 662 enim
1129 606 1343 660 virum.
1371 605 1713 663 Abimelech
1756 624 1899 665 vero

236 712 365 753 non
402 696 678 767 tetigerat
708 711 863 762 eam,
891 700 946 751 et
997 694 1077 750 ait
1109 711 1120 749 :
1160 694 1429 763 Domine,
1486 711 1630 750 num
1661 702 1901 767 gentem

236 787 625 856 ignorantem
654 789 713 841 et
734 786 963 856 justam
986 783 1346 840 interﬁcies?
1382 786 1586 841 Nonne
1615 785 1745 858 ipse
1776 786 1858 843 ait
1883 802 1896 841 :

242 877 425 931 Soror
454 890 593 930 mea
619 873 753 929 est?
777 874 836 929 in
870 872 1229 945 simplicitate
1251 872 1447 928 cordis
1475 873 1611 940 mei,
1643 879 1699 930 et
1729 890 1897 930 mun-

240 963 390 1019 ditia
420 978 717 1019 manuum
749 977 1017 1018 mearum
1041 962 1151 1017 feci
1190 961 1323 1016 hoc.
1357 962 1623 1034 Dixitque
1654 963 1732 1019 ad
1762 980 1902 1020 eum

240 1053 403 1108 Deus
433 1072 445 1110 :
490 1053 555 1107 Et
575 1067 688 1121 ego
716 1051 837 1107 scio
858 1050 1024 1123 quod
1067 1049 1321 1122 simplici
1351 1049 1529 1105 corde
1574 1051 1779 1108 feceris
1805 1072 1816 1111 :
1848 1057 1905 1109 et

238 1141 381 1197 ideo
403 1140 700 1197 custodivi
723 1148 774 1197 te
786 1155 861 1195 ne
876 1151 1156 1212 peccares
1177 1140 1237 1194 in
1259 1154 1376 1207 me,
1395 1144 1450 1194 et
1468 1140 1828 1199 nonadmisi
1843 1144 1905 1197 ut

240 1234 525 1301 tangeres
549 1245 707 1286 eam.
731 1232 896 1285 Nunc
922 1230 1092 1299 162
1114 1227 1293 1297 igitur
1312 1228 1493 1283 redde
1516 1245 1763 1285 uxorem
1780 1230 1904 1285 viro

241 1335 378 1383 suo,
410 1320 555 1392 quia
576 1318 868 1392 propheta
903 1323 1026 1376 est:
1058 1316 1251 1373 orabit
1280 1332 1389 1389 pro
1421 1323 1495 1383 te,
1529 1322 1583 1374 et
1620 1319 1781 1373 vives
1818 1338 1829 1376 :
1856 1318 1905 1373 si

240 1413 454 1465 autem
487 1408 749 1464 nolueris
773 1407 1043 1475 reddere,
1062 1406 1212 1461 scito
1238 1405 1405 1477 quod
1430 1411 1619 1462 morte
1636 1407 1905 1463 morieris

242 1500 328 1568 tu,
359 1502 420 1554 et
436 1496 646 1554 omnia
672 1512 807 1568 quae
832 1500 930 1551 tua
948 1500 1106 1550 sunt.
1133 1495 1461 1567 Statimque
1482 1495 1556 1550 de
1576 1499 1747 1553 nocte
1768 1511 1908 1552 con-

242 1602 504 1657 surgens
534 1586 896 1651 Abimelech,
917 1583 1153 1641 vocavit
1182 1600 1389 1641 omnes
1414 1600 1616 1640 servos
1654 1601 1793 1641 suos
1818 1605 1828 1644 :
1851 1588 1907 1641 et

238 1676 486 1733 locutus
511 1679 599 1731 est
640 1675 920 1731 universa
938 1672 1127 1729 verba
1156 1672 1280 1728 haec
1309 1673 1371 1727 in
1403 1673 1650 1729 auribus
1674 1690 1902 1746 eorum,

2005 520 2150 592 quia
2166 535 2370 577 semen
2393 524 2560 575 tuum
2583 522 2962 580 est.Surrexit
2990 525 3188 597 itaque
3207 526 3517 584 Abraham
3535 543 3662 586 ma-

2006 623 2101 679 ne,
2126 612 2181 665 et
2206 608 2417 665 tollens
2447 623 2668 681 panem
2710 612 2766 666 et
2788 615 3201 685 utrem_aquae,
3226 613 3518 685 imposuit
3538 632 3662 672 sca-

2005 695 2164 768 pulae
2185 679 2699 769 ejus,tradiditque
2716 679 3498 771 puerum,'et-dimisit-eam.
3520 704 3662 767 Quae

2008 800 2146 840 cum
2175 783 2440 851 abiisset,
2471 785 2710 843 errabat
2731 786 2792 843 in
2822 788 3139 845 solitudine
3163 789 3472 846 Bersabee.
3493 791 3666 846 Cum-

2008 890 2123 947 que
2155 879 2517 947 consumpta
2546 880 2696 932 esset
2728 892 2888 950 aqua
2916 878 2978 933 in
2999 882 3147 946 utre,
3173 878 3392 950 abjecit
3408 894 3665 952 puerum

2010 962 2213 1018 subter
2241 979 2427 1020 unam
2460 964 2901 1039 arborem,quae
2931 966 3014 1023 ibi
3035 972 3180 1025 erat.
3215 970 3281 1024 Et
3298 966 3464 1037 abiit,
3493 966 3665 1023 sedit-

2011 1067 2125 1123 que
2148 1067 2178 1107 e
2203 1052 2443 1122 regione
2468 1054 2677 1124 procul
2702 1058 2999 1127 quantum
3020 1059 3216 1127 potest
3244 1072 3416 1113 arcus
3428 1056 3664 1128 jacere;

2011 1138 2158 1195 dixit
2177 1141 2370 1196 enim:
2404 1144 2530 1196 Non
2550 1142 2768 1199 videbo
2785 1144 3138 1201 morientem
3175 1159 3431 1217 puerum
3457 1148 3551 1201 :et
3579 1158 3669 1200 se-

2012 1227 2161 1284 dens
2194 1228 2639 1300 contra,levavit
2658 1247 2869 1289 vocem
2887 1249 3059 1289 suam
3077 1238 3133 1290 et
3151 1232 3330 1289 ﬂevit.
3361 1231 3670 1289 Exaudivit

2012 1318 2211 1371 autem
2228 1318 2378 1373 Deus
2393 1332 2597 1373 vocem
2610 1319 2777 1390 pueri
2797 1337 2809 1375 :
2832 1320 3187 1393 vocavitque
3199 1318 3458 1390 Angelus
3473 1319 3671 1377 Domi-

2012 1404 2074 1459 ni
2090 1408 2246 1474 Agar
2265 1403 2339 1460 de
2356 1405 2526 1473 coelo,
2551 1406 2755 1462 dicens
2775 1425 2788 1462 ε
2816 1407 2968 1473 Quid
2990 1408 3121 1479 agis
3136 1416 3292 1479 Agar
3312 1409 3342 1465 ?
3358 1407 3480 1465 noli
3505 1408 3671 1463 time-

2013 1508 2074 1549 re
2095 1511 2107 1545 :
2124 1493 2425 1550 exaudivit
2445 1495 2603 1550 enim
2620 1499 2775 1551 Deus
2792 1512 3001 1553 vocem
3023 1498 3193 1570 pueri
3213 1496 3289 1553 de
3311 1496 3443 1553 loco
3464 1496 3525 1552 in
3545 1511 3669 1570 quo

2014 1586 2119 1637 est.
2154 1583 2357 1652 Surge,
2393 1588 2448 1639 et
2479 1582 2611 1639 tolle
2641 1599 2917 1655 puerum,
2946 1590 3003 1641 et
3022 1590 3149 1641 tene
3180 1601 3431 1643 manum
3460 1584 3618 1641 illius
3653 1599 3666 1641 :

2015 1671 2157 1743 quia
2188 1671 2250 1727 in
2291 1676 2527 1742 gentem
2559 1688 2846 1743 magnam
2870 1673 3087 1730 faciam
3119 1691 3278 1731 eum.
3310 1674 3673 1747 Aperuitque

240 1764 693 1835 timueruntque
711 1778 916 1818 omnes
941 1762 1048 1818 viri
1071 1761 1263 1818 valde.
1289 1762 1531 1818 Vocavit
1559 1768 1759 1819 autem
1776 1763 1907 1819 Abi-
1941 1777 1985 1833 Β
2014 1760 2219 1817 oculos
2245 1760 2373 1831 ejus
2396 1762 2549 1817 Deus
2580 1779 2592 1820 :
2626 1777 2762 1834 quae
2780 1762 2993 1818 videns
3026 1769 3274 1835 puteum
3292 1778 3489 1835 aqum,
3526 1759 3676 1819 abiit

240 1854 483 1910 melech
505 1854 687 1909 etiam
718 1851 1041 1916 Abraham,
1069 1856 1125 1907 et
1154 1851 1366 1907 dixitei
1392 1869 1403 1906 :
1437 1850 1589 1917 Quid
1608 1851 1907 1909 fccistino-

236 1942 541 2015 bis?quid
568 1943 951 2014 peccavimus
980 1940 1042 1995 in
1068 1945 1141 2006 te,
1157 1941 1299 2012 quia
1318 1940 1795 2012 induxistisuper
1812 1958 1907 1998 me

243 2036 303 2088 et
320 2046 509 2104 super
528 2046 781 2099 regnum
797 2045 998 2085 meum
1012 2032 1325 2100 peccatum
1346 2028 1569 2098 grande
1590 2030 1618 2085 ‘2
1631 2045 1762 2102 quae
1786 2045 1906 2086 non

239 2118 511 2176 debuisti
542 2118 964 2182 facere,fecisti
1009 2116 1200 2172 nobis.
1245 2120 1589 2189 Rursusque
1634 2124 1910 2190 expostu-

242 2209 407 2275 lans,
442 2208 525 2263 ait
557 2224 568 2263 :
600 2206 754 2273 Quid
784 2206 997 2270 vidisti,
1038 2210 1101 2261 ut
1128 2205 1242 2262 hoc
1268 2205 1492 2262 faceres
1522 2207 1550 2261 ‘2
1581 2206 1911 2278 Respondit

246 2297 561 2353 Abraham
589 2318 601 2352 :
634 2294 902 2365 Cogitavi
923 2310 1182 2361 mecum,
1210 2294 1451 2352 dicens:
1488 2295 1760 2351 Forsitan
1787 2310 1912 2351 non

251 2392 344 2443 est
370 2387 553 2443 timor
574 2386 673 2441 Dei
690 2386 750 2440 in
774 2384 906 2441 loco
926 2385 1075 2440 isto:
1109 2384 1529 2440 etinterﬁcient
1555 2400 1651 2439 me
1672 2390 1914 2456 propter

247 2491 507 2532 uxorem
532 2490 731 2530 meam
764 2492 777 2526 :
807 2473 957 2531 alias
987 2477 1187 2529 autem
1208 2477 1263 2528 et
1295 2488 1429 2529 vere
1458 2489 1625 2529 soror
1647 2489 1782 2530 mea
1802 2476 1911 2539 est,

252 2565 382 2621 ﬁlia
411 2564 597 2637 patris
622 2562 960 2629 mei,etnon
980 2561 1103 2617 ﬁlia
1120 2561 1325 2617 matris
1348 2578 1515 2627 meae,
1536 2565 1593 2617 et
1622 2562 1767 2617 duxi
1782 2577 1917 2617 eam

250 2654 311 2710 in
347 2668 623 2709 uxorem.
654 2655 975 2724 Postquam
1004 2650 1208 2706 eduxit
1224 2666 1319 2705 me
1336 2650 1493 2705 Deus
1514 2650 1589 2705 de
1611 2650 1794 2707 domo
1815 2667 1916 2723 pa-

254 2743 358 2799 tris
392 2741 531 2813 mei,
566 2740 689 2797 dixi
722 2740 799 2797 ad
838 2756 973 2796 eam
1004 2757 1015 2794 :
1045 2739 1207 2795 Hanc
1240 2739 1709 2795 misericordiam
1736 2740 1917 2795 facies

250 2847 498 2887 mecum
524 2847 537 2885 :
562 2830 622 2885 in
652 2829 816 2884 omni
847 2828 999 2893 loco,
1034 2826 1112 2883 ad
1142 2843 1323 2899 quem
1349 2827 1732 2896 ingredimur,
1753 2828 1916 2883 dices

248 2920 423 2995 quod
450 2920 630 2975 frater
653 2922 790 2973 tuus
809 2917 942 2972 sim.
962 2916 1111 2972 Tulit
1135 2915 1314 2986 igitur
1337 2915 1680 2972 Abimelech
1695 2932 1836 2972 oves
1862 2920 1919 2973 et

250 3011 462 3075 boves,
482 3012 537 3065 et
558 3023 763 3063 servos
784 3012 840 3063 et
865 3005 1129 3069 ancillas,
1150 3009 1207 3061 et
1233 3004 1396 3060 dedit
1411 3005 1717 3061 Abraham
1742 3022 1754 3060 :
1785 3005 1916 3061 red-

250 3097 527 3169 diditque
551 3096 633 3151 illi
660 3098 870 3151 Saram
893 3110 1136 3150 uxorem
1166 3110 1360 3159 suam,
1393 3098 1447 3148 et
1477 3092 1558 3149 ait
1587 3112 1599 3145 :
1643 3098 1796 3150 terra
1822 3110 1917 3150 co-
1955 3128 1994 3184 ε

250 3204 388 3244 ram
400 3185 572 3241 vobis
585 3184 1065 3255 est,ubicumque
1088 3182 1191 3238 tibi
1214 3182 1499 3255 placuerit
1513 3182 1742 3239 habita.
1761 3186 1914 3239 Sarae

252 3282 458 3333 autem
477 3275 653 3330 dixit:
672 3278 812 3329 Ecce
831 3273 994 3328 mille
1012 3279 1324 3344 argenteos
1343 3271 1479 3327 dedi
1493 3272 1655 3328 fratri
1674 3272 1916 3338 tuo,hoc

254 3365 367 3421 erit
395 3365 498 3420 tibi
531 3364 591 3419 in
639 3362 914 3418 velamen
958 3361 1290 3425 oculorum,
1347 3365 1403 3416 et
1455 3360 1534 3416 ad
1573 3377 1782 3416 omnes
1812 3361 1915 3434 qui

255 3456 457 3511 tecum
485 3456 641 3517 sunt,
663 3464 718 3507 et
738 3465 1121 3524 quocumque
1147 3448 1474 3522 perrexeris
1500 3465 1513 3502 :
1542 3453 1844 3505 memento
1863 3454 1914 3505 te

255 3541 715 3613 deprehensam.
778 3540 991 3595 Orante
1044 3544 1246 3593 autem
1300 3537 1625 3607 Abraham,
1680 3539 1918 3594 sanavit

258 3633 417 3687 Deus
441 3628 788 3685 Abimelech
814 3632 869 3683 et
891 3642 1161 3694 uxorem,
1192 3630 1249 3682 et
1269 3626 1514 3683 ancillas
1555 3628 1703 3699 ejus,
1737 3632 1793 3683 et
1820 3643 1917 3700 pe-

254 3724 539 3793 pererunt
566 3736 579 3773 :
612 3717 984 3774 concluserat
1022 3716 1184 3771 enim
1217 3716 1371 3771 Deus
1400 3732 1644 3772 omnem
1673 3718 1917 3773 vulvam

255 3808 595 3865 Abimelech
608 3810 848 3877 propter
862 3806 1059 3859 Saram
1074 3818 1323 3859 uxorem
1336 3803 1606 3859 Abrahae.
1622 3804 1863 3874 (Cap.2l
1876 3805 1918 3876 .)

257 3893 533 3950 Visitavit
558 3895 759 3946 autem
789 3888 1076 3944 Dominus
1108 3891 1318 3945 Saram
1344 3890 1494 3945 sicut
1524 3892 1917 3961 promiserat:

256 3985 320 4036 et
350 3976 615 4050 implevit
642 3963 1027 4048 quaelocutus
1053 3980 1160 4031 est.
1191 3975 1587 4047 Conceptique
1608 3980 1664 4032 et
1696 3980 1923 4048 peperit

254 4068 453 4125 ﬁlium
478 4067 541 4122 in
570 4069 868 4121 senectute
892 4079 1023 4127 sua,
1048 4068 1316 4135 tempore
1344 4078 1465 4134 quo
1491 4064 1844 4135 praedixerat
1868 4068 1921 4124 ei

258 4158 441 4213 Deus.
473 4154 835 4226 Vocavitque
865 4153 1170 4210 Abraham
1194 4167 1415 4208 nomen
1446 4153 1545 4208 ﬁlii
1594 4154 1707 4223 sui,
1740 4171 1923 4227 quem

259 4245 467 4319 genuit
496 4244 548 4299 ei
581 4245 744 4305 Sara,
814 4246 980 4299 Isaac
1011 4261 1023 4300 :
1052 4245 1108 4298 et
1136 4240 1507 4297 circumcidit
1530 4258 1667 4298 eum
1708 4249 1922 4301 octavo

259 4335 379 4403 die,
414 4332 569 4389 sicut
597 4336 961 4404 praeceperat
986 4330 1039 4387 ei
1082 4331 1256 4401 Deus,
1290 4346 1427 4386 cum
1478 4337 1715 4388 centum
1771 4338 1925 4390 esset

262 4437 565 4482 annorum
591 4420 735 4476 :hac
762 4420 985 4492 quippe
1001 4426 1170 4476 aetate
1193 4420 1394 4491 patris,
1421 4426 1597 4476 natus
1623 4427 1713 4477 est
1736 4425 1919 4479 Isaac.

262 4512 534 4584 Dixitque
567 4513 740 4567 Sara:
773 4509 978 4565 Risum
1004 4508 1137 4566 fecit
1168 4508 1309 4564 mihi
1335 4508 1486 4563 Deus
1520 4510 1924 4584 :quicumque

266 4600 542 4667 audierit,
562 4598 881 4656 corridebit
901 4597 1065 4653 mihi.
1095 4601 1438 4669 Rursusque
1460 4599 1538 4653 ait
1559 4612 1569 4651 :
1597 4601 1738 4664 Quis
1756 4600 1924 4656 audi-

266 4696 471 4748 turum
496 4688 1093 4753 crederetAbraham,
1109 4687 1273 4760 quod
1292 4688 1434 4743 Sara
1451 4687 1690 4744 iactaret
1711 4688 1921 4756 ﬁlium,

267 4797 454 4855 quem
507 4778 733 4851 peperit
763 4776 814 4833 ei
871 4776 998 4848 jam
1030 4776 1203 4832 seni?
1231 4777 1419 4831 Crevit
1462 4778 1639 4848 igitur
1670 4796 1834 4849 puer,
1870 4784 1927 4836 et

268 4869 602 4927 ablactatus
614 4871 725 4923 est:
747 4865 995 4937 fecitque
1018 4864 1322 4920 Abraham
1335 4866 1559 4935 grande
1582 4868 1925 4924 convivium

265 4958 330 5017 in
344 4960 437 5014 die
453 4956 867 5014 ablactationis
881 4954 931 5024 ej
942 4956 1304 5026 us.Cumque
1323 4954 1561 5011 vidisset
1578 4957 1722 5013 Sara
1734 4957 1925 5014 ﬁlium

265 5049 427 5119 Agar
461 5044 754 5119 Egyptian
784 5043 1087 5099 ludentem
1110 5058 1248 5098 cum
1272 5045 1439 5099 Isaac
1467 5043 1590 5101 ﬁlio
1620 5046 1926 5117 ejus,dixit

264 5136 346 5194 ad
372 5134 680 5192 Abraham
698 5153 717 5205 ;
751 5132 907 5206 Ejice
939 5130 1219 5188 ancillam
1248 5129 1426 5198 hanc,
1460 5137 1516 5188 et
1545 5133 1732 5190 tilium
1756 5136 1884 5206 ejus
1908 5150 1921 5190 :

264 5241 391 5283 non
453 5240 615 5281 emm
646 5224 752 5279 erit
774 5223 946 5278 heres
997 5220 1153 5276 ﬁlius
1205 5220 1434 5276 ancillae
1473 5238 1611 5278 cum
1642 5223 1763 5281 ﬁlio
1790 5240 1926 5281 meo

266 5319 455 5373 Isaac.
488 5317 642 5369 Dure
668 5311 892 5383 accepit
922 5310 1035 5365 hoc
1064 5308 1367 5366 Abraham
1399 5327 1506 5382 pro
1534 5311 1657 5369 ﬁlio
1689 5314 1929 5369 suo.Cui

266 5406 419 5463 dixit
448 5405 604 5458 Deus
628 5422 639 5458 :
662 5405 789 5457 Non
803 5400 908 5457 tibi
926 5398 1195 5456 videatur
1220 5414 1502 5470 asperum
1529 5420 1594 5457 su
1603 5418 1707 5474 per
1718 5419 1926 5476 puero,

266 5499 326 5552 et
352 5509 536 5568 super
565 5491 783 5549 ancilla
812 5495 951 5549 tua:
1005 5488 1212 5545 omnia
1240 5504 1377 5561 quas
1402 5490 1506 5546 tibi
1526 5492 1739 5550 dixerit
1759 5494 1924 5566 Sara,

266 5584 415 5644 audi
436 5597 651 5642 vocem
666 5580 795 5652 ejus
816 5596 827 5631 :
846 5579 989 5652 quia
998 5578 1059 5635 in
1076 5579 1241 5635 Isaac
1252 5577 1563 5638 vocabitur
1578 5581 1683 5640 tibi
1700 5599 1904 5641 semen
1916 5625 1929 5639 .

561 5671 798 5727 pATROL.
840 5667 1131 5725 LXXXVI.

2015 1854 2072 1905 et
2098 1849 2365 1923 implevit
2389 1853 2603 1920 utrem,
2654 1850 2936 1924 deditque
2990 1867 3178 1924 puero
3206 1851 3434 1908 bibere.
3468 1853 3536 1908 Et
3566 1847 3676 1907 fuit

2015 1954 2153 1994 cum
2183 1954 2253 1994 eo
2288 1956 2301 1991 :
2329 1939 2427 2011 qui
2475 1938 2675 2004 crevit,
2708 1944 2763 1995 et
2793 1944 3062 1996 moratus
3114 1945 3202 1996 est
3230 1940 3290 1995 in
3335 1938 3676 2005 solitudine,

2016 2026 2326 2099 factusque
2357 2031 2443 2083 est
2466 2028 2700 2098 juvenis
2749 2028 3105 2099 sagittarius.
3158 2026 3581 2099 Habitabitque
3609 2027 3674 2083 in

2017 2116 2249 2173 deserto
2276 2116 2533 2182 Pharan,
2560 2118 2949 2189 etaccepitilli
2969 2122 3156 2174 mater
3174 2133 3285 2174 sua
3317 2132 3564 2173 uxorem
3597 2116 3673 2174 de

2019 2210 2172 2263 terra
2202 2206 2458 2278 Egypti.
2491 2205 2712 2262 Eodem
2738 2210 3005 2279 tempore
3040 2206 3189 2262 dixit
3235 2203 3599 2275 Abimelech,
3622 2209 3680 2263 et

2020 2293 2223 2350 Phicol
2254 2295 2530 2368 princeps
2560 2294 2849 2352 exercitus
2894 2296 3020 2367 ejus
3041 2294 3120 2351 ad
3140 2294 3447 2351 Abraham
3481 2316 3494 2351 :
3524 2295 3678 2350 Deus

2022 2387 2219 2439 tecum
2243 2388 2333 2439 est
2352 2384 2413 2439 in
2441 2383 2732 2440 universis
2750 2400 2885 2457 quae
2908 2384 3058 2453 agis.
3090 2386 3232 2440 Jura
3260 2400 3402 2455 ergo
3434 2399 3541 2457 per
3567 2382 3678 2438 Ι)οο

2021 2472 2276 2539 minum,
2301 2488 2376 2528 ne
2396 2488 2617 2530 noceas
2640 2472 2807 2539 mihi,
2828 2478 2884 2529 et
2911 2472 3161 2545 posteris
3191 2472 3363 2544 meis,
3394 2470 3680 2546 stirpique

2024 2577 2171 2617 mea:
2193 2579 2206 2629 ;
2227 2560 2328 2617 sed
2343 2561 2515 2631 juxta
2529 2561 3017 2633 misericordiam,
3037 2578 3223 2634 quam
3240 2560 3351 2618 feci
3367 2560 3680 2630 tibi,facies

2024 2650 2189 2716 mihi,
2224 2654 2281 2706 et
2303 2654 2467 2707 terrae
2490 2651 2550 2706 in
2576 2666 2696 2723 qua
2720 2656 2993 2708 versatus
3022 2667 3087 2706 es
3115 2650 3375 2708 advena.
3406 2651 3679 2722 Dixitque

2024 2738 2328 2794 Abraham
2364 2754 2375 2788 :
2422 2741 2540 2807 Ego
2575 2739 2814 2809 jurabo.
2878 2742 2942 2795 Et
2978 2739 3308 2811 increpavit
3339 2738 3682 2795 Abimelech

2025 2830 2262 2899 prOpter
2274 2832 2505 2898 puteum
2524 2842 2699 2899 aqum
2718 2841 2886 2899 quem
2901 2828 2959 2882 vi
2975 2826 3351 2882 abstulerant
3363 2826 3517 2882 servi
3528 2827 3578 2896 ej
3588 2842 3677 2881 us.

2024 2914 2349 2987 Respondit
2364 2914 2722 2971 Abimelech:
2745 2913 2975 2971 Nescivi
2988 2914 3123 2986 quis
3137 2914 3506 2971 fecerithanc
3520 2930 3643 2971 rem
3665 2935 3678 2970 :

2024 3004 2128 3061 sed
2145 3010 2201 3060 et
2228 3008 2292 3061 tu
2308 3018 2431 3060 non
2454 3003 2729 3060 indicasti
2747 3002 2915 3068 mihi,
2942 3008 2997 3059 et
3016 3019 3128 3075 ego
3156 3019 3280 3059 non
3310 3003 3515 3061 audivi
3535 3016 3683 3077 prae—

2023 3098 2110 3149 ter
2138 3093 2337 3149 hodie.
2371 3093 2520 3149 Tulit
2566 3094 2766 3165 itaque
2796 3092 3100 3149 Abraham
3140 3109 3279 3149 oves
3306 3098 3361 3149 et
3386 3093 3593 3158 boves,
3626 3098 3684 3150 et.

2022 3182 2184 3239 dedit
2208 3181 2554 3238 Abimelech
2574 3200 2586 3235 :
2607 3186 3149 3254 percusseruntque
3174 3182 3357 3237 ambo
3376 3181 3591 3237 foedus.
3616 3184 3683 3238 Et

2026 3272 2228 3328 statuit
2244 3270 2546 3327 Abraham
2568 3276 2796 3343 septem
2827 3286 3016 3341 agnas
3039 3271 3231 3342 gregis
3257 3286 3545 3327 seorsum.
3578 3264 3683 3328 Cui

2022 3362 2170 3417 dixit
2190 3360 2533 3417 Abimelech
2550 3379 2562 3413 :
2582 3360 2737 3426 Quid
2756 3359 2871 3416 sibi
2888 3360 3336 3433 voluntseptem
3350 3361 3678 3431 agneeistre,

2023 3466 2174 3524 quas
2190 3456 2343 3505 stare
2364 3449 2549 3506 fecisti
2577 3448 2862 3505 deorsum
2879 3448 2908 3503 ‘I
2945 3450 3016 3504 At
3032 3448 3124 3504 ille
3150 3467 3162 3501 :
3191 3450 3446 3521 Septem,
3471 3450 3679 3521 inquit,

2022 3555 2207 3611 agnas
2228 3539 2484 3611 accipies
2512 3539 2582 3594 de
2612 3553 2798 3595 manu
2819 3553 2956 3595 mea
2996 3558 3008 3597 :
3040 3543 3104 3595 ut
3135 3538 3253 3594 sint
3280 3538 3426 3594 mihi
3448 3538 3508 3594 in
3529 3538 3686 3595 testi-

2024 3629 2321 3699 monium,
2349 3628 2635 3701 quoniam
2652 3643 2760 3699 ego
2787 3626 2908 3683 fodi
2927 3630 3175 3700 puteum
3214 3628 3415 3684 istum.
3460 3628 3682 3685 Idcirco

2024 3724 2269 3775 vocatus
2286 3717 2555 3774 estlocus
2574 3716 2668 3772 ille
2694 3715 2979 3773 Bersabee
3001 3733 3013 3772 :
3039 3716 3180 3789 quia
3202 3716 3305 3773 tibi
3338 3722 3583 3790 uterque
3594 3718 3685 3789 ju-

2026 3807 2197 3864 ravit.
2236 3809 2301 3862 Et
2329 3805 2587 3862 inierunt
2607 3803 2802 3861 foedus
2832 3821 2940 3877 pro
2968 3811 3148 3877 puteo
3173 3805 3522 3877 juramenti.
3549 3808 3686 3863 Sur-

2026 3896 2175 3951 rexit
2193 3898 2393 3952 autem
2421 3894 2787 3964 Abimelech,
2856 3894 3027 3965 163
3060 3898 3117 3950 et
3179 3894 3375 3952 Phicol
3401 3894 3683 3969 princeps

2028 3982 2318 4039 exercitus
2335 3983 2484 4053 ejus,
2510 3981 2854 4054 reversique
2876 3987 3013 4038 sunt
3027 3982 3333 4039 in’terram
3351 3984 3687 4043 Palaestino-

2028 4069 2490 4127 rum.Abraham
2508 4085 2650 4126 vero
2670 4069 2961 4142 plantavit
2980 4085 3196 4125 nemus
3212 4071 3275 4125 in
3296 4070 3608 4138 Bersabee,
3629 4073 3688 4131 et

2028 4158 2325 4215 invocavit
2343 4157 2425 4214 ibi
2450 4173 2673 4215 nomen
2700 4156 2804 4213 Dei
2835 4157 3057 4214 aeterni.
3094 4169 3157 4228 3:.
3189 4160 3399 4215 Amen.

2104 4246 2388 4317 Hymnus.
2408 4250 2472 4302 In
2489 4245 2794 4302 matutinis
2812 4245 3131 4317 surgimus.
3155 4246 3365 4314 Quare
3389 4248 3539 4318 folio
3563 4251 3682 4306 l03.

2102 4335 2484 4405 Supplicatio.
2519 4337 2787 4405 Oremus,
2816 4338 2882 4391 ut
2900 4350 3010 4392 nos
3041 4340 3421 4394 sacrosancto
3460 4336 3685 4409 jejunio

2033 4429 2292 4495 tempore
2322 4424 2824 4496 quadragesimae.

2103 4512 2397 4583 Capitula.
2428 4512 2627 4569 Deduc
2648 4528 2758 4569 nos
2786 4510 3033 4568 Domine
3054 4512 3114 4568 in
3135 4511 3311 4570 bonis
3338 4532 3352 4581 ;
3396 4530 3466 4571 ac
3500 4514 3686 4588 dirige

2033 4603 2091 4659 in
2121 4607 2447 4675 conspectu
2472 4602 2747 4659 tuoviam
2770 4607 3068 4659 nostram:
3096 4608 3161 4659 ut
3186 4602 3337 4660 ﬁdes
3361 4608 3566 4662 nostra
3594 4622 3686 4663 sa-

2031 4692 2237 4749 lutaris
2282 4692 2465 4747 nostri
2487 4691 2824 4760 vocatione,
2849 4691 2927 4748 ad
2945 4696 3021 4763 te,
3039 4694 3141 4765 qui
3164 4708 3267 4748 rex
3293 4698 3490 4749 noster
3516 4710 3599 4761 es,
3632 4698 3691 4751 et

2032 4781 2271 4853 vestigio
2298 4780 2698 4837 committetur
2732 4779 2998 4848 innoxio,
3029 4786 3085 4836 et
3113 4796 3294 4836 cursu
3314 4786 3565 4855 occupet
3592 4799 3689 4840 ex-

2031 4870 2253 4942 pedito.

2104 4958 2275 5013 Pater
2324 4960 2545 5013 noster.
2591 4956 2655 5012 Et
2700 4971 2774 5013 ne
2804 4971 2939 5013 nos.
2996 4965 3040 5012 A
3103 4956 3265 5016 malo
3312 4974 3422 5017 nos
3477 4959 3688 5020 libera.

2034 5048 2245 5115 Quaere
2267 5048 2375 5118 fol.
2408 5049 2487 5102 10.

2103 5136 2325 5193 Lauda.
2351 5134 2459 5206 Adj
2471 5150 2586 5190 uva
2614 5150 2726 5191 nos
2746 5134 2969 5191 P.Deus
2994 5134 3270 5194 salutaris
3293 5142 3517 5198 noster.
3539 5138 3602 5200 Ψ.
3625 5138 3695 5198 Et

2032 5230 2273 5297 propter
2300 5225 2592 5281 honorem
2621 5224 2880 5281 nominis
2912 5223 2994 5280 tui
3046 5226 3297 5283 Domine
3322 5227 3510 5285 libera
3530 5243 3643 5283 nos
3670 5244 3685 5282 :

2034 5318 2091 5370 et
2119 5314 2411 5387 propitius
2450 5318 2576 5370 esto
2629 5314 2887 5386 peccatis
2918 5316 3134 5371 nostris
3160 5332 3174 5381 ;
3208 5321 3450 5389 propter
3470 5328 3697 5373 nomen

2036 5408 2225 5460 tuum.
2258 5404 2319 5459 P.
2358 5405 2511 5460 Deus
2539 5403 2833 5471 salutaris,
2868 5401 2933 5465 il.
2975 5404 3194 5462 Gloria.
3226 5406 3287 5459 P.
3318 5406 3488 5463 Deus.

2110 5491 2333 5550 Oratio.
2359 5492 2655 5566 Propitius
2677 5496 2802 5550 esto
2822 5494 3084 5566 peccatis
3100 5493 3318 5551 nostris
3338 5492 3584 5550 Domine
3604 5502 3616 5551 ;
3636 5487 3699 5542 et

2042 5587 2283 5657 propter
2302 5581 2593 5641 honorem
2624 5582 2888 5641 nominis
2934 5581 3017 5641 tui
3046 5582 3309 5655 perfecta
3352 5597 3467 5639 nos
3492 5580 3699 5635 recrea

3390 5668 3456 5722 10
