4160 6470
511 331 618 400 299

1765 316 2219 398 summitati
2258 325 2656 399 GOTHICUM.

3822 337 3943 402 300

507 466 806 523 libertate:
838 469 930 535 ne,
965 463 1107 520 dum
1146 467 1349 522 nostro
1377 467 1682 538 pectorum
1716 466 1906 530 elogio
1940 465 2151 522 adteri-
2188 459 2232 515 A
2263 459 2562 517 Abraham
2595 461 2821 521 domini
2853 464 2961 528 sui.
2993 466 3050 519 et
3069 461 3290 533 juravit
3325 461 3405 517 illi
3433 475 3614 535 snper
3642 479 3943 524 sermone

505 555 726 616 mur,in
748 553 1140 625 opprobrium
1156 556 1415 622 gentium
1433 556 1791 626 rcdigamur.
1806 560 1950 625 Ergo
1969 560 2152 610 utnos

505 643 813 698 severitate
843 658 964 698 non
987 642 1198 712 punias
1226 659 1417 714 pmme
1443 662 1454 708 ;
1491 661 1736 700 causam
1771 646 1943 700 nobis
1975 643 2149 698 scele-

503 745 639 787 rum
671 731 873 787 ablue:
894 731 1146 803 atquein
1169 738 1494 804 conspectu
1521 738 1618 789 tuo
1638 735 1880 804 gemitus
1910 747 2150 803 compe-

503 821 764 876 ditorum
787 820 1061 887 introeat;
1104 822 1159 875 et
1187 820 1261 875 de
1319 820 1550 877 occulto
1580 826 1680 878 tuo
1734 823 1795 878 in
1835 822 2147 879 manifesto

500 913 706 966 nostro
737 909 924 979 gratia
947 907 1175 966 indulta
1205 910 1504 980 procedat.
1541 921 1604 981 nr.
1637 911 1847 969 Amen.

572 998 702 1056 Per.

1031 1085 1187 1141 Ordo
1213 1086 1294 1142 ad
1323 1087 1600 1144 Tertiam.

734 1173 1193 1231 Proverbiorum
1223 1175 1552 1231 Salomonis
1580 1176 1754 1246 (Cap.
1777 1176 1926 1246 xrx).

568 1270 632 1331 B1.
663 1261 781 1318 Deo
821 1261 1062 1332 gratias.

566 1345 690 1418 Fili,
715 1351 898 1406 Testis
937 1349 1118 1406 falsus
1149 1367 1272 1406 non
1298 1352 1404 1406 erit
1451 1351 1818 1423 impunitus:
1848 1355 1903 1406 et
1932 1351 2034 1424 qui
2058 1349 2141 1406 lo-

493 1438 692 1510 quitur
715 1438 1050 1501 mendacia,
1083 1439 1442 1510 peribit,non
1475 1439 1732 1509 effugiet.
1759 1439 1911 1495 Multi
1939 1439 2141 1494 colunt

490 1541 809 1598 personam
839 1527 1114 1599 potentis,
1157 1532 1212 1582 et
1245 1528 1424 1583 amici
1451 1532 1588 1582 sunt
1611 1526 1769 1583 dona
1804 1527 2132 1582 tribuentis.

488 1616 718 1670 Fratres
734 1615 996 1671 hominis
1023 1615 1304 1685 pauperis
1335 1615 1590 1670 oderunt
1613 1632 1748 1670 eum
1783 1630 1794 1669 :
1822 1617 2062 1688 insuper
2084 1621 2139 1673 et

489 1701 667 1759 amici
697 1703 826 1772 ejus
867 1700 1078 1773 procul
1107 1708 1478 1757 recesserunt
1515 1703 1593 1757 ab
1646 1719 1733 1758 eo.
1771 1703 1879 1768 Qui
1903 1708 2136 1759 tantum

2261 549 2391 605 hoc.
2422 552 2910 624 Tulitquedecem
2940 552 3202 609 camelos
3236 550 3308 605 de
3337 567 3513 621 grege
3544 554 3778 610 domini
3811 558 3939 627 sui,

2259 646 2313 692 et
2343 638 2502 706 abiit,
2563 658 2632 695 ex
2673 641 2950 697 omnibus
2991 640 3163 696 bouis
3221 641 3347 709 ejus
3396 647 3645 712 portans
3691 660 3934 709 secum,

2257 727 2666 799 profectusque
2698 731 2952 800 perrexit
2981 731 3041 784 in
3073 730 3567 799 Mesopotamiam
3599 731 3675 788 ad
3700 733 3932 790 urbem

2255 814 2501 870 Nachor.
2527 820 2792 889 Cumque
2824 817 3084 874 camelos
3111 816 3345 872 fecisset
3370 819 3729 876 accumbere
3751 827 3937 880 extra

2254 903 2543 973 oppidum
2569 905 2739 975 juxta
2765 910 3012 978 puteum
3044 921 3217 977 aquae
3242 921 3511 977 vespere,
3543 922 3613 963 eo
3645 912 3932 982 tempore

2252 1005 2375 1061 quo
2397 991 2585 1048 solent
2609 993 2886 1049 mulieres
2915 994 3116 1064 egredi
3132 993 3211 1048 ad
3234 993 3633 1052 hauriendam
3663 1011 3929 1069 aquam,

2251 1079 2437 1135 oravit
2467 1081 2806 1151 Dominum,
2829 1082 3060 1138 dicens:
3087 1081 3335 1137 Domine
3361 1083 3516 1138 Deus
3547 1084 3778 1141 domini
3796 1088 3932 1144 mei

2249 1165 2572 1238 Abraham,
2597 1185 2859 1235 occurre,
2891 1170 3138 1226 obsecro
3172 1171 3314 1226 mihi
3337 1171 3535 1236 hodie,
3574 1176 3630 1228 et
3658 1173 3752 1230 fac
3790 1177 3928 1232 mi-

2251 1254 2636 1312 sericordiam
2664 1273 2801 1313 cum
2825 1258 3070 1314 domino
3104 1275 3238 1314 meo
3268 1259 3593 1316 Abraham.
3628 1264 3772 1318 Ecce
3794 1279 3926 1334 ego

2247 1347 2336 1397 sto
2367 1359 2547 1416 prope
2571 1346 2796 1402 fontem
2840 1363 3028 1418 aquae,
3055 1353 3110 1403 et
3140 1347 3275 1402 ﬁliae
3299 1348 3692 1405 habitatorum
3722 1353 3927 1424 hujus

2246 1429 2496 1487 civitatis
2524 1435 2900 1502 egredientur
2921 1437 2995 1490 ad
3023 1436 3420 1491 hauriendam
3439 1453 3688 1508 aquam.
3723 1440 3925 1510 igitur

2245 1520 2556 1590 puella,cui
2579 1538 2689 1591 ego
2707 1523 2912 1579 dixero
2947 1541 2958 1576 :
2980 1525 3201 1581 lnclina
3245 1525 3417 1596 164
3435 1526 3713 1597 hydriam
3732 1533 3921 1586 tuam

2243 1613 2306 1662 ut
2335 1608 2539 1664 bibam
2567 1616 2660 1666 :et
2683 1611 2782 1666 illa
2805 1613 3207 1684 responderit:
3242 1613 3562 1685 Bibe,quin
3581 1619 3917 1675 etcamelis

2243 1697 2356 1750 tuis
2387 1697 2545 1752 dabo
2568 1704 2775 1770 potum
2808 1717 2820 1755 :
2854 1701 2986 1771 ipsa
3009 1706 3116 1769 est,
3140 1717 3325 1772 quam
3357 1706 3710 1774 praeparasti
3727 1722 3917 1764 servo

484 1789 670 1848 verba
691 1789 1120 1858 sectatur,nihil
1147 1789 1430 1846 habebit:
1461 1791 1564 1863 qui
1595 1797 1792 1848 autem
1823 1809 2134 1863 possessor
2167 1801 2212 1858 Β
2243 1790 2342 1840 tuo
2365 1789 2560 1843 lsaac:
2595 1792 2650 1843 et
2681 1804 2784 1860 per
2805 1789 2917 1845 hoc
2945 1789 3272 1859 intelligam
3308 1792 3470 1862 quod
3491 1792 3697 1848 feceris
3717 1796 3913 1852 mise-

485 1886 573 1937 est
591 1880 824 1936 mentis.
857 1878 1050 1948 diligit
1080 1880 1335 1934 animam
1355 1896 1546 1944 suam,
1581 1887 1637 1936 et
1659 1888 1855 1937 custos
1876 1882 2130 1952 pruden-

479 1967 577 2025 tiae
607 1968 864 2024 inveniet
886 1967 1064 2023 bona.
1092 1967 1273 2022 Testis
1290 1967 1474 2024 falsus
1511 1985 1632 2024 non
1666 1970 1771 2025 erit
1800 1971 2130 2041 impunitus

482 2056 654 2129 etqui
668 2055 925 2126 loquitur
937 2055 1332 2123 mendacium,
1357 2056 1587 2128 peribit.
1618 2061 1742 2113 Non
1757 2058 1966 2114 decent
1989 2059 2128 2116 stul-

480 2147 608 2201 tum
663 2142 908 2207 deliciae,
949 2158 1058 2199 nec
1109 2159 1346 2199 servum
1399 2143 1693 2200 dominari
1732 2147 2121 2218 principibus.

478 2233 756 2290 Doctrina
775 2231 875 2287 viri
895 2232 1352 2304 perpatientiam
1383 2232 1685 2288 noscitur:
1713 2239 1768 2290 et
1798 2234 2044 2306 gloriaej
2057 2252 2124 2291 us

475 2325 563 2379 est
597 2321 806 2395 iniqua
846 2320 1246 2392 prmtergredi.
1291 2320 1448 2377 Sicut
1477 2321 1745 2378 fremitus
1784 2323 1996 2389 leonis,
2039 2325 2123 2382 ita

473 2411 630 2481 regis
654 2409 743 2465 ira
774 2425 788 2462 :
821 2410 878 2464 et
915 2408 1066 2464 sicut
1093 2423 1190 2463 ros
1230 2424 1407 2480 super
1435 2408 1706 2480 herbam,
1749 2411 1830 2468 ita
1856 2409 2120 2469 hilaritas

471 2499 619 2570 ejus.
654 2496 831 2553 Dolor
873 2494 1078 2569 patris,
1109 2495 1264 2551 ﬁlius
1311 2497 1520 2552 stultus
1555 2513 1569 2554 :
1616 2499 1674 2554 et
1712 2503 1865 2555 tecta
1898 2499 2119 2571 jugiter

469 2583 1129 2660 perstillantialitigiosa
1150 2584 1627 2650 mulier.Domus,
1647 2591 1702 2642 et
1728 2585 1951 2643 divitiae
1970 2589 2117 2646 dan-

470 2675 566 2730 tur
586 2675 622 2729 a
651 2672 914 2744 partibus
946 2687 959 2726 :
993 2673 1029 2727 a
1061 2672 1312 2727 Domino
1336 2677 1535 2727 autem
1551 2687 1702 2728 uxor
1721 2674 2004 2744 prudens.
2028 2676 2114 2731 Pi-

462 2759 646 2830 gredo
661 2759 938 2814 immittet
949 2773 1248 2830 soporem,
1263 2764 1318 2815 et
1329 2759 1532 2816 anima
1544 2759 1832 2818 dissoluta
1843 2764 2108 2820 essuriet.

463 2846 576 2913 Qui
594 2847 850 2905 custodit
877 2848 1253 2918 mandatum,
1299 2847 1557 2905 custodit
1585 2849 1854 2907 animam
1883 2867 2058 2908 suam
2092 2867 2106 2908 :

461 2937 565 3008 qui
588 2940 788 2994 autem
809 2936 1055 3007 negligit
1082 2937 1211 2992 vias
1237 2953 1395 3003 suas,
1431 2938 2109 2998 mortiﬁcabitur.Fcene-

458 3030 626 3082 ratur
640 3024 894 3081 Domino
907 3026 1008 3096 qui
1025 3030 1348 3080 meseretur
1363 3026 1611 3097 pauperi
1641 3043 1654 3081 :
1679 3031 1735 3082 et
1757 3027 2109 3084 vicissitudi-

457 3125 599 3169 nem
623 3128 799 3169 suam
819 3111 1026 3202 reddet
1043 3113 1118 3167 ei.
1138 3112 1317 3202 Erudi
1345 3112 1539 3168 ﬁlium
1569 3119 1759 3185 tuum,
1802 3131 1875 3170 ne
1901 3116 2109 3187 despe—
2135 3143 2177 3202 ρ

457 3213 572 3270 res,
591 3199 670 3257 ad
690 3198 1150 3255 interfectionem
1166 3199 1294 3270 ejus
1307 3215 1380 3254 ne
1399 3215 1555 3270 pona
1567 3218 1593 3254 s
1628 3203 1892 3258 animam
1913 3207 2101 3260 tuam.

454 3287 565 3353 Qui
601 3287 917 3360 impatiens
946 3290 1053 3352 est,
1102 3286 1415 3342 sustinebit
1444 3287 1820 3356 damnum,et
1850 3306 1988 3346 cum
2012 3308 2103 3349 ra-

454 3376 667 3447 puerit,
695 3375 858 3433 aliud
887 3379 1163 3447 apponet.
1205 3373 1356 3428 Audi
1395 3374 1727 3441 consilium,
1762 3381 1818 3431 et
1868 3378 2101 3450 suscipe

453 3464 850 3536 disciplinam,
873 3467 937 3518 ut
956 3463 1034 3518 sis
1059 3461 1298 3533 sapiens
1315 3462 1375 3515 in
1401 3461 1740 3518 novissimis
1758 3464 1892 3520 tuis.
1913 3466 2099 3523 Multa:

452 3549 840 3621 cogitationes
871 3551 933 3606 in
955 3549 1133 3605 corde
1153 3549 1262 3604 viri
1295 3565 1308 3604 :
1343 3549 1619 3606 voluntas
1647 3556 1846 3608 autem
1862 3553 2096 3612 Domini

451 3639 842 3712 permanebit.
871 3649 934 3709 BI.
964 3642 1170 3694 Amen.

749 3729 947 3783 Lectio
980 3727 1113 3782 libri
1133 3727 1368 3783 Genesis
1395 3727 1563 3798 (Cap.
1596 3729 1769 3801 xxrv).

521 3841 586 3903 Ην.
620 3832 740 3887 Deo
761 3829 999 3901 gratias.

517 3923 582 3976 In
611 3918 723 3974 illis
753 3917 964 3974 diebus
989 3935 1000 3973 :
1030 3919 1165 3974 Erat
1189 3922 1389 3974 autem
1431 3917 1734 3975 Abraham
1767 3922 2094 3991 senex,die-

442 4022 695 4080 rumque
720 4005 1046 4062 multorum
1086 4021 1102 4059 :
1133 4011 1188 4062 et
1218 4006 1506 4062 Dominus
1547 4007 1607 4062 in
1638 4009 1865 4064 cunctis
1913 4010 2091 4068 bene-

442 4095 672 4154 dixerat
697 4096 767 4152 ei.
795 4095 1063 4167 Dixitque
1117 4094 1195 4151 ad
1252 4111 1490 4150 servum
1539 4097 1834 4154 seniorem
1872 4098 2090 4156 domus

444 4202 589 4252 suae,
603 4185 707 4258 qui
725 4190 982 4259 praeerat
1005 4185 1283 4238 omnibus
1307 4201 1440 4256 quas
1458 4184 1719 4241 habebat
1743 4201 1755 4241 :
1784 4188 1943 4243 Pone
1964 4205 2090 4246 ma-

439 4281 587 4326 num
615 4274 784 4325 tuam
814 4267 1016 4323 subter
1042 4267 1234 4323 femur
1261 4285 1483 4334 meum,
1507 4273 1567 4324 ut
1597 4269 1870 4340 adjurem
1893 4277 1944 4326 te
1982 4285 2088 4345 per

440 4357 764 4414 Dominum
790 4371 993 4411 meum
1036 4355 1166 4411 cceli
1222 4361 1276 4413 et
1333 4363 1517 4421 terrm,
1551 4361 1616 4412 ut
1647 4373 1769 4413 non
1823 4360 2085 4431 accipias

439 4461 687 4502 uxorem
718 4444 842 4500 ﬁlio
870 4460 1005 4501 meo
1035 4444 1106 4499 de
1145 4444 1381 4501 ﬁliabus
1411 4446 1907 4512 Chananaeorum,
1933 4447 2085 4505 inter

437 4547 593 4608 quos
619 4533 850 4589 habito:
886 4533 988 4588 sed
1019 4532 1096 4590 ad
1123 4537 1338 4588 terram
1357 4537 1411 4589 et
1431 4533 1851 4602 cognationem
1882 4551 2080 4592 meam

435 4621 850 4698 proﬁciscaris,
909 4626 964 4678 et
1018 4621 1155 4677 inde
1186 4622 1444 4692 accipias
1494 4637 1738 4677 uxorem
1786 4621 1908 4678 ﬁlio
1943 4640 2079 4682 meo

434 4715 619 4772 Isaac.
653 4711 977 4785 Respondit
1001 4727 1201 4767 servus
1227 4728 1238 4767 :
1271 4711 1326 4767 Si
1361 4711 1614 4766 noluerit
1645 4710 1858 4767 mulier
1880 4714 2079 4770 venire

432 4815 672 4860 mecum
692 4803 751 4858 in
774 4805 990 4857 terram
1007 4801 1185 4869 hanc,
1207 4815 1354 4855 num
1384 4799 1664 4855 reducere
1681 4799 1872 4856 debeo
1887 4800 2076 4858 ﬁlium

430 4892 511 4947 ad
539 4891 757 4959 locum,
789 4890 864 4946 de
885 4905 1005 4962 quo
1036 4893 1098 4944 tu
1124 4904 1396 4959 egressus
1420 4890 1523 4944 es?
1561 4888 1704 4944 Dixit
1736 4889 2071 4947 Abraham:

427 4976 583 5034 Cave
613 4991 686 5032 ne
701 4975 946 5048 quando
973 4976 1227 5032 reducas
1253 4976 1440 5032 ﬁlium
1487 4993 1687 5033 meum
1709 4977 1864 5035 illuc.
1882 4980 2075 5036 Domi-

428 5081 544 5123 nus
561 5066 714 5120 Deus
745 5064 891 5130 coeli,
919 5065 1024 5136 qui
1039 5064 1169 5120 tulit
1197 5081 1292 5120 me
1321 5065 1395 5120 de
1424 5065 1608 5121 domo
1636 5066 1826 5136 patris
1859 5067 1996 5138 mei,
2020 5071 2075 5124 et

425 5153 502 5211 de
529 5158 686 5210 terra
714 5151 1038 5210 nativitatis
1090 5167 1259 5215 meae,
1292 5153 1397 5224 qui
1433 5152 1668 5208 locutus
1706 5157 1797 5208 est
1820 5151 1987 5219 mihi,
2017 5161 2074 5212 et

418 5241 868 5316 juravit,dicens
892 5257 905 5295 :
939 5240 1162 5296 Semini
1179 5244 1280 5296 tuo
1300 5239 1460 5295 dabo
1483 5244 1700 5296 terram
1721 5239 1879 5296 hanc
1906 5256 1918 5295 :
1941 5240 2070 5313 ipse

420 5333 613 5390 mittet
635 5329 927 5401 Angelum
955 5345 1132 5384 suum
1177 5345 1379 5384 coram
1421 5331 1495 5393 te,
1552 5333 1607 5384 et
1637 5329 1888 5400 accipies
1929 5330 2067 5389 inde

424 5437 658 5479 uxorem
684 5419 806 5475 ﬁlio
833 5433 967 5474 meo
1001 5434 1013 5471 :
1047 5418 1139 5472 sin
1170 5422 1367 5473 autem
1392 5416 1643 5472 noluerit
1673 5418 1880 5473 mulier
1897 5422 2063 5494 sequi

415 5516 622 5581 te,non
636 5507 1271 5580 teneberisjuramento
1292 5525 1303 5561 :
1320 5505 1506 5562 ﬁlium
1521 5509 1753 5564 tantum
1770 5523 1972 5565 meum
1989 5519 2063 5567 ne

417 5601 671 5661 reducas
696 5597 1063 5658 illuc.Posuit
1081 5611 1221 5670 ergo
1240 5611 1441 5656 servus
1452 5609 1702 5657 manum
1715 5595 1827 5656 sub
1840 5593 2062 5658 femore

2111 4489 2160 4546 D

2240 1874 2556 1931 ricordiam
2584 1893 2719 1931 cum
2747 1877 2992 1933 domino
3013 1894 3148 1934 meo
3165 1877 3609 1937 Abraham.Nec
3636 1883 3780 1938 dum
3809 1887 3909 1942 in-

2237 1965 2326 2017 tra
2355 1979 2416 2018 se
2446 1964 2630 2020 verba
2650 1965 3062 2035 compleverat,
3096 1970 3152 2022 et
3183 1981 3318 2022 ecce
3335 1967 3605 2025 Rebecca
3623 1973 3902 2040 egredie-

2234 2049 2428 2117 batur,
2447 2051 2564 2108 Iilia
2580 2053 2840 2124 Bathuel,
2869 2053 2973 2109 filii
3001 2054 3235 2110 Melchm
3265 2055 3471 2112 uxoris
3511 2059 3744 2116 Nachor
3775 2062 3902 2120 fra-

2234 2139 2336 2194 tris
2367 2139 2688 2206 Abraham,
2742 2142 2972 2197 habens
3011 2142 3291 2215 hydriam
3339 2145 3402 2200 in
3451 2147 3700 2219 scapula
3729 2165 3845 2207 sua
3877 2167 3892 2208 :

2233 2227 2430 2298 puella
2458 2229 2677 2285 decora
2717 2229 2912 2296 nimis,
2942 2231 3230 2303 virgoque
3268 2233 3692 2303 pulcherrima,
3725 2242 3785 2294 et
3804 2239 3898 2294 in-

2230 2315 2462 2385 cognita
2487 2316 2611 2371 viro
2634 2332 2647 2371 :
2674 2316 3057 2373 descenderat
3085 2322 3286 2374 autem
3314 2321 3393 2376 ad
3417 2321 3728 2393 fontem,et
3768 2326 3891 2384 im-

2227 2402 2486 2473 pleverat
2519 2404 2821 2476 hydriam,
2857 2421 2927 2461 ac
2956 2407 3370 2465 revertebatur.
3423 2411 3808 2485 Occurritque
3835 2417 3895 2472 ei

2225 2505 2453 2561 servus,
2482 2497 2539 2548 et
2580 2493 2660 2549 ait
2692 2513 2704 2550 :
2735 2494 3065 2550 Pauxillum
3113 2511 3288 2568 aquae
3348 2498 3493 2554 mihi
3523 2500 3602 2556 ad
3640 2503 3896 2560 sorben-

2222 2577 2368 2634 dum
2395 2581 2596 2650 preebe
2620 2581 2696 2636 de
2741 2581 2957 2653 hydria
2987 2587 3106 2639 tua.
3155 2585 3297 2649 Quae
3328 2588 3638 2658 respondit
3673 2606 3686 2644 :
3712 2590 3888 2658 Bibe,

2221 2667 2462 2724 domine
2492 2670 2576 2724 mi
2603 2685 2616 2724 :
2676 2669 3056 2743 celeriterque
3084 2671 3362 2744 deposuit
3390 2675 3671 2746 hydriam
3699 2695 3892 2752 super

2218 2755 2424 2812 ulnam
2456 2761 2713 2822 suam,et
2742 2759 2904 2816 dedit
2931 2760 2983 2815 ei
3019 2763 3524 2834 potum.Cumque
3556 2764 3652 2820 ille
3677 2766 3883 2824 bibis-

2218 2850 2324 2915 set,
2356 2846 2571 2917 abjecit
2604 2862 2617 2901 :
2660 2847 2815 2912 Quin
2841 2851 2897 2904 et
2933 2849 3179 2905 camelis
3209 2850 3322 2905 tuis
3349 2851 3642 2920 hauriam,
3674 2855 3883 2913 donec

2216 2934 2407 2988 cuncti
2436 2934 2667 2990 bibant.
2692 2934 3135 3008 Etfundensque
3155 2937 3434 3010 hydriam
3456 2938 3518 2995 in
3547 2941 3878 3001 canalibus

2213 3024 2456 3078 recurrit
2479 3022 2556 3079 ad
2578 3028 2826 3094 puteum
2847 3029 2911 3080 ut
2931 3025 3191 3082 hauriret
3221 3041 3446 3100 aquam
3468 3047 3485 3082 :
3509 3034 3563 3085 et
3583 3029 3878 3091 haustam

2213 3111 2494 3166 omnibus
2520 3111 2764 3168 camelis
2787 3113 2966 3169 dedit.
2993 3114 3090 3170 llle
3122 3119 3325 3171 autem
3343 3119 3880 3190 contemplabatur

2214 3213 2349 3253 eam
2375 3199 2722 3264 tacite,scire
2749 3201 2956 3257 volens
2985 3206 3184 3260 utrum
3232 3219 3587 3276 prosperum
3631 3207 3882 3268 fecisset

2210 3287 2319 3342 iter
2349 3303 2528 3344 suum
2563 3289 2822 3354 Deus,an
2838 3305 2978 3347 non.
3007 3291 3248 3349 Protulit
3266 3293 3604 3350 virinaures
3626 3311 3873 3354 aureas.

2211 3376 2619 3448 appendentes
2651 3377 2823 3433 siclos
2839 3379 3078 3450 duos,et
3098 3381 3357 3437 armillas
3376 3383 3625 3439 totidem
3652 3386 3871 3456 pondo

2209 3463 2488 3521 siclorum
2508 3467 2736 3522 decem.
2760 3467 3027 3541 Dixitque
3068 3469 3144 3526 ad
3177 3485 3309 3526 eam
3331 3486 3343 3524 :
3367 3471 3545 3540 Cujus
3571 3488 3633 3528 es
3685 3473 3810 3530 ﬁlia
3845 3475 3879 3529 τ

2206 3552 2406 3608 indica
2430 3555 2612 3610 mihi:
2645 3559 2732 3612 est
2759 3555 2821 3612 in
2858 3557 3041 3613 domo
3067 3558 3251 3629 patris
3279 3559 3360 3614 tui
3408 3559 3575 3616 locus
3619 3562 3698 3618 ad
3738 3579 3878 3622 ma-

2204 3641 2510 3698 nendum?
2530 3645 2671 3708 Quae
2689 3644 2994 3715 respondit
3025 3659 3038 3700 :
3060 3644 3203 3701 Filia
3222 3646 3516 3702 Bathuelis
3533 3664 3732 3712 suum,
3755 3650 3875 3708 ﬁlii

2203 3731 2452 3796 Nachor,
2484 3747 2666 3803 quem
2685 3732 2982 3804 peperitei
2999 3733 3238 3790 Melcha.
3258 3737 3322 3790 Et
3336 3734 3579 3800 addidit,
3611 3737 3822 3794 dicens
3853 3757 3868 3799 :

2203 3818 2508 3875 Palearum
2525 3835 2767 3893 quoque
2784 3824 2839 3876 et
2855 3821 2996 3876 foeni
3017 3822 3345 3893 plurimum
3362 3828 3450 3880 est
3461 3825 3626 3897 apud
3646 3841 3777 3899 nos,
3803 3834 3872 3886 et

2199 3906 2365 3962 locus
2396 3910 2690 3980 spatiosus
2714 3910 2792 3965 ad
2823 3910 3210 3967 manendum.
3229 3912 3536 3974 Inclinavit
3555 3929 3616 3969 se
3642 3915 3856 3982 homo,

2199 4000 2254 4052 et
2279 3997 2548 4053 adoravit
2565 3997 3150 4067 Dominum,dicens:
3185 4000 3531 4058 Benedictus
3564 4005 3865 4063 Dominus

2197 4085 2348 4141 Deus
2361 4086 2589 4143 domini
2612 4088 2731 4143 mei
2760 4088 3082 4157 Abraham,
3113 4090 3218 4161 qui
3238 4105 3362 4146 non
3399 4091 3644 4149 abstulit
3670 4094 3860 4151 mise-

2195 4175 2518 4231 ricordiam
2549 4181 2603 4232 et
2648 4176 2955 4231 veritatem
3011 4191 3185 4234 suam
3225 4193 3262 4234 a
3313 4179 3559 4236 domino
3607 4197 3765 4247 meo,
3793 4185 3860 4241 et

2194 4267 2353 4320 recto
2381 4277 2474 4319 me
2492 4264 2696 4320 itinere
2714 4263 2992 4334 perduxit
3022 4263 3083 4320 in
3107 4265 3363 4323 domum
3394 4268 3589 4324 fratris
3616 4271 3857 4328 domini

2193 4354 2330 4408 mei.
2351 4353 2613 4409 Cucurrit
2635 4354 2834 4424 itaque
2860 4353 3076 4424 puella,
3098 4360 3154 4411 et
3173 4357 3480 4414 nunciavit
3502 4358 3564 4414 in
3595 4359 3857 4418 domum

2195 4441 2396 4498 matris
2422 4458 2545 4497 suae
2566 4443 2769 4499 omnia
2785 4458 2920 4514 quae
2937 4441 3496 4502 audierat.Habebat
3515 4451 3713 4504 autem
3737 4450 3853 4505 Re—

2186 4531 2370 4587 becca
2398 4531 2640 4587 fratrem
2655 4531 2899 4586 nomine
2923 4531 3145 4600 Laban,
3165 4535 3269 4604 qui
3287 4532 3541 4591 festinus
3561 4551 3849 4606 egressus

2187 4625 2277 4675 est
2307 4621 2383 4676 ad
2409 4621 2736 4689 hominem,
2769 4620 2872 4676 ubi
2898 4623 3024 4677 erat
3089 4620 3241 4678 fons.
3302 4623 3572 4697 Cumque
3597 4625 3859 4686 vidisset

2185 4708 2423 4766 inaures
2451 4711 2505 4765 et
2544 4709 2806 4766 armillas
2837 4709 2897 4764 in
2923 4709 3205 4766 manibus
3237 4712 3458 4768 sororis
3499 4719 3709 4778 suae,et
3740 4727 3854 4771 au-

2185 4797 2368 4855 disset
2406 4804 2621 4855 cuncta
2665 4798 2848 4854 verba
2876 4798 3218 4855 referentis:
3276 4801 3412 4857 Haec
3478 4801 3712 4860 locutus
3747 4809 3850 4862 est

2183 4887 2330 4942 mihi
2359 4887 2544 4943 homo
2566 4905 2578 4943 :
2596 4887 2757 4943 venit
2780 4885 2858 4943 ad
2879 4887 3211 4961 virum,qui
3237 4889 3436 4946 stabat
3448 4890 3621 4960 juxta
3641 4904 3849 4946 came.

2181 4974 2290 5046 los,
2318 4979 2374 5031 et
2391 4991 2567 5048 prope
2597 4977 2822 5032 fontem
2841 4992 3013 5048 aquae
3042 4994 3055 5032 :
3103 4977 3365 5051 dixitque
3397 4977 3477 5034 ad
3517 4989 3656 5032 eum
3691 4993 3705 5030 :
3745 4983 3844 5037 ln-

2181 5059 2757 5134 gredere,benedicte
2784 5064 3021 5121 Domini
3052 5081 3065 5121 :
3107 5081 3214 5122 cur
3241 5067 3384 5122 foris
3413 5066 3581 5123 stas?
3599 5075 3846 5138 praepes

2179 5153 2304 5209 ravi
2328 5153 2599 5219 domum,
2619 5157 2674 5209 et
2708 5151 2908 5209 locum
2933 5154 3179 5211 camelis
3228 5156 3360 5210 tuis.
3396 5157 3462 5209 Et
3500 5153 3844 5216 introduxit

2177 5257 2316 5297 eum
2341 5243 2400 5298 in
2429 5241 2755 5312 hospitium
2780 5261 2791 5294 :
2823 5255 2892 5298 ac
2918 5243 3199 5300 destravit
3229 5241 3515 5311 camelos,
3544 5241 3843 5316 deditque

2176 5331 2374 5401 paleas
2395 5335 2450 5386 et
2467 5330 2780 5400 fosnum,et
2809 5345 3033 5405 aquam
3059 5331 3136 5388 ad
3163 5327 3491 5387 lavandum
3513 5331 3698 5403 pedes
3727 5349 3844 5392 ca-

2173 5420 2485 5485 melorum,
2525 5425 2579 5475 et
2601 5421 2862 5476 virorum
2896 5423 2997 5494 qui
3020 5424 3301 5476 venerant
3332 5435 3469 5475 cum
3494 5436 3584 5476 eo.
3620 5423 3685 5477 Et
3717 5438 3838 5494 ap-

2172 5509 2403 5580 positus
2456 5513 2543 5566 est
2565 5509 2625 5564 in
2651 5515 2973 5582 conspectu
3024 5510 3151 5578 ejus
3182 5508 3374 5579 panis.
3405 5510 3515 5575 Qui
3543 5511 3623 5566 ait
3659 5527 3668 5562 :
3695 5513 3831 5571 Non

2172 5597 2704 5666 comedam,donec
2723 5598 2936 5671 loquar
2956 5607 3263 5657 sermones
3283 5613 3472 5659 meos.
3491 5600 3832 5672 Respondit
