4160 6402
240 328 347 388 301

233 458 295 514 ei
338 471 353 512 ξ
418 456 710 528 Loquere.
750 459 819 511 At
868 454 960 511 ille
1002 473 1011 509 :

242 560 382 602 sum
405 562 415 598 :
442 548 499 601 et
519 545 810 600 Dominus
831 544 1136 601 benedixit
1155 546 1398 602 domino
1422 562 1555 603 meo
1576 546 1903 616 valde,ma—

243 635 570 704 gniﬁcatus
601 640 693 689 est
728 634 920 690 :dedit
945 634 995 690 ei
1046 649 1187 689 oves
1213 640 1271 691 et
1298 633 1903 705 boves,argentumet

244 739 488 788 aurum,
522 738 721 778 servos
754 727 810 777 et
832 722 1094 785 ancillas,
1129 724 1699 781 camelosetasinos.
1733 725 1903 795 Etpe-

241 812 397 883 perit
414 812 563 868 Sara
580 826 735 867 uxor
756 811 984 867 domini
1022 812 1139 867 mei
1164 812 1353 869 ﬁlium
1410 814 1657 870 domino
1683 827 1818 868 meo
1842 811 1902 867 in

248 902 560 956 senectute
576 899 998 971 sua,deditque
1041 899 1482 974 illiomniaquaa
1496 902 1810 958 habuerat.
1838 902 1904 955 Et

247 990 664 1061 adjuravitme
696 988 982 1044 dominus
1016 992 1426 1054 meus,dicens
1454 1012 1470 1046 :
1508 995 1633 1047 Non
1647 990 1903 1061 accipies

245 1078 374 1134 ﬁlio
396 1092 539 1134 meo
557 1092 810 1135 uxorem
838 1078 912 1134 de
926 1078 1161 1134 ﬁliabus
1187 1079 1747 1149 Chananaeorumjn
1759 1094 1903 1151 quo-

245 1183 387 1223 rum
410 1167 813 1225 terrahabito:
835 1167 943 1222 sed
971 1167 1048 1223 ad
1079 1168 1329 1224 domum
1346 1170 1901 1240 patrismeiperges,

244 1261 305 1313 et
339 1254 417 1312 de
446 1256 806 1327 cognatione
835 1272 969 1312 mea
993 1257 1249 1328 accipies
1295 1273 1543 1314 uxorem
1573 1257 1695 1312 ﬁlio
1729 1271 1864 1312 meo
1890 1271 1901 1311 :

245 1360 363 1417 ego
391 1360 537 1402 vero
564 1345 851 1417 respondi
889 1346 1136 1402 domino
1166 1362 1302 1403 meo
1329 1364 1340 1402 :
1384 1347 1537 1412 Quid
1564 1348 1613 1401 si
1655 1345 1909 1402 noluerit

241 1434 453 1489 venire
482 1449 723 1489 mecum
746 1434 1003 1491 mulier?
1031 1435 1141 1500 Ait,
1166 1436 1475 1499 Dominus,
1504 1436 1562 1490 in
1577 1436 1748 1505 cujus
1764 1449 1910 1490 con-

243 1528 461 1596 spectu
492 1522 762 1589 ambulo,
798 1523 984 1579 mittet
1007 1524 1287 1593 Angelum
1320 1541 1497 1579 suum
1529 1524 1910 1593 tecum,etdi-

1442 328 1795 389 DOMINIGA
1833 329 1856 384 ι
1892 316 2502 397 QUADRAGESIM/E.

1076 458 1310 527 Servus,
1346 457 1556 529 inquit,
1598 456 1900 513 Abraham
1928 452 1977 507 Δ
2018 471 2155 513 cum
2184 457 2427 517 homine
2476 461 2639 517 isto?
2675 464 2813 525 Quae
2846 460 2926 517 ait
2966 477 2978 515 :
3030 462 3274 520 Vadam.
3306 464 3666 522 Dimiserunt

3552 341 3667 397 302

2016 560 2157 616 ergo
2198 562 2352 611 eam,
2389 553 2445 605 et
2473 550 2766 606 nutricem
2792 549 2968 614 illius,
2996 564 3355 622 servumque
3384 554 3661 621 Abrahaa,

2015 638 2070 690 et
2095 637 2340 693 comites
2370 640 2520 709 ejus,
2554 639 2949 710 imprecantes
2981 652 3271 708 prospera
3300 642 3486 697 sorori
3518 658 3661 707 suae,

2016 728 2195 794 atque
2217 724 2479 782 dicentes
2514 744 2525 781 :
2560 728 2735 783 Soror
2766 731 2975 783 nostra
3018 741 3107 792 es,
3139 742 3372 783 crescas
3413 728 3475 784 in
3506 730 3666 786 mille

2013 810 2221 883 millia,
2249 815 2626 885 etpossideat
2640 831 2843 871 semen
2858 819 3027 872 tuum
3048 820 3253 886 portas
3286 816 3666 874 inimicorum

2017 916 2282 958 suorum.
2322 905 2500 974 Igitur
2548 905 2815 961 Rebecca
2847 909 2903 961 et
2931 904 3145 976 puellae
3185 904 3359 975 illius,
3406 906 3668 962 ascensis

2014 990 2277 1060 camelis,
2310 998 2525 1050 secutte
2555 998 2691 1050 sunt
2718 994 2914 1049 virum
2941 1010 2953 1049 :
2978 994 3077 1065 qui
3126 993 3375 1051 festinus
3418 999 3667 1051 reverte-

2014 1078 2190 1134 batur
2205 1080 2283 1137 ad
2313 1083 2627 1138 dominum
2656 1085 2940 1140 suum.Eo
2963 1087 3163 1139 autem
3184 1086 3447 1154 tempore
3464 1084 3667 1141 deam-

2013 1166 2263 1223 bulabat
2292 1172 2454 1225 lsaac
2474 1186 2579 1242 per
2603 1171 2765 1227 viam
2778 1184 2912 1243 quae
2934 1170 3097 1227 ducit
3120 1171 3196 1227 ad
3217 1172 3588 1242 Puteum,cuj
3598 1188 3668 1227 us

2015 1269 2239 1311 nomen
2261 1262 2347 1313 est
2372 1258 2631 1314 Viventis
2656 1264 2712 1315 et
2742 1259 3002 1315 Videntis
3028 1278 3039 1317 :
3072 1258 3386 1316 habitabat
3405 1259 3569 1316 enim
3604 1259 3669 1316 in

2016 1348 2172 1401 terra
2200 1346 2446 1402 australi
2476 1364 2488 1402 :
2522 1351 2579 1404 et
2606 1362 2883 1416 egressus
2913 1347 3107 1404 fuerat
3144 1347 3224 1404 ad
3249 1347 3668 1404 meditandum

2018 1433 2079 1487 in
2110 1447 2276 1502 agro,
2303 1434 2588 1491 inclinata
2611 1435 2739 1505 jam
2759 1435 2857 1490 die
2886 1452 2900 1489 :
2934 1450 3193 1506 cumque
3214 1435 3502 1493 elevasset
3530 1450 3669 1492 ocu-

2019 1521 2130 1584 los,
2153 1521 2300 1577 vidit
2350 1522 2613 1579 camelos
2634 1523 2935 1580 venientes
2960 1522 3190 1595 procul.
3226 1523 3491 1581 Rebecca
3518 1539 3670 1596 quo-

241 1612 401 1683 riget
424 1612 589 1668 viam
621 1616 787 1668 tuam
812 1630 826 1666 :
853 1613 1222 1684 accipiesque
1247 1629 1497 1669 uxorem
1519 1613 1639 1669 ﬁlio
1670 1627 1805 1668 meo
1838 1611 1911 1667 de
2021 1624 2155 1681 que,
2192 1615 2509 1681 conspecto
2531 1614 2713 1678 Isaac,
2743 1611 3048 1667 descendit
3069 1610 3141 1667 de
3164 1612 3478 1679 camelo,et
3493 1612 3576 1669 ait
3591 1610 3671 1668 ad

245 1702 615 1772 cognatione
638 1716 774 1757 mea
786 1701 860 1757 de
874 1702 1058 1757 domo
1075 1702 1257 1774 patris
1274 1703 1408 1758 mei.
1434 1703 1724 1758 Innocens
1744 1701 1859 1757 eris
1879 1716 1914 1756 a
2024 1711 2277 1767 puerum
2311 1699 2481 1763 :Quis
2510 1702 2599 1754 est
2621 1697 2804 1755 homo
2826 1698 2920 1753 ille
2938 1698 3041 1770 qui
3059 1698 3220 1754 venit
3249 1714 3354 1770 per
3379 1714 3593 1770 agrum
3608 1702 3669 1760 in

245 1789 673 1847 maledictione
687 1806 987 1854 mea,cum
1001 1790 1231 1845 veneris
1246 1790 1320 1845 ad
1336 1791 1701 1863 propinquos
1717 1800 1913 1858 meos,
1941 1804 1992 1865 Β
2024 1800 2341 1842 occursum
2371 1786 2545 1843 nobis
2566 1788 2594 1841 ‘I
2645 1786 2913 1859 Dixitque
2962 1787 3014 1842 ei
3046 1805 3060 1843 :
3106 1791 3235 1858 lpse
3279 1792 3365 1843 est
3388 1788 3671 1846 dominus

247 1882 309 1935 et
352 1894 475 1935 non
518 1878 794 1934 dederint
840 1878 964 1934 tibi.
1011 1879 1151 1934 Veni
1184 1894 1324 1949 ergo
1364 1879 1544 1934 hodie
1573 1880 1649 1935 ad
1688 1878 1913 1934 fontem

252 1982 452 2039 aquae,
511 1971 569 2022 et
614 1966 734 2021 dixi
771 1986 784 2025 :
823 1967 1071 2022 Domine
1117 1968 1271 2022 Deus
1309 1966 1537 2022 domini
1576 1967 1694 2022 mei
1731 1966 1913 2023 Abra-

246 2056 419 2121 ham,
469 2057 517 2111 si
564 2055 835 2111 direxisti
876 2055 1037 2111 viam
1086 2072 1305 2122 meam,
1348 2056 1409 2111 in
1438 2072 1559 2127 qua
1604 2071 1765 2111 nunc
1792 2071 1915 2113 am-

247 2145 421 2209 bulo,
451 2160 589 2201 ecce
622 2148 712 2200 sto
734 2145 906 2215 juxta
954 2143 1177 2200 fontem
1211 2160 1384 2217 aquae
1411 2162 1424 2211 ;
1457 2149 1513 2201 et
1563 2145 1745 2215 virgo,
1780 2160 1913 2217 quia

250 2233 560 2305 egreditur
581 2232 658 2289 ad
680 2233 1079 2289 hauriendam
1094 2233 1599 2305 aquam,audierit
1616 2250 1652 2290 a
1667 2250 1763 2289 me
1794 2250 1806 2287 :
1834 2235 1917 2290 Da

250 2322 403 2378 mihi
433 2320 773 2393 pauxillum
795 2336 969 2392 aquae
993 2321 1069 2377 ad
1096 2321 1431 2377 bibendum
1454 2322 1525 2377 de
1544 2322 1880 2395 hydriatua
1898 2341 1915 2375 :

249 2416 312 2468 et
335 2410 554 2466 dixerit
574 2409 721 2466 mihi
751 2427 763 2465 :
790 2412 857 2465 Et
880 2409 1176 2478 tubibe,et
1193 2412 1436 2466 camelis
1454 2411 1572 2467 tuis
1601 2412 1912 2472 hauriam:

246 2501 389 2572 ipsa
413 2504 503 2555 est
535 2498 748 2554 mulier
777 2512 963 2569 quam
979 2499 1332 2570 praeparavit
1355 2501 1638 2555 Dominus
1660 2499 1786 2556 ﬁlio
1816 2500 1919 2556 do-

250 2588 404 2644 mini
436 2587 573 2643 mei.
608 2586 886 2658 Dumque
914 2587 1043 2643 haec
1075 2589 1288 2643 tacitus
1318 2603 1558 2644 mecum
1588 2588 1913 2653 volverem‘,

250 2675 540 2749 apparuit
570 2675 837 2732 Rebecca
852 2676 1098 2731 veniens
1119 2688 1257 2731 cum
1276 2675 1704 2748 hydria,quam
1721 2680 1920 2747 porta-

253 2766 355 2822 bat
383 2765 446 2820 in
477 2764 725 2836 scapula
761 2780 771 2819 :
806 2764 1237 2835 descenditque
1260 2764 1339 2821 ad
1364 2764 1613 2829 fontem,
1633 2769 1689 2820 et
1717 2764 1922 2820 hausit

251 2869 510 2927 aquam.
551 2855 619 2909 Et
651 2853 751 2923 ajo
782 2852 861 2907 ad
896 2868 1031 2908 eam
1062 2870 1073 2906 :
1100 2853 1186 2908 Da
1214 2852 1362 2907 mihi
1405 2852 1656 2924 paulum
1682 2852 1911 2908 bibere.

253 2946 400 3007 Quae
428 2941 719 2998 festinans
747 2941 1314 3014 deposuithydriam
1345 2941 1767 3010 dehumero,et
1781 2941 1925 2997 dixit

259 3030 415 3088 mihi
452 3047 464 3085 :
498 3030 565 3085 Et
595 3036 658 3085 tu
686 3030 846 3097 bibe,
891 3033 946 3086 et
974 3030 1219 3085 camelis
1251 3030 1363 3085 tuis
1390 3030 1647 3086 tribuam
1677 3033 1913 3102 potum.

2024 1888 2217 1931 meus.
2250 1879 2320 1930 At
2348 1874 2446 1931 illa
2467 1874 2677 1931 tollens
2707 1875 2821 1931 cito
2840 1875 3092 1947 pallium
3114 1891 3311 1941 suum,
3330 1878 3568 1947 operuit
3588 1894 3670 1935 se.

2023 1964 2234 2019 Servus
2260 1970 2462 2020 autem
2505 1968 2741 2029 cuncta,
2771 1980 2908 2036 quae
2966 1968 3247 2035 gesserat,
3277 1966 3540 2022 narravit
3568 1968 3672 2024 do-

2024 2050 2188 2108 mino
2202 2068 2311 2108 suo
2324 2054 2631 2118 Isaac.Qui
2643 2052 2967 2108 introduxit
2980 2067 3114 2108 eam
3135 2052 3195 2108 in
3214 2052 3675 2111 tabernaculum

2026 2143 2185 2198 Sara
2206 2142 2431 2208 matris,
2466 2147 2522 2198 et
2553 2142 2779 2214 accepit
2800 2156 3049 2198 uxorem
3078 2159 3091 2196 :
3133 2144 3189 2196 et
3227 2141 3290 2197 in
3318 2146 3555 2199 tantum
3578 2142 3663 2201 di-

2024 2230 2165 2287 lexit
2190 2234 2344 2297 eam,
2374 2236 2438 2287 ut
2464 2231 2756 2294 dolorem,
2782 2230 2883 2303 qui
2909 2247 2980 2286 ex
3001 2234 3190 2287 morte
3212 2231 3418 2288 matris
3448 2231 3678 2291 accide-

2025 2323 2136 2387 rat,
2168 2322 2544 2392 temperaret.
2580 2331 2643 2389 ἢ.
2678 2321 2877 2376 Amen.

2097 2410 2452 2478 Antiphonti
2477 2410 2503 2463 1
2520 2449 2534 2464 .
2576 2410 2859 2467 lnclinate
2897 2424 3108 2465 aurem
3131 2412 3393 2465 vestram
3410 2408 3472 2466 in
3496 2410 3681 2468 verba

2029 2498 2147 2551 oris
2169 2498 2309 2561 mei,
2324 2496 2544 2569 popule
2557 2513 2727 2553 meus
2762 2513 2773 2552 :
2800 2499 3034 2554 attende
3058 2496 3251 2568 legem
3266 2513 3489 2557 meam.
3516 2499 3682 2558 Psal-

2028 2598 2157 2641 mus
2183 2599 2395 2641 LXXVII.

2104 2673 2718 2745 0ratz‘o.0mnipotens
2731 2672 3025 2730 immense
3047 2677 3107 2731 et
3117 2673 3459 2732 misericors
3487 2676 3684 2735 Domi-

2028 2775 2105 2817 ne
2132 2780 2145 2818 ε
2174 2760 2282 2834 qui
2301 2777 2424 2817 non
2442 2761 2651 2818 totiens
2667 2765 2985 2833 peccantes
3005 2761 3606 2834 disperdis,quotiens
3630 2768 3684 2822 te

2030 2847 2430 2923 delinquendo
2446 2855 2800 2923 exasperant
2822 2856 3187 2923 peccatores;
3203 2868 3433 2924 oppone
3443 2854 3545 2910 ira:
3566 2858 3684 2911 tuae

2030 2939 2504 2996 misericordiam
2519 2956 2532 2996 :
2548 2945 2602 2995 et
2614 2939 2890 3011 quotiens
2901 2944 2956 2996 te
2966 2954 3370 3011 provocamus
3390 2946 3450 2998 ut
3472 2941 3648 2999 ferias
3667 2961 3682 3012 ;

2030 3027 2242 3085 totiens
2268 3026 2372 3083 tibi
2392 3032 2491 3084 tua
2514 3028 2703 3099 pietas
2722 3027 3074 3083 interveniat
3097 3032 3162 3083 ut
3186 3027 3482 3097 ignoscas.
3515 3029 3687 3086 Sacia

263 3120 414 3188 Bibi,
438 3122 495 3175 et
523 3118 854 3190 adaquabit
874 3122 1156 3175 camelos.
1186 3118 1669 3191 lnterrogavique
1695 3133 1849 3184 eam,
1869 3122 1926 3174 et
1951 3153 2001 3212 ο
2031 3132 2157 3212 nos.
2174 3118 2375 3190 itaque
2399 3131 2556 3212 pane
2574 3115 2933 3212 angelorum
2957 3134 2971 3185 ;
2994 3116 3215 3212 ut,ejus
3232 3122 3506 3189 percepta
3526 3118 3689 3176 forti-

258 3207 383 3264 dixi
412 3226 424 3264 :
462 3207 643 3279 Cujus
669 3223 733 3263 es
763 3206 889 3263 ﬁlia
907 3208 936 3262 ?
967 3210 1107 3273 Quae
1136 3209 1447 3280 respondit
1475 3224 1488 3263 :
1516 3208 1657 3287 Filia
1678 3207 1923 3264 Bathue-

256 3296 337 3354 lis
371 3312 528 3365 sum,
559 3296 666 3352 ﬁlii
704 3296 954 3363 Nachor,
987 3310 1167 3368 quem
1199 3298 1426 3369 peperit
1456 3297 1507 3353 ei
1550 3297 1790 3354 Melcha.
1822 3299 1925 3355 Su-

257 3385 477 3459 spendi
504 3386 705 3457 itaque
728 3386 964 3441 inaures
1002 3386 1081 3442 ad
1106 3386 1446 3443 ornandam
1471 3387 1683 3443 faciem
1712 3387 1927 3457 ejus,et

258 3474 531 3531 armillas
551 3474 730 3547 posui
760 3474 820 3529 in
854 3475 1137 3531 manibus
1158 3476 1207 3548 ej
1219 3475 1660 3547 us.Pronusque
1677 3476 1923 3533 adoravi

260 3563 611 3632 Dominum,
652 3563 1014 3619 benedicens
1053 3565 1311 3621 Domino
1353 3580 1490 3622 meo
1525 3564 1755 3622 domini
1808 3564 1926 3621 mei

256 3652 592 3717 Abraham,
621 3653 726 3724 qui
750 3652 1029 3724 perduxit
1058 3667 1155 3709 me
1189 3657 1350 3709 recto
1379 3654 1605 3717 itinere,
1638 3658 1701 3709 ut
1731 3656 1925 3710 sume-

257 3740 595 3809 remlﬁliam
617 3739 812 3795 fratris
828 3736 1058 3795 domini
1085 3741 1207 3795 mei
1224 3738 1347 3795 ﬁlio
1362 3740 1925 3810 ejus.Quamobrem

261 3830 317 3885 si
346 3827 541 3884 facitis
572 3826 1045 3882 misericordiam
1065 3831 1122 3883 et
1159 3827 1472 3884 veritatem
1508 3836 1647 3883 cum
1678 3828 1926 3885 domino

264 3928 434 3978 meo,
460 3912 717 3968 indicate
746 3912 896 3967 mihi
922 3929 936 3967 :
964 3914 1057 3968 sin
1082 3918 1284 3969 autem
1309 3913 1473 3969 aliud
1500 3915 1716 3987 placet,
1738 3904 1928 3971 ethoc

268 4002 453 4061 dicite
469 3998 636 4065 mihi,
666 4004 730 4056 ut
758 3999 977 4057 vadem
1006 4001 1079 4058 ad
1110 4001 1436 4069 dexteram,
1461 4002 1582 4058 sive
1603 4001 1925 4063 sinistram.

266 4090 732 4162 Responderunt
761 4089 967 4146 Laban
989 4094 1046 4147 et
1074 4090 1316 4146 Bathuel
1346 4105 1358 4144 τ
1384 4092 1427 4145 A
1456 4091 1709 4148 Domino
1732 4106 1927 4162 egres-

266 4194 376 4238 sus
401 4184 491 4236 est
515 4192 715 4236 sermo
746 4197 759 4235 :
793 4194 917 4235 non
945 4194 1271 4252 possumus
1300 4185 1464 4237 extra
1487 4181 1767 4253 placitum
1800 4182 1928 4253 ejus

265 4269 602 4343 quicquam
629 4268 792 4325 aliud
819 4268 985 4341 loqui
1010 4274 1227 4325 tecum.
1258 4271 1340 4324 En
1364 4271 1623 4326 Rebecca
1645 4284 1848 4327 coram
1872 4275 1927 4327 te

276 4352 452 4431 165
477 4362 582 4423 est,
625 4358 759 4415 tolle
781 4372 937 4425 eam,
970 4361 1027 4415 et
1060 4359 1454 4431 proﬁciscere,
1481 4364 1537 4417 et
1566 4360 1638 4415 sit
1655 4376 1803 4417 uxor
1821 4358 1925 4416 ﬁlii

264 4446 501 4504 domini
523 4447 785 4516 tui,sicut
800 4447 1037 4504 locutus
1059 4453 1147 4504 est
1163 4448 1472 4505 Dominus.
1488 4448 1657 4515 Quod
1670 4464 1808 4504 cum
1826 4464 1926 4506 au-

260 4536 460 4592 disset
489 4550 641 4608 puer
672 4536 999 4607 Abraham,
1029 4536 1353 4609 procidens
1385 4538 1656 4594 adoravit
1683 4538 1743 4593 in
1772 4541 1929 4595 terra

268 4625 617 4681 Dominum.
636 4625 1007 4697 Prolatisque
1030 4626 1186 4683 vasis
1204 4627 1521 4696 argenteis,
1542 4630 1597 4683 et
1617 4626 1834 4693 aureis,
1858 4644 1929 4684 ac

252 4713 562 4781 vestibus,
586 4713 751 4769 dedit
775 4729 847 4771 ea
881 4714 1160 4771 Rebeccae
1183 4726 1293 4787 pro
1331 4732 1612 4781 munere;
1646 4716 1927 4772 fratribus

266 4816 516 4877 quoque
544 4803 676 4874 ejus
717 4807 774 4859 et
794 4804 969 4860 matri
995 4804 1159 4860 dona
1183 4804 1413 4861 obtulit.
1454 4807 1601 4862 lnito
1633 4805 1924 4870 convivio,

265 4896 577 4949 vescentes
600 4892 818 4963 pariter
842 4896 899 4948 et
942 4890 1213 4948 bibentes
1257 4898 1606 4949 manserunt
1645 4893 1746 4949 ibi.
1785 4895 1925 4951 Sur-

268 4992 422 5053 gens
438 4984 642 5037 autem
665 4990 863 5047 mane,
895 4980 1126 5037 loeutus
1150 4982 1239 5038 est
1263 4994 1412 5054 puer
1437 4998 1449 5038 :
1483 4983 1714 5039 Dimitte
1741 4987 1928 5048 me,ut

266 5069 497 5127 vadum
508 5069 589 5126 ad
599 5068 917 5126 dominum
934 5084 1137 5126 meum
1148 5072 1737 5143 .Responderuntque
1750 5072 1927 5127 frater

265 5158 403 5229 ejus
435 5163 494 5215 et
522 5162 715 5216 mater
746 5174 759 5214 :
803 5158 1034 5215 Maneat
1067 5158 1265 5230 puella
1314 5159 1526 5216 saltem
1562 5160 1768 5216 decem
1799 5158 1925 5216 dies

264 5247 434 5320 apud
461 5261 596 5315 nos,
645 5251 703 5303 et
738 5250 949 5318 postea
978 5247 1405 5318 proﬁciscetur.
1441 5246 1644 5314 Nolite,
1699 5250 1794 5318 ait,
1828 5264 1925 5305 me

258 5335 685 5408 retinere,quia
704 5336 994 5392 Dominus
1007 5335 1218 5392 direxit
1234 5335 1400 5393 viam
1414 5348 1605 5394 meam
1624 5336 1635 5392 ἑ
1659 5336 1925 5393 dimittite

256 5426 363 5482 the
381 5429 445 5482 ut
466 5439 721 5497 pergam
750 5424 829 5480 ad
866 5425 1181 5481 dominum
1220 5441 1445 5482 meum.
1487 5427 1556 5481 Et
1605 5426 1921 5482 dixerunt:

256 5514 558 5571 Yocemhs
586 5513 869 5585 puellam,
893 5518 950 5570 et
969 5526 1314 5585 quaeramus
1331 5515 1521 5587 ipsius
1535 5514 1923 5572 voluntatem.

257 5604 543 5676 Cumque
580 5606 794 5663 vocata
824 5604 1110 5676 venisset,
1169 5598 1449 5663 sciscitati
1477 5608 1619 5661 sunt
1650 5622 1665 5666 :
1707 5604 1805 5661 Vis
1841 5603 1926 5661 ire

1958 4497 2004 4556 D

2034 3205 2258 3272 tudine,
2279 3203 2887 3275 etmalignicallidam
2912 3205 3231 3261 versutiam
3252 3206 3683 3279 devincamus;

2036 3299 2111 3360 et,
2133 3292 2445 3366 patefactis
2482 3293 2617 3349 coeli
2642 3293 2868 3364 januis,
2891 3292 2971 3349 ad
3016 3308 3338 3351 numerum
3364 3294 3605 3364 civium.
3630 3300 3687 3356 te

2035 3383 2383 3456 adjuvante,
2418 3383 2803 3440 introeamus.
2840 3394 2901 3444 ἢ.
2931 3384 3138 3440 Amen.

2107 3473 2235 3529 Per.

2106 3560 2461 3632 Antiphona
2480 3566 2534 3617 2.
2563 3564 2779 3618 Panem
2812 3560 2945 3618 cceli
2982 3560 3146 3618 dona
3182 3561 3377 3628 nobis,
3419 3562 3685 3620 Domine.

2036 3652 2301 3708 Psalmus
2328 3666 2542 3706 Lxxvn.

2111 3741 2327 3796 Oratio.
2360 3738 2659 3810 Deus,qui
2687 3754 2908 3810 panem
2937 3738 3071 3795 cmli
3090 3739 3227 3796 ﬁliis
3247 3739 3566 3797 hominum
3596 3740 3691 3797 tri-

2035 3828 2192 3892 buis,
2225 3832 2648 3899 terrenumque
2687 3826 2913 3885 animal
2935 3828 3301 3898 Angelorum
3332 3828 3513 3901 adipe
3553 3843 3691 3901 pas-

2036 3916 2121 3971 cis
2154 3934 2167 3975 :
2192 3914 2473 3972 frumenti
2489 3914 2655 3971 verbi
2674 3915 2759 3970 tui
2775 3914 3207 3973 abundantiam
3238 3917 3428 3974 tribue
3457 3935 3470 3974 :
3502 3930 3692 3991 eoque

2037 4018 2149 4059 nos
2177 4003 2654 4074 spiritualireﬁce
2684 4002 2835 4069 cibo,
2870 4018 2988 4072 quo
3002 4008 3202 4075 patres
3231 4010 3467 4063 nostros
3492 4006 3693 4065 aluisti

2038 4090 2101 4146 in
2128 4103 2352 4145 eremo.
2371 4101 2434 4159 ne.
2468 4094 2677 4145 Amen.

2110 4179 2220 4234 Per
2239 4176 2736 4233 misericordiam.

2109 4266 2444 4338 Antiphone
2473 4270 2524 4323 3.
2558 4266 2844 4322 Dominus
2894 4266 3131 4337 adjutor
3167 4272 3384 4340 noster,
3413 4269 3493 4340 {et
3537 4270 3692 4327 Deus

2039 4356 2309 4413 excelsus
2338 4355 2622 4412 liberator
2648 4359 2870 4414 noster.
2896 4356 3171 4413 Psalmus
3202 4374 3418 4417 Lxxvu.

2110 4458 2173 4513 Ri.
2208 4447 2489 4502 Converte
2528 4460 2658 4509 nos,
2687 4446 2861 4515 Deus,
2894 4449 2954 4501 et
2991 4445 3068 4501 ad
3098 4449 3151 4502 te
3178 4449 3691 4505 convertamur.P.

2038 4537 2279 4590 Renova
2316 4534 2442 4589 dies
2484 4538 2740 4599 nostros,
2784 4533 2935 4590 sicut
2981 4537 3181 4592 antea.
3221 4535 3280 4597 Ψ.
3319 4538 3388 4593 Ut
3437 4537 3585 4609 quid
3630 4537 3693 4592 in

2037 4623 2411 4680 contentione
2442 4622 2813 4681 Oblivisceris
2858 4624 3066 4689 nostri,
3095 4623 3461 4697 derelinquis
3490 4640 3604 4681 nos
3632 4625 3693 4679 in

2037 4712 2405 4783 longitudine
2434 4711 2669 4766 dierum
2701 4712 2726 4766 ?
2753 4711 2815 4765 P.
2849 4714 3109 4775 Renova,
3156 4712 3217 4771 Ψ.
3253 4713 3467 4783 Gloria,
3501 4718 3560 4770 et
3584 4713 3698 4770 ho-

2036 4808 2166 4858 nor.
2197 4802 2533 4857 Reiteretur
2560 4811 2623 4869 1y.

2107 4890 2310 4945 Preces
2341 4888 2688 4945 Clamamus
2712 4887 2790 4943 ad
2805 4892 2857 4943 te
2889 4888 3063 4951 Deus,
3097 4888 3311 4944 exaudi
3337 4904 3466 4945 nos.
3494 4889 3555 4946 P.
3576 4893 3692 4951 Eia

2035 4977 2272 5049 ﬂagello
2302 4978 2403 5033 irae
2429 4978 2544 5032 tua;
2575 4976 2786 5032 libera.
2813 4976 2873 5036 Vl.
2909 4978 3201 5033 Contritos
3227 4977 3383 5048 fove,
3422 4984 3481 5035 et
3504 4978 3698 5037 humi-

2034 5067 2206 5124 liatos
2238 5069 2437 5123 tuere:
2462 5064 2641 5121 elisos
2671 5066 2850 5135 erige,
2879 5071 2935 5123 et
2965 5067 3347 5138 peccantibus
3376 5068 3686 5127 miserere.

2036 5156 2098 5212 P.
2155 5159 2220 5212 Et
2262 5154 2515 5226 ﬂagello.
2559 5154 2618 5215 ait.
2669 5155 2824 5210 Deus
2886 5156 3136 5221 excelse,
3199 5156 3524 5219 clamorem
3588 5173 3697 5215 no-

2034 5251 2225 5302 strum
2255 5245 2494 5303 attende
2512 5263 2524 5311 ;
2542 5249 2791 5317 peccata
2818 5245 3130 5311 dimitte,et
3146 5247 3412 5318 pluviam
3445 5248 3561 5304 cito
3583 5247 3698 5304 lar-

2035 5337 2181 5406 gire.
2209 5336 2273 5390 P.
2302 5338 2365 5391 Et
2390 5351 2427 5392 a
2456 5334 2718 5404 ﬂagello.
2738 5334 2803 5396 ῒ.
2838 5335 3065 5392 Exaudi
3123 5335 3351 5403 ﬂentes,
3405 5340 3461 5392 et
3489 5350 3699 5393 conso-

2036 5424 2159 5481 lare
2188 5426 2492 5495 lugentes:
2520 5422 2810 5493 gaudium
2851 5425 3185 5496 captivis,et
3215 5425 3473 5497 patriam
3512 5421 3696 5479 redde

2036 5514 2389 5587 peregrinis.
2421 5514 2483 5568 P.
2518 5516 2584 5569 Et
2606 5528 2642 5569 a
2673 5512 2931 5583 ﬂagello.

2107 5603 2391 5673 Hymnus.
2429 5602 2473 5661 0
2496 5604 2817 5665 Nazarene.
2840 5602 2950 5669 fol.
2983 5604 3104 5658 tu.
