4160 6484
532 425 639 482 303
1680 407 2052 466 .DOMINICA
2091 405 2114 461 Ι
2151 404 2756 474 QUADRAGESIMAS.
3827 413 3959 470 304

604 546 830 601 Oratio.
860 541 1095 598 Excelse
1131 539 1380 596 Domine
1416 541 1543 592 esto
1575 534 1812 605 adjutor
1838 535 2037 587 noster
2069 547 2082 585 :
2115 532 2180 586 ut
2203 531 2253 585 A
2283 531 2442 588 misti
2469 531 2762 601 sanguine
2786 546 2973 588 sacro.
3004 533 3067 588 P.
3103 536 3166 591 Et
3195 549 3232 589 a
3255 534 3512 604 ﬂagello.
3543 535 3609 596 Ψ.
3643 535 3952 602 Subveni,

530 635 604 690 de
635 629 1005 688 abundantia
1035 632 1150 682 tuae
1173 626 1397 682 virtutis
1426 623 1765 695 repleamur
1785 619 1993 676 solatio
2019 618 2178 674 forti-
2283 622 2341 675 et
2359 619 2500 674 audi
2522 635 2664 675 aure
2690 618 2924 690 placida
2943 621 3084 692 cito,
3104 626 3159 677 et
3187 623 3474 692 gemitum
3503 624 3743 680 attende
3770 640 3955 682 crea-

526 721 787 791 tudinis;
816 723 872 773 et
895 733 967 772 ex
993 711 1466 770 redundantibus
1505 710 1706 780 gratiae
1737 714 1851 764 tuae
1881 707 2053 764 donis
2091 706 2176 762 di-
2282 709 2430 761 turae
2457 707 2634 761 totius
2661 712 2796 762 tuae.
2839 709 2900 762 P.
2944 711 3010 764 Et
3033 725 3069 765 a
3098 710 3352 780 ﬂagello.

528 817 723 867 temur
751 803 1095 862 muneribus
1125 801 1425 857 libertatis.
2348 796 2643 863 Hymnus.
2673 796 2717 851 Ο
2739 798 3055 852 Nazarene.
3079 798 3278 863 Quaere
3302 801 3418 869 fol.
3452 801 3574 855 144.

599 898 772 952 Pater
797 896 1016 949 noster.
1045 891 1090 942 A
1116 889 1273 945 malo
1311 903 1421 943 nos
1449 886 1662 943 libera.
1693 886 1805 955 fol.
1835 889 1917 940 t0.
2350 882 2576 939 Oratio.
2614 883 2767 937 Deus
2793 884 3095 956 virtutum,
3130 887 3301 957 cujus
3328 887 3623 944 .amabilia
3651 889 3956 948 taberna-

1163 978 1247 1033 Ad
1264 978 1528 1033 Sextum.
1940 1023 1949 1031 .
2276 970 2429 1036 cuia,
2457 976 2513 1026 et
2552 971 2821 1043 speciosa
2850 979 2988 1028 sunt
3011 974 3197 1041 atria;
3227 975 3288 1030 in
3327 992 3587 1048 quorum
3618 977 3855 1034 ambitu
3882 982 3952 1035 et

594 1074 788 1130 Lectio
813 1071 955 1126 libri
985 1067 1285 1124 Hieremiae
1315 1065 1619 1133 Prophetas
1645 1062 1823 1133 (Cap.
1851 1062 2032 1132 xxxr).
2275 1059 2541 1128 graditur
2573 1060 2874 1126 sanctitas,
2902 1065 2958 1116 et
2982 1063 3321 1131 congaudet
3346 1064 3667 1131 divinitas;
3702 1066 3785 1123 da
3802 1068 3953 1123 ani-

599 1175 658 1230 Βι.
695 1162 810 1214 Deo
841 1156 1080 1227 gratias.
2274 1146 2489 1202 mabus
2514 1149 2730 1204 nostris
2751 1148 2850 1203 illa
2870 1149 3146 1206 attentius
3158 1152 3599 1223 concupiscere,
3623 1154 3687 1210 in
3702 1155 3951 1227 quibus

595 1250 740 1304 Ecce
767 1247 893 1301 dies
917 1241 1323 1313 venient,dicit
1350 1239 1634 1295 Dominus
1655 1243 1711 1293 et
1737 1238 1938 1292 feriam
1961 1237 2166 1292 domui
2273 1234 2398 1289 dies
2436 1251 2558 1290 una
2587 1236 2795 1291 melior
2810 1252 2989 1309 super
3012 1237 3196 1294 millia
3223 1240 3488 1296 noscitur
3526 1242 3893 1314 praefulgere
3926 1261 3943 1300 :

521 1335 702 1392 Israel
728 1338 784 1390 et
797 1331 1004 1388 domui
1029 1329 1183 1384 Juda
1202 1327 1396 1383 foedus
1415 1342 1639 1381 novum
1667 1341 1680 1378 :
1701 1339 1820 1378 non
1835 1323 2164 1379 secundum
2273 1324 2339 1376 Et
2366 1322 2480 1377 illic
2510 1339 2880 1394 quaesumus,
2901 1325 3354 1384 introducamur
3378 1329 3472 1384 vel
3498 1329 3948 1400 abjecti,dum-

521 1431 784 1496 pactum,
817 1419 976 1491 quod
997 1417 1197 1489 pepigi
1235 1431 1370 1470 cum
1417 1412 1681 1485 patribus
1708 1412 1916 1466 vestris
1954 1411 2016 1466 in
2067 1411 2163 1466 die
2271 1409 2453 1464 modo
2477 1425 2600 1465 non
2631 1411 2820 1467 simus
2853 1413 3086 1484 penitus
3133 1416 3316 1471 exteri
3351 1433 3363 1472 :
3392 1421 3453 1472 ut
3483 1418 3770 1475 innovato
3799 1437 3949 1477 cor-

521 1510 764 1583 quando
779 1503 1408 1579 apprehendimanum
1422 1497 2047 1564 eorum,uteducerem
2060 1513 2162 1554 eos
2269 1511 2434 1568 pore,
2468 1498 2697 1554 sincera
2734 1501 2916 1555 corda
2945 1501 3002 1555 in
3032 1506 3087 1556 te
3115 1504 3301 1558 Deum
3331 1504 3533 1560 vivum
3561 1507 3945 1566 exultatione

521 1599 594 1654 de
620 1603 775 1654 terra
793 1593 1032 1666 ZEgypti
1057 1587 1516 1663 ;pactum,quod
1539 1587 1766 1642 irritum
1797 1587 2078 1649 fecerunt,
2099 1591 2162 1642 ut
2268 1590 2553 1656 perpetua
2570 1587 2905 1659 gaudeant;
2931 1589 3244 1646 etlaudem
3270 1595 3435 1648 tuam
3459 1593 3620 1649 dulci
3649 1595 3791 1651 mod
3803 1596 3944 1652 ula-

521 1701 630 1756 ego
652 1685 914 1740 minatus
944 1695 1078 1735 sum
1121 1677 1228 1740 eis,
1254 1676 1394 1731 dicit
1423 1675 1731 1730 Dominus.
1785 1675 1897 1730 Sed
1934 1673 2049 1729 hoc
2074 1677 2160 1730 est
2267 1673 2521 1740 tione,ac
2537 1676 2635 1747 pio
2648 1676 2938 1732 famulatu
2957 1694 3060 1749 per
3073 1681 3456 1738 succedentia
3474 1683 3693 1739 saecula
3708 1684 3941 1755 jocun-

518 1769 942 1844 pactum,quod
958 1767 1166 1822 feriam
1181 1761 1848 1833 cumdomolsraelpost
1866 1761 1991 1818 dies
2004 1761 2154 1832 illos,
2264 1759 2475 1816 dantes
2500 1763 2859 1832 persolvant.

518 1861 661 1916 dicit
675 1854 1170 1914 DominuszDabo
1189 1853 1382 1921 legem
1411 1866 1610 1906 meam
1641 1850 1703 1905 in
1729 1849 2022 1905 viceribus
2062 1865 2156 1906 eo—
2177 1865 2235 1920 Β
2335 1849 2505 1905 Pater
2543 1853 2762 1906 noster.

515 1964 672 2015 rum,
703 1952 760 2002 et
781 1946 842 2000 in
873 1942 1150 1999 cordibus
1163 1955 1369 1996 eorum
1400 1938 1736 1994 adscribam
1769 1953 1937 1994 eam:
1971 1942 2028 1994 et
2053 1953 2154 1994 ero
2888 1939 2986 1994 Ad
3010 1942 3264 1998 Nonam.

517 2036 599 2091 eis
631 2034 694 2089 in
715 2035 923 2096 Deum,
947 2035 1002 2087 et
1026 2029 1136 2102 ipsi
1163 2032 1334 2084 erunt
1359 2026 1505 2082 mihi
1537 2027 1708 2097 166
1748 2026 1808 2081 in
1837 2026 2151 2098 populum.
2465 2024 2666 2080 Lectio
2699 2024 2843 2080 libri
2863 2026 3309 2086 Proverbiorum
3332 2031 3505 2100 (Cap.
3539 2036 3706 2106 xxu).

518 2124 589 2178 Et
607 2118 1143 2191 nondocebitultra
1157 2118 1242 2172 vir
1258 2115 1599 2188 proximum
1626 2130 1821 2180 suum,
1842 2119 1898 2170 et
1923 2114 2013 2169 vir
2040 2114 2155 2170 fra-
2334 2122 2395 2180 ﬁ.
2421 2110 2539 2166 Deo
2579 2112 2818 2180 gratias.

513 2215 664 2267 trem
695 2225 892 2272 suum,
912 2207 1112 2262 dicens
1139 2222 1152 2260 :
1187 2203 1534 2274 Cognoscite
1563 2203 1877 2258 Dominum
1907 2217 2151 2258 :omnes
2332 2197 2454 2262 Fili,
2486 2198 2586 2255 Vir
2609 2201 2713 2270 qui
2735 2217 2962 2272 pronus
2991 2207 3079 2259 est
3099 2205 3176 2260 ad
3207 2207 3700 2276 misericordiam,
3726 2213 3924 2269 bene-

513 2299 672 2354 enim
690 2299 1048 2368 cognoscent
1067 2309 1162 2349 me
1180 2309 1215 2349 a
1234 2291 1484 2348 minimo
1502 2306 1710 2347 eorum
1727 2305 1917 2362 usque
1933 2291 2010 2346 ad
2026 2307 2153 2348 ma-
2259 2285 2486 2342 dicetur
2508 2305 2526 2354 ;
2549 2287 2622 2343 de
2645 2289 2902 2358 Panibus
2926 2291 3082 2347 enim
3109 2294 3233 2349 SUiS
3259 2294 3421 2352 dedit
3443 2300 3690 2370 ΡδυΡθτί
3704 2342 3716 2354 ·
3732 2301 3926 2358 Victo-

511 2387 736 2442 ximum
763 2400 988 2448 eorum,
1013 2383 1093 2438 ait
1112 2381 1396 2438 Dominus
1431 2396 1444 2434 :
1473 2377 1618 2451 quia
1642 2378 2010 2450 propitiabor
2037 2379 2150 2435 ini-
2257 2375 2408 2431 riam
2425 2379 2480 2431 et
2503 2377 2794 2433 honorem
2807 2380 3574 2454 adquiretquidatmunera
3603 2407 3615 2444 :
3641 2390 3918 2449 animam

511 2474 722 2547 quitati
739 2469 1266 2544 eorum,etpeccati
1284 2483 1494 2526 eorum
1514 2482 1637 2523 non
1654 2482 1756 2523 ero
1772 2481 2004 2524 memor
2022 2483 2148 2526 am-
2257 2468 2459 2520 autem
2489 2465 2679 2522 aufert
2703 2467 3144 2539 accipientium.
3180 2473 3334 2543 Ejice
3359 2473 3915 2545 derisorem,exibit

507 2563 688 2635 pnus,
725 2575 788 2633 ἢ,
819 2566 1026 2618 Amen,
2257 2567 2396 2607 cum
2415 2568 2486 2608 eo
2511 2553 2797 2624 jurgium,
2821 2557 3261 2631 cessabuntque
3291 2577 3488 2619 causae
3510 2568 3566 2620 et
3591 2571 3914 2625 contume-

578 2651 917 2720 Antiphona
937 2651 988 2705 1.
1012 2647 1273 2704 Exaltate
1300 2648 1418 2702 Deo
1448 2644 1703 2715 adjutori
1729 2647 1931 2701 nostro
1955 2663 1968 2701 :
1991 2646 2148 2705 Jubi—
2253 2639 2366 2697 lia.
2408 2641 2516 2706 Qui
2539 2642 2727 2714 diligit
2746 2644 2940 2700 cordis
2963 2647 3346 2717 munditiam,
3376 2660 3618 2725 propter
3645 2657 3912 2725 gratiam

506 2739 622 2796 late
648 2739 768 2795 Deo
791 2737 1002 2794 Jacob.
1035 2736 1320 2794 Psalmus
1348 2749 1523 2790 Lxxx.
2257 2728 2554 2786 labiorum
2570 2747 2815 2787 suorum
2835 2733 3077 2790 habebit
3097 2737 3359 2794 amicum
3375 2745 3770 2810 regem.0culi
3793 2749 3909 2802 Do-

579 2827 804 2885 Oratio.
847 2825 973 2882 Tibi
1012 2823 1270 2895 adjutori
1290 2826 1492 2878 nostro
1514 2821 1765 2877 Domino
1785 2822 2144 2880 exultatione
2249 2815 2400 2872 mini
2428 2818 3105 2879 custodiuntscientiam
3132 2842 3146 2879 :
3170 2829 3226 2882 et
3243 2827 3702 2899 supplantantur
3717 2833 3915 2891 verba

503 2917 643 2972 ﬁdei
672 2921 728 2972 et
747 2915 871 2988 spei
899 2913 1251 2986 plaudentes
1270 2926 1536 2978 oramus,
1556 2913 1622 2964 ut
1640 2909 1840 2981 petitio
1856 2916 2062 2968 nostra
2079 2911 2142 2968 in
2250 2903 2623 2978 iniqui.Dicet
2635 2907 2802 2980 piger
2825 2927 2837 2964 :
2864 2911 2976 2965 Leo
2991 2911 3316 2981 estforis,in
3338 2915 3536 2971 medio
3557 2917 3909 2989 platearum

503 3003 880 3060 tribulatione
909 3000 1147 3067 diffusa,
1189 2999 1304 3056 tuis
1328 2997 1576 3054 auribus
1597 2997 2144 3070 adpropinquet;et
2249 2993 2613 3051 occidendus
2645 3013 2801 3052 sum.
2835 3000 3023 3056 Fovea
3050 3001 3350 3072 profunda
3388 3019 3456 3060 os
3507 3004 3713 3062 alienae
3749 3025 3761 3063 :
3801 3011 3911 3066 cui

500 3091 1275 3148 necessitatumnostrarum
1288 3085 1797 3144 causasinsinuet:
1815 3088 2142 3160 tuaquippe
2250 3081 2436 3139 iratus
2463 3084 2874 3152 cstDominus,
2901 3088 3119 3147 incidet
3137 3091 3197 3147 in
3221 3093 3569 3150 ea.Stultitia
3597 3096 3915 3168 conligata

497 3179 762 3236 bonitate
779 3177 1149 3247 singulorum
1168 3175 1445 3248 precibus
1459 3173 1898 3262 semperpadsis,
1923 3178 1985 3231 ut
1999 3175 2141 3231 libe-
2159 3208 2210 3262 ,α
2249 3171 2412 3262 estin
2433 3172 2610 3262 corde
2626 3174 2816 3262 pueri,
2835 3180 2892 3232 et
2906 3177 3074 3247 virga
3088 3179 3418 3253 disciplina;
3432 3182 3719 3256 etfugabit
3739 3201 3909 3244 eam.

494 3281 589 3324 res
631 3284 642 3322 :
687 3270 743 3323 et
771 3264 986 3337 ereptis
1018 3264 1189 3321 nobis
1215 3262 1407 3320 tribue
1437 3259 1714 3318 desiderii
1743 3261 2020 3318 ardorem
2061 3263 2140 3319 ad
2181 3259 2198 3262 ⁷
2249 3259 2360 3324 Qui
2385 3260 3214 3338 calumniaturpauperem,ut
3229 3275 3447 3341 augeat
3467 3271 3919 3343 divitias,dabit

495 3368 550 3421 te
571 3355 935 3429 pertendere,
977 3358 1034 3411 et
1056 3353 1348 3410 unitatem
1373 3351 1541 3408 trinae
1585 3349 1898 3421 Majestatis
1928 3351 2139 3409 devote
2246 3347 2374 3419 ipse
2402 3346 2620 3418 ditiori,
2640 3355 2696 3406 et
2725 3352 2938 3422 egebit.
2972 3355 3074 3411 Fili
3095 3356 3196 3424 mi,
3216 3357 3437 3416 inclina
3467 3375 3677 3417 aurem
3705 3365 3906 3432 tuam,

492 3444 866 3503 concorditer
894 3443 1199 3502 clamitare
1231 3458 1244 3495 :
1268 3445 1332 3498 ut
1356 3440 1473 3497 tuis
1489 3453 1725 3510 semper
1744 3437 2026 3494 laudibus
2041 3440 2140 3497 de-
2246 3438 2303 3491 et
2330 3435 2468 3492 audi
2502 3437 2685 3495 verba
2709 3440 3015 3513 sapientire
3048 3462 3060 3498 :
3091 3461 3326 3517 appone
3348 3450 3549 3505 autem
3563 3466 3666 3506 cor
3687 3451 3768 3506 ad
3795 3452 3915 3509 do-

492 3533 857 3600 diti,tuarum
871 3531 1362 3606 justiﬁcationum
1378 3527 1675 3585 tramitem
1693 3525 2043 3592 adsecuti,in
2057 3531 2132 3596 te,
2245 3522 2495 3580 ctrinam
2507 3541 2707 3584 meam
2741 3545 2906 3601 :qua:
2937 3531 3188 3602 pulchra
3211 3535 3452 3601 erittibi,
3469 3553 3912 3598 cumservave-

489 3638 838 3696 quaesumus
856 3618 1236 3679 exultationis
1249 3618 1623 3683 ornamenta,
1640 3616 1697 3670 et
1708 3613 1834 3686 spei
1846 3615 2130 3688 remedia,
2241 3611 2325 3668 ris
2339 3627 2474 3668 eam
2493 3613 2554 3669 in
2570 3619 2794 3682 ventre,
2819 3621 2879 3674 et
2897 3619 3258 3678 redundabit
3278 3625 3339 3679 in
3363 3624 3532 3682 labiis
3555 3626 3673 3684 tuis
3703 3645 3716 3683 :
3737 3632 3801 3685 ut
3823 3630 3913 3688 sit

489 3714 546 3768 et
572 3711 711 3768 ﬁdei
748 3711 1141 3784 adquiramus
1161 3720 1468 3764 coronam.
1507 3715 1572 3774 Bg.
1601 3705 1810 3758 Amen.
2239 3699 2302 3754 in
2330 3701 2585 3759 Domino
2616 3703 2840 3762 ﬁducia
2877 3709 2998 3763 tua.
3026 3717 3088 3768 Rt.
3120 3714 3331 3768 Amen.

557 3800 669 3857 Per
704 3797 1197 3856 misericordiam.
2556 3792 2755 3848 Lectio
2784 3794 2924 3851 libri
2941 3796 3178 3853 Genesis
3205 3800 3384 3870 (Cap.
3417 3813 3572 3872 XXV).

557 3885 1362 3961 Antiphona2.Cognoscant
1383 3882 1587 3952 gentes
1602 3879 1889 3952 quoniam
1905 3895 2128 3941 nomen
2308 3887 2371 3944 Bl-
2408 3879 2524 3934 Deo
2555 3880 2795 3950 gratias.

485 3978 592 4035 tibi
621 3978 908 4036 Dominus
941 3994 954 4031 :
992 3979 1057 4030 tu
1109 3970 1272 4028 solus
1301 3968 1631 4026 Altissimus
1670 3984 1848 4041 super
1883 3985 2127 4029 omnem
2305 3964 2404 4020 Hae
2419 3971 2558 4023 sunt
2581 3970 2996 4039 generationes
3024 3974 3192 4032 Isaac
3213 3975 3316 4031 filii
3332 3976 3638 4036 Abraham
3665 3981 3910 4042 :Abra-

484 4071 724 4125 terram.
757 4066 1034 4123 Psalmus
1062 4075 1274 4118 Lxxxn.
2233 4051 2377 4110 ham
2388 4055 2592 4126 genuit
2612 4057 2803 4114 Isaac:
2829 4060 2932 4132 qui
2950 4076 3088 4117 cum
3109 4063 3507 4135 quadraginta
3527 4072 3682 4125 esset
3698 4085 3905 4127 anno-

556 4157 784 4215 Oratio.
810 4153 1184 4224 Cognoscant
1203 4149 1428 4219 gentes,
1453 4145 1691 4213 Christe,
1718 4147 1882 4220 quod
1903 4162 2126 4207 nomen
2231 4157 2387 4205 rum,
2416 4143 2584 4200 duxit
2611 4161 2860 4203 uxorem
2885 4148 3214 4208 Rebeccam
3233 4152 3422 4210 ﬁliam
3440 4156 3734 4213 Bathuelis
3756 4160 3911 4229 Syri

480 4245 587 4302 tibi
617 4245 696 4301 sit
707 4243 1014 4311 Dominus,
1034 4253 1144 4312 pro
1166 4236 1388 4311 quibus
1409 4250 1472 4291 es
1500 4235 1767 4308 patibulo
1806 4236 1996 4292 crucis
2017 4237 2124 4295 ad-
2233 4230 2308 4287 de
2324 4233 3045 4304 Mesopotamia,sororem
3065 4239 3771 4318 Laban.Deprecatusque
3793 4254 3907 4307 est

481 4345 700 4405 pensus
727 4347 740 4386 :
763 4343 1037 4404 quosque
1051 4325 1309 4399 ignaviae
1334 4324 1669 4396 ignorantia
1692 4323 2125 4390 dedit,scientia
2232 4321 2401 4376 Isaac
2421 4320 2742 4378 Dominum
2772 4339 2880 4394 pro
2911 4341 3097 4384 uxore
3128 4344 3255 4397 sua,
3271 4346 3341 4387 eo
3358 4333 3525 4404 quod
3555 4338 3914 4398 essetsteri-

481 4420 747 4477 restituat
767 4416 1058 4474 conditori
1080 4433 1092 4472 :
1115 4419 1178 4471 ut
1193 4412 1311 4470 ﬁde
1336 4416 1712 4470 convertatur
1723 4413 2120 4481 conscientia;
2230 4406 2302 4463 lis
2335 4425 2346 4462 :
2370 4409 2474 4482 qui
2499 4411 2801 4468 exaudivit
2825 4427 2985 4483 eum,
3009 4419 3064 4472 et
3092 4415 3256 4475 dedit
3275 4427 3632 4495 conceptum
3659 4424 3905 4482 Rebec-

480 4513 538 4566 et
559 4524 663 4582 spe
685 4508 956 4565 laetentur
984 4505 1043 4562 in
1073 4503 1279 4577 gloria.
1312 4513 1376 4574 Βι.
1410 4503 1622 4560 Amen.
2155 4557 2198 4586 Π
2229 4512 2334 4586 cae.
2370 4496 2482 4553 Sed
2507 4497 2943 4586 collidebantur
2980 4503 3041 4559 in
3083 4508 3251 4563 utero
3281 4509 3411 4580 ejus
3439 4511 3675 4582 parvuli
3701 4529 3715 4580 ;
3749 4528 3906 4586 quae

559 4557 583 4565 ν
635 4557 946 4565 --.η-ψ-
984 4557 1043 4562 --
1314 4557 1354 4574 -ν
1471 4557 1544 4558 νὴ
1610 4557 1620 4560 τ
2793 4557 2797 4558 ν
2980 4557 3040 4559 π
3284 4557 3410 4580 ν.--
3486 4557 3715 4580 ..η-.-η
3797 4557 3904 4573 ..νυ

550 4557 660 4654 Ρὲιι
692 4594 1183 4654 misericordiam.
2153 4557 2198 4612 Β
2229 4585 2310 4642 ait
2340 4603 2356 4640 :
2389 4586 2446 4642 Si
2469 4585 2553 4643 sic
2568 4587 2714 4645 mihi
2730 4588 2995 4648 futurum
3010 4598 3160 4660 erat,
3184 4596 3331 4668 quid
3350 4557 3594 4656 negasse
3611 4599 3718 4656 fuit
3739 4557 3904 4663 clm-

545 4687 892 4758 Antiphona
917 4689 971 4744 3.
1000 4683 1294 4740 Protector
1317 4682 1517 4737 noster
1554 4677 1798 4750 adspice
1825 4678 1981 4735 Deus
2019 4696 2032 4736 :
2064 4684 2121 4738 et
2227 4675 2815 4750 cipere?Perrexitque
2827 4680 3180 4748 Rebeccamt
3195 4687 3531 4744 consuleret
3552 4689 3894 4764 Dominum,

473 4775 699 4850 respice
723 4773 938 4832 faciem
964 4767 1173 4829 Christi
1204 4769 1306 4826 tui.
1337 4766 1617 4825 Psalmus
1646 4778 1883 4822 Lxxxlu.
2227 4764 2337 4829 Qui
2368 4767 2764 4838 respondens,
2781 4768 2898 4837 ait;
2925 4773 3068 4828 Dum
3089 4777 3296 4844 gentes
3322 4777 3534 4834 suntin
3559 4781 3728 4835 utero
3754 4783 3894 4841 tuo.

542 4876 608 4936 It.
650 4863 884 4922 Clamor
911 4864 1112 4918 noster
1139 4857 1218 4916 ad
1244 4861 1298 4914 te
1323 4855 1649 4930 perveniat,
1682 4856 1856 4911 Deus.
1887 4854 1954 4911 P.
1976 4855 2116 4913 Par-
2225 4855 2282 4908 et
2299 4853 2421 4910 duo
2450 4855 2660 4928 populi
2683 4871 2756 4912 ex
2780 4863 2983 4917 ventre
2997 4864 3104 4918 tuo
3124 4862 3895 4940 dividentur,populusque

472 4969 560 5020 ce,
589 4957 646 5009 et
674 4953 973 5016 miserere,
1001 4947 1146 5022 quia
1173 4944 1552 5020 peccavimus
1592 4946 1728 4999 ante
1748 4947 1826 5002 te.
1857 4943 1918 5006 tr.
1961 4946 2117 5002 Inter
2223 4941 2514 5015 populum
2543 4945 2866 5019 superabit,
2913 4952 2969 5006 et
2997 4951 3194 5022 major
3225 4954 3437 5011 serviet
3465 4954 3706 5011 minori.
3743 4957 3895 5018 Jam

469 5039 834 5097 vestibulum
857 5041 916 5094 et
943 5037 1124 5094 altare
1143 5032 1458 5108 plorabant
1491 5031 1829 5090 sacerdotes
1859 5033 2116 5090 ministri
2223 5038 2454 5103 tempus
2475 5033 2746 5104 pariendi
2770 5036 2938 5108 167
2964 5039 3310 5108 advenerat,
3333 5048 3390 5099 et
3409 5059 3544 5100 ecce
3569 5045 3791 5114 gemini
3808 5047 3885 5108 in

472 5128 732 5192 Domini,
774 5127 1080 5185 dicentes:
1127 5125 1189 5181 P.
1231 5123 1430 5182 Parce.
1459 5121 1522 5184 ἴ.
1564 5121 1782 5187 Gloria,
1841 5126 1900 5178 et
1926 5121 2116 5181 honor
2223 5123 2389 5211 utero
2419 5121 2547 5191 ejus
2575 5125 2790 5195 reperti
2820 5130 2981 5184 sunt.
3027 5129 3138 5195 Qui
3179 5131 3411 5204 primus
3456 5147 3732 5204 egressus
3763 5141 3890 5211 est,

471 5217 643 5274 patri.
2220 5208 2389 5264 rufus
2405 5213 2548 5282 erat,
2573 5214 2630 5267 et
2649 5215 2807 5268 totus
2836 5212 2897 5271 in
2919 5232 3152 5275 morem
3171 5219 3341 5292 pellis
3359 5219 3629 5292 hispidus
3661 5239 3674 5278 :
3699 5208 3896 5285 voca;

539 5307 764 5363 Preces.
813 5303 1151 5360 Clamamus
1177 5299 1256 5357 ad
1284 5302 1339 5355 te
1379 5316 1396 5351 :
1424 5300 1598 5366 Deus,
1625 5296 1864 5354 exaudi.
1895 5297 1961 5353 P.
1989 5301 2056 5356 Et
2077 5315 2115 5359 a
2220 5301 2468 5370 tumque
2499 5301 2586 5355 est
2613 5314 2838 5358 nomen
2867 5303 2998 5376 ejus
3022 5309 3196 5364 Esau.
3220 5306 3495 5364 Protinus
3529 5307 3676 5366 alter
3712 5327 3892 5384 egre-

467 5394 709 5467 ﬂagello
739 5393 842 5451 ira
882 5396 999 5448 tua:
1031 5389 1236 5446 libera.
1363 5387 1658 5476 Protector
1684 5390 1884 5476 noster
1911 5389 2112 5461 aspice
2219 5385 2717 5476 diens,plantam
2735 5389 2932 5450 fratris
2955 5395 3194 5452 tenebat
3215 5410 3402 5453 manu
3429 5396 3755 5457 :etidcirco
3769 5417 3887 5476 ap-

467 5489 670 5543 sancte
697 5487 755 5540 et
777 5481 1043 5557 piissime
1062 5480 1234 5536 Pater
1257 5495 1270 5534 :
1289 5474 1518 5546 ﬂagitia
1545 5474 1822 5548 reprime,
1843 5482 1900 5534 et
1915 5481 2114 5550 praesi-
2217 5475 2613 5548 pellaviteum
2623 5480 2828 5538 Jacob.
2843 5484 3271 5554 Sexagenarius
3290 5489 3416 5542 erat
3437 5488 3605 5545 Isaac
3624 5474 3887 5562 quando

463 5576 634 5633 dium
664 5569 946 5631 concede.
985 5570 1060 5625 P.
1101 5570 1168 5624 Et
1193 5583 1231 5625 a
1272 5563 1527 5638 ﬂagello.
1577 5563 1641 5628 )7.
1684 5564 1954 5624 Miserere
1997 5567 2112 5627 cle-
2218 5563 2344 5620 nati
2365 5568 3007 5638 suntparvuli.Quibus
3028 5572 3266 5642 adultis,
3289 5572 3484 5632 factus
3503 5582 3595 5634 est
3610 5580 3766 5636 Esau
3781 5581 3888 5641 vir

465 5681 658 5735 mens,
687 5668 746 5723 et
767 5660 1010 5735 indulge
1036 5657 1330 5733 placatus,
1348 5659 1406 5714 et
1423 5669 1624 5728 parce,
1655 5669 1808 5730 quos
1833 5657 2113 5721 tuorede-
2219 5666 2444 5725 gnarus
2469 5657 2750 5727 venandi,
2779 5659 2965 5726 homo
2993 5661 3255 5733 agricola
3290 5665 3517 5729 :Jacob
3537 5672 3740 5729 autem
3779 5671 3883 5732 vir
