  <div class='ocr_page' id='page_1' title='image "/cluster/home/n/w/nwhite01/storage/ocr_20150623/86/umn.31951002477379d/162.png"; bbox 0 0 2080 3209; ppageno 0'>
   <div class='ocr_carea' id='block_1_1' title="bbox 123 151 177 180">
    <p class='ocr_par' dir='ltr' id='par_1_1' title="bbox 123 151 177 180">
     <span class='ocr_line' id='line_1_1' title="bbox 123 151 177 180; baseline 0 0"><span class='ocrx_word' id='word_1_1' title='bbox 123 151 177 180; x_wconf 62' lang='lat'><strong>3]!</strong></span> 
     </span>
    </p>
   </div>
   <div class='ocr_carea' id='block_1_2' title="bbox 714 145 1245 182">
    <p class='ocr_par' dir='ltr' id='par_1_2' title="bbox 714 145 1245 182">
     <span class='ocr_line' id='line_1_2' title="bbox 714 145 1245 182; baseline -0.002 -4"><span class='ocrx_word' id='word_1_2' title='bbox 714 147 893 180; x_wconf 79' lang='lat' dir='ltr'><strong>DOMINIGA</strong></span> <span class='ocrx_word' id='word_1_3' title='bbox 909 147 922 178; x_wconf 80' lang='grc' dir='ltr'>Ι</span> <span class='ocrx_word' id='word_1_4' title='bbox 939 145 1245 182; x_wconf 69' lang='lat' dir='ltr'><strong>QVADBAGESIMIE.</strong></span> 
     </span>
    </p>
   </div>
   <div class='ocr_carea' id='block_1_3' title="bbox 1783 152 1847 192">
    <p class='ocr_par' dir='ltr' id='par_1_3' title="bbox 1783 152 1847 192">
     <span class='ocr_line' id='line_1_3' title="bbox 1783 152 1847 192; baseline 0 -1"><span class='ocrx_word' id='word_1_5' title='bbox 1783 152 1847 192; x_wconf 56' lang='lat'><strong>310.:</strong></span> 
     </span>
    </p>
   </div>
   <div class='ocr_carea' id='block_1_4' title="bbox 122 209 1833 248">
    <p class='ocr_par' dir='ltr' id='par_1_4' title="bbox 122 209 1833 248">
     <span class='ocr_line' id='line_1_4' title="bbox 122 209 1833 248; baseline 0.001 -6"><span class='ocrx_word' id='word_1_6' title='bbox 122 213 204 242; x_wconf 84' lang='lat' dir='ltr'><strong>nitus</strong></span> <span class='ocrx_word' id='word_1_7' title='bbox 217 212 289 241; x_wconf 83' lang='lat' dir='ltr'><strong>tuus</strong></span> <span class='ocrx_word' id='word_1_8' title='bbox 302 219 309 239; x_wconf 72' lang='grc' dir='ltr'><strong>ε</strong></span> <span class='ocrx_word' id='word_1_9' title='bbox 321 210 379 241; x_wconf 77' lang='lat' dir='ltr'><strong>feci</strong></span> <span class='ocrx_word' id='word_1_10' title='bbox 391 210 446 240; x_wconf 94' lang='lat' dir='ltr'><strong>tibi</strong></span> <span class='ocrx_word' id='word_1_11' title='bbox 465 210 543 241; x_wconf 80' lang='lat' dir='ltr'><strong>sicut</strong></span> <span class='ocrx_word' id='word_1_12' title='bbox 555 212 722 248; x_wconf 76' lang='lat' dir='ltr'><strong>praecepisti</strong></span> <span class='ocrx_word' id='word_1_13' title='bbox 741 211 816 244; x_wconf 87' lang='lat' dir='ltr'><strong>mihi</strong></span> <span class='ocrx_word' id='word_1_14' title='bbox 832 219 839 240; x_wconf 90' lang='lat'><strong>:</strong></span> <span class='ocrx_word' id='word_1_15' title='bbox 853 218 952 246; x_wconf 77' lang='lat' dir='ltr'><strong>surge,</strong></span> <span class='ocrx_word' id='word_1_16' title='bbox 967 209 992 238; x_wconf 83' lang='grc' dir='ltr'><strong>Α</strong></span> <span class='ocrx_word' id='word_1_17' title='bbox 1008 217 1087 239; x_wconf 87' lang='lat' dir='ltr'><strong>eum.</strong></span> <span class='ocrx_word' id='word_1_18' title='bbox 1104 212 1187 245; x_wconf 84' lang='lat' dir='ltr'><strong>Ecce,</strong></span> <span class='ocrx_word' id='word_1_19' title='bbox 1198 211 1278 240; x_wconf 76' lang='lat' dir='ltr'><strong>Esau</strong></span> <span class='ocrx_word' id='word_1_20' title='bbox 1291 211 1381 241; x_wconf 81' lang='lat' dir='ltr'><strong>frater</strong></span> <span class='ocrx_word' id='word_1_21' title='bbox 1395 211 1464 240; x_wconf 87' lang='lat' dir='ltr'><strong>tuus</strong></span> <span class='ocrx_word' id='word_1_22' title='bbox 1478 211 1609 243; x_wconf 80' lang='lat' dir='ltr'><strong>minatur</strong></span> <span class='ocrx_word' id='word_1_23' title='bbox 1619 212 1653 242; x_wconf 88' lang='lat' dir='ltr'><strong>ut</strong></span> <span class='ocrx_word' id='word_1_24' title='bbox 1663 212 1783 246; x_wconf 72' lang='lat' dir='ltr'><strong>occidat</strong></span> <span class='ocrx_word' id='word_1_25' title='bbox 1793 215 1833 246; x_wconf 88' lang='lat' dir='ltr'><strong>te.</strong></span> 
     </span>
    </p>
   </div>
   <div class='ocr_carea' id='block_1_5' title="bbox 123 255 954 290">
    <p class='ocr_par' dir='ltr' id='par_1_5' title="bbox 123 255 954 290">
     <span class='ocr_line' id='line_1_5' title="bbox 123 255 954 290; baseline -0.002 -5"><span class='ocrx_word' id='word_1_26' title='bbox 123 257 205 290; x_wconf 90' lang='lat' dir='ltr'><strong>sede,</strong></span> <span class='ocrx_word' id='word_1_27' title='bbox 222 258 252 285; x_wconf 88' lang='lat' dir='ltr'><strong>et</strong></span> <span class='ocrx_word' id='word_1_28' title='bbox 264 255 391 285; x_wconf 81' lang='lat' dir='ltr'><strong>comede</strong></span> <span class='ocrx_word' id='word_1_29' title='bbox 405 255 443 285; x_wconf 90' lang='lat' dir='ltr'><strong>de</strong></span> <span class='ocrx_word' id='word_1_30' title='bbox 461 256 619 286; x_wconf 78' lang='lat' dir='ltr'><strong>venatione</strong></span> <span class='ocrx_word' id='word_1_31' title='bbox 638 263 718 290; x_wconf 85' lang='lat' dir='ltr'><strong>mea,</strong></span> <span class='ocrx_word' id='word_1_32' title='bbox 747 258 780 285; x_wconf 93' lang='lat' dir='ltr'><strong>ut</strong></span> <span class='ocrx_word' id='word_1_33' title='bbox 796 255 954 285; x_wconf 86' lang='lat' dir='ltr'><strong>benedioat</strong></span> 
     </span>
    </p>
   </div>
   <div class='ocr_carea' id='block_1_6' title="bbox 122 300 952 337">
    <p class='ocr_par' dir='ltr' id='par_1_6' title="bbox 122 300 952 337">
     <span class='ocr_line' id='line_1_6' title="bbox 122 300 952 337; baseline 0 -8"><span class='ocrx_word' id='word_1_34' title='bbox 122 300 198 329; x_wconf 86' lang='lat' dir='ltr'><strong>mihi</strong></span> <span class='ocrx_word' id='word_1_35' title='bbox 210 300 317 329; x_wconf 87' lang='lat' dir='ltr'><strong>anima</strong></span> <span class='ocrx_word' id='word_1_36' title='bbox 330 301 390 329; x_wconf 90' lang='lat' dir='ltr'><strong>tua.</strong></span> <span class='ocrx_word' id='word_1_37' title='bbox 398 301 588 337; x_wconf 79' lang='lat' dir='ltr'><strong>Rursumque</strong></span> <span class='ocrx_word' id='word_1_38' title='bbox 598 303 679 330; x_wconf 84' lang='lat' dir='ltr'><strong>Isaac</strong></span> <span class='ocrx_word' id='word_1_39' title='bbox 687 300 726 330; x_wconf 86' lang='lat' dir='ltr'><strong>ad</strong></span> <span class='ocrx_word' id='word_1_40' title='bbox 736 300 831 329; x_wconf 88' lang='lat' dir='ltr'><strong>ﬁlium</strong></span> <span class='ocrx_word' id='word_1_41' title='bbox 840 307 930 328; x_wconf 89' lang='lat' dir='ltr'><strong>suum</strong></span> <span class='ocrx_word' id='word_1_42' title='bbox 943 309 952 329; x_wconf 72' lang='grc' dir='ltr'>ι</span> 
     </span>
    </p>
   </div>
   <div class='ocr_carea' id='block_1_7' title="bbox 123 343 952 382">
    <p class='ocr_par' dir='ltr' id='par_1_7' title="bbox 123 343 952 382">
     <span class='ocr_line' id='line_1_7' title="bbox 123 343 952 382; baseline -0.002 -8"><span class='ocrx_word' id='word_1_43' title='bbox 123 344 296 379; x_wconf 80' lang='lat' dir='ltr'><strong>Quomodo,</strong></span> <span class='ocrx_word' id='word_1_44' title='bbox 308 344 416 381; x_wconf 83' lang='lat' dir='ltr'><strong>inquit,</strong></span> <span class='ocrx_word' id='word_1_45' title='bbox 424 346 486 374; x_wconf 88' lang='lat' dir='ltr'><strong>tam</strong></span> <span class='ocrx_word' id='word_1_46' title='bbox 492 344 550 374; x_wconf 88' lang='lat' dir='ltr'><strong>cito</strong></span> <span class='ocrx_word' id='word_1_47' title='bbox 559 345 693 374; x_wconf 87' lang='lat' dir='ltr'><strong>invenire</strong></span> <span class='ocrx_word' id='word_1_48' title='bbox 698 344 830 382; x_wconf 81' lang='lat' dir='ltr'><strong>potuisti,</strong></span> <span class='ocrx_word' id='word_1_49' title='bbox 837 344 927 376; x_wconf 73' lang='lat' dir='ltr'><strong>ﬁliuni</strong></span> <span class='ocrx_word' id='word_1_50' title='bbox 938 343 952 372; x_wconf 78' lang='lat' dir='ltr'><strong>‘t</strong></span> 
     </span>
    </p>
   </div>
   <div class='ocr_carea' id='block_1_8' title="bbox 124 388 954 426">
    <p class='ocr_par' dir='ltr' id='par_1_8' title="bbox 124 388 954 426">
     <span class='ocr_line' id='line_1_8' title="bbox 124 388 954 426; baseline 0 -8"><span class='ocrx_word' id='word_1_51' title='bbox 124 389 179 423; x_wconf 85' lang='lat' dir='ltr'><strong>Qui</strong></span> <span class='ocrx_word' id='word_1_52' title='bbox 190 388 350 426; x_wconf 73' lang='lat' dir='ltr'><strong>respondit</strong></span> <span class='ocrx_word' id='word_1_53' title='bbox 363 397 371 417; x_wconf 90' lang='lat'><em>:</em></span> <span class='ocrx_word' id='word_1_54' title='bbox 389 388 528 418; x_wconf 76' lang='lat' dir='ltr'><strong>Voluntas</strong></span> <span class='ocrx_word' id='word_1_55' title='bbox 536 389 587 419; x_wconf 86' lang='lat' dir='ltr'><strong>Dei</strong></span> <span class='ocrx_word' id='word_1_56' title='bbox 595 389 690 419; x_wconf 82' lang='lat' dir='ltr'><strong>fuitut</strong></span> <span class='ocrx_word' id='word_1_57' title='bbox 702 389 760 420; x_wconf 78' lang='lat' dir='ltr'><strong>cito</strong></span> <span class='ocrx_word' id='word_1_58' title='bbox 768 388 842 420; x_wconf 86' lang='lat' dir='ltr'><strong>mihi</strong></span> <span class='ocrx_word' id='word_1_59' title='bbox 850 395 954 418; x_wconf 84' lang='lat' dir='ltr'><strong>oecur-</strong></span> 
     </span>
    </p>
   </div>
   <div class='ocr_carea' id='block_1_9' title="bbox 121 432 953 470">
    <p class='ocr_par' dir='ltr' id='par_1_9' title="bbox 121 432 953 470">
     <span class='ocr_line' id='line_1_9' title="bbox 121 432 953 470; baseline -0.002 -7"><span class='ocrx_word' id='word_1_60' title='bbox 121 436 199 463; x_wconf 82' lang='lat' dir='ltr'><strong>reret</strong></span> <span class='ocrx_word' id='word_1_61' title='bbox 206 433 291 470; x_wconf 87' lang='lat' dir='ltr'><strong>quod</strong></span> <span class='ocrx_word' id='word_1_62' title='bbox 298 432 449 462; x_wconf 85' lang='lat' dir='ltr'><strong>volebam.</strong></span> <span class='ocrx_word' id='word_1_63' title='bbox 462 433 690 470; x_wconf 84' lang='lat' dir='ltr'><strong>Dixitquetsaac</strong></span> <span class='ocrx_word' id='word_1_64' title='bbox 699 442 706 464; x_wconf 73' lang='grc' dir='ltr'>ε</span> <span class='ocrx_word' id='word_1_65' title='bbox 715 433 829 462; x_wconf 82' lang='lat' dir='ltr'><strong>Accede</strong></span> <span class='ocrx_word' id='word_1_66' title='bbox 840 433 909 464; x_wconf 77' lang='lat' dir='ltr'><strong>huc,</strong></span> <span class='ocrx_word' id='word_1_67' title='bbox 919 433 953 461; x_wconf 90' lang='lat' dir='ltr'><strong>ut</strong></span> 
     </span>
    </p>
   </div>
   <div class='ocr_carea' id='block_1_10' title="bbox 122 477 951 514">
    <p class='ocr_par' dir='ltr' id='par_1_10' title="bbox 122 477 951 514">
     <span class='ocr_line' id='line_1_10' title="bbox 122 477 951 514; baseline -0.005 -6"><span class='ocrx_word' id='word_1_68' title='bbox 122 481 249 514; x_wconf 77' lang='lat' dir='ltr'><strong>tangam</strong></span> <span class='ocrx_word' id='word_1_69' title='bbox 260 480 287 507; x_wconf 91' lang='lat' dir='ltr'><strong>te</strong></span> <span class='ocrx_word' id='word_1_70' title='bbox 297 477 339 506; x_wconf 92' lang='lat' dir='ltr'><strong>ﬁli</strong></span> <span class='ocrx_word' id='word_1_71' title='bbox 346 478 398 511; x_wconf 88' lang='lat' dir='ltr'><strong>mi,</strong></span> <span class='ocrx_word' id='word_1_72' title='bbox 406 479 434 507; x_wconf 89' lang='lat' dir='ltr'><strong>et</strong></span> <span class='ocrx_word' id='word_1_73' title='bbox 443 478 569 514; x_wconf 81' lang='lat' dir='ltr'><strong>probem</strong></span> <span class='ocrx_word' id='word_1_74' title='bbox 578 481 677 507; x_wconf 90' lang='lat' dir='ltr'><strong>utrum</strong></span> <span class='ocrx_word' id='word_1_75' title='bbox 686 481 717 508; x_wconf 89' lang='lat' dir='ltr'><strong>tu</strong></span> <span class='ocrx_word' id='word_1_76' title='bbox 724 478 764 507; x_wconf 90' lang='lat' dir='ltr'><strong>sis</strong></span> <span class='ocrx_word' id='word_1_77' title='bbox 775 478 855 506; x_wconf 90' lang='lat' dir='ltr'><strong>ﬁlius</strong></span> <span class='ocrx_word' id='word_1_78' title='bbox 866 485 951 505; x_wconf 87' lang='lat' dir='ltr'><strong>meus</strong></span> 
     </span>
    </p>
   </div>
   <div class='ocr_carea' id='block_1_11' title="bbox 120 521 950 558">
    <p class='ocr_par' dir='ltr' id='par_1_11' title="bbox 120 521 950 558">
     <span class='ocr_line' id='line_1_11' title="bbox 120 521 950 558; baseline -0.002 -6"><span class='ocrx_word' id='word_1_79' title='bbox 120 523 213 558; x_wconf 72' lang='lat' dir='ltr'><strong>Esau,</strong></span> <span class='ocrx_word' id='word_1_80' title='bbox 229 530 271 552; x_wconf 86' lang='lat' dir='ltr'><strong>an</strong></span> <span class='ocrx_word' id='word_1_81' title='bbox 279 530 350 551; x_wconf 89' lang='lat' dir='ltr'><strong>non.</strong></span> <span class='ocrx_word' id='word_1_82' title='bbox 360 522 491 551; x_wconf 77' lang='lat' dir='ltr'><strong>Accessit</strong></span> <span class='ocrx_word' id='word_1_83' title='bbox 501 522 550 551; x_wconf 91' lang='lat' dir='ltr'><strong>ille</strong></span> <span class='ocrx_word' id='word_1_84' title='bbox 564 523 735 558; x_wconf 84' lang='lat' dir='ltr'><strong>adpatrem,</strong></span> <span class='ocrx_word' id='word_1_85' title='bbox 744 525 772 551; x_wconf 88' lang='lat' dir='ltr'><strong>et</strong></span> <span class='ocrx_word' id='word_1_86' title='bbox 782 521 904 558; x_wconf 87' lang='lat' dir='ltr'><strong>palpato</strong></span> <span class='ocrx_word' id='word_1_87' title='bbox 915 528 950 549; x_wconf 89' lang='lat' dir='ltr'><strong>eo</strong></span> 
     </span>
    </p>
   </div>
   <div class='ocr_carea' id='block_1_12' title="bbox 121 566 950 602">
    <p class='ocr_par' dir='ltr' id='par_1_12' title="bbox 121 566 950 602">
     <span class='ocr_line' id='line_1_12' title="bbox 121 566 950 602; baseline -0.004 -5"><span class='ocrx_word' id='word_1_88' title='bbox 121 567 196 597; x_wconf 78' lang='lat' dir='ltr'><strong>dixit</strong></span> <span class='ocrx_word' id='word_1_89' title='bbox 211 567 296 596; x_wconf 83' lang='lat' dir='ltr'><strong>Isaac</strong></span> <span class='ocrx_word' id='word_1_90' title='bbox 312 575 320 595; x_wconf 70' lang='grc' dir='ltr'>ς</span> <span class='ocrx_word' id='word_1_91' title='bbox 334 566 399 595; x_wconf 83' lang='lat' dir='ltr'><strong>Vox</strong></span> <span class='ocrx_word' id='word_1_92' title='bbox 413 567 548 602; x_wconf 83' lang='lat' dir='ltr'><strong>quidem,</strong></span> <span class='ocrx_word' id='word_1_93' title='bbox 560 575 617 596; x_wconf 76' lang='lat' dir='ltr'><strong>vox</strong></span> <span class='ocrx_word' id='word_1_94' title='bbox 628 567 722 595; x_wconf 89' lang='lat' dir='ltr'><strong>Iacob</strong></span> <span class='ocrx_word' id='word_1_95' title='bbox 736 568 779 595; x_wconf 88' lang='lat' dir='ltr'><strong>est</strong></span> <span class='ocrx_word' id='word_1_96' title='bbox 794 576 800 594; x_wconf 91' lang='lat'><strong>:</strong></span> <span class='ocrx_word' id='word_1_97' title='bbox 815 566 869 595; x_wconf 88' lang='lat' dir='ltr'><strong>sed</strong></span> <span class='ocrx_word' id='word_1_98' title='bbox 888 574 950 594; x_wconf 87' lang='lat' dir='ltr'><strong>ma-</strong></span> 
     </span>
    </p>
   </div>
   <div class='ocr_carea' id='block_1_13' title="bbox 119 610 950 647">
    <p class='ocr_par' dir='ltr' id='par_1_13' title="bbox 119 610 950 647">
     <span class='ocr_line' id='line_1_13' title="bbox 119 610 950 647; baseline -0.004 -6"><span class='ocrx_word' id='word_1_99' title='bbox 119 620 190 646; x_wconf 80' lang='lat' dir='ltr'><strong>nus,</strong></span> <span class='ocrx_word' id='word_1_100' title='bbox 206 619 318 641; x_wconf 87' lang='lat' dir='ltr'><strong>manus</strong></span> <span class='ocrx_word' id='word_1_101' title='bbox 331 613 401 640; x_wconf 88' lang='lat' dir='ltr'><strong>sunt</strong></span> <span class='ocrx_word' id='word_1_102' title='bbox 416 612 502 640; x_wconf 77' lang='lat' dir='ltr'><strong>Esau.</strong></span> <span class='ocrx_word' id='word_1_103' title='bbox 520 613 552 640; x_wconf 86' lang='lat' dir='ltr'><strong>Et</strong></span> <span class='ocrx_word' id='word_1_104' title='bbox 565 619 626 639; x_wconf 92' lang='lat' dir='ltr'><strong>non</strong></span> <span class='ocrx_word' id='word_1_105' title='bbox 640 612 865 647; x_wconf 73' lang='lat' dir='ltr'><strong>cognoviteum,</strong></span> <span class='ocrx_word' id='word_1_106' title='bbox 878 610 950 646; x_wconf 85' lang='lat' dir='ltr'><strong>quia</strong></span> 
     </span>
    </p>
   </div>
   <div class='ocr_carea' id='block_1_14' title="bbox 119 656 946 693">
    <p class='ocr_par' dir='ltr' id='par_1_14' title="bbox 119 656 946 693">
     <span class='ocr_line' id='line_1_14' title="bbox 119 656 946 693; baseline -0.005 -7"><span class='ocrx_word' id='word_1_107' title='bbox 119 657 228 693; x_wconf 62' lang='lat' dir='ltr'><strong>pilosas</strong></span> <span class='ocrx_word' id='word_1_108' title='bbox 236 664 347 685; x_wconf 86' lang='lat' dir='ltr'><strong>manus</strong></span> <span class='ocrx_word' id='word_1_109' title='bbox 366 656 590 684; x_wconf 86' lang='lat' dir='ltr'><strong>similitudinem</strong></span> <span class='ocrx_word' id='word_1_110' title='bbox 601 657 725 692; x_wconf 79' lang='lat' dir='ltr'><strong>majoris</strong></span> <span class='ocrx_word' id='word_1_111' title='bbox 731 657 946 692; x_wconf 76' lang='lat' dir='ltr'><strong>expreSSerant.</strong></span> 
     </span>
    </p>
   </div>
   <div class='ocr_carea' id='block_1_15' title="bbox 119 700 948 736">
    <p class='ocr_par' dir='ltr' id='par_1_15' title="bbox 119 700 948 736">
     <span class='ocr_line' id='line_1_15' title="bbox 119 700 948 736; baseline -0.002 -6"><span class='ocrx_word' id='word_1_112' title='bbox 119 701 304 730; x_wconf 86' lang='lat' dir='ltr'><strong>Benedicens</strong></span> <span class='ocrx_word' id='word_1_113' title='bbox 319 708 390 736; x_wconf 82' lang='lat' dir='ltr'><strong>ergo</strong></span> <span class='ocrx_word' id='word_1_114' title='bbox 405 700 456 733; x_wconf 90' lang='lat' dir='ltr'><strong>illi,</strong></span> <span class='ocrx_word' id='word_1_115' title='bbox 477 701 518 729; x_wconf 89' lang='lat' dir='ltr'><strong>ait</strong></span> <span class='ocrx_word' id='word_1_116' title='bbox 533 711 542 728; x_wconf 84' lang='lat'><strong>:</strong></span> <span class='ocrx_word' id='word_1_117' title='bbox 558 702 600 729; x_wconf 86' lang='lat' dir='ltr'><strong>Tu</strong></span> <span class='ocrx_word' id='word_1_118' title='bbox 612 709 644 729; x_wconf 88' lang='lat' dir='ltr'><strong>es</strong></span> <span class='ocrx_word' id='word_1_119' title='bbox 660 701 738 729; x_wconf 83' lang='lat' dir='ltr'><strong>ﬁlius</strong></span> <span class='ocrx_word' id='word_1_120' title='bbox 753 708 838 728; x_wconf 87' lang='lat' dir='ltr'><strong>meus</strong></span> <span class='ocrx_word' id='word_1_121' title='bbox 850 700 948 728; x_wconf 78' lang='lat' dir='ltr'><strong>Esau?</strong></span> 
     </span>
    </p>
   </div>
   <div class='ocr_carea' id='block_1_16' title="bbox 119 744 947 782">
    <p class='ocr_par' dir='ltr' id='par_1_16' title="bbox 119 744 947 782">
     <span class='ocr_line' id='line_1_16' title="bbox 119 744 947 782; baseline -0.002 -8"><span class='ocrx_word' id='word_1_122' title='bbox 119 745 287 782; x_wconf 82' lang='lat' dir='ltr'><strong>Respondit</strong></span> <span class='ocrx_word' id='word_1_123' title='bbox 303 754 309 773; x_wconf 90' lang='lat'>:</span> <span class='ocrx_word' id='word_1_124' title='bbox 325 747 386 780; x_wconf 79' lang='lat' dir='ltr'><strong>Ego</strong></span> <span class='ocrx_word' id='word_1_125' title='bbox 401 753 480 774; x_wconf 90' lang='lat' dir='ltr'><strong>sum.</strong></span> <span class='ocrx_word' id='word_1_126' title='bbox 499 745 593 774; x_wconf 79' lang='lat' dir='ltr'><strong>Atille</strong></span> <span class='ocrx_word' id='word_1_127' title='bbox 610 754 616 773; x_wconf 90' lang='lat'><strong>:</strong></span> <span class='ocrx_word' id='word_1_128' title='bbox 634 745 711 774; x_wconf 72' lang='lat' dir='ltr'><strong>Oﬂer</strong></span> <span class='ocrx_word' id='word_1_129' title='bbox 732 745 814 777; x_wconf 83' lang='lat' dir='ltr'><strong>mihi,</strong></span> <span class='ocrx_word' id='word_1_130' title='bbox 841 744 947 780; x_wconf 87' lang='lat' dir='ltr'><strong>inquit,</strong></span> 
     </span>
    </p>
   </div>
   <div class='ocr_carea' id='block_1_17' title="bbox 119 789 948 823">
    <p class='ocr_par' dir='ltr' id='par_1_17' title="bbox 119 789 948 823">
     <span class='ocr_line' id='line_1_17' title="bbox 119 789 948 823; baseline -0.002 -5"><span class='ocrx_word' id='word_1_131' title='bbox 119 790 206 818; x_wconf 86' lang='lat' dir='ltr'><strong>cibos</strong></span> <span class='ocrx_word' id='word_1_132' title='bbox 215 790 254 819; x_wconf 88' lang='lat' dir='ltr'><strong>de</strong></span> <span class='ocrx_word' id='word_1_133' title='bbox 262 790 422 818; x_wconf 75' lang='lat' dir='ltr'><strong>venatione</strong></span> <span class='ocrx_word' id='word_1_134' title='bbox 434 792 495 823; x_wconf 88' lang='lat' dir='ltr'><strong>tua,</strong></span> <span class='ocrx_word' id='word_1_135' title='bbox 506 790 548 818; x_wconf 93' lang='lat' dir='ltr'><strong>ﬁli</strong></span> <span class='ocrx_word' id='word_1_136' title='bbox 558 790 609 822; x_wconf 84' lang='lat' dir='ltr'><strong>mi,</strong></span> <span class='ocrx_word' id='word_1_137' title='bbox 622 789 873 818; x_wconf 84' lang='lat' dir='ltr'><strong>utbenedicattibi</strong></span> <span class='ocrx_word' id='word_1_138' title='bbox 887 789 948 817; x_wconf 89' lang='lat' dir='ltr'><strong>ani-</strong></span> 
     </span>
    </p>
   </div>
   <div class='ocr_carea' id='block_1_18' title="bbox 117 834 948 867">
    <p class='ocr_par' dir='ltr' id='par_1_18' title="bbox 117 834 948 867">
     <span class='ocr_line' id='line_1_18' title="bbox 117 834 948 867; baseline -0.004 -3"><span class='ocrx_word' id='word_1_139' title='bbox 117 842 256 864; x_wconf 84' lang='lat' dir='ltr'><strong>mamaa.</strong></span> <span class='ocrx_word' id='word_1_140' title='bbox 269 835 352 867; x_wconf 88' lang='lat' dir='ltr'><strong>Quos</strong></span> <span class='ocrx_word' id='word_1_141' title='bbox 359 842 428 862; x_wconf 90' lang='lat' dir='ltr'><strong>cum</strong></span> <span class='ocrx_word' id='word_1_142' title='bbox 439 834 556 862; x_wconf 85' lang='lat' dir='ltr'><strong>oblatos</strong></span> <span class='ocrx_word' id='word_1_143' title='bbox 562 834 749 866; x_wconf 88' lang='lat' dir='ltr'><strong>comedisset,</strong></span> <span class='ocrx_word' id='word_1_144' title='bbox 761 834 867 862; x_wconf 82' lang='lat' dir='ltr'><strong>obtulit</strong></span> <span class='ocrx_word' id='word_1_145' title='bbox 881 834 906 862; x_wconf 92' lang='lat' dir='ltr'><strong>ei</strong></span> <span class='ocrx_word' id='word_1_146' title='bbox 920 835 948 861; x_wconf 91' lang='lat' dir='ltr'><strong>et</strong></span> 
     </span>
    </p>
   </div>
   <div class='ocr_carea' id='block_1_19' title="bbox 1007 255 1833 294">
    <p class='ocr_par' dir='ltr' id='par_1_19' title="bbox 1007 255 1833 294">
     <span class='ocr_line' id='line_1_19' title="bbox 1007 255 1833 294; baseline 0.006 -12"><span class='ocrx_word' id='word_1_147' title='bbox 1007 256 1090 283; x_wconf 89' lang='lat' dir='ltr'><strong>Nunc</strong></span> <span class='ocrx_word' id='word_1_148' title='bbox 1105 256 1176 284; x_wconf 89' lang='lat' dir='ltr'><strong>audi</strong></span> <span class='ocrx_word' id='word_1_149' title='bbox 1195 264 1276 292; x_wconf 80' lang='lat' dir='ltr'><strong>ergo,</strong></span> <span class='ocrx_word' id='word_1_150' title='bbox 1292 255 1343 288; x_wconf 91' lang='lat' dir='ltr'><strong>ﬁli,</strong></span> <span class='ocrx_word' id='word_1_151' title='bbox 1364 263 1470 285; x_wconf 88' lang='lat' dir='ltr'><strong>vocem</strong></span> <span class='ocrx_word' id='word_1_152' title='bbox 1480 263 1591 290; x_wconf 85' lang='lat' dir='ltr'><strong>meam,</strong></span> <span class='ocrx_word' id='word_1_153' title='bbox 1606 259 1635 286; x_wconf 90' lang='lat' dir='ltr'><strong>et</strong></span> <span class='ocrx_word' id='word_1_154' title='bbox 1648 265 1833 294; x_wconf 78' lang='lat' dir='ltr'><strong>consurgens</strong></span> 
     </span>
    </p>
   </div>
   <div class='ocr_carea' id='block_1_20' title="bbox 1006 298 1833 340">
    <p class='ocr_par' dir='ltr' id='par_1_20' title="bbox 1006 298 1833 340">
     <span class='ocr_line' id='line_1_20' title="bbox 1006 298 1833 340; baseline 0.006 -14"><span class='ocrx_word' id='word_1_155' title='bbox 1006 298 1076 334; x_wconf 76' lang='lat' dir='ltr'><strong>fuge</strong></span> <span class='ocrx_word' id='word_1_156' title='bbox 1089 300 1128 328; x_wconf 87' lang='lat' dir='ltr'><strong>ad</strong></span> <span class='ocrx_word' id='word_1_157' title='bbox 1135 300 1364 329; x_wconf 83' lang='lat' dir='ltr'><strong>Labanfratrem</strong></span> <span class='ocrx_word' id='word_1_158' title='bbox 1372 307 1473 328; x_wconf 92' lang='lat' dir='ltr'><strong>meum</strong></span> <span class='ocrx_word' id='word_1_159' title='bbox 1483 300 1513 329; x_wconf 92' lang='lat' dir='ltr'><strong>in</strong></span> <span class='ocrx_word' id='word_1_160' title='bbox 1519 301 1598 329; x_wconf 75' lang='lat' dir='ltr'><strong>Aren</strong></span> <span class='ocrx_word' id='word_1_161' title='bbox 1606 309 1613 327; x_wconf 90' lang='lat'><strong>:</strong></span> <span class='ocrx_word' id='word_1_162' title='bbox 1621 301 1833 340; x_wconf 80' lang='lat' dir='ltr'><strong>habitabisque</strong></span> 
     </span>
    </p>
   </div>
   <div class='ocr_carea' id='block_1_21' title="bbox 1006 343 1832 381">
    <p class='ocr_par' dir='ltr' id='par_1_21' title="bbox 1006 343 1832 381">
     <span class='ocr_line' id='line_1_21' title="bbox 1006 343 1832 381; baseline 0.004 -10"><span class='ocrx_word' id='word_1_163' title='bbox 1006 349 1077 371; x_wconf 87' lang='lat' dir='ltr'><strong>cum</strong></span> <span class='ocrx_word' id='word_1_164' title='bbox 1092 351 1128 372; x_wconf 91' lang='lat' dir='ltr'><strong>eo</strong></span> <span class='ocrx_word' id='word_1_165' title='bbox 1142 344 1206 372; x_wconf 87' lang='lat' dir='ltr'><strong>dies</strong></span> <span class='ocrx_word' id='word_1_166' title='bbox 1216 351 1340 380; x_wconf 87' lang='lat' dir='ltr'><strong>paucos,</strong></span> <span class='ocrx_word' id='word_1_167' title='bbox 1357 343 1454 373; x_wconf 85' lang='lat' dir='ltr'><strong>donec</strong></span> <span class='ocrx_word' id='word_1_168' title='bbox 1463 345 1629 381; x_wconf 83' lang='lat' dir='ltr'><strong>requiescat</strong></span> <span class='ocrx_word' id='word_1_169' title='bbox 1642 345 1724 373; x_wconf 85' lang='lat' dir='ltr'><strong>furor</strong></span> <span class='ocrx_word' id='word_1_170' title='bbox 1734 345 1832 374; x_wconf 82' lang='lat' dir='ltr'><strong>fratris</strong></span> 
     </span>
    </p>
   </div>
   <div class='ocr_carea' id='block_1_22' title="bbox 1006 387 1832 425">
    <p class='ocr_par' dir='ltr' id='par_1_22' title="bbox 1006 387 1832 425">
     <span class='ocr_line' id='line_1_22' title="bbox 1006 387 1832 425; baseline 0.008 -10"><span class='ocrx_word' id='word_1_171' title='bbox 1006 387 1059 421; x_wconf 89' lang='lat' dir='ltr'><strong>tui,</strong></span> <span class='ocrx_word' id='word_1_172' title='bbox 1075 389 1105 417; x_wconf 89' lang='lat' dir='ltr'><strong>et</strong></span> <span class='ocrx_word' id='word_1_173' title='bbox 1115 388 1245 418; x_wconf 79' lang='lat' dir='ltr'><strong>cessabit</strong></span> <span class='ocrx_word' id='word_1_174' title='bbox 1260 388 1425 424; x_wconf 76' lang='lat' dir='ltr'><strong>indignatio</strong></span> <span class='ocrx_word' id='word_1_175' title='bbox 1440 388 1518 425; x_wconf 83' lang='lat' dir='ltr'><strong>ejus,</strong></span> <span class='ocrx_word' id='word_1_176' title='bbox 1526 388 1718 422; x_wconf 74' lang='lat' dir='ltr'><strong>obliviscatur</strong></span> <span class='ocrx_word' id='word_1_177' title='bbox 1727 397 1832 421; x_wconf 77' lang='lat' dir='ltr'><strong>eorum</strong></span> 
     </span>
    </p>
   </div>
   <div class='ocr_carea' id='block_1_23' title="bbox 1005 431 1832 468">
    <p class='ocr_par' dir='ltr' id='par_1_23' title="bbox 1005 431 1832 468">
     <span class='ocr_line' id='line_1_23' title="bbox 1005 431 1832 468; baseline 0.002 -9"><span class='ocrx_word' id='word_1_178' title='bbox 1005 438 1074 467; x_wconf 72' lang='lat' dir='ltr'><strong>quae</strong></span> <span class='ocrx_word' id='word_1_179' title='bbox 1084 431 1212 461; x_wconf 81' lang='lat' dir='ltr'><strong>fecistiin</strong></span> <span class='ocrx_word' id='word_1_180' title='bbox 1219 440 1303 460; x_wconf 90' lang='lat' dir='ltr'><strong>eum:</strong></span> <span class='ocrx_word' id='word_1_181' title='bbox 1315 434 1420 468; x_wconf 87' lang='lat' dir='ltr'><strong>postea</strong></span> <span class='ocrx_word' id='word_1_182' title='bbox 1430 432 1558 467; x_wconf 78' lang='lat' dir='ltr'><strong>mittam,</strong></span> <span class='ocrx_word' id='word_1_183' title='bbox 1567 434 1594 463; x_wconf 85' lang='lat' dir='ltr'><strong>et</strong></span> <span class='ocrx_word' id='word_1_184' title='bbox 1601 432 1751 465; x_wconf 79' lang='lat' dir='ltr'><strong>adducam</strong></span> <span class='ocrx_word' id='word_1_185' title='bbox 1761 433 1832 462; x_wconf 91' lang='lat' dir='ltr'><strong>inde</strong></span> 
     </span>
    </p>
   </div>
   <div class='ocr_carea' id='block_1_24' title="bbox 1004 475 1832 513">
    <p class='ocr_par' dir='ltr' id='par_1_24' title="bbox 1004 475 1832 513">
     <span class='ocr_line' id='line_1_24' title="bbox 1004 475 1832 513; baseline 0.002 -9"><span class='ocrx_word' id='word_1_186' title='bbox 1004 475 1064 504; x_wconf 86' lang='lat' dir='ltr'><strong>huc</strong></span> <span class='ocrx_word' id='word_1_187' title='bbox 1081 479 1285 513; x_wconf 87' lang='lat' dir='ltr'><strong>:curutroque</strong></span> <span class='ocrx_word' id='word_1_188' title='bbox 1307 477 1438 505; x_wconf 87' lang='lat' dir='ltr'><strong>orbabor</strong></span> <span class='ocrx_word' id='word_1_189' title='bbox 1448 477 1509 505; x_wconf 89' lang='lat' dir='ltr'><strong>ﬁlio</strong></span> <span class='ocrx_word' id='word_1_190' title='bbox 1526 477 1557 505; x_wconf 90' lang='lat' dir='ltr'><strong>in</strong></span> <span class='ocrx_word' id='word_1_191' title='bbox 1580 485 1642 506; x_wconf 90' lang='lat' dir='ltr'><strong>una</strong></span> <span class='ocrx_word' id='word_1_192' title='bbox 1666 477 1714 506; x_wconf 89' lang='lat' dir='ltr'><strong>die</strong></span> <span class='ocrx_word' id='word_1_193' title='bbox 1727 477 1742 506; x_wconf 81' lang='lat'><strong>?</strong></span> <span class='ocrx_word' id='word_1_194' title='bbox 1754 477 1832 506; x_wconf 74' lang='lat' dir='ltr'><strong>Dixit</strong></span> 
     </span>
    </p>
   </div>
   <div class='ocr_carea' id='block_1_25' title="bbox 1005 521 1831 561">
    <p class='ocr_par' dir='ltr' id='par_1_25' title="bbox 1005 521 1831 561">
     <span class='ocr_line' id='line_1_25' title="bbox 1005 521 1831 561; baseline 0.001 -12"><span class='ocrx_word' id='word_1_195' title='bbox 1005 528 1126 557; x_wconf 87' lang='lat' dir='ltr'><strong>quoque</strong></span> <span class='ocrx_word' id='word_1_196' title='bbox 1135 522 1269 550; x_wconf 81' lang='lat' dir='ltr'><strong>Rebecca</strong></span> <span class='ocrx_word' id='word_1_197' title='bbox 1277 522 1315 550; x_wconf 85' lang='lat' dir='ltr'><strong>ad</strong></span> <span class='ocrx_word' id='word_1_198' title='bbox 1324 523 1408 550; x_wconf 84' lang='lat' dir='ltr'><strong>lsaac</strong></span> <span class='ocrx_word' id='word_1_199' title='bbox 1424 531 1431 550; x_wconf 86' lang='lat'><strong>:</strong></span> <span class='ocrx_word' id='word_1_200' title='bbox 1447 521 1598 550; x_wconf 76' lang='lat' dir='ltr'><strong>Tasdetme</strong></span> <span class='ocrx_word' id='word_1_201' title='bbox 1605 522 1674 550; x_wconf 67' lang='lat' dir='ltr'><strong>vitae</strong></span> <span class='ocrx_word' id='word_1_202' title='bbox 1683 529 1831 561; x_wconf 68' lang='lat' dir='ltr'><strong>measpro-</strong></span> 
     </span>
    </p>
   </div>
   <div class='ocr_carea' id='block_1_26' title="bbox 1004 565 1831 602">
    <p class='ocr_par' dir='ltr' id='par_1_26' title="bbox 1004 565 1831 602">
     <span class='ocr_line' id='line_1_26' title="bbox 1004 565 1831 602; baseline 0.004 -10"><span class='ocrx_word' id='word_1_203' title='bbox 1004 566 1069 600; x_wconf 85' lang='lat' dir='ltr'><strong>pter</strong></span> <span class='ocrx_word' id='word_1_204' title='bbox 1078 565 1156 594; x_wconf 88' lang='lat' dir='ltr'><strong>ﬁlias</strong></span> <span class='ocrx_word' id='word_1_205' title='bbox 1170 565 1264 594; x_wconf 85' lang='lat' dir='ltr'><strong>Hetb:</strong></span> <span class='ocrx_word' id='word_1_206' title='bbox 1278 566 1302 595; x_wconf 88' lang='lat' dir='ltr'><strong>si</strong></span> <span class='ocrx_word' id='word_1_207' title='bbox 1317 566 1464 602; x_wconf 89' lang='lat' dir='ltr'><strong>acceperit</strong></span> <span class='ocrx_word' id='word_1_208' title='bbox 1477 566 1569 595; x_wconf 87' lang='lat' dir='ltr'><strong>Iacob</strong></span> <span class='ocrx_word' id='word_1_209' title='bbox 1576 573 1702 596; x_wconf 81' lang='lat' dir='ltr'><strong>uxorem</strong></span> <span class='ocrx_word' id='word_1_210' title='bbox 1715 566 1752 594; x_wconf 90' lang='lat' dir='ltr'><strong>de</strong></span> <span class='ocrx_word' id='word_1_211' title='bbox 1768 566 1831 595; x_wconf 82' lang='lat' dir='ltr'><strong>stir-</strong></span> 
     </span>
    </p>
   </div>
   <div class='ocr_carea' id='block_1_27' title="bbox 1004 609 1831 645">
    <p class='ocr_par' dir='ltr' id='par_1_27' title="bbox 1004 609 1831 645">
     <span class='ocr_line' id='line_1_27' title="bbox 1004 609 1831 645; baseline 0.004 -9"><span class='ocrx_word' id='word_1_212' title='bbox 1004 616 1041 644; x_wconf 88' lang='lat' dir='ltr'><strong>pe</strong></span> <span class='ocrx_word' id='word_1_213' title='bbox 1056 609 1146 645; x_wconf 89' lang='lat' dir='ltr'><strong>hujus</strong></span> <span class='ocrx_word' id='word_1_214' title='bbox 1167 612 1259 642; x_wconf 67' lang='lat' dir='ltr'><strong>terrie,</strong></span> <span class='ocrx_word' id='word_1_215' title='bbox 1279 610 1348 638; x_wconf 90' lang='lat' dir='ltr'><strong>nolo</strong></span> <span class='ocrx_word' id='word_1_216' title='bbox 1362 611 1469 639; x_wconf 83' lang='lat' dir='ltr'><strong>vivere.</strong></span> <span class='ocrx_word' id='word_1_217' title='bbox 1485 611 1570 645; x_wconf 83' lang='lat' dir='ltr'><strong>(Cap.</strong></span> <span class='ocrx_word' id='word_1_218' title='bbox 1587 610 1694 645; x_wconf 69' lang='lat' dir='ltr'><strong>iuvui).</strong></span> <span class='ocrx_word' id='word_1_219' title='bbox 1710 610 1831 640; x_wconf 81' lang='lat' dir='ltr'><strong>Vocavit</strong></span> 
     </span>
    </p>
   </div>
   <div class='ocr_carea' id='block_1_28' title="bbox 1004 654 1828 691">
    <p class='ocr_par' dir='ltr' id='par_1_28' title="bbox 1004 654 1828 691">
     <span class='ocr_line' id='line_1_28' title="bbox 1004 654 1828 691; baseline 0.002 -10"><span class='ocrx_word' id='word_1_220' title='bbox 1004 656 1105 682; x_wconf 85' lang='lat' dir='ltr'><strong>autem</strong></span> <span class='ocrx_word' id='word_1_221' title='bbox 1122 656 1203 682; x_wconf 86' lang='lat' dir='ltr'><strong>Isaac</strong></span> <span class='ocrx_word' id='word_1_222' title='bbox 1213 654 1315 688; x_wconf 86' lang='lat' dir='ltr'><strong>Iacob,</strong></span> <span class='ocrx_word' id='word_1_223' title='bbox 1332 658 1359 682; x_wconf 89' lang='lat' dir='ltr'><strong>et</strong></span> <span class='ocrx_word' id='word_1_224' title='bbox 1371 654 1565 688; x_wconf 80' lang='lat' dir='ltr'><strong>benedixitei,</strong></span> <span class='ocrx_word' id='word_1_225' title='bbox 1581 654 1782 691; x_wconf 70' lang='lat' dir='ltr'><strong>praecepitque</strong></span> <span class='ocrx_word' id='word_1_226' title='bbox 1791 655 1828 687; x_wconf 91' lang='lat' dir='ltr'><strong>ei,</strong></span> 
     </span>
    </p>
   </div>
   <div class='ocr_carea' id='block_1_29' title="bbox 1003 697 1828 735">
    <p class='ocr_par' dir='ltr' id='par_1_29' title="bbox 1003 697 1828 735">
     <span class='ocr_line' id='line_1_29' title="bbox 1003 697 1828 735; baseline 0.002 -10"><span class='ocrx_word' id='word_1_227' title='bbox 1003 697 1106 726; x_wconf 88' lang='lat' dir='ltr'><strong>dicens</strong></span> <span class='ocrx_word' id='word_1_228' title='bbox 1125 707 1130 726; x_wconf 93' lang='lat'><strong>:</strong></span> <span class='ocrx_word' id='word_1_229' title='bbox 1143 698 1206 726; x_wconf 91' lang='lat' dir='ltr'><strong>Noli</strong></span> <span class='ocrx_word' id='word_1_230' title='bbox 1219 698 1352 734; x_wconf 90' lang='lat' dir='ltr'><strong>accipere</strong></span> <span class='ocrx_word' id='word_1_231' title='bbox 1363 698 1524 735; x_wconf 81' lang='lat' dir='ltr'><strong>conjugem</strong></span> <span class='ocrx_word' id='word_1_232' title='bbox 1539 698 1576 726; x_wconf 92' lang='lat' dir='ltr'><strong>de</strong></span> <span class='ocrx_word' id='word_1_233' title='bbox 1591 706 1699 734; x_wconf 78' lang='lat' dir='ltr'><strong>genere</strong></span> <span class='ocrx_word' id='word_1_234' title='bbox 1715 698 1828 727; x_wconf 85' lang='lat' dir='ltr'><strong>Chana-</strong></span> 
     </span>
    </p>
   </div>
   <div class='ocr_carea' id='block_1_30' title="bbox 1002 743 1828 780">
    <p class='ocr_par' dir='ltr' id='par_1_30' title="bbox 1002 743 1828 780">
     <span class='ocr_line' id='line_1_30' title="bbox 1002 743 1828 780; baseline 0.001 -10"><span class='ocrx_word' id='word_1_235' title='bbox 1002 750 1042 770; x_wconf 88' lang='lat' dir='ltr'><strong>an</strong></span> <span class='ocrx_word' id='word_1_236' title='bbox 1058 751 1065 770; x_wconf 90' lang='lat'>:</span> <span class='ocrx_word' id='word_1_237' title='bbox 1076 743 1129 771; x_wconf 89' lang='lat' dir='ltr'><strong>sed</strong></span> <span class='ocrx_word' id='word_1_238' title='bbox 1141 743 1230 777; x_wconf 80' lang='lat' dir='ltr'><strong>vade,</strong></span> <span class='ocrx_word' id='word_1_239' title='bbox 1246 745 1273 771; x_wconf 89' lang='lat' dir='ltr'><strong>et</strong></span> <span class='ocrx_word' id='word_1_240' title='bbox 1281 743 1469 778; x_wconf 88' lang='lat' dir='ltr'><strong>proﬁciscere</strong></span> <span class='ocrx_word' id='word_1_241' title='bbox 1478 743 1509 771; x_wconf 87' lang='lat' dir='ltr'><strong>in</strong></span> <span class='ocrx_word' id='word_1_242' title='bbox 1520 743 1766 779; x_wconf 80' lang='lat' dir='ltr'><strong>Mesopotamiam</strong></span> <span class='ocrx_word' id='word_1_243' title='bbox 1775 743 1828 780; x_wconf 88' lang='lat' dir='ltr'><strong>Sy-</strong></span> 
     </span>
    </p>
   </div>
   <div class='ocr_carea' id='block_1_31' title="bbox 1002 786 1828 823">
    <p class='ocr_par' dir='ltr' id='par_1_31' title="bbox 1002 786 1828 823">
     <span class='ocr_line' id='line_1_31' title="bbox 1002 786 1828 823; baseline 0.002 -9"><span class='ocrx_word' id='word_1_244' title='bbox 1002 786 1052 814; x_wconf 78' lang='lat' dir='ltr'><strong>riae</strong></span> <span class='ocrx_word' id='word_1_245' title='bbox 1065 787 1096 814; x_wconf 92' lang='lat' dir='ltr'><strong>in</strong></span> <span class='ocrx_word' id='word_1_246' title='bbox 1105 787 1232 815; x_wconf 88' lang='lat' dir='ltr'><strong>domum</strong></span> <span class='ocrx_word' id='word_1_247' title='bbox 1246 787 1370 815; x_wconf 87' lang='lat' dir='ltr'><strong>Bathuel</strong></span> <span class='ocrx_word' id='word_1_248' title='bbox 1381 787 1473 823; x_wconf 76' lang='lat' dir='ltr'><strong>patris</strong></span> <span class='ocrx_word' id='word_1_249' title='bbox 1488 787 1723 823; x_wconf 78' lang='lat' dir='ltr'><strong>matrisquetuas,</strong></span> <span class='ocrx_word' id='word_1_250' title='bbox 1735 788 1764 815; x_wconf 88' lang='lat' dir='ltr'><strong>et</strong></span> <span class='ocrx_word' id='word_1_251' title='bbox 1775 793 1828 817; x_wconf 88' lang='lat' dir='ltr'><strong>ac-</strong></span> 
     </span>
    </p>
   </div>
   <div class='ocr_carea' id='block_1_32' title="bbox 1003 830 1829 867">
    <p class='ocr_par' dir='ltr' id='par_1_32' title="bbox 1003 830 1829 867">
     <span class='ocr_line' id='line_1_32' title="bbox 1003 830 1829 867; baseline 0.002 -8"><span class='ocrx_word' id='word_1_252' title='bbox 1003 831 1066 867; x_wconf 83' lang='lat' dir='ltr'><strong>cipe</strong></span> <span class='ocrx_word' id='word_1_253' title='bbox 1078 831 1131 859; x_wconf 86' lang='lat' dir='ltr'><strong>tibi</strong></span> <span class='ocrx_word' id='word_1_254' title='bbox 1147 831 1215 859; x_wconf 88' lang='lat' dir='ltr'><strong>inde</strong></span> <span class='ocrx_word' id='word_1_255' title='bbox 1234 839 1358 859; x_wconf 77' lang='lat' dir='ltr'><strong>uxorem</strong></span> <span class='ocrx_word' id='word_1_256' title='bbox 1381 833 1417 858; x_wconf 87' lang='lat' dir='ltr'><strong>de</strong></span> <span class='ocrx_word' id='word_1_257' title='bbox 1437 831 1554 859; x_wconf 84' lang='lat' dir='ltr'><strong>ﬁliabus</strong></span> <span class='ocrx_word' id='word_1_258' title='bbox 1573 830 1673 859; x_wconf 84' lang='lat' dir='ltr'><strong>Laban</strong></span> <span class='ocrx_word' id='word_1_259' title='bbox 1689 830 1829 861; x_wconf 82' lang='lat' dir='ltr'><strong>avunculi</strong></span> 
     </span>
    </p>
   </div>
   <div class='ocr_carea' id='block_1_33' title="bbox 115 875 1828 914">
    <p class='ocr_par' dir='ltr' id='par_1_33' title="bbox 115 875 1828 914">
     <span class='ocr_line' id='line_1_33' title="bbox 115 875 1828 914; baseline -0.002 -7"><span class='ocrx_word' id='word_1_260' title='bbox 115 879 224 908; x_wconf 87' lang='lat' dir='ltr'><strong>vinum</strong></span> <span class='ocrx_word' id='word_1_261' title='bbox 239 887 246 907; x_wconf 85' lang='grc' dir='ltr'><em>ι</em></span> <span class='ocrx_word' id='word_1_262' title='bbox 260 886 322 914; x_wconf 90' lang='lat' dir='ltr'><strong>quo</strong></span> <span class='ocrx_word' id='word_1_263' title='bbox 333 878 452 911; x_wconf 88' lang='lat' dir='ltr'><strong>hausto,</strong></span> <span class='ocrx_word' id='word_1_264' title='bbox 465 878 538 906; x_wconf 77' lang='lat' dir='ltr'><strong>dixit</strong></span> <span class='ocrx_word' id='word_1_265' title='bbox 553 878 591 906; x_wconf 91' lang='lat' dir='ltr'><strong>ad</strong></span> <span class='ocrx_word' id='word_1_266' title='bbox 605 886 672 906; x_wconf 90' lang='lat' dir='ltr'><strong>eum</strong></span> <span class='ocrx_word' id='word_1_267' title='bbox 690 887 695 906; x_wconf 85' lang='lat'><strong>:</strong></span> <span class='ocrx_word' id='word_1_268' title='bbox 713 878 823 906; x_wconf 78' lang='lat' dir='ltr'><strong>Accede</strong></span> <span class='ocrx_word' id='word_1_269' title='bbox 834 878 873 906; x_wconf 87' lang='lat' dir='ltr'><strong>ad</strong></span> <span class='ocrx_word' id='word_1_270' title='bbox 888 886 945 911; x_wconf 90' lang='lat' dir='ltr'><strong>me,</strong></span> <span class='ocrx_word' id='word_1_271' title='bbox 960 884 984 913; x_wconf 80' lang='grc' dir='ltr'><strong><em>Β</em></strong></span> <span class='ocrx_word' id='word_1_272' title='bbox 1002 876 1053 903; x_wconf 89' lang='lat' dir='ltr'><strong>tui.</strong></span> <span class='ocrx_word' id='word_1_273' title='bbox 1069 876 1147 903; x_wconf 89' lang='lat' dir='ltr'><strong>Deus</strong></span> <span class='ocrx_word' id='word_1_274' title='bbox 1160 878 1261 904; x_wconf 87' lang='lat' dir='ltr'><strong>autem</strong></span> <span class='ocrx_word' id='word_1_275' title='bbox 1274 876 1464 912; x_wconf 87' lang='lat' dir='ltr'><strong>omnipotens</strong></span> <span class='ocrx_word' id='word_1_276' title='bbox 1474 875 1631 903; x_wconf 88' lang='lat' dir='ltr'><strong>benedicat</strong></span> <span class='ocrx_word' id='word_1_277' title='bbox 1642 875 1706 908; x_wconf 87' lang='lat' dir='ltr'><strong>tibi,</strong></span> <span class='ocrx_word' id='word_1_278' title='bbox 1716 878 1743 903; x_wconf 91' lang='lat' dir='ltr'><strong>et</strong></span> <span class='ocrx_word' id='word_1_279' title='bbox 1753 882 1828 904; x_wconf 82' lang='lat' dir='ltr'><strong>ores-</strong></span> 
     </span>
    </p>
   </div>
   <div class='ocr_carea' id='block_1_34' title="bbox 116 922 947 956">
    <p class='ocr_par' dir='ltr' id='par_1_34' title="bbox 116 922 947 956">
     <span class='ocr_line' id='line_1_34' title="bbox 116 922 947 956; baseline -0.002 -4"><span class='ocrx_word' id='word_1_280' title='bbox 116 926 145 952; x_wconf 90' lang='lat' dir='ltr'><strong>et</strong></span> <span class='ocrx_word' id='word_1_281' title='bbox 159 924 202 952; x_wconf 89' lang='lat' dir='ltr'><strong>da</strong></span> <span class='ocrx_word' id='word_1_282' title='bbox 216 923 290 952; x_wconf 85' lang='lat' dir='ltr'><strong>mihi</strong></span> <span class='ocrx_word' id='word_1_283' title='bbox 311 923 458 956; x_wconf 88' lang='lat' dir='ltr'><strong>osculum,</strong></span> <span class='ocrx_word' id='word_1_284' title='bbox 475 922 517 951; x_wconf 88' lang='lat' dir='ltr'><strong>ﬁli</strong></span> <span class='ocrx_word' id='word_1_285' title='bbox 530 922 582 952; x_wconf 87' lang='lat' dir='ltr'><strong>mi.</strong></span> <span class='ocrx_word' id='word_1_286' title='bbox 598 923 734 956; x_wconf 79' lang='lat' dir='ltr'><strong>Accessit,</strong></span> <span class='ocrx_word' id='word_1_287' title='bbox 754 925 782 950; x_wconf 89' lang='lat' dir='ltr'><strong>et</strong></span> <span class='ocrx_word' id='word_1_288' title='bbox 796 923 947 951; x_wconf 88' lang='lat' dir='ltr'><strong>osculatus</strong></span> 
     </span>
    </p>
   </div>
   <div class='ocr_carea' id='block_1_35' title="bbox 114 967 946 1003">
    <p class='ocr_par' dir='ltr' id='par_1_35' title="bbox 114 967 946 1003">
     <span class='ocr_line' id='line_1_35' title="bbox 114 967 946 1003; baseline -0.001 -7"><span class='ocrx_word' id='word_1_289' title='bbox 114 970 159 997; x_wconf 87' lang='lat' dir='ltr'><strong>est</strong></span> <span class='ocrx_word' id='word_1_290' title='bbox 171 976 254 996; x_wconf 90' lang='lat' dir='ltr'><strong>eum.</strong></span> <span class='ocrx_word' id='word_1_291' title='bbox 274 968 438 1003; x_wconf 85' lang='lat' dir='ltr'><strong>Statimque</strong></span> <span class='ocrx_word' id='word_1_292' title='bbox 455 970 487 995; x_wconf 92' lang='lat' dir='ltr'><strong>ut</strong></span> <span class='ocrx_word' id='word_1_293' title='bbox 504 967 595 995; x_wconf 81' lang='lat' dir='ltr'><strong>sensit</strong></span> <span class='ocrx_word' id='word_1_294' title='bbox 610 967 852 995; x_wconf 86' lang='lat' dir='ltr'><strong>vestimentorum</strong></span> <span class='ocrx_word' id='word_1_295' title='bbox 866 967 946 995; x_wconf 83' lang='lat' dir='ltr'><strong>illius</strong></span> 
     </span>
    </p>
   </div>
   <div class='ocr_carea' id='block_1_36' title="bbox 114 1011 934 1048">
    <p class='ocr_par' dir='ltr' id='par_1_36' title="bbox 114 1011 934 1048">
     <span class='ocr_line' id='line_1_36' title="bbox 114 1011 934 1048; baseline -0.002 -8"><span class='ocrx_word' id='word_1_296' title='bbox 114 1012 324 1048; x_wconf 74' lang='lat' dir='ltr'><strong>fregi-entiam,</strong></span> <span class='ocrx_word' id='word_1_297' title='bbox 335 1011 516 1039; x_wconf 87' lang='lat' dir='ltr'><strong>benedicens</strong></span> <span class='ocrx_word' id='word_1_298' title='bbox 524 1011 565 1039; x_wconf 85' lang='lat' dir='ltr'><strong>ait</strong></span> <span class='ocrx_word' id='word_1_299' title='bbox 581 1021 586 1040; x_wconf 75' lang='grc' dir='ltr'>ε</span> <span class='ocrx_word' id='word_1_300' title='bbox 603 1011 881 1040; x_wconf 85' lang='lat' dir='ltr'><strong>Ecceodorﬁliimei</strong></span> <span class='ocrx_word' id='word_1_301' title='bbox 891 1011 934 1039; x_wconf 87' lang='lat' dir='ltr'><strong>sic</strong></span> 
     </span>
    </p>
   </div>
   <div class='ocr_carea' id='block_1_37' title="bbox 113 1055 945 1092">
    <p class='ocr_par' dir='ltr' id='par_1_37' title="bbox 113 1055 945 1092">
     <span class='ocr_line' id='line_1_37' title="bbox 113 1055 945 1092; baseline -0.002 -7"><span class='ocrx_word' id='word_1_302' title='bbox 113 1059 147 1085; x_wconf 87' lang='lat' dir='ltr'><strong>ut</strong></span> <span class='ocrx_word' id='word_1_303' title='bbox 156 1056 235 1085; x_wconf 88' lang='lat' dir='ltr'><strong>odor</strong></span> <span class='ocrx_word' id='word_1_304' title='bbox 247 1056 312 1091; x_wconf 73' lang='lat' dir='ltr'><strong>agri</strong></span> <span class='ocrx_word' id='word_1_305' title='bbox 324 1055 414 1092; x_wconf 86' lang='lat' dir='ltr'><strong>pleni,</strong></span> <span class='ocrx_word' id='word_1_306' title='bbox 430 1056 477 1083; x_wconf 89' lang='lat' dir='ltr'><strong>cui</strong></span> <span class='ocrx_word' id='word_1_307' title='bbox 490 1055 639 1084; x_wconf 76' lang='lat' dir='ltr'><strong>benedixit</strong></span> <span class='ocrx_word' id='word_1_308' title='bbox 655 1056 812 1084; x_wconf 89' lang='lat' dir='ltr'><strong>Dominus.</strong></span> <span class='ocrx_word' id='word_1_309' title='bbox 828 1056 880 1083; x_wconf 89' lang='lat' dir='ltr'><strong>Det</strong></span> <span class='ocrx_word' id='word_1_310' title='bbox 894 1056 945 1084; x_wconf 87' lang='lat' dir='ltr'><strong>tibi</strong></span> 
     </span>
    </p>
   </div>
   <div class='ocr_carea' id='block_1_38' title="bbox 113 1099 945 1135">
    <p class='ocr_par' dir='ltr' id='par_1_38' title="bbox 113 1099 945 1135">
     <span class='ocr_line' id='line_1_38' title="bbox 113 1099 945 1135; baseline -0.001 -6"><span class='ocrx_word' id='word_1_311' title='bbox 113 1101 195 1129; x_wconf 85' lang='lat' dir='ltr'><strong>Dens</strong></span> <span class='ocrx_word' id='word_1_312' title='bbox 207 1100 247 1129; x_wconf 88' lang='lat' dir='ltr'><strong>de</strong></span> <span class='ocrx_word' id='word_1_313' title='bbox 260 1108 327 1129; x_wconf 89' lang='lat' dir='ltr'><strong>rore</strong></span> <span class='ocrx_word' id='word_1_314' title='bbox 340 1099 418 1134; x_wconf 75' lang='lat' dir='ltr'><strong>cceli,</strong></span> <span class='ocrx_word' id='word_1_315' title='bbox 435 1100 509 1128; x_wconf 91' lang='lat' dir='ltr'><strong>etde</strong></span> <span class='ocrx_word' id='word_1_316' title='bbox 528 1099 710 1135; x_wconf 82' lang='lat' dir='ltr'><strong>pinguedine</strong></span> <span class='ocrx_word' id='word_1_317' title='bbox 731 1102 825 1132; x_wconf 78' lang='lat' dir='ltr'><strong>terrae,</strong></span> <span class='ocrx_word' id='word_1_318' title='bbox 851 1100 945 1128; x_wconf 88' lang='lat' dir='ltr'><strong>abun-</strong></span> 
     </span>
    </p>
   </div>
   <div class='ocr_carea' id='block_1_39' title="bbox 113 1144 945 1177">
    <p class='ocr_par' dir='ltr' id='par_1_39' title="bbox 113 1144 945 1177">
     <span class='ocr_line' id='line_1_39' title="bbox 113 1144 945 1177; baseline -0.001 -3"><span class='ocrx_word' id='word_1_319' title='bbox 113 1145 254 1174; x_wconf 85' lang='lat' dir='ltr'><strong>dantiam</strong></span> <span class='ocrx_word' id='word_1_320' title='bbox 266 1144 407 1173; x_wconf 81' lang='lat' dir='ltr'><strong>frumenti</strong></span> <span class='ocrx_word' id='word_1_321' title='bbox 429 1146 457 1171; x_wconf 91' lang='lat' dir='ltr'><strong>et</strong></span> <span class='ocrx_word' id='word_1_322' title='bbox 471 1144 541 1177; x_wconf 88' lang='lat' dir='ltr'><strong>vini,</strong></span> <span class='ocrx_word' id='word_1_323' title='bbox 558 1146 586 1172; x_wconf 90' lang='lat' dir='ltr'><strong>et</strong></span> <span class='ocrx_word' id='word_1_324' title='bbox 609 1144 678 1172; x_wconf 82' lang='lat' dir='ltr'><strong>olei.</strong></span> <span class='ocrx_word' id='word_1_325' title='bbox 699 1146 731 1172; x_wconf 87' lang='lat' dir='ltr'><strong>Et</strong></span> <span class='ocrx_word' id='word_1_326' title='bbox 746 1144 876 1173; x_wconf 85' lang='lat' dir='ltr'><strong>serviant</strong></span> <span class='ocrx_word' id='word_1_327' title='bbox 891 1144 945 1173; x_wconf 87' lang='lat' dir='ltr'><strong>tibi</strong></span> 
     </span>
    </p>
   </div>
   <div class='ocr_carea' id='block_1_40' title="bbox 113 1188 943 1227">
    <p class='ocr_par' dir='ltr' id='par_1_40' title="bbox 113 1188 943 1227">
     <span class='ocr_line' id='line_1_40' title="bbox 113 1188 943 1227; baseline -0.001 -9"><span class='ocrx_word' id='word_1_328' title='bbox 113 1189 232 1227; x_wconf 88' lang='lat' dir='ltr'><strong>populi,</strong></span> <span class='ocrx_word' id='word_1_329' title='bbox 243 1193 271 1217; x_wconf 90' lang='lat' dir='ltr'><strong>et</strong></span> <span class='ocrx_word' id='word_1_330' title='bbox 281 1189 407 1217; x_wconf 88' lang='lat' dir='ltr'><strong>adorent</strong></span> <span class='ocrx_word' id='word_1_331' title='bbox 415 1191 443 1217; x_wconf 91' lang='lat' dir='ltr'><strong>te</strong></span> <span class='ocrx_word' id='word_1_332' title='bbox 454 1188 548 1216; x_wconf 83' lang='lat' dir='ltr'><strong>tribus</strong></span> <span class='ocrx_word' id='word_1_333' title='bbox 563 1197 568 1217; x_wconf 86' lang='lat'><strong>:</strong></span> <span class='ocrx_word' id='word_1_334' title='bbox 587 1191 651 1216; x_wconf 88' lang='lat' dir='ltr'><strong>esto</strong></span> <span class='ocrx_word' id='word_1_335' title='bbox 664 1189 806 1217; x_wconf 89' lang='lat' dir='ltr'><strong>Dominus</strong></span> <span class='ocrx_word' id='word_1_336' title='bbox 818 1189 943 1217; x_wconf 81' lang='lat' dir='ltr'><strong>fratrum</strong></span> 
     </span>
    </p>
   </div>
   <div class='ocr_carea' id='block_1_41' title="bbox 112 1233 944 1269">
    <p class='ocr_par' dir='ltr' id='par_1_41' title="bbox 112 1233 944 1269">
     <span class='ocr_line' id='line_1_41' title="bbox 112 1233 944 1269; baseline -0.001 -6"><span class='ocrx_word' id='word_1_337' title='bbox 112 1237 250 1268; x_wconf 85' lang='lat' dir='ltr'><strong>tuorum,</strong></span> <span class='ocrx_word' id='word_1_338' title='bbox 259 1236 287 1262; x_wconf 87' lang='lat' dir='ltr'><strong>et</strong></span> <span class='ocrx_word' id='word_1_339' title='bbox 299 1234 493 1262; x_wconf 80' lang='lat' dir='ltr'><strong>incurventur</strong></span> <span class='ocrx_word' id='word_1_340' title='bbox 503 1235 571 1261; x_wconf 85' lang='lat' dir='ltr'><strong>ante</strong></span> <span class='ocrx_word' id='word_1_341' title='bbox 581 1235 606 1261; x_wconf 87' lang='lat' dir='ltr'><strong>te</strong></span> <span class='ocrx_word' id='word_1_342' title='bbox 618 1233 670 1261; x_wconf 79' lang='lat' dir='ltr'><strong>ﬁlii</strong></span> <span class='ocrx_word' id='word_1_343' title='bbox 682 1233 786 1262; x_wconf 84' lang='lat' dir='ltr'><strong>matris</strong></span> <span class='ocrx_word' id='word_1_344' title='bbox 797 1236 855 1262; x_wconf 70' lang='lat' dir='ltr'><strong>tuae</strong></span> <span class='ocrx_word' id='word_1_345' title='bbox 872 1242 878 1261; x_wconf 91' lang='lat'><strong>:</strong></span> <span class='ocrx_word' id='word_1_346' title='bbox 894 1234 944 1269; x_wconf 91' lang='lat' dir='ltr'><strong>qui</strong></span> 
     </span>
    </p>
   </div>
   <div class='ocr_carea' id='block_1_42' title="bbox 113 1278 945 1313">
    <p class='ocr_par' dir='ltr' id='par_1_42' title="bbox 113 1278 945 1313">
     <span class='ocr_line' id='line_1_42' title="bbox 113 1278 945 1313; baseline 0 -6"><span class='ocrx_word' id='word_1_347' title='bbox 113 1278 302 1308; x_wconf 79' lang='lat' dir='ltr'><strong>maledixerit</strong></span> <span class='ocrx_word' id='word_1_348' title='bbox 317 1278 379 1312; x_wconf 89' lang='lat' dir='ltr'><strong>tibi,</strong></span> <span class='ocrx_word' id='word_1_349' title='bbox 397 1278 433 1306; x_wconf 82' lang='lat' dir='ltr'><strong>sit</strong></span> <span class='ocrx_word' id='word_1_350' title='bbox 446 1278 622 1306; x_wconf 87' lang='lat' dir='ltr'><strong>maledictus</strong></span> <span class='ocrx_word' id='word_1_351' title='bbox 636 1287 643 1306; x_wconf 89' lang='lat'><strong>:</strong></span> <span class='ocrx_word' id='word_1_352' title='bbox 660 1280 688 1306; x_wconf 91' lang='lat' dir='ltr'><strong>et</strong></span> <span class='ocrx_word' id='word_1_353' title='bbox 699 1279 751 1313; x_wconf 84' lang='lat' dir='ltr'><strong>qui</strong></span> <span class='ocrx_word' id='word_1_354' title='bbox 761 1278 945 1307; x_wconf 76' lang='lat' dir='ltr'><strong>benedixerit</strong></span> 
     </span>
    </p>
   </div>
   <div class='ocr_carea' id='block_1_43' title="bbox 111 1322 943 1358">
    <p class='ocr_par' dir='ltr' id='par_1_43' title="bbox 111 1322 943 1358">
     <span class='ocr_line' id='line_1_43' title="bbox 111 1322 943 1358; baseline -0.002 -6"><span class='ocrx_word' id='word_1_355' title='bbox 111 1324 180 1358; x_wconf 82' lang='lat' dir='ltr'><strong>tibi,</strong></span> <span class='ocrx_word' id='word_1_356' title='bbox 186 1322 447 1351; x_wconf 86' lang='lat' dir='ltr'><strong>benedictionibus</strong></span> <span class='ocrx_word' id='word_1_357' title='bbox 453 1322 616 1358; x_wconf 83' lang='lat' dir='ltr'><strong>repleatur.</strong></span> <span class='ocrx_word' id='word_1_358' title='bbox 628 1323 679 1351; x_wconf 82' lang='lat' dir='ltr'><strong>Vix</strong></span> <span class='ocrx_word' id='word_1_359' title='bbox 688 1324 770 1351; x_wconf 88' lang='lat' dir='ltr'><strong>lsaac</strong></span> <span class='ocrx_word' id='word_1_360' title='bbox 778 1330 943 1350; x_wconf 85' lang='lat' dir='ltr'><strong>sermonem</strong></span> 
     </span>
    </p>
   </div>
   <div class='ocr_carea' id='block_1_44' title="bbox 110 1366 944 1403">
    <p class='ocr_par' dir='ltr' id='par_1_44' title="bbox 110 1366 944 1403">
     <span class='ocr_line' id='line_1_44' title="bbox 110 1366 944 1403; baseline -0.001 -8"><span class='ocrx_word' id='word_1_361' title='bbox 110 1367 290 1403; x_wconf 85' lang='lat' dir='ltr'><strong>impleverat</strong></span> <span class='ocrx_word' id='word_1_362' title='bbox 309 1376 315 1396; x_wconf 89' lang='lat'>:</span> <span class='ocrx_word' id='word_1_363' title='bbox 329 1368 356 1395; x_wconf 89' lang='lat' dir='ltr'><strong>et</strong></span> <span class='ocrx_word' id='word_1_364' title='bbox 368 1373 488 1401; x_wconf 76' lang='lat' dir='ltr'><strong>egresso</strong></span> <span class='ocrx_word' id='word_1_365' title='bbox 502 1366 592 1395; x_wconf 86' lang='lat' dir='ltr'><strong>Iacob</strong></span> <span class='ocrx_word' id='word_1_366' title='bbox 605 1366 695 1398; x_wconf 87' lang='lat' dir='ltr'><strong>foras,</strong></span> <span class='ocrx_word' id='word_1_367' title='bbox 704 1366 785 1394; x_wconf 87' lang='lat' dir='ltr'><strong>venit</strong></span> <span class='ocrx_word' id='word_1_368' title='bbox 796 1366 882 1398; x_wconf 75' lang='lat' dir='ltr'><strong>Esau,</strong></span> <span class='ocrx_word' id='word_1_369' title='bbox 895 1374 944 1394; x_wconf 56' lang='lat' dir='ltr'><strong>eo.</strong></span> 
     </span>
    </p>
   </div>
   <div class='ocr_carea' id='block_1_45' title="bbox 111 1409 942 1447">
    <p class='ocr_par' dir='ltr' id='par_1_45' title="bbox 111 1409 942 1447">
     <span class='ocr_line' id='line_1_45' title="bbox 111 1409 942 1447; baseline -0.001 -7"><span class='ocrx_word' id='word_1_370' title='bbox 111 1414 239 1447; x_wconf 84' lang='lat' dir='ltr'><strong>otosque</strong></span> <span class='ocrx_word' id='word_1_371' title='bbox 259 1411 296 1439; x_wconf 93' lang='lat' dir='ltr'><strong>de</strong></span> <span class='ocrx_word' id='word_1_372' title='bbox 321 1411 477 1439; x_wconf 86' lang='lat' dir='ltr'><strong>venatione</strong></span> <span class='ocrx_word' id='word_1_373' title='bbox 493 1410 577 1438; x_wconf 87' lang='lat' dir='ltr'><strong>cibos</strong></span> <span class='ocrx_word' id='word_1_374' title='bbox 599 1409 696 1438; x_wconf 90' lang='lat' dir='ltr'><strong>intulit</strong></span> <span class='ocrx_word' id='word_1_375' title='bbox 711 1410 799 1446; x_wconf 85' lang='lat' dir='ltr'><strong>patri,</strong></span> <span class='ocrx_word' id='word_1_376' title='bbox 815 1410 917 1438; x_wconf 88' lang='lat' dir='ltr'><strong>dicens</strong></span> <span class='ocrx_word' id='word_1_377' title='bbox 934 1419 942 1440; x_wconf 88' lang='lat'>:</span> 
     </span>
    </p>
   </div>
   <div class='ocr_carea' id='block_1_46' title="bbox 113 1454 944 1492">
    <p class='ocr_par' dir='ltr' id='par_1_46' title="bbox 113 1454 944 1492">
     <span class='ocr_line' id='line_1_46' title="bbox 113 1454 944 1492; baseline -0.001 -7"><span class='ocrx_word' id='word_1_378' title='bbox 113 1457 210 1491; x_wconf 73' lang='lat' dir='ltr'><strong>Surge</strong></span> <span class='ocrx_word' id='word_1_379' title='bbox 226 1457 310 1492; x_wconf 87' lang='lat' dir='ltr'><strong>pater</strong></span> <span class='ocrx_word' id='word_1_380' title='bbox 318 1455 371 1487; x_wconf 90' lang='lat' dir='ltr'><strong>mi,</strong></span> <span class='ocrx_word' id='word_1_381' title='bbox 385 1457 413 1483; x_wconf 91' lang='lat' dir='ltr'><strong>et</strong></span> <span class='ocrx_word' id='word_1_382' title='bbox 423 1454 547 1483; x_wconf 85' lang='lat' dir='ltr'><strong>comede</strong></span> <span class='ocrx_word' id='word_1_383' title='bbox 557 1454 594 1482; x_wconf 92' lang='lat' dir='ltr'><strong>de</strong></span> <span class='ocrx_word' id='word_1_384' title='bbox 606 1454 762 1483; x_wconf 87' lang='lat' dir='ltr'><strong>venatione</strong></span> <span class='ocrx_word' id='word_1_385' title='bbox 772 1454 824 1482; x_wconf 88' lang='lat' dir='ltr'><strong>ﬁlii</strong></span> <span class='ocrx_word' id='word_1_386' title='bbox 834 1455 875 1482; x_wconf 88' lang='lat' dir='ltr'><strong>tui</strong></span> <span class='ocrx_word' id='word_1_387' title='bbox 890 1462 897 1482; x_wconf 84' lang='lat'><strong><em>:</em></strong></span> <span class='ocrx_word' id='word_1_388' title='bbox 912 1457 944 1484; x_wconf 86' lang='lat' dir='ltr'><strong>ut</strong></span> 
     </span>
    </p>
   </div>
   <div class='ocr_carea' id='block_1_47' title="bbox 111 1498 943 1534">
    <p class='ocr_par' dir='ltr' id='par_1_47' title="bbox 111 1498 943 1534">
     <span class='ocr_line' id='line_1_47' title="bbox 111 1498 943 1534; baseline -0.002 -5"><span class='ocrx_word' id='word_1_389' title='bbox 111 1500 273 1529; x_wconf 87' lang='lat' dir='ltr'><strong>benedicat</strong></span> <span class='ocrx_word' id='word_1_390' title='bbox 294 1499 367 1528; x_wconf 89' lang='lat' dir='ltr'><strong>mihi</strong></span> <span class='ocrx_word' id='word_1_391' title='bbox 387 1498 489 1527; x_wconf 85' lang='lat' dir='ltr'><strong>anima</strong></span> <span class='ocrx_word' id='word_1_392' title='bbox 512 1500 573 1526; x_wconf 91' lang='lat' dir='ltr'><strong>tua.</strong></span> <span class='ocrx_word' id='word_1_393' title='bbox 596 1498 732 1534; x_wconf 83' lang='lat' dir='ltr'><strong>Dixitque</strong></span> <span class='ocrx_word' id='word_1_394' title='bbox 748 1499 832 1526; x_wconf 85' lang='lat' dir='ltr'><strong>Isaac</strong></span> <span class='ocrx_word' id='word_1_395' title='bbox 849 1508 854 1527; x_wconf 94' lang='lat'>:</span> <span class='ocrx_word' id='word_1_396' title='bbox 872 1499 943 1531; x_wconf 86' lang='lat' dir='ltr'><strong>Quis</strong></span> 
     </span>
    </p>
   </div>
   <div class='ocr_carea' id='block_1_48' title="bbox 110 1543 942 1579">
    <p class='ocr_par' dir='ltr' id='par_1_48' title="bbox 110 1543 942 1579">
     <span class='ocr_line' id='line_1_48' title="bbox 110 1543 942 1579; baseline -0.001 -6"><span class='ocrx_word' id='word_1_397' title='bbox 110 1544 193 1573; x_wconf 86' lang='lat' dir='ltr'><strong>enim</strong></span> <span class='ocrx_word' id='word_1_398' title='bbox 208 1552 240 1572; x_wconf 85' lang='lat' dir='ltr'><strong>es</strong></span> <span class='ocrx_word' id='word_1_399' title='bbox 253 1545 286 1572; x_wconf 92' lang='lat' dir='ltr'><strong>tu</strong></span> <span class='ocrx_word' id='word_1_400' title='bbox 296 1544 309 1571; x_wconf 84' lang='lat'><strong>?</strong></span> <span class='ocrx_word' id='word_1_401' title='bbox 319 1544 373 1577; x_wconf 87' lang='lat' dir='ltr'><strong>Qui</strong></span> <span class='ocrx_word' id='word_1_402' title='bbox 383 1543 554 1579; x_wconf 87' lang='lat' dir='ltr'><strong>respondit:</strong></span> <span class='ocrx_word' id='word_1_403' title='bbox 573 1545 633 1578; x_wconf 80' lang='lat' dir='ltr'><strong>Ego</strong></span> <span class='ocrx_word' id='word_1_404' title='bbox 648 1551 714 1571; x_wconf 87' lang='lat' dir='ltr'><strong>sum</strong></span> <span class='ocrx_word' id='word_1_405' title='bbox 726 1543 942 1579; x_wconf 79' lang='lat' dir='ltr'><strong>primogenitus</strong></span> 
     </span>
    </p>
   </div>
   <div class='ocr_carea' id='block_1_49' title="bbox 110 1588 942 1624">
    <p class='ocr_par' dir='ltr' id='par_1_49' title="bbox 110 1588 942 1624">
     <span class='ocr_line' id='line_1_49' title="bbox 110 1588 942 1624; baseline 0 -7"><span class='ocrx_word' id='word_1_406' title='bbox 110 1592 182 1617; x_wconf 89' lang='lat' dir='ltr'><strong>tuus</strong></span> <span class='ocrx_word' id='word_1_407' title='bbox 198 1590 285 1617; x_wconf 76' lang='lat' dir='ltr'><strong>Esau.</strong></span> <span class='ocrx_word' id='word_1_408' title='bbox 296 1588 417 1624; x_wconf 82' lang='lat' dir='ltr'><strong>Expavit</strong></span> <span class='ocrx_word' id='word_1_409' title='bbox 429 1590 510 1616; x_wconf 86' lang='lat' dir='ltr'><strong>Isaac</strong></span> <span class='ocrx_word' id='word_1_410' title='bbox 522 1590 642 1624; x_wconf 88' lang='lat' dir='ltr'><strong>stupore</strong></span> <span class='ocrx_word' id='word_1_411' title='bbox 652 1588 820 1616; x_wconf 88' lang='lat' dir='ltr'><strong>vehementi</strong></span> <span class='ocrx_word' id='word_1_412' title='bbox 837 1598 843 1617; x_wconf 91' lang='lat'>:</span> <span class='ocrx_word' id='word_1_413' title='bbox 859 1590 886 1616; x_wconf 89' lang='lat' dir='ltr'><strong>et</strong></span> <span class='ocrx_word' id='word_1_414' title='bbox 898 1588 942 1617; x_wconf 82' lang='lat' dir='ltr'><strong>ul-</strong></span> 
     </span>
    </p>
   </div>
   <div class='ocr_carea' id='block_1_50' title="bbox 111 1632 942 1669">
    <p class='ocr_par' dir='ltr' id='par_1_50' title="bbox 111 1632 942 1669">
     <span class='ocr_line' id='line_1_50' title="bbox 111 1632 942 1669; baseline -0.001 -8"><span class='ocrx_word' id='word_1_415' title='bbox 111 1636 156 1661; x_wconf 87' lang='lat' dir='ltr'><strong>tra</strong></span> <span class='ocrx_word' id='word_1_416' title='bbox 162 1641 256 1669; x_wconf 87' lang='lat' dir='ltr'><strong>quam</strong></span> <span class='ocrx_word' id='word_1_417' title='bbox 264 1632 343 1660; x_wconf 90' lang='lat' dir='ltr'><strong>credi</strong></span> <span class='ocrx_word' id='word_1_418' title='bbox 350 1635 457 1668; x_wconf 84' lang='lat' dir='ltr'><strong>potest,</strong></span> <span class='ocrx_word' id='word_1_419' title='bbox 467 1632 632 1666; x_wconf 85' lang='lat' dir='ltr'><strong>admirans,</strong></span> <span class='ocrx_word' id='word_1_420' title='bbox 641 1632 681 1661; x_wconf 86' lang='lat' dir='ltr'><strong>ait</strong></span> <span class='ocrx_word' id='word_1_421' title='bbox 691 1641 697 1660; x_wconf 90' lang='lat'><strong>:</strong></span> <span class='ocrx_word' id='word_1_422' title='bbox 706 1633 777 1665; x_wconf 85' lang='lat' dir='ltr'><strong>Quis</strong></span> <span class='ocrx_word' id='word_1_423' title='bbox 790 1632 837 1660; x_wconf 90' lang='lat' dir='ltr'><strong>ille</strong></span> <span class='ocrx_word' id='word_1_424' title='bbox 852 1633 942 1667; x_wconf 82' lang='lat' dir='ltr'><strong>igitur</strong></span> 
     </span>
    </p>
   </div>
   <div class='ocr_carea' id='block_1_51' title="bbox 110 1676 941 1713">
    <p class='ocr_par' dir='ltr' id='par_1_51' title="bbox 110 1676 941 1713">
     <span class='ocr_line' id='line_1_51' title="bbox 110 1676 941 1713; baseline -0.001 -7"><span class='ocrx_word' id='word_1_425' title='bbox 110 1679 168 1711; x_wconf 75' lang='lat' dir='ltr'><strong>est,</strong></span> <span class='ocrx_word' id='word_1_426' title='bbox 184 1677 237 1713; x_wconf 84' lang='lat' dir='ltr'><strong>qui</strong></span> <span class='ocrx_word' id='word_1_427' title='bbox 252 1677 370 1706; x_wconf 88' lang='lat' dir='ltr'><strong>dudum</strong></span> <span class='ocrx_word' id='word_1_428' title='bbox 386 1679 505 1713; x_wconf 87' lang='lat' dir='ltr'><strong>captam</strong></span> <span class='ocrx_word' id='word_1_429' title='bbox 516 1677 706 1706; x_wconf 88' lang='lat' dir='ltr'><strong>venationem</strong></span> <span class='ocrx_word' id='word_1_430' title='bbox 718 1676 814 1706; x_wconf 82' lang='lat' dir='ltr'><strong>attulit</strong></span> <span class='ocrx_word' id='word_1_431' title='bbox 821 1677 941 1712; x_wconf 84' lang='lat' dir='ltr'><strong>mihi,et</strong></span> 
     </span>
    </p>
   </div>
   <div class='ocr_carea' id='block_1_52' title="bbox 109 1721 940 1757">
    <p class='ocr_par' dir='ltr' id='par_1_52' title="bbox 109 1721 940 1757">
     <span class='ocr_line' id='line_1_52' title="bbox 109 1721 940 1757; baseline 0 -7"><span class='ocrx_word' id='word_1_432' title='bbox 109 1721 230 1750; x_wconf 87' lang='lat' dir='ltr'><strong>comedi</strong></span> <span class='ocrx_word' id='word_1_433' title='bbox 247 1729 284 1749; x_wconf 81' lang='lat' dir='ltr'><strong>ex</strong></span> <span class='ocrx_word' id='word_1_434' title='bbox 298 1721 440 1749; x_wconf 87' lang='lat' dir='ltr'><strong>omnibus</strong></span> <span class='ocrx_word' id='word_1_435' title='bbox 463 1721 640 1757; x_wconf 86' lang='lat' dir='ltr'><strong>priusquam</strong></span> <span class='ocrx_word' id='word_1_436' title='bbox 656 1724 690 1750; x_wconf 90' lang='lat' dir='ltr'><strong>tu</strong></span> <span class='ocrx_word' id='word_1_437' title='bbox 704 1721 841 1750; x_wconf 84' lang='lat' dir='ltr'><strong>venires?</strong></span> <span class='ocrx_word' id='word_1_438' title='bbox 851 1722 940 1750; x_wconf 90' lang='lat' dir='ltr'><strong>bene-</strong></span> 
     </span>
    </p>
   </div>
   <div class='ocr_carea' id='block_1_53' title="bbox 107 1765 939 1802">
    <p class='ocr_par' dir='ltr' id='par_1_53' title="bbox 107 1765 939 1802">
     <span class='ocr_line' id='line_1_53' title="bbox 107 1765 939 1802; baseline 0 -8"><span class='ocrx_word' id='word_1_439' title='bbox 107 1765 233 1802; x_wconf 83' lang='lat' dir='ltr'><strong>dixique</strong></span> <span class='ocrx_word' id='word_1_440' title='bbox 248 1765 285 1798; x_wconf 92' lang='lat' dir='ltr'><strong>ei,</strong></span> <span class='ocrx_word' id='word_1_441' title='bbox 302 1767 331 1794; x_wconf 87' lang='lat' dir='ltr'><strong>et</strong></span> <span class='ocrx_word' id='word_1_442' title='bbox 342 1765 397 1795; x_wconf 87' lang='lat' dir='ltr'><strong>erit</strong></span> <span class='ocrx_word' id='word_1_443' title='bbox 415 1765 602 1794; x_wconf 90' lang='lat' dir='ltr'><strong>benedictus.</strong></span> <span class='ocrx_word' id='word_1_444' title='bbox 622 1765 735 1794; x_wconf 81' lang='lat' dir='ltr'><strong>Auditis</strong></span> <span class='ocrx_word' id='word_1_445' title='bbox 761 1765 848 1801; x_wconf 82' lang='lat' dir='ltr'><strong>17o</strong></span> <span class='ocrx_word' id='word_1_446' title='bbox 863 1767 939 1794; x_wconf 78' lang='lat' dir='ltr'><strong>Esau</strong></span> 
     </span>
    </p>
   </div>
   <div class='ocr_carea' id='block_1_54' title="bbox 109 1809 940 1846">
    <p class='ocr_par' dir='ltr' id='par_1_54' title="bbox 109 1809 940 1846">
     <span class='ocr_line' id='line_1_54' title="bbox 109 1809 940 1846; baseline 0.001 -8"><span class='ocrx_word' id='word_1_447' title='bbox 109 1810 303 1839; x_wconf 82' lang='lat' dir='ltr'><strong>sermonibus</strong></span> <span class='ocrx_word' id='word_1_448' title='bbox 310 1810 413 1846; x_wconf 84' lang='lat' dir='ltr'><strong>patris,</strong></span> <span class='ocrx_word' id='word_1_449' title='bbox 424 1809 683 1845; x_wconf 80' lang='lat' dir='ltr'><strong>inrugiitclamore</strong></span> <span class='ocrx_word' id='word_1_450' title='bbox 694 1818 807 1846; x_wconf 79' lang='lat' dir='ltr'><strong>magno</strong></span> <span class='ocrx_word' id='word_1_451' title='bbox 817 1820 823 1838; x_wconf 89' lang='lat'><strong>:</strong></span> <span class='ocrx_word' id='word_1_452' title='bbox 833 1812 861 1841; x_wconf 87' lang='lat' dir='ltr'><strong>et</strong></span> <span class='ocrx_word' id='word_1_453' title='bbox 869 1819 940 1839; x_wconf 85' lang='lat' dir='ltr'><strong>con-</strong></span> 
     </span>
    </p>
   </div>
   <div class='ocr_carea' id='block_1_55' title="bbox 109 1853 940 1891">
    <p class='ocr_par' dir='ltr' id='par_1_55' title="bbox 109 1853 940 1891">
     <span class='ocr_line' id='line_1_55' title="bbox 109 1853 940 1891; baseline 0.001 -9"><span class='ocrx_word' id='word_1_454' title='bbox 109 1856 263 1883; x_wconf 85' lang='lat' dir='ltr'><strong>sternatus</strong></span> <span class='ocrx_word' id='word_1_455' title='bbox 277 1854 308 1882; x_wconf 91' lang='lat' dir='ltr'><strong>in</strong></span> <span class='ocrx_word' id='word_1_456' title='bbox 323 1856 410 1889; x_wconf 87' lang='lat' dir='ltr'><strong>terra,</strong></span> <span class='ocrx_word' id='word_1_457' title='bbox 425 1853 486 1885; x_wconf 87' lang='lat' dir='ltr'><strong>ait:</strong></span> <span class='ocrx_word' id='word_1_458' title='bbox 504 1854 630 1883; x_wconf 87' lang='lat' dir='ltr'><strong>Benedic</strong></span> <span class='ocrx_word' id='word_1_459' title='bbox 648 1854 739 1883; x_wconf 84' lang='lat' dir='ltr'><strong>etiam</strong></span> <span class='ocrx_word' id='word_1_460' title='bbox 756 1854 839 1888; x_wconf 90' lang='lat' dir='ltr'><strong>mihi,</strong></span> <span class='ocrx_word' id='word_1_461' title='bbox 856 1856 940 1891; x_wconf 84' lang='lat' dir='ltr'><strong>pater</strong></span> 
     </span>
    </p>
   </div>
   <div class='ocr_carea' id='block_1_56' title="bbox 107 1897 941 1932">
    <p class='ocr_par' dir='ltr' id='par_1_56' title="bbox 107 1897 941 1932">
     <span class='ocr_line' id='line_1_56' title="bbox 107 1897 941 1932; baseline 0.002 -6"><span class='ocrx_word' id='word_1_462' title='bbox 107 1899 163 1926; x_wconf 90' lang='lat' dir='ltr'><strong>mi.</strong></span> <span class='ocrx_word' id='word_1_463' title='bbox 178 1898 233 1930; x_wconf 86' lang='lat' dir='ltr'><strong>Qui</strong></span> <span class='ocrx_word' id='word_1_464' title='bbox 248 1898 289 1927; x_wconf 86' lang='lat' dir='ltr'><strong>ait</strong></span> <span class='ocrx_word' id='word_1_465' title='bbox 304 1906 311 1927; x_wconf 87' lang='lat'><strong>:</strong></span> <span class='ocrx_word' id='word_1_466' title='bbox 326 1897 410 1925; x_wconf 91' lang='lat' dir='ltr'><strong>Venit</strong></span> <span class='ocrx_word' id='word_1_467' title='bbox 429 1904 592 1931; x_wconf 80' lang='lat' dir='ltr'><strong>germanus</strong></span> <span class='ocrx_word' id='word_1_468' title='bbox 606 1900 676 1927; x_wconf 79' lang='lat' dir='ltr'><strong>tuus</strong></span> <span class='ocrx_word' id='word_1_469' title='bbox 689 1897 903 1932; x_wconf 74' lang='lat' dir='ltr'><strong>fraudulenter,</strong></span> <span class='ocrx_word' id='word_1_470' title='bbox 912 1900 941 1928; x_wconf 82' lang='lat' dir='ltr'><strong>et</strong></span> 
     </span>
    </p>
   </div>
   <div class='ocr_carea' id='block_1_57' title="bbox 106 1940 940 1976">
    <p class='ocr_par' dir='ltr' id='par_1_57' title="bbox 106 1940 940 1976">
     <span class='ocr_line' id='line_1_57' title="bbox 106 1940 940 1976; baseline 0 -6"><span class='ocrx_word' id='word_1_471' title='bbox 106 1940 472 1976; x_wconf 87' lang='lat' dir='ltr'><strong>accepitbenedictionem</strong></span> <span class='ocrx_word' id='word_1_472' title='bbox 479 1942 573 1968; x_wconf 85' lang='lat' dir='ltr'><strong>tuam.</strong></span> <span class='ocrx_word' id='word_1_473' title='bbox 580 1940 740 1976; x_wconf 79' lang='lat' dir='ltr'><strong>Subjunxit</strong></span> <span class='ocrx_word' id='word_1_474' title='bbox 750 1942 846 1970; x_wconf 80' lang='lat' dir='ltr'><strong>:Iuste</strong></span> <span class='ocrx_word' id='word_1_475' title='bbox 853 1949 940 1970; x_wconf 88' lang='lat' dir='ltr'><strong>voca-</strong></span> 
     </span>
    </p>
   </div>
   <div class='ocr_carea' id='block_1_58' title="bbox 108 1983 941 2020">
    <p class='ocr_par' dir='ltr' id='par_1_58' title="bbox 108 1983 941 2020">
     <span class='ocr_line' id='line_1_58' title="bbox 108 1983 941 2020; baseline 0 -7"><span class='ocrx_word' id='word_1_476' title='bbox 108 1988 177 2014; x_wconf 88' lang='lat' dir='ltr'><strong>tum</strong></span> <span class='ocrx_word' id='word_1_477' title='bbox 196 1986 240 2012; x_wconf 89' lang='lat' dir='ltr'><strong>est</strong></span> <span class='ocrx_word' id='word_1_478' title='bbox 254 1991 364 2012; x_wconf 88' lang='lat' dir='ltr'><strong>nomen</strong></span> <span class='ocrx_word' id='word_1_479' title='bbox 378 1984 442 2019; x_wconf 87' lang='lat' dir='ltr'><strong>ejus</strong></span> <span class='ocrx_word' id='word_1_480' title='bbox 456 1983 548 2012; x_wconf 86' lang='lat' dir='ltr'><strong>Iacob</strong></span> <span class='ocrx_word' id='word_1_481' title='bbox 563 1992 569 2011; x_wconf 89' lang='lat'>:</span> <span class='ocrx_word' id='word_1_482' title='bbox 586 1984 789 2020; x_wconf 81' lang='lat' dir='ltr'><strong>supplantavit</strong></span> <span class='ocrx_word' id='word_1_483' title='bbox 803 1985 884 2014; x_wconf 87' lang='lat' dir='ltr'><strong>enim</strong></span> <span class='ocrx_word' id='word_1_484' title='bbox 892 1993 941 2013; x_wconf 93' lang='lat' dir='ltr'><strong>me</strong></span> 
     </span>
    </p>
   </div>
   <div class='ocr_carea' id='block_1_59' title="bbox 109 2027 941 2063">
    <p class='ocr_par' dir='ltr' id='par_1_59' title="bbox 109 2027 941 2063">
     <span class='ocr_line' id='line_1_59' title="bbox 109 2027 941 2063; baseline 0.001 -6"><span class='ocrx_word' id='word_1_485' title='bbox 109 2037 149 2057; x_wconf 92' lang='lat' dir='ltr'><strong>en</strong></span> <span class='ocrx_word' id='word_1_486' title='bbox 162 2028 255 2056; x_wconf 84' lang='lat' dir='ltr'><strong>altera</strong></span> <span class='ocrx_word' id='word_1_487' title='bbox 265 2028 329 2056; x_wconf 87' lang='lat' dir='ltr'><strong>vice</strong></span> <span class='ocrx_word' id='word_1_488' title='bbox 345 2038 350 2057; x_wconf 85' lang='lat'><strong><em>:</em></strong></span> <span class='ocrx_word' id='word_1_489' title='bbox 370 2027 571 2063; x_wconf 80' lang='lat' dir='ltr'><strong>primogenita</strong></span> <span class='ocrx_word' id='word_1_490' title='bbox 583 2035 652 2056; x_wconf 88' lang='lat' dir='ltr'><strong>mea</strong></span> <span class='ocrx_word' id='word_1_491' title='bbox 663 2028 815 2060; x_wconf 85' lang='lat' dir='ltr'><strong>antetulit,</strong></span> <span class='ocrx_word' id='word_1_492' title='bbox 824 2030 852 2056; x_wconf 92' lang='lat' dir='ltr'><strong>et</strong></span> <span class='ocrx_word' id='word_1_493' title='bbox 861 2036 941 2058; x_wconf 86' lang='lat' dir='ltr'><strong>nunc</strong></span> 
     </span>
    </p>
   </div>
   <div class='ocr_carea' id='block_1_60' title="bbox 110 2071 940 2110">
    <p class='ocr_par' dir='ltr' id='par_1_60' title="bbox 110 2071 940 2110">
     <span class='ocr_line' id='line_1_60' title="bbox 110 2071 940 2110; baseline -0.001 -9"><span class='ocrx_word' id='word_1_494' title='bbox 110 2073 250 2102; x_wconf 90' lang='lat' dir='ltr'><strong>secundo</strong></span> <span class='ocrx_word' id='word_1_495' title='bbox 258 2072 406 2109; x_wconf 86' lang='lat' dir='ltr'><strong>subripuit</strong></span> <span class='ocrx_word' id='word_1_496' title='bbox 412 2071 647 2100; x_wconf 87' lang='lat' dir='ltr'><strong>benedictionem</strong></span> <span class='ocrx_word' id='word_1_497' title='bbox 655 2073 940 2110; x_wconf 58' lang='lat' dir='ltr'><strong>nmamﬁursumque</strong></span> 
     </span>
    </p>
   </div>
   <div class='ocr_carea' id='block_1_61' title="bbox 107 2116 940 2154">
    <p class='ocr_par' dir='ltr' id='par_1_61' title="bbox 107 2116 940 2154">
     <span class='ocr_line' id='line_1_61' title="bbox 107 2116 940 2154; baseline -0.001 -8"><span class='ocrx_word' id='word_1_498' title='bbox 107 2118 149 2147; x_wconf 90' lang='lat' dir='ltr'><strong>ad</strong></span> <span class='ocrx_word' id='word_1_499' title='bbox 162 2119 278 2154; x_wconf 87' lang='lat' dir='ltr'><strong>patrem</strong></span> <span class='ocrx_word' id='word_1_500' title='bbox 295 2126 302 2145; x_wconf 88' lang='lat'>:</span> <span class='ocrx_word' id='word_1_501' title='bbox 318 2116 458 2152; x_wconf 89' lang='lat' dir='ltr'><strong>Nunquid</strong></span> <span class='ocrx_word' id='word_1_502' title='bbox 473 2123 534 2144; x_wconf 89' lang='lat' dir='ltr'><strong>non</strong></span> <span class='ocrx_word' id='word_1_503' title='bbox 547 2116 682 2150; x_wconf 78' lang='lat' dir='ltr'><strong>servasti,</strong></span> <span class='ocrx_word' id='word_1_504' title='bbox 699 2116 748 2149; x_wconf 90' lang='lat' dir='ltr'><strong>ait,</strong></span> <span class='ocrx_word' id='word_1_505' title='bbox 760 2118 788 2145; x_wconf 87' lang='lat' dir='ltr'><strong>et</strong></span> <span class='ocrx_word' id='word_1_506' title='bbox 802 2117 874 2145; x_wconf 89' lang='lat' dir='ltr'><strong>mihi</strong></span> <span class='ocrx_word' id='word_1_507' title='bbox 888 2117 940 2145; x_wconf 89' lang='lat' dir='ltr'><strong>be-</strong></span> 
     </span>
    </p>
   </div>
   <div class='ocr_carea' id='block_1_62' title="bbox 107 2160 941 2197">
    <p class='ocr_par' dir='ltr' id='par_1_62' title="bbox 107 2160 941 2197">
     <span class='ocr_line' id='line_1_62' title="bbox 107 2160 941 2197; baseline -0.001 -6"><span class='ocrx_word' id='word_1_508' title='bbox 107 2162 310 2191; x_wconf 88' lang='lat' dir='ltr'><strong>nedictionem</strong></span> <span class='ocrx_word' id='word_1_509' title='bbox 323 2162 337 2190; x_wconf 79' lang='lat' dir='ltr'><strong>‘I</strong></span> <span class='ocrx_word' id='word_1_510' title='bbox 352 2160 607 2197; x_wconf 78' lang='lat' dir='ltr'><strong>Responditlsaac</strong></span> <span class='ocrx_word' id='word_1_511' title='bbox 623 2169 629 2189; x_wconf 88' lang='lat'><strong><em>:</em></strong></span> <span class='ocrx_word' id='word_1_512' title='bbox 644 2160 668 2188; x_wconf 88' lang='lat' dir='ltr'><strong>si</strong></span> <span class='ocrx_word' id='word_1_513' title='bbox 680 2160 838 2189; x_wconf 90' lang='lat' dir='ltr'><strong>dominum</strong></span> <span class='ocrx_word' id='word_1_514' title='bbox 856 2163 941 2190; x_wconf 89' lang='lat' dir='ltr'><strong>tuum</strong></span> 
     </span>
    </p>
   </div>
   <div class='ocr_carea' id='block_1_63' title="bbox 106 2204 941 2240">
    <p class='ocr_par' dir='ltr' id='par_1_63' title="bbox 106 2204 941 2240">
     <span class='ocr_line' id='line_1_63' title="bbox 106 2204 941 2240; baseline -0.002 -5"><span class='ocrx_word' id='word_1_515' title='bbox 106 2207 193 2235; x_wconf 88' lang='lat' dir='ltr'><strong>illum</strong></span> <span class='ocrx_word' id='word_1_516' title='bbox 205 2205 355 2239; x_wconf 85' lang='lat' dir='ltr'><strong>constitui,</strong></span> <span class='ocrx_word' id='word_1_517' title='bbox 370 2207 399 2233; x_wconf 91' lang='lat' dir='ltr'><strong>et</strong></span> <span class='ocrx_word' id='word_1_518' title='bbox 411 2212 516 2232; x_wconf 89' lang='lat' dir='ltr'><strong>omnes</strong></span> <span class='ocrx_word' id='word_1_519' title='bbox 524 2204 628 2233; x_wconf 77' lang='lat' dir='ltr'><strong>fratres</strong></span> <span class='ocrx_word' id='word_1_520' title='bbox 642 2204 707 2240; x_wconf 89' lang='lat' dir='ltr'><strong>ejus</strong></span> <span class='ocrx_word' id='word_1_521' title='bbox 717 2205 848 2233; x_wconf 87' lang='lat' dir='ltr'><strong>servituti</strong></span> <span class='ocrx_word' id='word_1_522' title='bbox 863 2205 941 2233; x_wconf 87' lang='lat' dir='ltr'><strong>illius</strong></span> 
     </span>
    </p>
   </div>
   <div class='ocr_carea' id='block_1_64' title="bbox 107 2248 941 2286">
    <p class='ocr_par' dir='ltr' id='par_1_64' title="bbox 107 2248 941 2286">
     <span class='ocr_line' id='line_1_64' title="bbox 107 2248 941 2286; baseline -0.001 -7"><span class='ocrx_word' id='word_1_523' title='bbox 107 2250 272 2286; x_wconf 80' lang='lat' dir='ltr'><strong>subjugavi</strong></span> <span class='ocrx_word' id='word_1_524' title='bbox 290 2259 296 2278; x_wconf 87' lang='lat'>:</span> <span class='ocrx_word' id='word_1_525' title='bbox 313 2249 464 2278; x_wconf 86' lang='lat' dir='ltr'><strong>frumento</strong></span> <span class='ocrx_word' id='word_1_526' title='bbox 471 2251 499 2276; x_wconf 87' lang='lat' dir='ltr'><strong>et</strong></span> <span class='ocrx_word' id='word_1_527' title='bbox 508 2249 578 2277; x_wconf 93' lang='lat' dir='ltr'><strong>vino</strong></span> <span class='ocrx_word' id='word_1_528' title='bbox 586 2248 714 2277; x_wconf 88' lang='lat' dir='ltr'><strong>stabilivi</strong></span> <span class='ocrx_word' id='word_1_529' title='bbox 723 2257 803 2283; x_wconf 88' lang='lat' dir='ltr'><strong>eum,</strong></span> <span class='ocrx_word' id='word_1_530' title='bbox 815 2249 867 2277; x_wconf 89' lang='lat' dir='ltr'><strong>tibi</strong></span> <span class='ocrx_word' id='word_1_531' title='bbox 873 2252 941 2286; x_wconf 87' lang='lat' dir='ltr'><strong>post</strong></span> 
     </span>
    </p>
   </div>
   <div class='ocr_carea' id='block_1_65' title="bbox 107 2292 940 2329">
    <p class='ocr_par' dir='ltr' id='par_1_65' title="bbox 107 2292 940 2329">
     <span class='ocr_line' id='line_1_65' title="bbox 107 2292 940 2329; baseline -0.002 -5"><span class='ocrx_word' id='word_1_532' title='bbox 107 2296 186 2328; x_wconf 78' lang='lat' dir='ltr'><strong>haec,</strong></span> <span class='ocrx_word' id='word_1_533' title='bbox 195 2294 237 2322; x_wconf 85' lang='lat' dir='ltr'><strong>tili</strong></span> <span class='ocrx_word' id='word_1_534' title='bbox 248 2293 383 2326; x_wconf 86' lang='lat' dir='ltr'><strong>mi,ultra</strong></span> <span class='ocrx_word' id='word_1_535' title='bbox 390 2293 463 2329; x_wconf 90' lang='lat' dir='ltr'><strong>quid</strong></span> <span class='ocrx_word' id='word_1_536' title='bbox 470 2293 580 2322; x_wconf 83' lang='lat' dir='ltr'><strong>faciam</strong></span> <span class='ocrx_word' id='word_1_537' title='bbox 592 2292 606 2320; x_wconf 69' lang='lat'>7</span> <span class='ocrx_word' id='word_1_538' title='bbox 620 2293 836 2322; x_wconf 77' lang='lat' dir='ltr'><strong>CuidixitEsat‘i</strong></span> <span class='ocrx_word' id='word_1_539' title='bbox 848 2302 853 2320; x_wconf 90' lang='lat'>:</span> <span class='ocrx_word' id='word_1_540' title='bbox 864 2295 940 2322; x_wconf 89' lang='lat' dir='ltr'><strong>Num</strong></span> 
     </span>
    </p>
   </div>
   <div class='ocr_carea' id='block_1_66' title="bbox 109 2338 940 2375">
    <p class='ocr_par' dir='ltr' id='par_1_66' title="bbox 109 2338 940 2375">
     <span class='ocr_line' id='line_1_66' title="bbox 109 2338 940 2375; baseline -0.004 -7"><span class='ocrx_word' id='word_1_541' title='bbox 109 2347 215 2370; x_wconf 86' lang='lat' dir='ltr'><strong>unam,</strong></span> <span class='ocrx_word' id='word_1_542' title='bbox 225 2338 332 2375; x_wconf 88' lang='lat' dir='ltr'><strong>inquit,</strong></span> <span class='ocrx_word' id='word_1_543' title='bbox 343 2341 458 2367; x_wconf 89' lang='lat' dir='ltr'><strong>tantum</strong></span> <span class='ocrx_word' id='word_1_544' title='bbox 470 2338 705 2367; x_wconf 87' lang='lat' dir='ltr'><strong>benedictionem</strong></span> <span class='ocrx_word' id='word_1_545' title='bbox 718 2338 823 2372; x_wconf 84' lang='lat' dir='ltr'><strong>habes,</strong></span> <span class='ocrx_word' id='word_1_546' title='bbox 835 2341 918 2375; x_wconf 89' lang='lat' dir='ltr'><strong>pater</strong></span> <span class='ocrx_word' id='word_1_547' title='bbox 927 2338 940 2365; x_wconf 78' lang='lat'><strong>?</strong></span> 
     </span>
    </p>
   </div>
   <div class='ocr_carea' id='block_1_67' title="bbox 108 2382 941 2420">
    <p class='ocr_par' dir='ltr' id='par_1_67' title="bbox 108 2382 941 2420">
     <span class='ocr_line' id='line_1_67' title="bbox 108 2382 941 2420; baseline -0.004 -7"><span class='ocrx_word' id='word_1_548' title='bbox 108 2384 187 2413; x_wconf 87' lang='lat' dir='ltr'><strong>mihi</strong></span> <span class='ocrx_word' id='word_1_549' title='bbox 197 2391 320 2420; x_wconf 84' lang='lat' dir='ltr'><strong>quoque</strong></span> <span class='ocrx_word' id='word_1_550' title='bbox 331 2382 456 2411; x_wconf 82' lang='lat' dir='ltr'><strong>obsecro</strong></span> <span class='ocrx_word' id='word_1_551' title='bbox 464 2385 497 2410; x_wconf 88' lang='lat' dir='ltr'><strong>ut</strong></span> <span class='ocrx_word' id='word_1_552' title='bbox 505 2382 675 2412; x_wconf 84' lang='lat' dir='ltr'><strong>benedicas.</strong></span> <span class='ocrx_word' id='word_1_553' title='bbox 684 2383 818 2420; x_wconf 85' lang='lat' dir='ltr'><strong>Cumque</strong></span> <span class='ocrx_word' id='word_1_554' title='bbox 829 2383 853 2419; x_wconf 85' lang='lat' dir='ltr'><strong>ej</strong></span> <span class='ocrx_word' id='word_1_555' title='bbox 860 2383 941 2411; x_wconf 86' lang='lat' dir='ltr'><strong>ulatu</strong></span> 
     </span>
    </p>
   </div>
   <div class='ocr_carea' id='block_1_68' title="bbox 107 2427 939 2465">
    <p class='ocr_par' dir='ltr' id='par_1_68' title="bbox 107 2427 939 2465">
     <span class='ocr_line' id='line_1_68' title="bbox 107 2427 939 2465; baseline -0.004 -8"><span class='ocrx_word' id='word_1_556' title='bbox 107 2435 223 2463; x_wconf 80' lang='lat' dir='ltr'><strong>magno</strong></span> <span class='ocrx_word' id='word_1_557' title='bbox 230 2427 323 2460; x_wconf 87' lang='lat' dir='ltr'><strong>ﬂeret,</strong></span> <span class='ocrx_word' id='word_1_558' title='bbox 334 2431 432 2455; x_wconf 87' lang='lat' dir='ltr'><strong>motus</strong></span> <span class='ocrx_word' id='word_1_559' title='bbox 441 2428 534 2460; x_wconf 84' lang='lat' dir='ltr'><strong>Isaac,</strong></span> <span class='ocrx_word' id='word_1_560' title='bbox 545 2427 618 2456; x_wconf 82' lang='lat' dir='ltr'><strong>dixit</strong></span> <span class='ocrx_word' id='word_1_561' title='bbox 626 2428 666 2455; x_wconf 88' lang='lat' dir='ltr'><strong>ad</strong></span> <span class='ocrx_word' id='word_1_562' title='bbox 674 2436 742 2456; x_wconf 89' lang='lat' dir='ltr'><strong>eum</strong></span> <span class='ocrx_word' id='word_1_563' title='bbox 756 2438 762 2457; x_wconf 85' lang='lat'><strong>:</strong></span> <span class='ocrx_word' id='word_1_564' title='bbox 775 2430 806 2455; x_wconf 89' lang='lat' dir='ltr'><strong>In</strong></span> <span class='ocrx_word' id='word_1_565' title='bbox 817 2428 939 2465; x_wconf 81' lang='lat' dir='ltr'><strong>pingue-</strong></span> 
     </span>
    </p>
   </div>
   <div class='ocr_carea' id='block_1_69' title="bbox 106 2470 939 2508">
    <p class='ocr_par' dir='ltr' id='par_1_69' title="bbox 106 2470 939 2508">
     <span class='ocr_line' id='line_1_69' title="bbox 106 2470 939 2508; baseline -0.001 -7"><span class='ocrx_word' id='word_1_566' title='bbox 106 2473 179 2501; x_wconf 88' lang='lat' dir='ltr'><strong>dine</strong></span> <span class='ocrx_word' id='word_1_567' title='bbox 196 2475 292 2504; x_wconf 75' lang='lat' dir='ltr'><strong>terrae,</strong></span> <span class='ocrx_word' id='word_1_568' title='bbox 308 2475 336 2499; x_wconf 90' lang='lat' dir='ltr'><strong>et</strong></span> <span class='ocrx_word' id='word_1_569' title='bbox 350 2471 381 2499; x_wconf 91' lang='lat' dir='ltr'><strong>in</strong></span> <span class='ocrx_word' id='word_1_570' title='bbox 397 2479 462 2499; x_wconf 82' lang='lat' dir='ltr'><strong>rore</strong></span> <span class='ocrx_word' id='word_1_571' title='bbox 473 2470 538 2499; x_wconf 86' lang='lat' dir='ltr'><strong>coeli</strong></span> <span class='ocrx_word' id='word_1_572' title='bbox 553 2471 691 2508; x_wconf 88' lang='lat' dir='ltr'><strong>desuper,</strong></span> <span class='ocrx_word' id='word_1_573' title='bbox 705 2473 758 2500; x_wconf 89' lang='lat' dir='ltr'><strong>erit</strong></span> <span class='ocrx_word' id='word_1_574' title='bbox 773 2472 939 2501; x_wconf 88' lang='lat' dir='ltr'><strong>benedictio</strong></span> 
     </span>
    </p>
   </div>
   <div class='ocr_carea' id='block_1_70' title="bbox 109 2516 939 2554">
    <p class='ocr_par' dir='ltr' id='par_1_70' title="bbox 109 2516 939 2554">
     <span class='ocr_line' id='line_1_70' title="bbox 109 2516 939 2554; baseline -0.001 -8"><span class='ocrx_word' id='word_1_575' title='bbox 109 2519 170 2546; x_wconf 89' lang='lat' dir='ltr'><strong>tua.</strong></span> <span class='ocrx_word' id='word_1_576' title='bbox 185 2517 271 2545; x_wconf 87' lang='lat' dir='ltr'><strong>Vives</strong></span> <span class='ocrx_word' id='word_1_577' title='bbox 285 2516 395 2551; x_wconf 82' lang='lat' dir='ltr'><strong>gladio,</strong></span> <span class='ocrx_word' id='word_1_578' title='bbox 408 2518 436 2543; x_wconf 92' lang='lat' dir='ltr'><strong>et</strong></span> <span class='ocrx_word' id='word_1_579' title='bbox 451 2516 532 2543; x_wconf 88' lang='lat' dir='ltr'><strong>fratri</strong></span> <span class='ocrx_word' id='word_1_580' title='bbox 553 2518 602 2544; x_wconf 89' lang='lat' dir='ltr'><strong>tuo</strong></span> <span class='ocrx_word' id='word_1_581' title='bbox 619 2517 728 2545; x_wconf 88' lang='lat' dir='ltr'><strong>servies</strong></span> <span class='ocrx_word' id='word_1_582' title='bbox 740 2525 747 2545; x_wconf 91' lang='lat'><strong><em>:</em></strong></span> <span class='ocrx_word' id='word_1_583' title='bbox 760 2519 939 2554; x_wconf 87' lang='lat' dir='ltr'><strong>tempusque</strong></span> 
     </span>
    </p>
   </div>
   <div class='ocr_carea' id='block_1_71' title="bbox 106 2560 939 2597">
    <p class='ocr_par' dir='ltr' id='par_1_71' title="bbox 106 2560 939 2597">
     <span class='ocr_line' id='line_1_71' title="bbox 106 2560 939 2597; baseline 0 -7"><span class='ocrx_word' id='word_1_584' title='bbox 106 2562 217 2596; x_wconf 86' lang='lat' dir='ltr'><strong>veniet,</strong></span> <span class='ocrx_word' id='word_1_585' title='bbox 230 2569 300 2590; x_wconf 89' lang='lat' dir='ltr'><strong>cum</strong></span> <span class='ocrx_word' id='word_1_586' title='bbox 317 2560 450 2588; x_wconf 83' lang='lat' dir='ltr'><strong>excutias</strong></span> <span class='ocrx_word' id='word_1_587' title='bbox 466 2562 494 2587; x_wconf 84' lang='lat' dir='ltr'><strong>et</strong></span> <span class='ocrx_word' id='word_1_588' title='bbox 504 2560 717 2596; x_wconf 80' lang='lat' dir='ltr'><strong>solvasjugum</strong></span> <span class='ocrx_word' id='word_1_589' title='bbox 728 2563 792 2597; x_wconf 83' lang='lat' dir='ltr'><strong>ejus</strong></span> <span class='ocrx_word' id='word_1_590' title='bbox 803 2561 839 2589; x_wconf 90' lang='lat' dir='ltr'><strong>de</strong></span> <span class='ocrx_word' id='word_1_591' title='bbox 851 2562 939 2590; x_wconf 53' lang='lat' dir='ltr'><strong>cerviv</strong></span> 
     </span>
    </p>
   </div>
   <div class='ocr_carea' id='block_1_72' title="bbox 107 2605 939 2642">
    <p class='ocr_par' dir='ltr' id='par_1_72' title="bbox 107 2605 939 2642">
     <span class='ocr_line' id='line_1_72' title="bbox 107 2605 939 2642; baseline -0.001 -7"><span class='ocrx_word' id='word_1_592' title='bbox 107 2606 193 2635; x_wconf 85' lang='lat' dir='ltr'><strong>cibus</strong></span> <span class='ocrx_word' id='word_1_593' title='bbox 210 2606 278 2634; x_wconf 89' lang='lat' dir='ltr'><strong>tuis.</strong></span> <span class='ocrx_word' id='word_1_594' title='bbox 293 2605 401 2633; x_wconf 83' lang='lat' dir='ltr'><strong>Oderat</strong></span> <span class='ocrx_word' id='word_1_595' title='bbox 412 2612 482 2640; x_wconf 78' lang='lat' dir='ltr'><strong>ergo</strong></span> <span class='ocrx_word' id='word_1_596' title='bbox 499 2613 616 2641; x_wconf 87' lang='lat' dir='ltr'><strong>semper</strong></span> <span class='ocrx_word' id='word_1_597' title='bbox 631 2606 709 2634; x_wconf 73' lang='lat' dir='ltr'><strong>Esau</strong></span> <span class='ocrx_word' id='word_1_598' title='bbox 721 2606 811 2634; x_wconf 80' lang='lat' dir='ltr'><strong>Iacob</strong></span> <span class='ocrx_word' id='word_1_599' title='bbox 822 2614 876 2642; x_wconf 89' lang='lat' dir='ltr'><strong>pro</strong></span> <span class='ocrx_word' id='word_1_600' title='bbox 891 2607 939 2634; x_wconf 89' lang='lat' dir='ltr'><strong>be-</strong></span> 
     </span>
    </p>
   </div>
   <div class='ocr_carea' id='block_1_73' title="bbox 106 2649 939 2686">
    <p class='ocr_par' dir='ltr' id='par_1_73' title="bbox 106 2649 939 2686">
     <span class='ocr_line' id='line_1_73' title="bbox 106 2649 939 2686; baseline 0 -7"><span class='ocrx_word' id='word_1_601' title='bbox 106 2651 362 2686; x_wconf 88' lang='lat' dir='ltr'><strong>nedictione,qua</strong></span> <span class='ocrx_word' id='word_1_602' title='bbox 381 2649 575 2677; x_wconf 78' lang='lat' dir='ltr'><strong>benedixerat</strong></span> <span class='ocrx_word' id='word_1_603' title='bbox 589 2649 614 2677; x_wconf 90' lang='lat' dir='ltr'><strong>ei</strong></span> <span class='ocrx_word' id='word_1_604' title='bbox 634 2653 718 2686; x_wconf 89' lang='lat' dir='ltr'><strong>pater</strong></span> <span class='ocrx_word' id='word_1_605' title='bbox 734 2659 740 2678; x_wconf 89' lang='lat'>:</span> <span class='ocrx_word' id='word_1_606' title='bbox 757 2650 891 2686; x_wconf 81' lang='lat' dir='ltr'><strong>dixitque</strong></span> <span class='ocrx_word' id='word_1_607' title='bbox 909 2652 939 2679; x_wconf 93' lang='lat' dir='ltr'><strong>in</strong></span> 
     </span>
    </p>
   </div>
   <div class='ocr_carea' id='block_1_74' title="bbox 105 2693 939 2730">
    <p class='ocr_par' dir='ltr' id='par_1_74' title="bbox 105 2693 939 2730">
     <span class='ocr_line' id='line_1_74' title="bbox 105 2693 939 2730; baseline -0.002 -6"><span class='ocrx_word' id='word_1_608' title='bbox 105 2695 195 2724; x_wconf 89' lang='lat' dir='ltr'><strong>corde</strong></span> <span class='ocrx_word' id='word_1_609' title='bbox 203 2703 260 2723; x_wconf 89' lang='lat' dir='ltr'><strong>suo</strong></span> <span class='ocrx_word' id='word_1_610' title='bbox 276 2703 283 2722; x_wconf 88' lang='lat'><strong>:</strong></span> <span class='ocrx_word' id='word_1_611' title='bbox 301 2693 752 2730; x_wconf 86' lang='lat' dir='ltr'><strong>Veniatdiesluctuspatrismei,</strong></span> <span class='ocrx_word' id='word_1_612' title='bbox 764 2695 939 2723; x_wconf 84' lang='lat' dir='ltr'><strong>utoccidam</strong></span> 
     </span>
    </p>
   </div>
   <div class='ocr_carea' id='block_1_75' title="bbox 104 2738 939 2772">
    <p class='ocr_par' dir='ltr' id='par_1_75' title="bbox 104 2738 939 2772">
     <span class='ocr_line' id='line_1_75' title="bbox 104 2738 939 2772; baseline -0.002 -2"><span class='ocrx_word' id='word_1_613' title='bbox 104 2740 197 2770; x_wconf 88' lang='lat' dir='ltr'><strong>Iacob</strong></span> <span class='ocrx_word' id='word_1_614' title='bbox 211 2739 336 2768; x_wconf 82' lang='lat' dir='ltr'><strong>fratrem</strong></span> <span class='ocrx_word' id='word_1_615' title='bbox 348 2746 459 2766; x_wconf 88' lang='lat' dir='ltr'><strong>meum.</strong></span> <span class='ocrx_word' id='word_1_616' title='bbox 472 2740 494 2766; x_wconf 85' lang='lat' dir='ltr'><strong>N</strong></span> <span class='ocrx_word' id='word_1_617' title='bbox 498 2738 618 2767; x_wconf 88' lang='lat' dir='ltr'><strong>unciata</strong></span> <span class='ocrx_word' id='word_1_618' title='bbox 625 2742 696 2768; x_wconf 91' lang='lat' dir='ltr'><strong>sunt</strong></span> <span class='ocrx_word' id='word_1_619' title='bbox 708 2739 772 2768; x_wconf 73' lang='lat' dir='ltr'><strong>haec</strong></span> <span class='ocrx_word' id='word_1_620' title='bbox 788 2740 939 2772; x_wconf 70' lang='lat' dir='ltr'><strong>Rebeccae,</strong></span> 
     </span>
    </p>
   </div>
   <div class='ocr_carea' id='block_1_76' title="bbox 103 2782 940 2822">
    <p class='ocr_par' dir='ltr' id='par_1_76' title="bbox 103 2782 940 2822">
     <span class='ocr_line' id='line_1_76' title="bbox 103 2782 940 2822; baseline 0 -8"><span class='ocrx_word' id='word_1_621' title='bbox 103 2793 173 2822; x_wconf 71' lang='lat' dir='ltr'><strong>quas</strong></span> <span class='ocrx_word' id='word_1_622' title='bbox 186 2784 324 2816; x_wconf 86' lang='lat' dir='ltr'><strong>mittens,</strong></span> <span class='ocrx_word' id='word_1_623' title='bbox 334 2785 362 2811; x_wconf 92' lang='lat' dir='ltr'><strong>et</strong></span> <span class='ocrx_word' id='word_1_624' title='bbox 371 2790 483 2812; x_wconf 86' lang='lat' dir='ltr'><strong>vocans</strong></span> <span class='ocrx_word' id='word_1_625' title='bbox 497 2783 589 2811; x_wconf 85' lang='lat' dir='ltr'><strong>Iacob</strong></span> <span class='ocrx_word' id='word_1_626' title='bbox 596 2782 692 2812; x_wconf 88' lang='lat' dir='ltr'><strong>ﬁlium</strong></span> <span class='ocrx_word' id='word_1_627' title='bbox 705 2792 806 2817; x_wconf 80' lang='lat' dir='ltr'><strong>suum,</strong></span> <span class='ocrx_word' id='word_1_628' title='bbox 813 2784 886 2814; x_wconf 82' lang='lat' dir='ltr'><strong>dixit</strong></span> <span class='ocrx_word' id='word_1_629' title='bbox 901 2784 940 2814; x_wconf 81' lang='lat' dir='ltr'><strong>ad</strong></span> 
     </span>
    </p>
   </div>
   <div class='ocr_carea' id='block_1_77' title="bbox 1002 919 1827 956">
    <p class='ocr_par' dir='ltr' id='par_1_77' title="bbox 1002 919 1827 956">
     <span class='ocr_line' id='line_1_77' title="bbox 1002 919 1827 956; baseline 0 -8"><span class='ocrx_word' id='word_1_630' title='bbox 1002 928 1066 948; x_wconf 90' lang='lat' dir='ltr'><strong>cere</strong></span> <span class='ocrx_word' id='word_1_631' title='bbox 1080 922 1105 948; x_wconf 93' lang='lat' dir='ltr'><strong>te</strong></span> <span class='ocrx_word' id='word_1_632' title='bbox 1121 920 1220 955; x_wconf 82' lang='lat' dir='ltr'><strong>faciat,</strong></span> <span class='ocrx_word' id='word_1_633' title='bbox 1242 922 1331 956; x_wconf 86' lang='lat' dir='ltr'><strong>atque</strong></span> <span class='ocrx_word' id='word_1_634' title='bbox 1347 920 1523 955; x_wconf 86' lang='lat' dir='ltr'><strong>multiplicet</strong></span> <span class='ocrx_word' id='word_1_635' title='bbox 1535 929 1540 949; x_wconf 88' lang='lat'><strong>:</strong></span> <span class='ocrx_word' id='word_1_636' title='bbox 1554 922 1585 947; x_wconf 91' lang='lat' dir='ltr'><strong>ut</strong></span> <span class='ocrx_word' id='word_1_637' title='bbox 1600 919 1641 946; x_wconf 87' lang='lat' dir='ltr'><strong>sis</strong></span> <span class='ocrx_word' id='word_1_638' title='bbox 1657 919 1688 946; x_wconf 92' lang='lat' dir='ltr'><strong>in</strong></span> <span class='ocrx_word' id='word_1_639' title='bbox 1712 921 1827 948; x_wconf 86' lang='lat' dir='ltr'><strong>turmas</strong></span> 
     </span>
    </p>
   </div>
   <div class='ocr_carea' id='block_1_78' title="bbox 1002 962 1828 1000">
    <p class='ocr_par' dir='ltr' id='par_1_78' title="bbox 1002 962 1828 1000">
     <span class='ocr_line' id='line_1_78' title="bbox 1002 962 1828 1000; baseline 0 -8"><span class='ocrx_word' id='word_1_640' title='bbox 1002 965 1197 1000; x_wconf 89' lang='lat' dir='ltr'><strong>populorum.</strong></span> <span class='ocrx_word' id='word_1_641' title='bbox 1212 966 1244 993; x_wconf 85' lang='lat' dir='ltr'><strong>Et</strong></span> <span class='ocrx_word' id='word_1_642' title='bbox 1259 964 1308 992; x_wconf 89' lang='lat' dir='ltr'><strong>det</strong></span> <span class='ocrx_word' id='word_1_643' title='bbox 1324 964 1375 992; x_wconf 88' lang='lat' dir='ltr'><strong>tibi</strong></span> <span class='ocrx_word' id='word_1_644' title='bbox 1390 964 1610 992; x_wconf 89' lang='lat' dir='ltr'><strong>benedictiones</strong></span> <span class='ocrx_word' id='word_1_645' title='bbox 1625 962 1787 996; x_wconf 81' lang='lat' dir='ltr'><strong>Abraham,</strong></span> <span class='ocrx_word' id='word_1_646' title='bbox 1799 965 1828 992; x_wconf 86' lang='lat' dir='ltr'><strong>et</strong></span> 
     </span>
    </p>
   </div>
   <div class='ocr_carea' id='block_1_79' title="bbox 1001 1007 1827 1044">
    <p class='ocr_par' dir='ltr' id='par_1_79' title="bbox 1001 1007 1827 1044">
     <span class='ocr_line' id='line_1_79' title="bbox 1001 1007 1827 1044; baseline -0.001 -7"><span class='ocrx_word' id='word_1_647' title='bbox 1001 1009 1107 1037; x_wconf 87' lang='lat' dir='ltr'><strong>semini</strong></span> <span class='ocrx_word' id='word_1_648' title='bbox 1123 1012 1173 1037; x_wconf 88' lang='lat' dir='ltr'><strong>tuo</strong></span> <span class='ocrx_word' id='word_1_649' title='bbox 1194 1011 1261 1044; x_wconf 91' lang='lat' dir='ltr'><strong>post</strong></span> <span class='ocrx_word' id='word_1_650' title='bbox 1277 1011 1330 1036; x_wconf 87' lang='lat' dir='ltr'><strong>:ut</strong></span> <span class='ocrx_word' id='word_1_651' title='bbox 1345 1009 1499 1044; x_wconf 86' lang='lat' dir='ltr'><strong>possideas</strong></span> <span class='ocrx_word' id='word_1_652' title='bbox 1525 1010 1633 1036; x_wconf 86' lang='lat' dir='ltr'><strong>terram</strong></span> <span class='ocrx_word' id='word_1_653' title='bbox 1658 1007 1827 1044; x_wconf 83' lang='lat' dir='ltr'><strong>peregrina-</strong></span> 
     </span>
    </p>
   </div>
   <div class='ocr_carea' id='block_1_80' title="bbox 1000 1052 1826 1089">
    <p class='ocr_par' dir='ltr' id='par_1_80' title="bbox 1000 1052 1826 1089">
     <span class='ocr_line' id='line_1_80' title="bbox 1000 1052 1826 1089; baseline 0.001 -8"><span class='ocrx_word' id='word_1_654' title='bbox 1000 1053 1089 1082; x_wconf 84' lang='lat' dir='ltr'><strong>tionis</strong></span> <span class='ocrx_word' id='word_1_655' title='bbox 1104 1055 1172 1086; x_wconf 71' lang='lat' dir='ltr'><strong>tum,</strong></span> <span class='ocrx_word' id='word_1_656' title='bbox 1190 1060 1283 1089; x_wconf 88' lang='lat' dir='ltr'><strong>quam</strong></span> <span class='ocrx_word' id='word_1_657' title='bbox 1302 1052 1451 1088; x_wconf 87' lang='lat' dir='ltr'><strong>pollicitus</strong></span> <span class='ocrx_word' id='word_1_658' title='bbox 1465 1054 1509 1080; x_wconf 90' lang='lat' dir='ltr'><strong>est</strong></span> <span class='ocrx_word' id='word_1_659' title='bbox 1521 1059 1579 1080; x_wconf 89' lang='lat' dir='ltr'><strong>avo</strong></span> <span class='ocrx_word' id='word_1_660' title='bbox 1592 1053 1650 1080; x_wconf 88' lang='lat' dir='ltr'><strong>tuo.</strong></span> <span class='ocrx_word' id='word_1_661' title='bbox 1672 1056 1705 1087; x_wconf 50' lang='lat' dir='ltr'><strong>Ir.</strong></span> <span class='ocrx_word' id='word_1_662' title='bbox 1719 1052 1826 1082; x_wconf 75' lang='lat' dir='ltr'><strong>Amen.</strong></span> 
     </span>
    </p>
   </div>
   <div class='ocr_carea' id='block_1_81' title="bbox 1339 1097 1484 1131">
    <p class='ocr_par' dir='ltr' id='par_1_81' title="bbox 1339 1097 1484 1131">
     <span class='ocr_line' id='line_1_81' title="bbox 1339 1097 1484 1131; baseline 0 -7"><span class='ocrx_word' id='word_1_663' title='bbox 1339 1097 1484 1131; x_wconf 79' lang='lat' dir='ltr'><strong>Hymnus.</strong></span> 
     </span>
    </p>
   </div>
   <div class='ocr_carea' id='block_1_82' title="bbox 1123 1140 1496 1174">
    <p class='ocr_par' dir='ltr' id='par_1_82' title="bbox 1123 1140 1496 1174">
     <span class='ocr_line' id='line_1_82' title="bbox 1123 1140 1496 1174; baseline -0.005 -5"><span class='ocrx_word' id='word_1_664' title='bbox 1123 1143 1238 1170; x_wconf 66' lang='lat' dir='ltr'><strong>Eterne</strong></span> <span class='ocrx_word' id='word_1_665' title='bbox 1254 1141 1328 1169; x_wconf 90' lang='lat' dir='ltr'><strong>lucis</strong></span> <span class='ocrx_word' id='word_1_666' title='bbox 1344 1140 1496 1174; x_wconf 84' lang='lat' dir='ltr'><strong>Conditor,</strong></span> 
     </span>
    </p>
   </div>
   <div class='ocr_carea' id='block_1_83' title="bbox 1087 1185 1462 1221">
    <p class='ocr_par' dir='ltr' id='par_1_83' title="bbox 1087 1185 1462 1221">
     <span class='ocr_line' id='line_1_83' title="bbox 1087 1185 1462 1221; baseline -0.008 -6"><span class='ocrx_word' id='word_1_667' title='bbox 1087 1187 1149 1215; x_wconf 78' lang='lat' dir='ltr'><strong>Lux</strong></span> <span class='ocrx_word' id='word_1_668' title='bbox 1165 1186 1228 1221; x_wconf 89' lang='lat' dir='ltr'><strong>ipse</strong></span> <span class='ocrx_word' id='word_1_669' title='bbox 1243 1188 1332 1219; x_wconf 86' lang='lat' dir='ltr'><strong>totus,</strong></span> <span class='ocrx_word' id='word_1_670' title='bbox 1346 1187 1374 1213; x_wconf 88' lang='lat' dir='ltr'><strong>et</strong></span> <span class='ocrx_word' id='word_1_671' title='bbox 1388 1185 1462 1218; x_wconf 88' lang='lat' dir='ltr'><strong>dies,</strong></span> 
     </span>
    </p>
   </div>
   <div class='ocr_carea' id='block_1_84' title="bbox 1087 1229 1544 1263">
    <p class='ocr_par' dir='ltr' id='par_1_84' title="bbox 1087 1229 1544 1263">
     <span class='ocr_line' id='line_1_84' title="bbox 1087 1229 1544 1263; baseline -0.007 -4"><span class='ocrx_word' id='word_1_672' title='bbox 1087 1232 1209 1259; x_wconf 83' lang='lat' dir='ltr'><strong>Noctem</strong></span> <span class='ocrx_word' id='word_1_673' title='bbox 1222 1238 1277 1258; x_wconf 91' lang='lat' dir='ltr'><strong>nec</strong></span> <span class='ocrx_word' id='word_1_674' title='bbox 1294 1230 1387 1258; x_wconf 86' lang='lat' dir='ltr'><strong>ullam</strong></span> <span class='ocrx_word' id='word_1_675' title='bbox 1403 1229 1544 1263; x_wconf 88' lang='lat' dir='ltr'><strong>sentiens,</strong></span> 
     </span>
    </p>
   </div>
   <div class='ocr_carea' id='block_1_85' title="bbox 1088 1274 1473 1310">
    <p class='ocr_par' dir='ltr' id='par_1_85' title="bbox 1088 1274 1473 1310">
     <span class='ocr_line' id='line_1_85' title="bbox 1088 1274 1473 1310; baseline -0.005 -7"><span class='ocrx_word' id='word_1_676' title='bbox 1088 1276 1199 1303; x_wconf 84' lang='lat' dir='ltr'><strong>Natura</strong></span> <span class='ocrx_word' id='word_1_677' title='bbox 1213 1274 1287 1303; x_wconf 87' lang='lat' dir='ltr'><strong>locis</strong></span> <span class='ocrx_word' id='word_1_678' title='bbox 1302 1274 1449 1310; x_wconf 88' lang='lat' dir='ltr'><strong>perpetim</strong></span> <span class='ocrx_word' id='word_1_679' title='bbox 1466 1282 1473 1300; x_wconf 86' lang='lat'><strong>:</strong></span> 
     </span>
    </p>
   </div>
   <div class='ocr_carea' id='block_1_86' title="bbox 1120 1317 1570 1354">
    <p class='ocr_par' dir='ltr' id='par_1_86' title="bbox 1120 1317 1570 1354">
     <span class='ocr_line' id='line_1_86' title="bbox 1120 1317 1570 1354; baseline -0.004 -7"><span class='ocrx_word' id='word_1_680' title='bbox 1120 1320 1186 1347; x_wconf 86' lang='lat' dir='ltr'><strong>Iam</strong></span> <span class='ocrx_word' id='word_1_681' title='bbox 1202 1319 1287 1347; x_wconf 90' lang='lat' dir='ltr'><strong>cedat</strong></span> <span class='ocrx_word' id='word_1_682' title='bbox 1304 1318 1418 1354; x_wconf 89' lang='lat' dir='ltr'><strong>pallens</strong></span> <span class='ocrx_word' id='word_1_683' title='bbox 1432 1317 1570 1354; x_wconf 81' lang='lat' dir='ltr'><strong>proximo</strong></span> 
     </span>
    </p>
   </div>
   <div class='ocr_carea' id='block_1_87' title="bbox 1087 1362 1387 1391">
    <p class='ocr_par' dir='ltr' id='par_1_87' title="bbox 1087 1362 1387 1391">
     <span class='ocr_line' id='line_1_87' title="bbox 1087 1362 1387 1391; baseline 0 -1"><span class='ocrx_word' id='word_1_684' title='bbox 1087 1363 1149 1391; x_wconf 90' lang='lat' dir='ltr'><strong>Diei</strong></span> <span class='ocrx_word' id='word_1_685' title='bbox 1166 1371 1226 1391; x_wconf 87' lang='lat' dir='ltr'><strong>nox</strong></span> <span class='ocrx_word' id='word_1_686' title='bbox 1245 1362 1387 1391; x_wconf 86' lang='lat' dir='ltr'><strong>adventui</strong></span> 
     </span>
    </p>
   </div>
   <div class='ocr_carea' id='block_1_88' title="bbox 1088 1405 1527 1435">
    <p class='ocr_par' dir='ltr' id='par_1_88' title="bbox 1088 1405 1527 1435">
     <span class='ocr_line' id='line_1_88' title="bbox 1088 1405 1527 1435; baseline -0.002 -1"><span class='ocrx_word' id='word_1_687' title='bbox 1088 1407 1258 1435; x_wconf 87' lang='lat' dir='ltr'><strong>Obtendens</strong></span> <span class='ocrx_word' id='word_1_688' title='bbox 1272 1408 1384 1434; x_wconf 90' lang='lat' dir='ltr'><strong>Lumen</strong></span> <span class='ocrx_word' id='word_1_689' title='bbox 1395 1405 1527 1433; x_wconf 87' lang='lat' dir='ltr'><strong>siderum</strong></span> 
     </span>
    </p>
   </div>
   <div class='ocr_carea' id='block_1_89' title="bbox 1086 1449 1473 1479">
    <p class='ocr_par' dir='ltr' id='par_1_89' title="bbox 1086 1449 1473 1479">
     <span class='ocr_line' id='line_1_89' title="bbox 1086 1449 1473 1479; baseline 0 -1"><span class='ocrx_word' id='word_1_690' title='bbox 1086 1451 1173 1478; x_wconf 82' lang='lat' dir='ltr'><strong>Adest</strong></span> <span class='ocrx_word' id='word_1_691' title='bbox 1190 1453 1218 1478; x_wconf 93' lang='lat' dir='ltr'><strong>et</strong></span> <span class='ocrx_word' id='word_1_692' title='bbox 1236 1450 1335 1479; x_wconf 88' lang='lat' dir='ltr'><strong>clarus</strong></span> <span class='ocrx_word' id='word_1_693' title='bbox 1357 1449 1473 1478; x_wconf 80' lang='lat' dir='ltr'><strong>lucifer.</strong></span> 
     </span>
    </p>
   </div>
   <div class='ocr_carea' id='block_1_90' title="bbox 1122 1494 1535 1528">
    <p class='ocr_par' dir='ltr' id='par_1_90' title="bbox 1122 1494 1535 1528">
     <span class='ocr_line' id='line_1_90' title="bbox 1122 1494 1535 1528; baseline -0.007 -5"><span class='ocrx_word' id='word_1_694' title='bbox 1122 1497 1186 1523; x_wconf 85' lang='lat' dir='ltr'><strong>Iam</strong></span> <span class='ocrx_word' id='word_1_695' title='bbox 1199 1498 1288 1523; x_wconf 89' lang='lat' dir='ltr'><strong>strato</strong></span> <span class='ocrx_word' id='word_1_696' title='bbox 1308 1495 1365 1522; x_wconf 80' lang='lat' dir='ltr'><strong>laeti</strong></span> <span class='ocrx_word' id='word_1_697' title='bbox 1385 1494 1535 1528; x_wconf 82' lang='lat' dir='ltr'><strong>surgimus</strong></span> 
     </span>
    </p>
   </div>
   <div class='ocr_carea' id='block_1_91' title="bbox 1087 1542 1474 1572">
    <p class='ocr_par' dir='ltr' id='par_1_91' title="bbox 1087 1542 1474 1572">
     <span class='ocr_line' id='line_1_91' title="bbox 1087 1542 1474 1572; baseline -0.005 -3"><span class='ocrx_word' id='word_1_698' title='bbox 1087 1543 1188 1569; x_wconf 87' lang='lat' dir='ltr'><strong>Grates</strong></span> <span class='ocrx_word' id='word_1_699' title='bbox 1204 1542 1345 1569; x_wconf 85' lang='lat' dir='ltr'><strong>canentes</strong></span> <span class='ocrx_word' id='word_1_700' title='bbox 1359 1542 1474 1572; x_wconf 84' lang='lat' dir='ltr'><strong>ettuas,</strong></span> 
     </span>
    </p>
   </div>
   <div class='ocr_carea' id='block_1_92' title="bbox 1087 1582 1558 1618">
    <p class='ocr_par' dir='ltr' id='par_1_92' title="bbox 1087 1582 1558 1618">
     <span class='ocr_line' id='line_1_92' title="bbox 1087 1582 1558 1618; baseline -0.004 -6"><span class='ocrx_word' id='word_1_701' title='bbox 1087 1585 1173 1618; x_wconf 90' lang='lat' dir='ltr'><strong>Quod</strong></span> <span class='ocrx_word' id='word_1_702' title='bbox 1188 1592 1298 1612; x_wconf 62' lang='lat' dir='ltr'><strong>crucem</strong></span> <span class='ocrx_word' id='word_1_703' title='bbox 1313 1586 1430 1612; x_wconf 89' lang='lat' dir='ltr'><strong>noctem</strong></span> <span class='ocrx_word' id='word_1_704' title='bbox 1446 1582 1558 1615; x_wconf 87' lang='lat' dir='ltr'><strong>vicerit,</strong></span> 
     </span>
    </p>
   </div>
   <div class='ocr_carea' id='block_1_93' title="bbox 1086 1628 1502 1658">
    <p class='ocr_par' dir='ltr' id='par_1_93' title="bbox 1086 1628 1502 1658">
     <span class='ocr_line' id='line_1_93' title="bbox 1086 1628 1502 1658; baseline -0.007 0"><span class='ocrx_word' id='word_1_705' title='bbox 1086 1631 1221 1658; x_wconf 83' lang='lat' dir='ltr'><strong>Revertat</strong></span> <span class='ocrx_word' id='word_1_706' title='bbox 1234 1637 1337 1657; x_wconf 85' lang='lat' dir='ltr'><strong>rursus</strong></span> <span class='ocrx_word' id='word_1_707' title='bbox 1351 1628 1398 1656; x_wconf 89' lang='lat' dir='ltr'><strong>Sol</strong></span> <span class='ocrx_word' id='word_1_708' title='bbox 1411 1628 1502 1655; x_wconf 89' lang='lat' dir='ltr'><strong>diem.</strong></span> 
     </span>
    </p>
   </div>
   <div class='ocr_carea' id='block_1_94' title="bbox 1120 1671 1563 1707">
    <p class='ocr_par' dir='ltr' id='par_1_94' title="bbox 1120 1671 1563 1707">
     <span class='ocr_line' id='line_1_94' title="bbox 1120 1671 1563 1707; baseline -0.005 -5"><span class='ocrx_word' id='word_1_709' title='bbox 1120 1675 1157 1702; x_wconf 90' lang='lat' dir='ltr'><strong>Te</strong></span> <span class='ocrx_word' id='word_1_710' title='bbox 1172 1682 1264 1707; x_wconf 88' lang='lat' dir='ltr'><strong>nunc,</strong></span> <span class='ocrx_word' id='word_1_711' title='bbox 1283 1681 1320 1700; x_wconf 86' lang='lat' dir='ltr'><strong>ne</strong></span> <span class='ocrx_word' id='word_1_712' title='bbox 1341 1672 1440 1700; x_wconf 84' lang='lat' dir='ltr'><strong>carnis</strong></span> <span class='ocrx_word' id='word_1_713' title='bbox 1453 1671 1563 1707; x_wconf 85' lang='lat' dir='ltr'><strong>gaudia.</strong></span> 
     </span>
    </p>
   </div>
   <div class='ocr_carea' id='block_1_95' title="bbox 1084 1715 1542 1752">
    <p class='ocr_par' dir='ltr' id='par_1_95' title="bbox 1084 1715 1542 1752">
     <span class='ocr_line' id='line_1_95' title="bbox 1084 1715 1542 1752; baseline -0.007 -7"><span class='ocrx_word' id='word_1_714' title='bbox 1084 1717 1203 1746; x_wconf 85' lang='lat' dir='ltr'><strong>Blandis</strong></span> <span class='ocrx_word' id='word_1_715' title='bbox 1223 1717 1387 1752; x_wconf 85' lang='lat' dir='ltr'><strong>subrepant</strong></span> <span class='ocrx_word' id='word_1_716' title='bbox 1408 1715 1542 1747; x_wconf 84' lang='lat' dir='ltr'><strong>testibus,</strong></span> 
     </span>
    </p>
   </div>
   <div class='ocr_carea' id='block_1_96' title="bbox 1084 1760 1437 1790">
    <p class='ocr_par' dir='ltr' id='par_1_96' title="bbox 1084 1760 1437 1790">
     <span class='ocr_line' id='line_1_96' title="bbox 1084 1760 1437 1790; baseline -0.006 0"><span class='ocrx_word' id='word_1_717' title='bbox 1084 1761 1164 1790; x_wconf 87' lang='lat' dir='ltr'><strong>Dolis</strong></span> <span class='ocrx_word' id='word_1_718' title='bbox 1184 1769 1221 1790; x_wconf 85' lang='lat' dir='ltr'><strong>ne</strong></span> <span class='ocrx_word' id='word_1_719' title='bbox 1237 1762 1323 1789; x_wconf 77' lang='lat' dir='ltr'><strong>cedat</strong></span> <span class='ocrx_word' id='word_1_720' title='bbox 1336 1760 1437 1789; x_wconf 61' lang='lat' dir='ltr'><strong>saeculi</strong></span> 
     </span>
    </p>
   </div>
   <div class='ocr_carea' id='block_1_97' title="bbox 1082 1807 1627 1842">
    <p class='ocr_par' dir='ltr' id='par_1_97' title="bbox 1082 1807 1627 1842">
     <span class='ocr_line' id='line_1_97' title="bbox 1082 1807 1627 1842; baseline -0.011 -6"><span class='ocrx_word' id='word_1_721' title='bbox 1082 1807 1162 1836; x_wconf 81' lang='lat' dir='ltr'><strong>Mens</strong></span> <span class='ocrx_word' id='word_1_722' title='bbox 1181 1808 1293 1838; x_wconf 88' lang='lat' dir='ltr'><strong>nostra,</strong></span> <span class='ocrx_word' id='word_1_723' title='bbox 1312 1808 1427 1837; x_wconf 78' lang='lat' dir='ltr'><strong>Sancte,</strong></span> <span class='ocrx_word' id='word_1_724' title='bbox 1439 1812 1627 1842; x_wconf 63' lang='lat' dir='ltr'><strong>quaesumus.</strong></span> 
     </span>
    </p>
   </div>
   <div class='ocr_carea' id='block_1_98' title="bbox 1118 1850 1484 1887">
    <p class='ocr_par' dir='ltr' id='par_1_98' title="bbox 1118 1850 1484 1887">
     <span class='ocr_line' id='line_1_98' title="bbox 1118 1850 1484 1887; baseline -0.003 -8"><span class='ocrx_word' id='word_1_725' title='bbox 1118 1852 1164 1880; x_wconf 86' lang='lat' dir='ltr'><strong>Ira</strong></span> <span class='ocrx_word' id='word_1_726' title='bbox 1182 1858 1220 1879; x_wconf 92' lang='lat' dir='ltr'><strong>ne</strong></span> <span class='ocrx_word' id='word_1_727' title='bbox 1232 1850 1314 1879; x_wconf 85' lang='lat' dir='ltr'><strong>rixas</strong></span> <span class='ocrx_word' id='word_1_728' title='bbox 1328 1852 1484 1887; x_wconf 88' lang='lat' dir='ltr'><strong>provocet,</strong></span> 
     </span>
    </p>
   </div>
   <div class='ocr_carea' id='block_1_99' title="bbox 1083 1894 1468 1928">
    <p class='ocr_par' dir='ltr' id='par_1_99' title="bbox 1083 1894 1468 1928">
     <span class='ocr_line' id='line_1_99' title="bbox 1083 1894 1468 1928; baseline -0.003 -5"><span class='ocrx_word' id='word_1_729' title='bbox 1083 1894 1194 1926; x_wconf 81' lang='lat' dir='ltr'><strong>Gulave</strong></span> <span class='ocrx_word' id='word_1_730' title='bbox 1207 1896 1342 1924; x_wconf 87' lang='lat' dir='ltr'><strong>ventrem</strong></span> <span class='ocrx_word' id='word_1_731' title='bbox 1356 1894 1468 1928; x_wconf 83' lang='lat' dir='ltr'><strong>incitet,</strong></span> 
     </span>
    </p>
   </div>
   <div class='ocr_carea' id='block_1_100' title="bbox 1083 1938 1504 1976">
    <p class='ocr_par' dir='ltr' id='par_1_100' title="bbox 1083 1938 1504 1976">
     <span class='ocr_line' id='line_1_100' title="bbox 1083 1938 1504 1976; baseline -0.002 -9"><span class='ocrx_word' id='word_1_732' title='bbox 1083 1940 1164 1976; x_wconf 87' lang='lat' dir='ltr'><strong>Opus</strong></span> <span class='ocrx_word' id='word_1_733' title='bbox 1183 1940 1333 1976; x_wconf 82' lang='lat' dir='ltr'><strong>pervertat</strong></span> <span class='ocrx_word' id='word_1_734' title='bbox 1346 1946 1384 1967; x_wconf 87' lang='lat' dir='ltr'><strong>ne</strong></span> <span class='ocrx_word' id='word_1_735' title='bbox 1398 1938 1504 1972; x_wconf 86' lang='lat' dir='ltr'><strong>fames,</strong></span> 
     </span>
    </p>
   </div>
   <div class='ocr_carea' id='block_1_101' title="bbox 1083 1983 1526 2020">
    <p class='ocr_par' dir='ltr' id='par_1_101' title="bbox 1083 1983 1526 2020">
     <span class='ocr_line' id='line_1_101' title="bbox 1083 1983 1526 2020; baseline 0.002 -10"><span class='ocrx_word' id='word_1_736' title='bbox 1083 1983 1188 2020; x_wconf 86' lang='lat' dir='ltr'><strong>Turpis</strong></span> <span class='ocrx_word' id='word_1_737' title='bbox 1205 1991 1243 2012; x_wconf 93' lang='lat' dir='ltr'><strong>ne</strong></span> <span class='ocrx_word' id='word_1_738' title='bbox 1258 1983 1358 2011; x_wconf 84' lang='lat' dir='ltr'><strong>ﬂuxus</strong></span> <span class='ocrx_word' id='word_1_739' title='bbox 1376 1983 1502 2018; x_wconf 86' lang='lat' dir='ltr'><strong>occupet</strong></span> <span class='ocrx_word' id='word_1_740' title='bbox 1518 1992 1526 2017; x_wconf 81' lang='lat'><strong>;</strong></span> 
     </span>
    </p>
   </div>
   <div class='ocr_carea' id='block_1_102' title="bbox 1120 2025 1492 2058">
    <p class='ocr_par' dir='ltr' id='par_1_102' title="bbox 1120 2025 1492 2058">
     <span class='ocr_line' id='line_1_102' title="bbox 1120 2025 1492 2058; baseline 0.011 -4"><span class='ocrx_word' id='word_1_741' title='bbox 1120 2027 1177 2055; x_wconf 89' lang='lat' dir='ltr'><strong>Sed</strong></span> <span class='ocrx_word' id='word_1_742' title='bbox 1187 2026 1377 2057; x_wconf 86' lang='lat' dir='ltr'><strong>ﬁrmamento</strong></span> <span class='ocrx_word' id='word_1_743' title='bbox 1390 2025 1492 2058; x_wconf 69' lang='lat' dir='ltr'><strong>sobrii,</strong></span> 
     </span>
    </p>
   </div>
   <div class='ocr_carea' id='block_1_103' title="bbox 1086 2071 1489 2105">
    <p class='ocr_par' dir='ltr' id='par_1_103' title="bbox 1086 2071 1489 2105">
     <span class='ocr_line' id='line_1_103' title="bbox 1086 2071 1489 2105; baseline 0.007 -7"><span class='ocrx_word' id='word_1_744' title='bbox 1086 2071 1174 2099; x_wconf 86' lang='lat' dir='ltr'><strong>Casto</strong></span> <span class='ocrx_word' id='word_1_745' title='bbox 1189 2072 1344 2100; x_wconf 87' lang='lat' dir='ltr'><strong>manentes</strong></span> <span class='ocrx_word' id='word_1_746' title='bbox 1355 2077 1489 2105; x_wconf 76' lang='lat' dir='ltr'><strong>corpore.</strong></span> 
     </span>
    </p>
   </div>
   <div class='ocr_carea' id='block_1_104' title="bbox 1084 2114 1373 2151">
    <p class='ocr_par' dir='ltr' id='par_1_104' title="bbox 1084 2114 1373 2151">
     <span class='ocr_line' id='line_1_104' title="bbox 1084 2114 1373 2151; baseline 0.007 -7"><span class='ocrx_word' id='word_1_747' title='bbox 1084 2116 1157 2144; x_wconf 88' lang='lat' dir='ltr'><strong>Toto</strong></span> <span class='ocrx_word' id='word_1_748' title='bbox 1169 2114 1248 2143; x_wconf 84' lang='lat' dir='ltr'><strong>ﬁdeli</strong></span> <span class='ocrx_word' id='word_1_749' title='bbox 1259 2114 1373 2151; x_wconf 77' lang='lat' dir='ltr'><strong>spiritu.</strong></span> 
     </span>
    </p>
   </div>
   <div class='ocr_carea' id='block_1_105' title="bbox 1085 2157 1559 2193">
    <p class='ocr_par' dir='ltr' id='par_1_105' title="bbox 1085 2157 1559 2193">
     <span class='ocr_line' id='line_1_105' title="bbox 1085 2157 1559 2193; baseline -0.006 -4"><span class='ocrx_word' id='word_1_750' title='bbox 1085 2159 1206 2193; x_wconf 85' lang='lat' dir='ltr'><strong>Christe,</strong></span> <span class='ocrx_word' id='word_1_751' title='bbox 1222 2159 1370 2187; x_wconf 78' lang='lat' dir='ltr'><strong>ducamus</strong></span> <span class='ocrx_word' id='word_1_752' title='bbox 1382 2158 1464 2189; x_wconf 87' lang='lat' dir='ltr'><strong>hunc</strong></span> <span class='ocrx_word' id='word_1_753' title='bbox 1479 2157 1559 2189; x_wconf 88' lang='lat' dir='ltr'><strong>diem</strong></span> 
     </span>
    </p>
   </div>
   <div class='ocr_carea' id='block_1_106' title="bbox 1120 2203 1437 2239">
    <p class='ocr_par' dir='ltr' id='par_1_106' title="bbox 1120 2203 1437 2239">
     <span class='ocr_line' id='line_1_106' title="bbox 1120 2203 1437 2239; baseline -0.003 -6"><span class='ocrx_word' id='word_1_754' title='bbox 1120 2206 1179 2233; x_wconf 87' lang='lat' dir='ltr'><strong>Deo</strong></span> <span class='ocrx_word' id='word_1_755' title='bbox 1192 2204 1269 2233; x_wconf 88' lang='lat' dir='ltr'><strong>Patri</strong></span> <span class='ocrx_word' id='word_1_756' title='bbox 1284 2204 1321 2233; x_wconf 85' lang='lat' dir='ltr'><strong>sit</strong></span> <span class='ocrx_word' id='word_1_757' title='bbox 1331 2203 1437 2239; x_wconf 81' lang='lat' dir='ltr'><strong>gloria,</strong></span> 
     </span>
    </p>
   </div>
   <div class='ocr_carea' id='block_1_107' title="bbox 1084 2248 1385 2286">
    <p class='ocr_par' dir='ltr' id='par_1_107' title="bbox 1084 2248 1385 2286">
     <span class='ocr_line' id='line_1_107' title="bbox 1084 2248 1385 2286; baseline -0.003 -8"><span class='ocrx_word' id='word_1_758' title='bbox 1084 2250 1114 2285; x_wconf 85' lang='lat' dir='ltr'><strong>Ej</strong></span> <span class='ocrx_word' id='word_1_759' title='bbox 1120 2257 1215 2286; x_wconf 87' lang='lat' dir='ltr'><strong>usque</strong></span> <span class='ocrx_word' id='word_1_760' title='bbox 1235 2249 1290 2278; x_wconf 87' lang='lat' dir='ltr'><strong>soli</strong></span> <span class='ocrx_word' id='word_1_761' title='bbox 1302 2248 1385 2282; x_wconf 89' lang='lat' dir='ltr'><strong>Filio,</strong></span> 
     </span>
    </p>
   </div>
   <div class='ocr_carea' id='block_1_108' title="bbox 1085 2293 1446 2330">
    <p class='ocr_par' dir='ltr' id='par_1_108' title="bbox 1085 2293 1446 2330">
     <span class='ocr_line' id='line_1_108' title="bbox 1085 2293 1446 2330; baseline -0.003 -7"><span class='ocrx_word' id='word_1_762' title='bbox 1085 2295 1157 2323; x_wconf 87' lang='lat' dir='ltr'><strong>Cum</strong></span> <span class='ocrx_word' id='word_1_763' title='bbox 1170 2294 1278 2330; x_wconf 90' lang='lat' dir='ltr'><strong>Spiritu</strong></span> <span class='ocrx_word' id='word_1_764' title='bbox 1291 2293 1446 2326; x_wconf 84' lang='lat' dir='ltr'><strong>Paraclito,</strong></span> 
     </span>
    </p>
   </div>
   <div class='ocr_carea' id='block_1_109' title="bbox 1084 2338 1454 2376">
    <p class='ocr_par' dir='ltr' id='par_1_109' title="bbox 1084 2338 1454 2376">
     <span class='ocr_line' id='line_1_109' title="bbox 1084 2338 1454 2376; baseline 0.003 -9"><span class='ocrx_word' id='word_1_765' title='bbox 1084 2340 1116 2367; x_wconf 94' lang='lat' dir='ltr'><strong>ln</strong></span> <span class='ocrx_word' id='word_1_766' title='bbox 1133 2339 1315 2376; x_wconf 83' lang='lat' dir='ltr'><strong>sempiterna</strong></span> <span class='ocrx_word' id='word_1_767' title='bbox 1334 2338 1454 2368; x_wconf 71' lang='lat' dir='ltr'><strong>saecula.</strong></span> 
     </span>
    </p>
   </div>
   <div class='ocr_carea' id='block_1_110' title="bbox 1118 2386 1226 2412">
    <p class='ocr_par' dir='ltr' id='par_1_110' title="bbox 1118 2386 1226 2412">
     <span class='ocr_line' id='line_1_110' title="bbox 1118 2386 1226 2412; baseline 0.009 -1"><span class='ocrx_word' id='word_1_768' title='bbox 1118 2386 1226 2412; x_wconf 82' lang='lat' dir='ltr'><strong>Amen.</strong></span> 
     </span>
    </p>
   </div>
   <div class='ocr_carea' id='block_1_111' title="bbox 1030 2426 1777 2464">
    <p class='ocr_par' dir='ltr' id='par_1_111' title="bbox 1030 2426 1777 2464">
     <span class='ocr_line' id='line_1_111' title="bbox 1030 2426 1777 2464; baseline 0.001 -8"><span class='ocrx_word' id='word_1_769' title='bbox 1030 2428 1230 2464; x_wconf 79' lang='lat' dir='ltr'><strong>Supplicatio.</strong></span> <span class='ocrx_word' id='word_1_770' title='bbox 1249 2428 1373 2456; x_wconf 86' lang='lat' dir='ltr'><strong>Oremus</strong></span> <span class='ocrx_word' id='word_1_771' title='bbox 1388 2427 1627 2463; x_wconf 83' lang='lat' dir='ltr'><strong>Redemptorem.</strong></span> <span class='ocrx_word' id='word_1_772' title='bbox 1641 2426 1698 2462; x_wconf 81' lang='lat' dir='ltr'><strong>fol.</strong></span> <span class='ocrx_word' id='word_1_773' title='bbox 1716 2427 1777 2457; x_wconf 78' lang='grc'><strong>138.</strong></span> 
     </span>
    </p>
   </div>
   <div class='ocr_carea' id='block_1_112' title="bbox 1031 2471 1830 2508">
    <p class='ocr_par' dir='ltr' id='par_1_112' title="bbox 1031 2471 1830 2508">
     <span class='ocr_line' id='line_1_112' title="bbox 1031 2471 1830 2508; baseline -0.001 -8"><span class='ocrx_word' id='word_1_774' title='bbox 1031 2472 1183 2508; x_wconf 79' lang='lat' dir='ltr'><strong>Capitula.</strong></span> <span class='ocrx_word' id='word_1_775' title='bbox 1201 2472 1350 2505; x_wconf 86' lang='lat' dir='ltr'><strong>lllumina.</strong></span> <span class='ocrx_word' id='word_1_776' title='bbox 1367 2471 1501 2500; x_wconf 90' lang='lat' dir='ltr'><strong>Domine.</strong></span> <span class='ocrx_word' id='word_1_777' title='bbox 1511 2471 1567 2506; x_wconf 80' lang='lat' dir='ltr'><strong>fol.</strong></span> <span class='ocrx_word' id='word_1_778' title='bbox 1582 2473 1626 2501; x_wconf 85' lang='lat'><strong>26.</strong></span> <span class='ocrx_word' id='word_1_779' title='bbox 1827 2474 1830 2476; x_wconf 73' lang='lat'><em>‘</em></span> 
     </span>
    </p>
   </div>
   <div class='ocr_carea' id='block_1_113' title="bbox 1028 2516 1819 2548">
    <p class='ocr_par' dir='ltr' id='par_1_113' title="bbox 1028 2516 1819 2548">
     <span class='ocr_line' id='line_1_113' title="bbox 1028 2516 1819 2548; baseline 0.001 -4"><span class='ocrx_word' id='word_1_780' title='bbox 1028 2517 1145 2545; x_wconf 87' lang='lat' dir='ltr'><strong>Lauda.</strong></span> <span class='ocrx_word' id='word_1_781' title='bbox 1159 2517 1291 2545; x_wconf 84' lang='lat' dir='ltr'><strong>Miserere</strong></span> <span class='ocrx_word' id='word_1_782' title='bbox 1305 2516 1401 2548; x_wconf 81' lang='lat' dir='ltr'><strong>nobis,</strong></span> <span class='ocrx_word' id='word_1_783' title='bbox 1415 2516 1540 2544; x_wconf 87' lang='lat' dir='ltr'><strong>Domine</strong></span> <span class='ocrx_word' id='word_1_784' title='bbox 1551 2526 1556 2546; x_wconf 82' lang='grc' dir='ltr'>ε</span> <span class='ocrx_word' id='word_1_785' title='bbox 1569 2516 1712 2546; x_wconf 89' lang='lat' dir='ltr'><strong>miserere</strong></span> <span class='ocrx_word' id='word_1_786' title='bbox 1721 2516 1819 2546; x_wconf 86' lang='lat' dir='ltr'><strong>nobis.</strong></span> 
     </span>
    </p>
   </div>
   <div class='ocr_carea' id='block_1_114' title="bbox 993 2561 1822 2597">
    <p class='ocr_par' dir='ltr' id='par_1_114' title="bbox 993 2561 1822 2597">
     <span class='ocr_line' id='line_1_114' title="bbox 993 2561 1822 2597; baseline 0.001 -8"><span class='ocrx_word' id='word_1_787' title='bbox 993 2561 1026 2590; x_wconf 85' lang='lat' dir='ltr'><strong>P.</strong></span> <span class='ocrx_word' id='word_1_788' title='bbox 1039 2563 1120 2596; x_wconf 83' lang='lat' dir='ltr'><strong>Ecce,</strong></span> <span class='ocrx_word' id='word_1_789' title='bbox 1128 2563 1245 2597; x_wconf 89' lang='lat' dir='ltr'><strong>tempus</strong></span> <span class='ocrx_word' id='word_1_790' title='bbox 1254 2564 1306 2596; x_wconf 85' lang='lat' dir='ltr'><strong>est,</strong></span> <span class='ocrx_word' id='word_1_791' title='bbox 1322 2564 1353 2588; x_wconf 93' lang='lat' dir='ltr'><strong>ut</strong></span> <span class='ocrx_word' id='word_1_792' title='bbox 1362 2561 1531 2590; x_wconf 85' lang='lat' dir='ltr'><strong>miserearis</strong></span> <span class='ocrx_word' id='word_1_793' title='bbox 1541 2561 1638 2590; x_wconf 86' lang='lat' dir='ltr'><strong>nobis.</strong></span> <span class='ocrx_word' id='word_1_794' title='bbox 1653 2561 1685 2592; x_wconf 65' lang='lat'><strong>)7.</strong></span> <span class='ocrx_word' id='word_1_795' title='bbox 1695 2561 1739 2590; x_wconf 76' lang='lat' dir='ltr'><strong>Ad</strong></span> <span class='ocrx_word' id='word_1_796' title='bbox 1748 2563 1774 2591; x_wconf 92' lang='lat' dir='ltr'><strong>te</strong></span> <span class='ocrx_word' id='word_1_797' title='bbox 1783 2562 1822 2590; x_wconf 87' lang='lat' dir='ltr'><strong>le-</strong></span> 
     </span>
    </p>
   </div>
   <div class='ocr_carea' id='block_1_115' title="bbox 994 2606 1820 2642">
    <p class='ocr_par' dir='ltr' id='par_1_115' title="bbox 994 2606 1820 2642">
     <span class='ocr_line' id='line_1_115' title="bbox 994 2606 1820 2642; baseline 0.001 -8"><span class='ocrx_word' id='word_1_798' title='bbox 994 2614 1100 2634; x_wconf 88' lang='lat' dir='ltr'><strong>vamus</strong></span> <span class='ocrx_word' id='word_1_799' title='bbox 1107 2606 1209 2634; x_wconf 86' lang='lat' dir='ltr'><strong>oculos</strong></span> <span class='ocrx_word' id='word_1_800' title='bbox 1220 2609 1348 2641; x_wconf 85' lang='lat' dir='ltr'><strong>nostros,</strong></span> <span class='ocrx_word' id='word_1_801' title='bbox 1360 2606 1412 2642; x_wconf 88' lang='lat' dir='ltr'><strong>qui</strong></span> <span class='ocrx_word' id='word_1_802' title='bbox 1421 2606 1540 2635; x_wconf 86' lang='lat' dir='ltr'><strong>habitas</strong></span> <span class='ocrx_word' id='word_1_803' title='bbox 1549 2606 1579 2634; x_wconf 91' lang='lat' dir='ltr'><strong>in</strong></span> <span class='ocrx_word' id='word_1_804' title='bbox 1588 2606 1682 2635; x_wconf 66' lang='lat' dir='ltr'><strong>caelis.</strong></span> <span class='ocrx_word' id='word_1_805' title='bbox 1692 2607 1725 2634; x_wconf 85' lang='lat' dir='ltr'><strong>P.</strong></span> <span class='ocrx_word' id='word_1_806' title='bbox 1735 2606 1820 2642; x_wconf 87' lang='lat' dir='ltr'><strong>Ecce,</strong></span> 
     </span>
    </p>
   </div>
   <div class='ocr_carea' id='block_1_116' title="bbox 995 2650 1610 2686">
    <p class='ocr_par' dir='ltr' id='par_1_116' title="bbox 995 2650 1610 2686">
     <span class='ocr_line' id='line_1_116' title="bbox 995 2650 1610 2686; baseline 0.002 -7"><span class='ocrx_word' id='word_1_807' title='bbox 995 2653 1124 2686; x_wconf 86' lang='lat' dir='ltr'><strong>tempus.</strong></span> <span class='ocrx_word' id='word_1_808' title='bbox 1143 2650 1172 2681; x_wconf 61' lang='lat' dir='ltr'><strong>i’.</strong></span> <span class='ocrx_word' id='word_1_809' title='bbox 1190 2651 1296 2684; x_wconf 84' lang='lat' dir='ltr'><strong>Gloria,</strong></span> <span class='ocrx_word' id='word_1_810' title='bbox 1314 2653 1342 2679; x_wconf 87' lang='lat' dir='ltr'><strong>et</strong></span> <span class='ocrx_word' id='word_1_811' title='bbox 1355 2651 1462 2680; x_wconf 83' lang='lat' dir='ltr'><strong>honor.</strong></span> <span class='ocrx_word' id='word_1_812' title='bbox 1479 2652 1510 2679; x_wconf 92' lang='lat' dir='ltr'><strong>P.</strong></span> <span class='ocrx_word' id='word_1_813' title='bbox 1525 2652 1610 2680; x_wconf 89' lang='lat' dir='ltr'><strong>Ecce.</strong></span> 
     </span>
    </p>
   </div>
   <div class='ocr_carea' id='block_1_117' title="bbox 1031 2696 1821 2726">
    <p class='ocr_par' dir='ltr' id='par_1_117' title="bbox 1031 2696 1821 2726">
     <span class='ocr_line' id='line_1_117' title="bbox 1031 2696 1821 2726; baseline 0.001 -2"><span class='ocrx_word' id='word_1_814' title='bbox 1031 2696 1145 2725; x_wconf 78' lang='lat' dir='ltr'><strong>Oratio.</strong></span> <span class='ocrx_word' id='word_1_815' title='bbox 1162 2697 1241 2725; x_wconf 87' lang='lat' dir='ltr'><strong>Sicut</strong></span> <span class='ocrx_word' id='word_1_816' title='bbox 1257 2705 1412 2725; x_wconf 87' lang='lat' dir='ltr'><strong>servorum</strong></span> <span class='ocrx_word' id='word_1_817' title='bbox 1424 2697 1455 2725; x_wconf 92' lang='lat' dir='ltr'><strong>in</strong></span> <span class='ocrx_word' id='word_1_818' title='bbox 1471 2696 1613 2725; x_wconf 83' lang='lat' dir='ltr'><strong>manibus</strong></span> <span class='ocrx_word' id='word_1_819' title='bbox 1625 2696 1821 2726; x_wconf 83' lang='lat' dir='ltr'><strong>dominorum</strong></span> 
     </span>
    </p>
   </div>
   <div class='ocr_carea' id='block_1_118' title="bbox 995 2740 1821 2775">
    <p class='ocr_par' dir='ltr' id='par_1_118' title="bbox 995 2740 1821 2775">
     <span class='ocr_line' id='line_1_118' title="bbox 995 2740 1821 2775; baseline -0.002 -7"><span class='ocrx_word' id='word_1_820' title='bbox 995 2749 1118 2770; x_wconf 89' lang='lat' dir='ltr'><strong>suorum</strong></span> <span class='ocrx_word' id='word_1_821' title='bbox 1127 2741 1279 2770; x_wconf 88' lang='lat' dir='ltr'><strong>suntoculi</strong></span> <span class='ocrx_word' id='word_1_822' title='bbox 1291 2749 1298 2774; x_wconf 85' lang='lat'>;</span> <span class='ocrx_word' id='word_1_823' title='bbox 1312 2741 1353 2770; x_wconf 86' lang='lat' dir='ltr'><strong>ita</strong></span> <span class='ocrx_word' id='word_1_824' title='bbox 1359 2740 1497 2770; x_wconf 88' lang='lat' dir='ltr'><strong>nostriad</strong></span> <span class='ocrx_word' id='word_1_825' title='bbox 1509 2743 1545 2775; x_wconf 86' lang='lat' dir='ltr'><strong>te,</strong></span> <span class='ocrx_word' id='word_1_826' title='bbox 1555 2740 1681 2771; x_wconf 86' lang='lat' dir='ltr'><strong>Domine</strong></span> <span class='ocrx_word' id='word_1_827' title='bbox 1694 2745 1821 2775; x_wconf 83' lang='lat' dir='ltr'><strong>:quous—</strong></span> 
     </span>
    </p>
   </div>
   <div class='ocr_carea' id='block_1_119' title="bbox 994 2781 1820 2822">
    <p class='ocr_par' dir='ltr' id='par_1_119' title="bbox 994 2781 1820 2822">
     <span class='ocr_line' id='line_1_119' title="bbox 994 2781 1820 2822; baseline -0.002 -8"><span class='ocrx_word' id='word_1_828' title='bbox 994 2792 1053 2822; x_wconf 85' lang='lat' dir='ltr'><strong>que</strong></span> <span class='ocrx_word' id='word_1_829' title='bbox 1060 2787 1088 2814; x_wconf 88' lang='lat' dir='ltr'><strong>et</strong></span> <span class='ocrx_word' id='word_1_830' title='bbox 1097 2785 1292 2822; x_wconf 84' lang='lat' dir='ltr'><strong>peccantibus</strong></span> <span class='ocrx_word' id='word_1_831' title='bbox 1302 2793 1414 2814; x_wconf 83' lang='lat' dir='ltr'><strong>noxam</strong></span> <span class='ocrx_word' id='word_1_832' title='bbox 1423 2785 1566 2820; x_wconf 87' lang='lat' dir='ltr'><strong>dimittas,</strong></span> <span class='ocrx_word' id='word_1_833' title='bbox 1574 2786 1602 2815; x_wconf 86' lang='lat' dir='ltr'><strong>et</strong></span> <span class='ocrx_word' id='word_1_834' title='bbox 1611 2781 1820 2821; x_wconf 77' lang='lat' dir='ltr'><strong>vapulantium</strong></span> 
     </span>
    </p>
   </div>
  </div>
