4160 6428
461 332 565 393 311
1701 315 2154 376 BREVIARIUM
2199 317 2591 376 GOTHICUM.
3766 320 3896 375 312

462 451 950 529 plagasminuas;
975 444 1404 520 impertiasque
1417 442 1701 500 alimenta
1719 443 1996 513 etegenis
2016 463 2029 513 ;
2051 447 2110 501 et
2137 442 2180 496 A
2215 445 2436 502 mensis
2464 445 2662 510 unius,
2696 443 2845 500 dixit
2870 443 2923 500 ei
2956 460 2968 500 :
3002 446 3156 500 Num
3185 445 3328 518 quia
3355 444 3535 501 frater
3571 459 3750 500 meus
3787 459 3891 508 es,

463 540 763 600 medelam
797 537 988 594 tribue
1016 535 1363 592 vulneratis.
1392 544 1463 604 13;.
1506 534 1714 587 Amen.
2217 533 2399 606 gratis
2437 533 2654 590 servies
2689 532 2882 587 mihi?
2910 532 3007 588 dic
3043 532 3195 604 quid
3243 532 3532 589 mercedis
3584 531 3888 605 accipies.

533 634 642 686 Per
678 625 1176 685 misericordiam.
2217 621 2484 678 Habebat
2521 637 2657 676 vero
2710 619 2911 676 Laban
2949 620 3100 676 duas
3152 621 3326 687 ﬁlias,
3361 637 3584 677 nomen
3615 619 3894 692 majoris

1077 713 1176 769 Ad
1212 710 1493 768 Tertiam.
2218 710 2385 766 Liam
2416 726 2430 764 :
2460 709 2658 764 minor
2687 708 3104 781 appellabatur
3137 710 3371 766 Rachel.
3406 710 3522 768 Sed
3556 710 3660 766 .Lia
3686 707 3894 782 lippis

572 807 770 865 Lectio
803 801 1288 871 libriSapientia’.
1311 799 1452 863 Fili,
1483 798 1748 854 Custodi.
1775 799 1883 870 fol.
1912 803 2000 856 96.
2218 803 2344 854 erat
2363 796 2550 853 oculis
2585 814 2596 852 :
2631 796 2849 852 Rachel
2877 796 3095 853 decora
3125 797 3296 865 facie,
3329 803 3389 855 et
3421 802 3671 854 venusto
3699 812 3896 870 aspe-

707 892 1153 951 Proverbiorum
1179 888 1514 946 Salomonis
1539 887 1712 957 (Cap.
1744 888 1844 960 xx).
2218 889 2335 941 ctu.
2365 887 2554 950 Quam
2605 885 2855 956 diligens
2907 885 3110 950 Jacob,
3162 887 3244 942 ait
3273 904 3286 942 :
3318 887 3586 944 Serviam
3617 884 3723 943 tibi
3764 899 3893 957 pro

540 997 605 1056 1y.
642 985 764 1040 Deo
794 981 1037 1052 gratias.
2218 973 2437 1030 Rachel
2460 973 2581 1028 ﬁlia
2610 980 2711 1029 tua
2732 974 2980 1037 minore,
3023 978 3250 1047 septem
3295 976 3491 1030 annis.
3541 973 3896 1047 Respondit

545 1073 670 1138 Fili,
701 1069 929 1127 Justitia
958 1065 1243 1139 simplicis
1287 1064 1498 1137 diriget
1529 1063 1692 1120 viam
1717 1064 1767 1136 ej
1780 1081 1846 1119 us
1872 1081 1885 1120 :
1914 1067 1970 1120 et
2003 1064 2111 1119 im-
2221 1062 2422 1119 Laban
2457 1082 2468 1119 :
2510 1063 2708 1119 Melius
2731 1069 2816 1118 est
2848 1067 2912 1118 ut
2940 1062 3049 1118 tibi
3067 1063 3228 1120 illam
3250 1064 3464 1120 demus
3486 1080 3676 1137 quam
3699 1062 3895 1120 alteri

470 1160 686 1232 pietate
699 1173 810 1213 sua
826 1160 1057 1213 corruet
1075 1154 1317 1226 impius.
1342 1152 1571 1208 Justitia
1587 1156 1882 1208 rectorum
1902 1151 2113 1208 libera-
2219 1152 2366 1217 viro,
2397 1167 2574 1207 mane
2608 1151 2770 1222 apud
2801 1167 2911 1206 me.
2945 1151 3192 1209 Servivit
3210 1153 3384 1222 igitur
3402 1152 3584 1208 Jacob
3615 1169 3727 1225 pro
3767 1155 3894 1208 Ra-

470 1248 558 1304 bit
584 1263 684 1303 eos
713 1249 806 1302 :et
846 1244 1076 1300 insidiis
1115 1242 1240 1298 suis
1293 1241 1602 1314 capientur
1646 1240 1854 1313 iniqui.
1889 1243 2112 1296 Mortuo
2221 1240 2352 1296 chel
2368 1245 2593 1312 septem
2613 1239 2790 1295 annis
2827 1257 2838 1295 :
2873 1240 3894 1314 etvidebanturillipaucidiesprae

471 1333 714 1391 homine
742 1333 948 1404 impio,
979 1330 1147 1386 nulla
1173 1329 1280 1385 erit
1311 1329 1462 1384 ultra
1481 1343 1616 1400 spes
1651 1346 1664 1383 :
1699 1332 1757 1383 et
1780 1328 2114 1399 expectatio
2224 1328 2444 1384 amoris
2473 1328 2906 1397 magnitudine.
2931 1329 3200 1401 Dixitque
3230 1330 3307 1385 ad
3334 1329 3540 1386 Laban
3569 1348 3582 1382 :
3610 1333 3693 1386 Da
3725 1328 3896 1385 mihi

475 1421 835 1478 solicitorum
868 1419 1102 1491 peribit.
1142 1420 1341 1474 Justus
1389 1416 1461 1471 de
1506 1415 1799 1486 angustiis
1833 1415 2114 1472 liberatus

473 1514 562 1565 est
589 1528 607 1562 ε
634 1513 690 1564 et
714 1507 976 1564 tradetur
1004 1505 1225 1577 impius
1248 1519 1358 1577 pro
1379 1519 1470 1560 eo.
1495 1503 1812 1560 Simulator
1840 1520 1941 1560 ore
1962 1504 2116 1560 deci-

471 1596 830 1670 pitamicum
845 1610 1025 1650 suum
1041 1610 1052 1648 :
1063 1593 1207 1664 justi
1219 1598 1408 1649 autem
1424 1591 1836 1647 liberabuntur
1850 1593 2114 1654 scientia,

473 1685 540 1740 1n
550 1683 719 1740 bonis
731 1685 1028 1755 justorum
1046 1680 1330 1737 exultabit
1349 1680 1554 1736 civitas
1591 1697 1603 1736 :
1645 1681 1748 1750 17
1767 1683 1810 1750 ι
1834 1681 1967 1736 etin
1989 1696 2118 1752 per-

2224 1431 2470 1472 uxorem
2494 1432 2690 1473 meam
2723 1438 2734 1472 :
2767 1417 2910 1489 quia
2927 1418 3056 1486 jam
3086 1422 3324 1490 tempus
3344 1418 3649 1490 expletum
3669 1422 3782 1485 est,
3818 1421 3895 1474 ut

2223 1504 2523 1574 ingrediar
2560 1505 2638 1560 ad
2676 1521 2828 1560 eam.
2878 1505 2988 1570 Qui
3018 1507 3242 1562 vocatis
3285 1505 3491 1562 multis
3533 1506 3890 1562 amicorum

2227 1592 2412 1649 turbis
2469 1593 2546 1648 ad
2597 1593 2960 1658 convivium,
3027 1594 3160 1648 fecit
3205 1595 3468 1665 nuptias.
3517 1597 3582 1650 Et
3621 1609 3890 1666 vespere

2224 1681 2410 1736 ﬁliam
2442 1697 2612 1736 suam
2646 1682 2806 1738 Liam
2830 1681 3154 1738 introduxit
3192 1683 3271 1738 ad
3300 1698 3464 1753 eum,
3496 1682 3652 1739 dans
3685 1682 3890 1739 ancil-

473 1771 1037 1842 ditioneimpiorum
1059 1769 1165 1825 erit
1179 1768 1468 1825 laudatio.
1501 1768 1910 1824 Benedictione
1931 1769 2116 1840 justo-
2148 1783 2194 1840 Β
2225 1769 2345 1825 lam
2372 1769 2505 1825 ﬁliae
2526 1769 2804 1841 Zelpham
2827 1770 3093 1825 nomine.
3118 1769 3205 1826 Ad
3230 1786 3418 1842 quam
3439 1787 3577 1827 cum
3605 1786 3675 1828 ex
3707 1787 3890 1828 more

473 1876 609 1916 rum
626 1858 978 1915 exaltabitur
997 1858 1204 1913 civitas
1243 1873 1255 1912 :
1275 1860 1331 1912 et
1345 1871 1446 1912 ore
1476 1855 1802 1928 impiorum
1821 1855 2116 1913 subverte-

475 1951 590 2003 tur.
623 1947 731 2012 Qui
759 1945 976 2017 decipit
1001 1944 1263 2001 amicum
1295 1960 1491 2011 suum,
1525 1943 1726 2000 sitiens
1765 1943 1943 2000 corde
1987 1949 2114 2001 est:

475 2035 564 2090 vir
583 2039 783 2090 autem
813 2033 1076 2105 prudens
1098 2032 1330 2088 tacebit.
1351 2032 1460 2098 Qui
1480 2031 1748 2088 ambulat
1771 2032 2120 2088 fraudulen-

478 2127 584 2188 ter,
610 2121 831 2179 revelat
851 2137 1072 2178 arcana
1095 2138 1108 2177 :
1136 2121 1238 2194 qui
1258 2125 1456 2177 autem
1476 2120 1665 2176 ﬁdelis
1691 2124 1780 2176 est
1799 2121 2008 2192 animi,
2031 2137 2122 2178 ce-

476 2211 562 2268 lat
583 2210 994 2267 commissum.
1021 2210 1125 2266 Ubi
1155 2225 1277 2266 non
1306 2213 1394 2265 est
1424 2209 1808 2280 gubernator,
1857 2209 2120 2282 populus

477 2303 714 2356 corruet
735 2317 747 2354 :
773 2299 932 2354 salus
949 2302 1168 2363 autem,
1192 2297 1296 2354 ubi
1316 2297 1506 2354 multa
1526 2296 1795 2354 consilia.
1817 2297 2123 2366 Afﬂigetur

475 2387 977 2460 malo,quiﬁdem
995 2387 1252 2458 facitpro
1267 2391 1549 2442 extraneo
1584 2403 1596 2441 :
1626 2385 1731 2457 qui
1744 2390 1945 2441 autem
1957 2389 2125 2441 cavet

475 2475 744 2548 laqueos,
779 2491 1052 2531 secursus
1068 2475 1195 2532 erit.
1218 2475 1416 2533 Mulier
1436 2474 1701 2544 gratiosa
1715 2472 1977 2529 inveniet
2003 2472 2124 2544 glo-

476 2565 629 2621 riam
663 2581 675 2621 :
708 2562 1584 2622 etrobustihabebuntdivitias.
1601 2560 2124 2618 Benefacitanimaa

481 2670 606 2710 sua
627 2653 714 2710 vir
728 2653 1062 2710 misericors
1094 2671 1108 2710 :
1135 2653 1240 2727 qui
1255 2657 1456 2708 autem
1472 2650 1729 2707 crudelis
1754 2655 1861 2716 est,
1887 2652 2124 2724 propin-

482 2757 637 2814 quos
661 2741 876 2813 abjicit.
902 2743 1124 2816 Impius
1151 2739 1294 2797 facit
1321 2739 1628 2796 mercedes
1651 2739 1957 2796 instabiles
1989 2761 2001 2795 :
2033 2755 2122 2796 se-

483 2830 733 2889 minanti
760 2835 958 2888 autem
985 2829 1212 2902 justitia
1241 2843 1397 2900 opus
1421 2827 1614 2884 ﬁdele.
1650 2839 1714 2899 13g.
1747 2832 1955 2886 Amen.

780 2921 975 2978 Lectio
1011 2919 1153 2976 libri
1183 2917 1419 2976 Genesis
1446 2917 1618 2990 (Cap.
1648 2919 1827 2989 xxxx).

554 3021 625 3082 ἢ.
666 3011 786 3066 Deo
823 3009 1064 3080 gratias.

2225 1857 2407 1914 Jacob
2442 1858 2650 1913 fuisset
2669 1858 3000 1926 ingressus,
3022 1857 3180 1914 facto
3199 1874 3378 1914 mane
3407 1859 3557 1915 vidit
3579 1860 3742 1916 Liam
3778 1877 3790 1915 :
3825 1864 3891 1917 et

2227 1945 2374 2001 dixit
2403 1945 2482 2001 ad
2511 1962 2785 2002 socerum
2821 1963 2996 2002 suum
3028 1963 3045 2002 :
3077 1947 3226 2012 Quid
3256 1952 3344 2002 est
3367 1947 3535 2019 quod
3559 1947 3753 2004 facere
3777 1964 3888 2004 vo-

2226 2032 2436 2089 luisti?
2465 2049 2664 2088 nonne
2685 2050 2792 2106 pro
2817 2035 3034 2090 Rachel
3055 2035 3268 2091 servivi
3286 2036 3391 2091 tibi
3412 2036 3440 2090 ‘2
3461 2051 3648 2107 quare
3688 2036 3889 2108 impo-

2230 2121 2394 2176 suisti
2420 2121 2566 2176 mihi
2595 2122 2622 2177 ?
2641 2122 2965 2194 Respondit
2996 2122 3198 2178 Laban
3232 2143 3244 2181 :
3281 2125 3406 2179 Non
3433 2129 3523 2180 est
3543 2124 3753 2180 inloco
3774 2139 3887 2180 no-

2230 2213 2350 2264 stro
2379 2211 2854 2275 consuetudinis,
2885 2215 2949 2266 ut
2987 2211 3254 2266 minores
3295 2217 3432 2267 ante
3460 2213 3774 2268 tradamus
3801 2212 3889 2268 ad

2229 2297 2486 2369 nuptias.
2510 2298 2690 2369 Imple
2703 2298 3151 2355 hebdomadam
3164 2300 3399 2356 dierum
3409 2301 3593 2371 hujus
3604 2299 3838 2374 copulae
3867 2317 3883 2356 :

2231 2390 2285 2441 et
2312 2385 2469 2442 hanc
2487 2402 2728 2458 quoque
2744 2387 2904 2443 dabo
2930 2387 3035 2442 tibi
3063 2403 3173 2460 pro
3212 2404 3391 2461 opere
3406 2404 3529 2460 quo
3557 2389 3886 2446 serviturus

2231 2489 2295 2529 es
2325 2473 2470 2529 mihi
2510 2479 2733 2546 septem
2766 2475 2940 2530 annis
2984 2475 3134 2530 aliis.
3183 2476 3492 2549 Acquievit
3523 2476 3742 2548 placito
3780 2493 3794 2529 :
3823 2479 3889 2533 et

2229 2561 2615 2618 hebdomada
2641 2567 2958 2628 transacta,
2987 2563 3205 2620 Rachel
3231 2563 3400 2620 duxit
3420 2581 3695 2621 uxorem.

2301 2651 2646 2719 Antiphona
2661 2657 2682 2706 1
2701 2695 2715 2708 .
2741 2655 2806 2707 ln
2822 2658 3110 2708 aeternum
3128 2652 3541 2710 misericordia
3553 2653 3810 2719 Domini,
3826 2657 3891 2710 et

2233 2754 2422 2811 usque
2461 2741 2522 2794 in
2561 2739 2846 2796 saeculum
2875 2742 3096 2798 veritas
3137 2743 3290 2814 ejus.
3323 2743 3609 2798 Psatmus
3639 2756 3799 2797 xcrx.

2265 2843 2270 2874 ῖ
2306 2829 2529 2885 Oratio.
2565 2829 2902 2885 Laudemus
2942 2830 3190 2886 Domine
3239 2844 3459 2885 nomen
3487 2833 3697 2900 tuum;
3726 2844 3889 2900 quo-

2233 2916 2398 2972 niam
2431 2917 2632 2973 suavis
2665 2933 2766 2973 es:
2801 2921 2875 2982 et,
2908 2922 2973 2974 ut
3015 2934 3085 2974 os
3115 2922 3391 2974 nostrum
3421 2917 3537 2973 tuis
3567 2916 3892 2989 impleatur

2237 3003 2538 3071 affatibus,
2565 3021 2668 3062 cor
2684 3010 3075 3078 nostrumque
3093 3007 3338 3078 instiges
3362 3024 3374 3062 :
3393 3009 3496 3062 tua
3508 3005 3762 3077 proinde
3771 3020 3892 3062 nos

554 3101 618 3155 In
643 3097 756 3154 illis
792 3097 1006 3155 diebus
1040 3113 1052 3153 :
1082 3095 1383 3153 Profectus
1405 3095 1589 3152 Jacob
1617 3095 1782 3151 venit
1803 3094 1882 3152 ad
1910 3099 2128 3150 terram
2165 3123 2206 3180 ρ
2237 3097 2506 3164 protegat
2534 3094 2976 3160 misericordia;
3009 3111 3130 3168 qua
3151 3095 3493 3168 proletetur
3509 3110 3622 3151 nos
3641 3094 3704 3150 in
3723 3097 3895 3150 aeter-

483 3185 851 3245 orientalem.
885 3189 950 3243 Et
984 3185 1133 3243 vidit
1156 3187 1404 3257 puteum
1432 3183 1495 3240 in
1518 3198 1686 3253 agro,
1727 3191 1843 3240 tres
1887 3198 2130 3256 quoque

484 3291 693 3347 greges
721 3275 924 3331 ovium
962 3273 1327 3331 accubantes
1351 3273 1525 3342 juxta
1551 3287 1688 3327 eum
1722 3288 1735 3326 :
1767 3287 1910 3327 nam
1931 3288 2003 3327 ex
2030 3271 2130 3327 illo

483 3363 946 3438 adaquabantur
961 3379 1198 3436 pecora,
1217 3366 1352 3417 etos
1364 3360 1492 3430 ejus
1519 3358 1731 3429 grandi
1747 3359 1948 3432 lapide
1974 3359 2132 3416 clau-

483 3453 753 3511 debatur.
777 3456 939 3524 Mosq
949 3467 1017 3507 ue
1039 3455 1183 3516 erat,
1199 3454 1263 3505 ut
1277 3447 1503 3504 cunctis
1520 3447 1734 3503 ovibus
1754 3450 2130 3519 congregatis

483 3541 862 3599 devolverent
895 3539 1183 3611 lapidem,
1224 3541 1281 3592 et
1330 3536 1561 3592 refectis
1592 3535 1874 3606 gregibus
1922 3552 2130 3593 rursus

485 3645 660 3702 super
672 3644 741 3684 os
760 3628 918 3700 putei
945 3629 1254 3698 ponerent.
1281 3623 1552 3697 Dixitque
1566 3624 1646 3681 ad
1666 3630 1941 3697 pastores
1965 3642 1977 3682 :
2003 3628 2133 3683 Fra-

484 3723 620 3785 tres,
652 3715 812 3772 unde
828 3715 967 3772 estis
986 3715 1015 3772 ?
1035 3714 1146 3780 Qui
1162 3713 1634 3788 responderunt:
1664 3713 1746 3770 De
1775 3717 1955 3772 Aran.
1972 3717 2130 3780 Quos

483 3806 880 3876 interrogans.
912 3803 1212 3875 Nunquid,
1239 3803 1339 3870 ait,
1367 3802 1556 3859 nostis
1583 3802 1785 3859 Laban
1810 3802 2001 3859 ﬁlium
2022 3806 2130 3860 Na-

486 3895 679 3953 chor?
711 3893 990 3950 Dixerunt
1021 3909 1032 3948 :
1067 3893 1372 3949 Novimus.
1417 3895 1686 3950 Sanusne
1715 3896 1803 3948 est
1831 3892 1860 3947 Ἰ
1887 3892 2080 3964 inquit
2113 3908 2126 3949 :

484 3983 668 4047 Valet,
697 3981 977 4056 inquiunt
1011 4001 1024 4042 :
1053 3997 1188 4038 ecce
1217 3980 1433 4038 Rachel
1469 3979 1592 4037 ﬁlia
1625 3981 1753 4052 ejus
1791 3981 1953 4037 venit
1991 3996 2131 4037 cum

486 4088 663 4145 grege
704 4087 831 4128 suo.
877 4071 1146 4144 Dixitque
1182 4070 1367 4127 Jacob
1400 4086 1414 4126 :
1457 4070 1666 4126 Adhuc
1714 4069 1970 4127 multum
2012 4071 2132 4128 diei

485 4166 770 4236 superest,
810 4177 919 4222 nec
947 4166 1040 4219 est
1061 4166 1295 4234 tempus
1335 4165 1397 4217 ut
1421 4159 1782 4218 reducantur
1817 4160 1897 4218 ad
1926 4160 2132 4218 caulas

486 4266 695 4324 greges
728 4267 742 4307 :
773 4249 912 4308 date
933 4255 1071 4308 ante
1098 4254 1310 4322 potum
1339 4248 1570 4320 ovibus,
1597 4251 1655 4305 et
1682 4248 1766 4305 sic
1785 4249 1863 4305 ad
1889 4253 2132 4321 pastum

485 4357 587 4399 eas
619 4340 900 4397 reducite.
950 4339 1060 4404 Qui
1101 4339 1535 4410 responderunt
1565 4355 1578 4392 :
1609 4341 1736 4395 Non
1784 4354 2127 4410 possumus,

486 4427 680 4485 donec
710 4427 915 4484 omnia
941 4441 1162 4499 pecora
1181 4434 1634 4496 congregantur,
1655 4430 1713 4482 et
1735 4441 2130 4483 amoveamus

485 4516 751 4589 lapidem
765 4515 840 4572 de
855 4531 958 4571 ore
974 4514 1156 4587 putei,
1182 4519 1245 4570 ut
1266 4515 1640 4588 adaquemus
1661 4530 1892 4586 greges.
1920 4513 2132 4570 Adhuc

485 4605 904 4679 loquebantur,
945 4609 1002 4660 et
1030 4619 1164 4660 ecce
1195 4604 1411 4660 Rachel
1439 4603 1720 4660 veniebat
1754 4619 1891 4658 cum
1914 4603 2131 4659 ovibus

485 4696 672 4768 patris
703 4694 794 4751 sui
823 4711 835 4751 :
865 4709 1010 4750 nam
1027 4708 1265 4764 gregem
1288 4695 1419 4766 ipsa
1443 4693 1747 4766 pascebat.
1776 4694 1966 4756 Quam
1991 4709 2130 4749 cum

485 4785 731 4841 vidisset
751 4783 954 4850 Jacob,
983 4788 1042 4838 et
1069 4785 1242 4842 sciret
1269 4783 1698 4840 consobrinam
1719 4798 1910 4847 suam,
1953 4799 2127 4838 oves-

486 4889 604 4946 que
616 4873 819 4930 Laban
828 4873 1107 4930 avunculi
1125 4873 1242 4931 sui:
1260 4872 1486 4929 amovit
1499 4871 1762 4944 lapidem
1773 4887 1896 4944 quo
1912 4877 2128 4944 puteus

485 4960 891 5018 claudebatur.
915 4965 981 5018 Et
999 4962 1302 5034 adaquato
1314 4977 1511 5033 grege,
1533 4960 1835 5017 osculatus
1848 4966 1936 5018 est
1951 4977 2086 5017 eam
2110 4975 2124 5016 :

486 5049 834 5122 elevataque
861 5066 1026 5116 voce,
1058 5051 1237 5118 ﬂevit,
1271 5057 1328 5107 et
1354 5049 1639 5106 indicavit
1675 5050 1728 5105 ei
1759 5049 1923 5122 quod
1953 5048 2130 5105 frater

485 5143 639 5194 esset
654 5138 1070 5210 patrisejus,et
1091 5137 1246 5194 ﬁlius
1274 5137 1551 5194 Rebeccaa
1587 5154 1599 5190 :
1630 5141 1688 5192 at
1708 5135 1806 5192 illa
1840 5135 2127 5192 festinans

485 5225 1091 5299 nunciavitpatrisuo.
1115 5226 1375 5291 Quicum
1396 5224 1662 5280 audisset
1681 5223 1909 5278 venisse
1945 5225 2126 5281 Jacob

483 5315 676 5371 ﬁlium
691 5316 906 5373 sororis
923 5333 1069 5383 sum,
1087 5314 1344 5371 cucurrit
1363 5313 1605 5369 obviam
1625 5313 1676 5368 ei
1711 5331 1723 5369 :
1751 5311 2127 5385 complexus-

484 5421 603 5478 que
614 5420 773 5472 eum,
807 5405 932 5462 etin
953 5403 1158 5461 osculo
1174 5418 1374 5471 ruens,
1397 5401 1567 5458 duxit
1583 5401 1645 5457 in
1660 5402 1910 5458 domum
1928 5417 2121 5460 suam.

483 5493 712 5551 Auditis
729 5497 929 5551 autem
958 5492 1155 5549 causis
1173 5490 1414 5557 itineris,
1438 5490 1744 5563 respondit
1774 5508 1787 5546 :
1818 5492 1895 5547 Os
1921 5506 2124 5548 meum

483 5597 566 5649 es,
609 5590 665 5640 et
703 5597 843 5638 caro
873 5595 1030 5645 mea.
1064 5582 1129 5637 Et
1172 5585 1496 5654 postquam
1541 5579 1768 5653 impleti
1814 5583 1954 5638 sunt
1994 5579 2124 5638 dies

2238 3197 2386 3238 num
2416 3182 2627 3238 veritas
2661 3184 2994 3240 manifesta.
3032 3195 3103 3254 Ην.
3142 3189 3349 3240 Amen.

2310 3270 2419 3326 Per
2447 3271 2944 3328 misericordiam.

2308 3359 2662 3428 Antiphona
2679 3365 2730 3415 2.
2757 3364 2908 3417 Bene
2928 3361 3205 3419 nunciate
3225 3362 3301 3418 de
3329 3361 3428 3418 die
3451 3361 3516 3418 in
3535 3360 3697 3418 diem
3730 3359 3898 3417 salu-

2239 3451 2362 3504 tare
2391 3448 2642 3504 Domini.
2684 3451 2964 3507 Psalmus
2979 3467 3115 3510 xcv.

2312 3536 2534 3593 Oratio.
2567 3541 2641 3594 Te
2663 3540 2849 3594 Deum
2865 3539 3176 3611 psallendo
3202 3539 3638 3609 benedicimus,
3661 3554 3732 3596 ac
3751 3554 3900 3611 pre-

2238 3640 2466 3694 camur,
2508 3631 2572 3684 ut
2599 3627 2764 3684 nullo
2779 3627 3090 3684 obstaculo
3119 3632 3156 3685 ὸ.
3187 3635 3288 3685 tuo
3308 3629 3741 3701 prohibeamur
3762 3626 3901 3683 ofﬁ-

2238 3714 2332 3770 cio
2364 3734 2379 3771 :
2396 3715 2620 3788 quique
2638 3732 2779 3772 vero
2792 3722 2845 3774 te
2859 3718 3176 3774 Dominum
3198 3717 3573 3786 conﬁtemur,
3588 3716 3760 3773 ditari
3786 3724 3900 3774 tuo

2237 3820 2484 3860 munere
2514 3805 2898 3877 indulgentiae
2930 3807 3283 3863 sentiamus.
3323 3818 3390 3876 Br.
3422 3810 3632 3863 Amen.

2309 3896 2410 3948 Per
2447 3894 2938 3951 misericordiam.

2308 3983 2650 4052 Antiphona
2682 3987 2731 4039 3.
2767 3983 2995 4041 Liberet
3012 3999 3124 4040 nos
3144 3984 3392 4040 Domine
3421 3985 3668 4040 dextera
3684 3987 3808 4049 tua,
3828 3989 3900 4042 et

2237 4069 2552 4128 brachium
2583 4077 2859 4127 sanctum
2887 4076 3078 4128 tuum.
3102 4073 3384 4129 Psalmus
3411 4089 3586 4129 xcvu.

2310 4171 2380 4229 Βι.
2420 4161 2670 4224 Quterite
2693 4160 3032 4230 Dominum,
3064 4161 3210 4215 dum
3231 4161 3482 4217 inveniri
3511 4164 3708 4234 potest
3742 4179 3754 4220 :
3786 4160 3898 4217 in-

2242 4252 2446 4303 vocata
2469 4263 2629 4314 eum,
2651 4247 2798 4303 dum
2811 4264 2997 4320 prope
3017 4252 3122 4304 est.
3152 4249 3534 4322 Derelinquat
3560 4249 3758 4307 omnis
3775 4249 3896 4306 im-

2239 4335 2374 4406 pius
2396 4335 2554 4391 viam
2575 4350 2766 4402 suam,
2787 4341 2841 4392 et
2860 4336 2948 4391 vir
2965 4337 3206 4408 iniquus
3225 4338 3614 4408 cogitationes
3630 4353 3790 4394 suas.
3814 4338 3894 4395 P.

2241 4425 2309 4479 Et
2334 4427 2656 4480 revertatur
2683 4425 3094 4497 unusquisque
3112 4429 3148 4481 ὸ,
3172 4427 3271 4482 via
3288 4443 3398 4482 sua
3413 4427 3596 4492 mala,
3621 4433 3678 4484 et
3702 4443 3736 4483 a
3753 4441 3896 4498 pes-

2242 4512 2407 4568 simis
2435 4513 2893 4584 cogitationibus
2923 4514 3072 4570 suis.
3112 4515 3178 4569 P.
3212 4517 3279 4571 Et
3295 4521 3641 4572 revertatur.
3669 4516 3732 4576 )7.
3757 4515 3898 4572 Glo-

2237 4603 2347 4668 ria,
2375 4609 2432 4658 et
2458 4603 2668 4659 honor.
2700 4604 3034 4661 Reiteretur
3061 4616 3125 4675 Ri.

2317 4692 2421 4762 17
2435 4693 2486 4761 2
2515 4693 2738 4748 Preces.
2755 4693 3031 4748 Dicamus
3049 4707 3290 4747 omnes:
3316 4695 3380 4749 Et
3397 4709 3604 4766 preces
3626 4697 3887 4760 nostras,

2239 4781 2505 4848 Domine,
2557 4781 2825 4852 placatus
2881 4781 3136 4837 attende.
3171 4782 3237 4835 P.
3271 4784 3337 4838 Et
3365 4782 3427 4837 in
3473 4779 3888 4837 misericordia

2236 4868 2494 4925 furorem
2527 4885 2788 4925 remove.
2813 4869 2879 4928 ἵ.
2918 4869 3242 4940 Benignus,
3275 4886 3347 4926 ea
3369 4887 3504 4944 quin
3547 4868 3882 4939 rogaberis,

2238 4957 2519 5022 concede,
2550 4965 2605 5014 et
2632 4957 3095 5029 postulationem
3126 4964 3412 5015 nostram.
3446 4960 3502 5013 P.
3527 4959 3593 5012 Et
3620 4959 3681 5012 in
3708 4956 3890 5012 mise-

2236 5047 2506 5103 ricordia.
2532 5046 2592 5105 tr.
2636 5046 2788 5100 Deus
2818 5051 3038 5112 noster,
3064 5048 3227 5118 aperi
3251 5047 3456 5103 oculos
3484 5051 3636 5108 tuos,
3657 5047 3713 5099 et
3740 5043 3883 5101 vide

2237 5135 2416 5203 mala,
2451 5149 2586 5206 quae
2608 5149 2716 5189 nos
2742 5135 3162 5204 comprimunt.
3189 5137 3250 5189 P.
3285 5138 3350 5189 Et
3368 5135 3426 5189 in
3447 5131 3882 5190 misericordia.

2235 5223 2296 5284 1t.
2330 5223 2758 5291 lndulgentiam
2779 5229 3157 5293 peccatorum
3175 5228 3512 5279 nostrorum
3528 5221 3809 5287 concede,
3825 5232 3885 5279 et

2235 5311 2579 5382 lachrymas
2614 5311 3026 5381 paenitentum.
3068 5315 3130 5367 P.
3171 5315 3234 5366 Et
3261 5311 3320 5365 in
3353 5311 3784 5366 misericordia.

2305 5402 2602 5469 Hymnus.
2639 5401 2681 5455 Ο
2712 5402 3034 5470 Nazarene,
3056 5399 3176 5454 lux.
3209 5399 3461 5470 Require
3475 5399 3588 5467 fol.
3626 5402 3745 5454 144.

2306 5488 2530 5544 Oratio.
2555 5486 2783 5544 Liberet
2809 5503 2938 5552 nos,
2966 5487 3492 5553 Domine,dextera
3519 5491 3620 5546 tua
3652 5506 3665 5544 :
3695 5489 3885 5562 impe-

2233 5578 2441 5650 rioque
2471 5583 2573 5635 tuo
2596 5577 2764 5633 ﬂecte
2789 5577 3196 5649 arrogantium
3221 5576 3405 5635 corda
3432 5597 3444 5638 :
3475 5582 3540 5635 ut
3555 5582 3761 5649 gentes
3779 5596 3880 5637 ve—
