4160 6414
284 328 394 388 3'13

1465 330 1824 390 DOMINICA
1861 328 1885 385 Ι
1926 327 2531 397 QUADBAGESIME.

3600 339 3707 395 314

291 452 483 510 ritatis
514 452 778 510 adventu
798 454 1225 526 declarescant,
1266 460 1324 513 et
1351 460 1657 514 ostensam
1686 456 1944 513 salutem
1981 453 2028 507 A
2061 469 2099 510 a
2131 456 2362 514 civitate
2385 459 2497 516 ista
2517 462 2573 515 et
2600 458 2827 530 populo
2875 463 2999 517 tuo.
3046 462 3117 517 P.
3146 460 3294 526 Quia
3336 461 3477 533 pius
3530 476 3616 517 es.
3640 461 3703 522 Ψ.

294 543 497 599 cordis
526 543 862 601 humilitate
917 546 1270 618 suscipiant.

366 632 542 688 Pater
578 636 806 691 noster.

955 722 1042 778 Ad
1068 721 1308 780 Sextum

475 811 665 867 Lectio
696 811 840 867 libri
863 812 1059 869 Esaia
1112 813 1418 885 Prophetas
1451 812 1614 884 (Cap.
1649 816 1761 884 33).

366 912 433 971 Βι.
467 902 588 955 Deo
617 900 862 969 gratias.

366 988 618 1045 Domine
631 988 1109 1046 misererenostri
1138 1010 1149 1049 :
1184 997 1237 1046 te
1250 991 1409 1047 enim
1443 991 1897 1063 expectavimus
1927 1006 1939 1045 :

293 1081 421 1133 esto
436 1076 755 1133 brachium
777 1082 1054 1134 nostrum
1067 1079 1128 1134 in
1150 1095 1346 1144 mane,
1371 1084 1426 1135 et
1444 1079 1609 1136 salus
1656 1083 1862 1134 nostra
1884 1076 1944 1131 in

290 1165 1014 1237 tempore’tribulationis.
1043 1168 1089 1220 A
1120 1183 1265 1223 voce
1296 1167 1503 1238 Angeli
1531 1167 1813 1237 fugerunt
1840 1180 1945 1237 po-

292 1254 439 1326 puli,
462 1258 519 1310 et
547 1253 625 1309 ab
656 1255 1068 1326 expectatione
1103 1259 1207 1312 tua
1232 1256 1517 1327 dispersae
1545 1260 1685 1311 sunt
1717 1260 1941 1325 gentes.

293 1341 362 1394 Et
380 1341 727 1411 congregab
735 1348 912 1397 untur
926 1344 1118 1415 spolia
1131 1350 1328 1400 vestra
1342 1344 1494 1400 sicut
1509 1343 1799 1415 colligitur
1809 1344 1945 1396 bru-

294 1428 466 1493 chus,
492 1428 655 1485 velut
685 1446 823 1485 cum
848 1430 1021 1489 fossae
1053 1432 1245 1503 plenae
1275 1433 1490 1489 fuerint
1517 1433 1586 1488 de
1616 1448 1707 1487 eo.
1729 1429 1948 1501 Magni-

290 1516 510 1573 ﬁcatus
528 1523 619 1573 est
648 1518 938 1575 Dominus
969 1522 1264 1593 quoniam
1295 1521 1663 1579 habitavitin
1689 1519 1940 1576 excelso:

287 1605 564 1678 implevit
618 1606 759 1663 Sion
792 1609 1018 1679 judicio
1057 1614 1114 1666 et
1148 1610 1396 1681 justitia.
1440 1613 1505 1667 Et
1547 1610 1655 1667 erit
1697 1610 1847 1665 ﬁdes
1883 1608 1945 1663 in

281 1695 663 1767 temporibus
680 1697 801 1752 suis
826 1716 838 1753 :
868 1697 1094 1754 divitiae
1107 1699 1313 1755 salutis
1345 1700 1651 1771 sapientiae
1674 1703 1730 1754 et
1755 1698 1942 1753 scien-

280 1783 384 1841 tias
419 1801 431 1840 :
468 1785 647 1843 timor
680 1788 918 1843 Domini
946 1788 1075 1860 ipse
1099 1789 1410 1845 thesaurus
1435 1794 1542 1846 est.
1576 1792 1719 1845 Ecce
1744 1788 1943 1844 viden—
1969 1810 2013 1863 Β

281 1876 374 1929 tes
402 1873 925 1941 clamabuntforis,
954 1880 1010 1933 et
1022 1877 1229 1947 Angeli
1247 1877 1409 1949 pacis
1448 1893 1653 1934 amare
1681 1876 1937 1932 ﬂebunt.

280 1962 595 2034 Dissipatis
621 1972 761 2019 sunt
775 1966 902 2032 viae,
925 1966 1184 2021 cessavit
1204 1967 1496 2022 transiens
1514 1982 1619 2037 per
1638 1967 1935 2030 semitam,

277 2050 513 2107 irritum
535 2051 759 2109 factum
790 2058 878 2109 est
906 2060 1173 2125 pactum,
1204 2055 1453 2126 projecit
1479 2055 1764 2119 civitates,
1815 2069 1937 2109 non

276 2140 580 2210 reputavit
604 2140 899 2197 homines.
928 2142 1118 2208 Luxit,
1149 2147 1204 2199 et
1219 2143 1489 2213 elanguit
1519 2148 1673 2199 terra
1706 2141 1942 2197 :confu-

283 2243 391 2282 sus
421 2232 512 2284 est
542 2227 821 2299 Libanus,
840 2238 894 2285 et
924 2230 1255 2298 obsorduit,
1311 2236 1371 2287 et
1397 2231 1590 2287 factus
1616 2235 1705 2287 est
1745 2230 1940 2289 Saron

281 2315 437 2371 sicut
462 2315 790 2377 desertum:
827 2324 882 2375 et
908 2335 1201 2376 concussa
1239 2325 1329 2376 est
1359 2322 1572 2386 Basan,
1604 2324 1658 2375 et
1707 2320 1940 2374 Carme-

279 2404 398 2460 lus.
435 2408 604 2461 Nunc
652 2423 943 2478 exurgam
982 2409 1125 2466 dicit
1156 2410 1442 2466 Dominus
1488 2424 1687 2464 :nunc
1722 2408 1939 2464 exalta-

277 2492 414 2560 bor,
440 2508 604 2550 nunc
635 2496 1018 2555 sublevabor.
1052 2510 1120 2567 Βί.
1183 2503 1398 2554 Amen.

353 2585 699 2654 Antiphonti
726 2587 777 2643 1.
802 2588 911 2652 Qui
936 2587 1177 2657 diligitis
1216 2589 1551 2652 Dominum,
1606 2587 1765 2644 odite
1814 2601 1940 2642 ma-

275 2671 408 2728 lum
442 2692 455 2731 :
490 2674 746 2731 custodit
763 2676 1052 2731 Dominus
1073 2677 1309 2734 animas
1336 2692 1646 2733 servorum
1662 2691 1931 2744 suorum,

283 2761 362 2816 de
386 2776 580 2817 manu
604 2764 934 2835 peccatoris
963 2763 1240 2821 liberavit
1293 2780 1414 2821 eos.
1485 2766 1757 2821 Psatmus
1780 2779 1936 2820 xcvr.

355 2849 584 2906 Oratio.
619 2852 792 2917 Deus,
821 2853 993 2923 cujus
1014 2853 1076 2908 in
1131 2868 1318 2923 regno
1368 2852 1733 2910 credentium
1785 2855 1940 2907 terra

278 2935 512 2994 exultat
538 2939 737 3008 ;cujus
751 2940 1047 3010 justitiam
1074 2941 1586 2997 coeliannuntiant
1611 2956 1624 3005 ;
1653 2940 1823 3011 cujus
1836 2938 1938 2994 do-

276 3024 1330 3099 minationemAngelorumlegiones
1351 3029 1605 3085 adorant
1632 3048 1643 3086 :
1682 3026 1936 3083 custodi-

278 3128 597 3170 servorum
619 3119 857 3171 tuorum
875 3117 1141 3184 animas;
1173 3133 1329 3174 acne
1372 3117 1599 3190 peccati
1632 3120 1937 3173 auctorem
1968 3090 2010 3146 C

279 3205 601 3273 sequentes
636 3203 1023 3272 intereamus,
1058 3210 1121 3261 tu
1172 3204 1400 3275 libera;
1434 3210 1497 3261 tu
1548 3210 1789 3278 protege
1823 3222 1835 3259 :
1873 3208 1938 3259 tu

276 3304 579 3347 conserva
605 3308 617 3345 :
642 3296 725 3361 ut,
755 3308 894 3349 cum
920 3300 1056 3350 ante
1081 3294 1296 3351 faciem
1319 3300 1486 3351 tuam
1515 3294 1670 3364 ignis
1687 3292 1936 3349 combu-

272 3393 413 3434 rens
444 3379 716 3450 praeierit,
750 3396 873 3437 non
912 3398 1021 3439 nos
1048 3383 1399 3439 meritorum
1457 3398 1641 3455 paena
1681 3396 1935 3438 exuren-

271 3465 388 3524 dos
418 3467 704 3540 accipiat;
734 3469 839 3526 sed
869 3470 1186 3529 clementia
1214 3473 1605 3537 creatoris,ut
1629 3472 1929 3535 vivamus,

271 3555 507 3628 eripiat.
551 3568 615 3628 1y.
652 3558 862 3614 Amen.

346 3643 460 3700 Per
480 3645 983 3704 misericordiam.

346 3734 692 3803 Antiphona
715 3741 767 3790 2.
798 3736 962 3793 Beati
978 3752 1212 3802 omnes,
1241 3737 1343 3809 qui
1366 3737 1932 3804 timentDominum,

271 3824 335 3878 et
355 3821 461 3893 qui
488 3820 802 3877 ambulant
831 3824 891 3878 in
921 3824 1033 3878 viis
1049 3826 1201 3893 cjus.
1227 3824 1498 3880 Psalmus
1536 3840 1723 3880 cxxvn

350 3909 575 3964 Oratio.
598 3908 769 3975 Deus,
793 3911 896 3982 qui
924 3912 1199 3966 timentes
1229 3916 1303 3977 te,
1335 3912 1544 3967 beatos
1596 3913 1935 3984 prophetali

271 4011 427 4053 voce
456 3998 843 4068 pronuntias;
868 3998 948 4054 da
971 3999 1034 4053 in
1052 3998 1229 4054 nobis
1275 4000 1361 4054 tui
1386 4000 1611 4054 amoris
1642 4000 1938 4072 obsequia

270 4083 652 4155 beneplacita
681 4089 742 4141 ut
771 4102 842 4141 ex
863 4086 979 4143 hoc
999 4086 1061 4141 in
1086 4086 1195 4142 viis
1217 4087 1328 4141 tuis
1377 4086 1688 4142 ambulare
1711 4102 1822 4142 nos
1854 4087 1939 4142 fa-

273 4173 422 4230 cias.
459 4172 679 4247 Sitque,
712 4179 766 4231 te
796 4175 1192 4245 gubernante,
1222 4175 1396 4232 labor
1427 4180 1628 4231 noster
1653 4175 1768 4230 tuis
1799 4190 1938 4231 ocu-

273 4262 350 4319 lis
377 4261 669 4335 placitus;
700 4264 868 4336 cujus
893 4264 1121 4321 fructus
1187 4269 1453 4337 tempore
1513 4264 1938 4321 remuneratio-

274 4351 374 4407 m's
403 4350 695 4408 efﬁciatur
720 4354 1151 4410 suavissimus:
1174 4370 1246 4410 ac
1269 4354 1354 4410 sic
1374 4353 1549 4411 labor
1565 4354 1692 4425 ipse
1708 4353 1782 4409 de
1801 4353 1938 4410 cha-

272 4440 447 4497 ritate
472 4440 804 4510 studeatur,
835 4448 896 4498 ut
933 4442 1098 4514 apud
1133 4446 1184 4498 te
1208 4444 1407 4513 fruges
1436 4443 1490 4499 ei
1522 4443 1582 4498 in
1612 4442 1932 4498 beatitudi-
1965 4438 2012 4492 D

275 4544 355 4585 ne
386 4529 811 4586 recondantur.
851 4542 917 4603 It.
974 4537 1186 4588 Amen.

351 4620 462 4674 Per
490 4619 976 4678 misericordiam.

346 4708 689 4779 Antiphona
719 4714 769 4766 3.
806 4712 1009 4782 Speret
1045 4712 1226 4768 Israel
1268 4712 1329 4767 in
1396 4710 1671 4775 Domino,
1707 4726 1781 4766 ex
1810 4710 1923 4766 hoc

277 4812 447 4853 nunc
467 4802 523 4853 et
547 4814 737 4870 usque
780 4799 843 4854 in
872 4801 1180 4856 saeculum.
1216 4802 1489 4857 Psatmus
1506 4815 1680 4855 cxxx.

354 4898 416 4955 at.
434 4887 832 4958 Deprecemur
843 4889 1188 4959 Dominum,
1200 4894 1256 4945 et
1285 4888 1595 4961 placabilis
1610 4888 1718 4943 erit
1733 4887 1927 4943 nobis.

279 4976 342 5029 P.
373 4978 441 5031 Et
459 4975 738 5032 exaudiet
754 4992 882 5043 nos,
917 4978 1360 5034 etmiserebitur
1380 4978 1578 5034 nobis.
1605 4977 1667 5037 if.
1704 4964 1928 5044 Venite,

276 5065 613 5121 exultemus
640 5067 923 5121 Domino:
950 5067 1407 5137 jubilemusDeo
1423 5066 1668 5123 salutari
1699 5072 1927 5121 nostro.

278 5155 337 5209 P.
374 5156 440 5209 Et
468 5154 711 5210 exaudi.
744 5154 804 5215 ιγ.
834 5155 1045 5221 Gloria,
1116 5161 1172 5212 et
1196 5157 1409 5212 honor.
1476 5157 1811 5212 Reiteretur
1851 5166 1920 5225 fy.

346 5244 572 5302 Preces.
596 5244 876 5299 Dicamus
903 5260 1148 5301 omnes:
1184 5247 1385 5311 Parce,
1428 5246 1701 5313 Domine,
1727 5248 1785 5299 et
1825 5244 1931 5298 mi-

274 5348 494 5389 serere.
531 5334 594 5388 P.
625 5333 772 5398 Quia
823 5334 957 5404 pius
978 5348 1059 5388 es.
1092 5334 1155 5394 V.
1196 5335 1284 5389 Ad
1311 5340 1366 5391 te
1393 5334 1669 5391 levamus
1724 5332 1929 5388 oculos

267 5426 526 5488 nostros,
558 5423 662 5494 qui
692 5421 925 5479 habitas
964 5424 1025 5479 in
1054 5423 1241 5479 crelis.
1278 5424 1340 5476 P.
1371 5425 1521 5490 Quia
1546 5425 1683 5495 pius
1723 5439 1816 5478 es.
1850 5420 1918 5482 ir.

271 5510 523 5568 Salvum
548 5510 664 5580 fac,
704 5512 969 5579 Domine,
1014 5512 1303 5585 populum
1354 5518 1551 5580 tuum,
1586 5518 1642 5570 et
1678 5510 1930 5569 benedic

271 5600 669 5658 hereditatem
681 5605 866 5660 tuam.
895 5601 960 5659 P.
979 5603 1149 5669 Quia.
1181 5602 1243 5666 ἣν.
1261 5607 1574 5662 Avertatur
1602 5603 1768 5661 furor
1789 5608 1928 5661 tuus

2058 546 2268 601 Averte
2292 546 2505 603 faciem
2534 552 2700 603 tuam
2731 563 2767 604 a
2815 549 3076 619 peccatis
3112 550 3330 606 nostris
3407 554 3462 607 et
3489 565 3702 607 omnes

2059 630 2399 703 iniquitates
2420 643 2656 691 nostras
2696 635 2846 692 dele.
2888 638 2956 692 P.
3005 636 3171 703 Quia.

2130 722 2409 790 Hymnus.
2440 725 2484 779 Ο
2510 726 2823 781 Nazarene.
2850 726 2969 794 fol.
3016 726 3133 780 144.

2131 808 2353 865 Oratio.
2382 811 2590 869 Exalta
2609 829 2795 869 cornu
2820 818 3116 879 nostrum,
3161 812 3426 883 Domine,
3444 812 3585 868 ﬁdei
3612 828 3707 869 ca-

2057 895 2286 953 tholicae
2316 900 2559 969 merito;
2592 906 2647 958 et
2674 918 2750 959 ne
2806 902 3137 960 maculetur
3168 916 3339 957 mens
3403 900 3697 973 superbiae

2056 986 2290 1054 morbo,
2322 1004 2560 1058 gressus
2580 995 2819 1047 nostros
2858 1006 3035 1063 super
3065 990 3279 1047 mundi
3309 990 3491 1060 hujus
3515 989 3708 1046 latitu-

2056 1072 2194 1129 dine
2217 1075 2407 1133 tribue
2419 1078 2728 1135 ambulare
2763 1095 2869 1135 :ne
2886 1080 3049 1135 noxii
3076 1079 3428 1135 incedamus
3445 1079 3506 1134 in
3538 1093 3703 1134 com-

2054 1162 2239 1233 pedes
2266 1182 2280 1232 ;
2306 1166 2410 1220 sed
2437 1166 2739 1223 humiliter
2766 1168 3077 1224 sentiendo
3134 1167 3213 1223 ad
3268 1167 3703 1240 plenitudinem

2058 1250 2185 1321 spei
2210 1252 2383 1307 nobis
2431 1254 2735 1311 condones
2785 1271 3128 1327 properare.

2127 1340 2968 1414 Paternoster,quiesinccelis
3003 1362 3016 1400 :
3051 1342 3451 1401 sanctiﬁcetur
3478 1358 3701 1398 nomen

2057 1428 2225 1483 tuum
2253 1444 2267 1483 :
2301 1428 2579 1487 adveniat
2604 1447 2857 1501 regnum
2887 1436 3059 1489 tuum
3092 1450 3106 1489 :
3140 1432 3244 1489 ﬁat
3271 1430 3547 1487 voluntas
3578 1434 3697 1487 tua.

2656 1520 2751 1575 Ad
2799 1521 3097 1589 Vesperos.

2122 1603 2355 1660 Lauda.
2387 1604 2483 1661 Sol
2512 1607 2753 1676 agnovit
2781 1622 3084 1664 occasum.
3129 1607 3383 1665 Posuisti
3406 1605 3698 1677 tenebras,

2054 1692 2109 1745 et
2128 1689 2285 1748 facta
2314 1697 2401 1748 est
2427 1708 2567 1749 nox.

2122 1780 2410 1835 Dominus
2450 1780 2543 1838 sit.
2573 1792 2637 1853 11p.
2669 1784 2918 1838 Etcum.

2121 1868 2490 1937 Antiphona.
2521 1870 2717 1941 Reple,
2742 1872 2918 1941 Deus,
2956 1870 3183 1941 gaudio
3214 1886 3282 1926 os
3305 1873 3581 1926 nostrum
3611 1872 3701 1925 :et

2046 1954 2255 2025 lingua
2270 1962 2474 2013 nostra
2510 1957 2572 2013 in
2603 1958 2980 2016 exultatione.
3035 1960 3315 2016 Psalmus
3346 1974 3517 2014 cxxv.

2118 2044 2405 2100 Dominus
2426 2046 2515 2101 sit.
2550 2057 2616 2118 ἢ.
2644 2050 2711 2102 Et
2739 2050 2912 2102 Cum.

2118 2132 2349 2189 Lauda.
2398 2135 2591 2198 Quam
2635 2134 2838 2191 dulcia
2883 2134 3155 2191 faucibus
3180 2134 3320 2190 meis
3344 2135 3408 2189 P.
3449 2132 3700 2205 Eloquia

2047 2223 2169 2289 tua,
2220 2221 2390 2293 173
2420 2238 2597 2295 super
2613 2222 2732 2279 mel
2748 2228 2805 2279 et
2825 2223 3032 2279 favum
3053 2223 3140 2279 ori
3168 2238 3327 2279 meo.
3356 2222 3425 2284 ἡ.
3456 2222 3545 2277 Ab
3575 2236 3700 2276 om-

2046 2308 2224 2365 nivia
2252 2310 2412 2367 mala
2442 2311 2690 2382 prohibe
2737 2313 2923 2385 pedes
2985 2327 3152 2368 meos
3183 2329 3196 2368 :
3240 2316 3305 2367 ut
3359 2309 3699 2367 custodiam

2047 2398 2233 2455 verba
2253 2403 2372 2457 tua.
2406 2402 2471 2456 P.
2505 2400 2775 2475 Eloquia.
2807 2402 2869 2463 ἲν.
2886 2402 3100 2474 Gloria,
3132 2406 3189 2459 et
3214 2402 3408 2459 honor
3447 2399 3695 2457 Patri.P.

2047 2484 2315 2559 Eloquia.

2726 2578 3018 2649 Hymnus.

2329 2665 2576 2735 Christe,
2599 2682 2933 2739 precamur,
2986 2681 3186 2724 annue
3218 2683 3232 2731 ;

2259 2753 2574 2826 Mistasque
2602 2771 2780 2812 voces
2800 2755 3039 2812 fletibus

2261 2843 2505 2914 Semper
2531 2843 2831 2914 benignus
2857 2848 2914 2899 et
2952 2844 3090 2915 pius

2258 2934 2578 2987 Venturam
2604 2932 2668 2987 in
2696 2936 2933 2987 noctem
2967 2930 3234 3001 suscipe.

2328 3025 2403 3078 Te
2429 3021 2612 3077 corda
2630 3024 2835 3077 nostra
2852 3020 3156 3076 somnient
3184 3035 3196 3074 :

2256 3114 2329 3167 Te
2350 3126 2456 3183 per
2485 3125 2759 3182 scporem
2816 3109 3075 3165 sentiant
3107 3124 3121 3162 :

2257 3202 2562 3271 Tuamque
2588 3213 2825 3269 semper
2877 3196 3130 3267 gloriam

2259 3287 2460 3343 Vicina
2482 3286 2614 3342 luce
2673 3286 3009 3341 concinant.

2329 3376 2519 3432 Vitam
2540 3374 2846 3430 salubrem
2891 3373 3085 3431 tribue
3110 3391 3123 3428 :

2258 3468 2535 3521 Nostrum
2561 3463 2824 3520 calorem
2876 3462 3051 3518 reﬁce
3077 3479 3091 3529 ;

2256 3557 2488 3610 Tetram
2538 3554 2729 3610 noctis
2778 3552 3093 3623 caliginem

2259 3642 2503 3699 Claritas
2534 3646 2639 3699 tua
2667 3641 3006 3698 inluminet.

2328 3731 2580 3805 Hymnis
2619 3735 2760 3788 vota
2810 3729 3227 3803 persolvimus,

2255 3822 2591 3893 Vesperque
2621 3836 2861 3876 sacrum
2899 3817 3228 3891 poscimus,

2257 3909 2545 3966 Nostrum
2578 3907 2785 3963 delens
2840 3906 3330 3978 chirographum,

2256 3998 2567 4067 Tuumque
2604 4000 2899 4067 praestans
2973 3994 3223 4049 editum.

2327 4084 2445 4139 Deo
2469 4084 2627 4138 Patri
2655 4083 2728 4138 sit
2754 4081 2960 4152 gloria,

2260 4172 2521 4243 Ejusque
2553 4171 2662 4226 soli
2718 4171 2877 4229 Filio.

2264 4260 2478 4315 Sancto
2502 4257 2677 4313 simul
2706 4256 2994 4314 Paraclito

2262 4350 2323 4403 ln
2362 4348 2721 4420 sempiterna
2772 4344 3009 4402 saecula.

2329 4441 2536 4493 Amen.

2114 4525 2510 4595 Supplicatio.
2540 4526 2805 4582 Oremus.
2841 4525 3046 4592 Quaere
3069 4524 3187 4593 fol.
3230 4524 3356 4581 138.

2116 4618 2723 4687 Capitula.Nonarum
2736 4615 3014 4670 horarum
3026 4612 3235 4685 spatiis
3246 4612 3428 4683 hujus
3442 4612 3558 4667 diei
3572 4613 3694 4683 jam

2041 4709 2316 4781 peractis,
2340 4704 2470 4773 tibi,
2499 4705 2886 4777 Omnipotens
2900 4704 3073 4760 Deus.
3109 4699 3468 4756 sacriﬁcium
3500 4698 3696 4755 reddi-

2042 4794 2583 4865 muslaudis,uthoc
2591 4793 2669 4863 jej
2682 4791 2878 4847 unium
2892 4790 3098 4845 festum
3111 4792 3344 4844 tuorum
3382 4787 3455 4843 sit
3486 4786 3685 4857 gaudi-

2042 4903 2135 4943 um
2149 4885 2549 4941 servulorum:
2568 4888 2648 4952 ut,
2674 4882 2776 4953 qui
2793 4880 2898 4936 tibi
2912 4879 3323 4935 submittentes
3336 4877 3494 4935 colla
3510 4879 3688 4934 servi-

2039 4992 2197 5042 mus,
2226 4990 2263 5030 a
2282 4973 2509 5030 cunctis
2533 4969 2844 5027 diabolicis
2865 4967 3177 5024 fraudibus
3198 4982 3499 5024 eruamur.
3525 4970 3695 5026 Dona

2040 5066 2239 5137 itaque
2252 5062 2436 5119 servis
2454 5060 2566 5117 tuis
2580 5058 2925 5132 praesidium
2956 5057 3342 5123 indefessum,
3362 5061 3426 5113 ut
3457 5057 3573 5113 tuis
3602 5058 3689 5113 in-

2038 5153 2321 5211 haerendo
2335 5150 2627 5207 mandatis
2637 5194 2651 5217 ,
2664 5164 2787 5205 non
2800 5146 3217 5203 conturbemur
3229 5146 3309 5203 ab
3321 5146 3686 5215 insidiatore,

2039 5244 2143 5298 sed
2159 5252 2212 5297 te
2234 5255 2572 5298 mereamur
2595 5237 2818 5294 habere
2846 5237 2908 5292 in
2940 5236 3223 5293 omnibus
3263 5240 3687 5308 protectorem.

2112 5332 2282 5388 Pater
2320 5336 2539 5386 noster.
2560 5333 2605 5384 Α
2637 5327 2798 5384 malo
2821 5343 2932 5383 nos
2981 5326 3186 5382 libera.
3217 5326 3328 5396 fol.
3356 5326 3442 5380 10.

2107 5420 2461 5476 Benedictio.
2486 5418 2773 5475 Dominus
2790 5419 2957 5472 Jesus
2970 5414 3259 5483 Christus,
3282 5414 3381 5485 qui
3396 5428 3503 5485 per
3528 5410 3691 5466 elee-

2037 5524 2360 5581 mosynam
2381 5507 2743 5579 etjejunium
2771 5504 3035 5576 extingui
3052 5504 3474 5575 dixitpeccata,
3508 5509 3691 5566 super

2036 5614 2146 5657 vos
2173 5597 2605 5656 benedictionis
2626 5612 2752 5652 suae
2781 5594 3071 5653 concedat
3085 5592 3360 5663 gratiam.
3385 5600 3454 5657 13;.
3476 5589 3686 5640 Amen.
