4160 6422
449 326 557 386 345

1695 318 2147 382 BREVIARIUM
2186 319 2577 380 GOTHICUM.

3737 315 3863 372 316

453 454 523 509 Ut
550 465 655 523 per
679 448 890 522 jejunii
922 449 1369 519 castigationem
1392 449 1615 510 diaboli
1638 449 1872 506 calcatis
1886 461 2088 518 super-
2115 447 2162 501 A
2192 462 2564 518 quaesumus,
2594 462 2632 503 a
2659 445 2839 503 nobis
2864 444 3212 516 iniquitates
3240 444 3298 500 et
3341 441 3564 498 scelera
3611 441 3862 504 nostra,

451 539 636 604 biam,
671 543 726 594 et
755 537 1101 594 humilitatis
1133 539 1336 595 Christi
1358 538 1819 611 apprehendatis
1854 536 2085 591 itinera.

449 639 514 699 It.
544 631 756 682 Amen.
784 630 865 682 Ac
891 631 1130 698 praestet
1156 627 1464 693 Dominus,
1495 631 1561 683 ut
1597 642 1702 698 per
1726 624 2088 681 distributio-

450 716 546 771 nis
587 716 1035 785 eleemosynam
1059 716 1367 786 prmsentis
1393 715 1531 772 vita:
1549 713 1814 772 remedia
1841 715 1897 768 et
1924 711 2087 770 dona

453 802 1162 875 consequaminieeterna.
1203 815 1273 873 ne.
1310 807 1519 860 Amen.

520 892 626 947 Per
650 891 1144 948 misericordiam.

523 979 748 1036 Lauda.
770 979 1036 1036 Miserere
1056 980 1250 1037 nobis.
1281 980 1668 1038 Oratio.Sicut
1697 991 2005 1035 servorum
2024 976 2087 1031 in

451 1067 748 1126 manibus.
779 1069 884 1138 fol.
911 1069 1041 1125 170.

1143 1171 1392 1212 ΒΔΒΒΑΤΟ

1033 1244 1133 1300 Ad
1171 1244 1537 1302 Matutinum

518 1330 883 1401 Antiphona.
922 1329 1008 1386 Tu
1037 1337 1237 1388 autem
1263 1331 1535 1388 Domine.
1601 1329 1827 1388 Oratio.
1870 1330 2086 1394 Quam-

449 1418 541 1474 vis
573 1419 839 1474 Domine.
857 1420 973 1488 fol.
1007 1423 1126 1476 141.

517 1508 857 1576 ΑηιίρΙιοηα
874 1510 925 1563 1.
952 1507 1482 1580 Timebuntgentes
1510 1521 1726 1564 nomen
1752 1511 1943 1573 tuum,
1978 1508 2086 1562 Do-

448 1594 630 1650 mine.
663 1595 934 1652 Psatmus
961 1611 1030 1652 cr.

519 1684 722 1739 Oratio
776 1686 1012 1753 Exurge
1056 1687 1229 1753 Deus,
1281 1688 1336 1740 et
1391 1685 1663 1740 miserere
1702 1684 1886 1748 Sion;
1940 1682 2086 1754 quia

2193 540 2427 608 tuaeque
2448 552 2558 592 nos
2587 532 3022 592 benedictionis
3053 536 3109 590 et
3131 531 3294 604 pacis
3331 529 3630 587 infusione
3673 528 3866 585 locu-

2192 624 2369 695 pleta.
2401 635 2464 695 ἢν.
2533 629 2737 679 Amen.

2262 712 2370 766 Per
2398 710 2884 766 misericordiam.

2262 799 2359 854 Ad
2395 799 2766 856 Benedictus.
2790 797 3142 867 Antiphona
3161 834 3176 850 .
3194 795 3404 853 Emitte
3428 794 3627 851 lucem
3648 797 3857 862 tuam,

2194 888 2459 953 Domine,
2492 892 2548 944 et
2576 889 2880 944 veritatem
2903 892 3071 942 tuam
3104 904 3118 942 :
3143 887 3223 943 P.
3286 888 3423 956 Ipsa
3451 898 3550 941 me
3579 882 3863 940 deduxev

2191 979 2349 1046 runt,
2380 981 2437 1032 et
2455 977 2859 1048 perduxerunt
2883 975 2944 1031 in
2967 977 3235 1032 montem
3264 976 3541 1030 sanctum
3562 975 3762 1036 tuum,
3797 973 3868 1026 et

2192 1061 2253 1118 in
2283 1063 2737 1119 tabernaculum
2763 1065 2954 1119 tuum.

2265 1150 2589 1207 Canticum.
2623 1149 2994 1207 Benedictus.
3025 1149 3136 1219 fol.
3170 1147 3222 1204 6.
3250 1148 3478 1206 Lauda.
3534 1150 3598 1204 In
3621 1148 3866 1208 sanctis

2193 1238 2324 1307 ejus
2346 1237 2585 1294 laudate
2612 1237 2948 1294 Dominum.

2474 1326 2667 1383 Lectio
2711 1326 2849 1381 libri
2877 1326 3106 1384 Genesis
3132 1324 3318 1396 (Cap).
3347 1325 3556 1394 χχιιι).

2264 1425 2334 1482 ἣν.
2364 1415 2486 1470 Deo
2512 1413 2754 1482 gratias.

2264 1505 2330 1557 In
2365 1501 2478 1559 illis
2509 1501 2721 1558 diebus
2755 1501 2933 1559 :Misit
2959 1501 3146 1559 Jacob
3182 1501 3439 1558 nuncios
3462 1503 3602 1558 ante
3655 1514 3721 1556 se
3763 1499 3858 1558 ad

2195 1591 2347 1646 Esau
2375 1589 2616 1647 fratrem
2630 1605 2806 1646 suum
2835 1590 2897 1645 in
2926 1592 3082 1646 terra
3113 1589 3256 1655 Seir,
3278 1589 3341 1645 in
3363 1587 3612 1660 regione
3629 1587 3852 1644 Edom.

2193 1678 2592 1750 praecepitque
2610 1677 2712 1744 eis,
2728 1677 2931 1732 dicens
2962 1694 2974 1731 :
2995 1677 3085 1733 Sic
3095 1676 3411 1748 loquimini
3436 1676 3685 1732 domino
3705 1691 3855 1732 meo

447 1773 677 1842 tempus
706 1771 1026 1826 miserandi
1040 1773 1213 1828 nobis
1232 1773 1472 1830 advenit
1503 1791 1515 1828 :
1566 1772 1794 1843 respice
1839 1773 1915 1828 ad
1947 1786 2083 1826 nos-
2114 1786 2162 1841 Β
2193 1767 2346 1822 Esau
2381 1783 2398 1818 :
2431 1769 2562 1820 Haec
2592 1765 2730 1822 dicit
2768 1765 2946 1821 frater
2975 1767 3112 1820 tuus
3148 1765 3330 1822 Jacob
3365 1782 3378 1820 :
3427 1764 3605 1836 Apud
3638 1763 3854 1820 Laban

447 1863 550 1916 πω
575 1859 937 1930 paupertatis
978 1861 1307 1917 orationem
1353 1864 1715 1932 tuorumque
1768 1859 2084 1916 humilium

447 1947 804 2018 amplectere
836 1962 1094 2018 precem.
1146 1961 1210 2019 ηε.
1242 1954 1448 2005 Amen.

517 2035 628 2089 Per
657 2035 1146 2093 misericordiam.

516 2122 907 2192 Antiphonaﬁ.
921 2124 1216 2196 Propitius
1231 2129 1356 2182 esto
1390 2123 1797 2197 iniquitatibus
1817 2124 2036 2179 nostris
2068 2142 2080 2182 :

448 2212 504 2267 et
531 2225 703 2276 sana,
731 2213 998 2275 Domine,
1029 2211 1351 2283 languores
1392 2217 1644 2268 nostros.
1680 2212 1947 2269 Psaimus
1977 2227 2075 2268 cu.

521 2300 746 2355 Oratio.
779 2300 1092 2357 Benedlcat
1125 2305 1199 2367 te,
1241 2301 1509 2365 Domine,
1548 2301 1750 2357 anima
1766 2305 1969 2356 nostra
1993 2320 2005 2369 ;
2031 2303 2088 2356 et

447 2387 652 2444 omnia
666 2387 944 2444 interiora
963 2390 1093 2460 ejus
1118 2390 1179 2444 in
1209 2389 1326 2444 tuis
1365 2389 1645 2446 laudibus
1665 2389 2039 2444 conclamant
2068 2405 2080 2444 :

448 2479 515 2532 ut
536 2475 607 2531 ad
653 2478 955 2533 sanandos
985 2478 1304 2547 languores
1332 2481 1565 2535 nostros
1591 2477 1794 2533 audita
1822 2478 2085 2535 oratione

447 2579 771 2620 concurras
794 2583 812 2634 ;
840 2568 897 2620 et
924 2565 1105 2621 vitam
1120 2570 1391 2622 nostram
1427 2566 1501 2621 de
1532 2565 1767 2621 interitu
1791 2566 2081 2630 redimas;

446 2652 508 2706 in
531 2651 1082 2709 bonisdesiderium
1113 2657 1389 2710 nostrum
1411 2653 1593 2710 saties
1612 2669 1630 2725 ;
1657 2658 1714 2710 et
1739 2657 1945 2710 votum
1957 2669 2084 2726 per-

445 2738 695 2794 fectione
723 2755 989 2796 corones.
1022 2752 1084 2811 ἢ.
1132 2741 1340 2798 Amen.

515 2829 620 2884 Per
652 2828 1143 2886 misericordiam.

514 2917 855 2988 Antiphona
881 2921 932 2973 3.
963 2919 1357 2976 Misericordia
1406 2918 1641 2976 Domini
1689 2933 1725 2975 a
1757 2919 1996 2986 saeculo,
2028 2921 2084 2974 et

443 3020 635 3076 usque
653 3006 714 3061 in
732 3006 1015 3064 saeculum
1031 3023 1207 3079 super
1227 3009 1500 3065 timentes
1515 3023 1673 3064 cum.
1688 3008 1954 3064 Psalmus
1978 3025 2072 3064 cu.

448 3093 662 3147 Oratio.
693 3094 992 3150 Miserator
1040 3096 1306 3161 Domine,
1339 3099 1395 3151 et
1450 3096 1804 3161 misericors,
1852 3111 1927 3151 ne
1973 3095 2084 3151 ira-
2113 3128 2155 3184 ρ

446 3179 630 3234 scaris
641 3180 816 3235 nobis
834 3181 895 3236 in
917 3180 1101 3237 ﬁnem
1125 3200 1137 3234 τ
1165 3182 1270 3238 sed
1281 3187 1576 3254 quantum
1597 3182 1773 3238 distat
1795 3183 1990 3238 oriens
2006 3183 2084 3239 ab

444 3281 682 3333 occasu,
698 3268 1071 3340 iniquitatem
1096 3269 1318 3325 anobis
1344 3285 1588 3326 omnem
1618 3269 1827 3339 elonga
1848 3286 1861 3335 ;
1883 3274 1938 3325 et
1955 3271 2084 3340 jux-

443 3357 502 3409 ta
529 3353 901 3412 altitudinem
922 3356 1054 3412 coeli
1085 3371 1122 3412 a
1150 3361 1306 3413 terra
1344 3360 1506 3414 tuam
1546 3355 1608 3411 in
1658 3356 1834 3412 nobis
1861 3357 2084 3412 miseri-

443 3441 706 3498 cordiam
744 3443 954 3500 dilata.
1009 3455 1076 3510 Rt.
1127 3448 1335 3500 Amen.

509 3529 621 3584 Per
662 3531 1153 3587 misericordiam.

513 3627 577 3685 ﬁ.
595 3617 991 3689 Deprecemur
1007 3619 1348 3689 Dominum,
1367 3619 1628 3676 dicentes
1659 3637 1671 3675 ε
1698 3619 2082 3676 Peccavimus

438 3702 563 3770 tibi,
587 3703 741 3760 Deus
773 3725 785 3764 :
819 3706 882 3761 P.
923 3707 1268 3762 Patientiam
1297 3706 1455 3763 habe
1479 3707 1539 3762 in
1564 3707 1758 3778 nobis,
1799 3715 1853 3762 et
1882 3709 2084 3780 propi-

441 3790 585 3847 tiare
622 3791 682 3847 in
703 3793 898 3862 malis,
922 3809 1056 3866 quin
1085 3795 1353 3867 quotidie
1373 3795 1726 3851 adcrescunt
1741 3811 1920 3867 super
1949 3813 2078 3853 nos.

440 3879 501 3938 li'.
529 3879 860 3936 Defecimus
888 3882 949 3937 in
974 3883 1061 3942 ira
1097 3886 1220 3949 tua,
1280 3887 1335 3938 et
1389 3884 1450 3938 in
1500 3882 1698 3940 furore
1748 3884 2081 3940 conturbati

442 3984 672 4024 sumus.
707 3971 1160 4028 P.Patientiam.
1195 3983 1256 4043 ἢ.
1293 3971 1504 4038 Gloria,
1564 3977 1621 4028 et
1646 3973 1854 4028 honor.

1041 4060 1112 4114 In
1157 4059 1480 4115 Laudibus.

506 4147 877 4215 Antiphona.
909 4150 1019 4205 Cor
1039 4149 1360 4204 contritum
1383 4151 1440 4204 et
1473 4148 1874 4219 humiliatum,
1902 4151 2078 4217 Deus,

438 4249 516 4290 ne
547 4235 860 4305 despicias.
893 4237 1159 4292 Psalmus
1186 4254 1239 4292 L.

511 4321 733 4377 Oratio.
754 4322 919 4377 Hunc
931 4323 1256 4393 psalmum,
1274 4323 1776 4380 medicaminibus
1791 4326 2083 4396 paeniten-

438 4407 530 4464 tiae
555 4407 819 4478 plenum,
835 4409 1079 4464 vocibus
1107 4410 1205 4465 tibi
1231 4411 1477 4465 Domine
1505 4411 1712 4481 lingua
1732 4419 1934 4468 nostra
1960 4430 2081 4485 per-

440 4495 771 4551 solvimus:
809 4498 1326 4568 postulamusque,
1384 4502 1446 4553 ut
1491 4499 1663 4554 sicuti
1713 4502 1894 4556 David
1945 4508 2084 4573 post

441 4583 586 4640 Urius
615 4581 829 4640 (lethaei
859 4585 1215 4654 sanguinem
1245 4584 1465 4649 fusum,
1496 4602 1600 4656 per
1631 4603 1733 4642 eor
1762 4592 2081 4645 contritum

437 4677 494 4728 et
529 4673 907 4729 humiliatum
923 4673 1141 4728 diluisti
1165 4674 1505 4737 commissa;
1564 4675 1648 4731 ita
1677 4692 1919 4748 quoque
1946 4694 2082 4733 nos-

438 4764 528 4818 tra
570 4763 816 4817 Domine
846 4761 1020 4817 simili
1051 4761 1450 4819 satisfactione
1481 4763 1729 4835 dignare
1769 4770 2080 4838 amputare

438 4854 701 4918 peccata.
744 4861 807 4916 ἢν.
839 4854 1035 4905 Amen.

508 4937 615 4990 Per
640 4937 1107 4993 misericordiam

507 5025 886 5090 Antiphone.
909 5029 988 5080 Ne
1013 5028 1370 5082 extermines
1403 5027 1640 5099 plebem
1669 5034 1853 5098 tuam,
1887 5033 2080 5088 Domi-

438 5124 531 5172 ne,
566 5113 622 5164 et
644 5110 1030 5167 hereditatem
1056 5118 1242 5174 tuam,
1274 5131 1460 5184 quam
1511 5116 1794 5172 liberasti.

511 5199 848 5255 Canticum.
882 5202 1148 5265 Domine,
1183 5203 1430 5258 Domine
1450 5218 1554 5258 rex
1574 5204 1844 5261 deorum.
1883 5209 2083 5278 [tequi-

438 5303 504 5343 re
528 5289 639 5356 fol.
679 5293 796 5343 103.

517 5374 690 5446 174
725 5376 946 5432 Oratio.
974 5377 1271 5432 Universae
1291 5378 1487 5433 carnis
1523 5380 1751 5450 spiritui
1766 5382 2081 5441 fortissime

438 5476 506 5517 ac
530 5460 869 5516 misericors
887 5462 1417 5532 Deus,propitiare,
1455 5478 1793 5534 quwsumus
1824 5468 2083 5531 ;univer-

443 5550 601 5609 sitati
618 5548 894 5608 Ecclesiae
912 5554 1026 5608 tum
1058 5549 1277 5609 dimitte
1297 5557 1541 5622 peccata
1559 5554 1831 5614 omnium
1859 5573 1872 5622 ;
1893 5555 2078 5623 aufer,

2192 1852 2600 1923 peregrinatus
2617 1867 2771 1917 sum,
2800 1851 2952 1908 ettui
2979 1867 3168 1923 usque
3190 1853 3249 1908 in
3274 1856 3632 1923 praesentem
3659 1851 3849 1908 diem.

2193 1940 2392 1996 Habeo
2419 1938 2933 2007 boves,etasinos,
2952 1943 3009 1994 et
3032 1954 3195 2007 oves,
3220 1944 3277 1998 et
3315 1955 3544 2006 servos,
3572 1944 3629 1995 et
3657 1939 3849 1996 ancil-

2191 2027 2279 2084 las
2295 2045 2309 2093 ;
2325 2027 2612 2099 mittoque
2627 2042 2786 2083 nunc
2801 2027 3165 2096 legationem
3182 2027 3258 2084 ad
3277 2027 3598 2084 dominum
3615 2043 3848 2096 meum,

2192 2119 2256 2171 ut
2283 2116 2584 2174 inveniam
2613 2116 2868 2185 gratiam
2894 2115 2953 2171 in
2981 2120 3305 2187 conspectu
3336 2121 3462 2174 tuo.
3495 2116 3850 2187 Reversique

2195 2208 2335 2261 sunt
2361 2204 2562 2260 nuncii
2590 2205 2667 2261 ad
2686 2203 2890 2268 Jacob,
2918 2203 3184 2260 dicentes
3222 2221 3235 2262 :
3271 2205 3562 2260 Venimus
3585 2205 3665 2261 ad
3685 2207 3846 2262 Esau

2193 2293 2432 2350 fratrem
2457 2296 2645 2358 tuum,
2677 2296 2733 2348 et
2757 2307 2891 2348 ecce
2919 2296 3198 2364 properat
3225 2293 3287 2348 in
3316 2308 3636 2350 occursum
3661 2298 3838 2350 tuum

2193 2397 2330 2437 cum
2353 2380 2801 2452 quadringentis
2830 2380 2986 2437 viris.
3031 2380 3244 2442 Timuit
3298 2381 3488 2438 Jacob
3537 2381 3752 2438 valde:
3785 2385 3846 2440 et

2191 2471 2531 2542 perterritus
2559 2470 2763 2524 divisit
2797 2469 3089 2541 populum
3103 2471 3204 2541 qui
3223 2485 3430 2528 secum
3451 2475 3601 2535 erat,
3631 2485 3846 2543 greges

2191 2574 2432 2631 quoque
2447 2562 2505 2614 et
2521 2572 2664 2614 oves
2688 2562 2744 2614 et
2764 2558 2963 2621 boves,
3001 2561 3059 2616 et
3118 2558 3400 2630 camelos,
3433 2560 3496 2616 in
3525 2559 3682 2616 duas
3721 2562 3845 2616 tur-

2190 2663 2346 2715 mas,
2371 2647 2574 2703 dicens
2615 2664 2627 2702 :
2656 2647 2713 2702 Si
2732 2647 3131 2704 veneritEsau
3157 2649 3237 2705 ad
3266 2663 3451 2706 unam
3467 2652 3754 2717 turmam,
3783 2652 3843 2706 et

2191 2735 2543 2807 percusserit
2558 2751 2710 2799 eam,
2733 2734 2848 2791 alia
2865 2738 3080 2801 turma,
3095 2751 3232 2808 quas
3253 2736 3482 2808 reliqua
3504 2739 3612 2803 est,
3640 2735 3842 2794 salva-

2189 2824 2365 2881 bitur.
2394 2823 2664 2896 Dixitque
2680 2823 2882 2879 Jacob:
2915 2827 3069 2880 Deus
3087 2825 3270 2896 patris
3293 2823 3408 2880 mei
3429 2823 3757 2893 Abraham,
3778 2828 3840 2880 et

2193 2913 2346 2970 Deus
2366 2914 2552 2985 patris
2582 2913 2925 2970 meilsaac:
2961 2914 3208 2970 Domine
3254 2913 3359 2985 qui
3419 2913 3619 2970 dixisti
3647 2913 3836 2971 mihi:

2191 3004 2492 3058 Revertere
2532 3002 2593 3057 in
2616 3006 2834 3058 terram
2874 3005 3062 3065 tuam,
3115 3006 3172 3059 et
3200 3002 3263 3058 in
3291 3001 3481 3058 locum
3506 3001 3842 3058 nativitatis

2191 3094 2328 3158 tum,
2344 3095 2398 3146 et
2414 3090 2784 3146 benefaciam
2805 3089 2909 3146 tibi
2932 3091 3158 3147 :minor
3187 3105 3320 3147 sum
3343 3089 3568 3147 cunctis
3588 3089 3842 3147 misera-

2191 3177 2452 3234 tionibus
2478 3178 2610 3245 tuis,
2643 3182 2699 3234 et
2722 3178 2961 3235 veritate
3022 3183 3124 3235 tua
3152 3194 3338 3250 quam
3359 3179 3608 3250 explesti
3663 3192 3847 3236 servo

2189 3269 2313 3323 tuo.
2345 3269 2408 3322 ln
2433 3265 2647 3322 bacqu
2699 3281 2835 3322 meo
2893 3267 3139 3324 transivi
3184 3267 3510 3323 Jordanem
3540 3267 3713 3322 istum
3744 3284 3755 3322 :
3787 3271 3850 3323 et

2187 3368 2350 3409 nunc
2369 3368 2507 3409 cum
2532 3353 2770 3409 duabus
2816 3355 3024 3410 turmis
3068 3355 3393 3425 regredior.
3449 3357 3599 3410 Erue
3630 3370 3726 3411 me
3766 3355 3850 3413 de

2187 3457 2374 3498 manu
2399 3441 2594 3498 fratris
2624 3442 2740 3498 mei
2769 3445 2941 3508 Esau,
2975 3443 3079 3514 qui
3103 3443 3277 3501 valde
3335 3459 3473 3500 eum
3521 3443 3701 3501 timeo
3727 3463 3738 3502 :
3767 3458 3847 3500 ne

2187 3531 2336 3584 forte
2365 3529 2609 3584 veniens
2631 3531 2921 3600 percutiat
2942 3536 3195 3588 matrem
3225 3547 3362 3588 cum
3418 3531 3576 3589 ﬁliis.
3639 3533 3724 3588 Tu
3751 3531 3844 3588 lo-

2188 3621 2361 3672 cutus
2381 3633 2442 3672 es
2455 3617 2620 3688 quod
2640 3617 3018 3675 benefaceres
3048 3619 3220 3689 mihi,
3241 3625 3296 3676 et
3316 3618 3604 3677 dilatares
3628 3633 3843 3676 semen

2188 3721 2390 3762 meum
2421 3705 2570 3763 sicut
2601 3721 2849 3765 arenam
2889 3709 3084 3774 maris,
3125 3723 3261 3780 quae
3299 3722 3422 3779 prae
3451 3708 3842 3765 multitudine

2187 3795 2489 3850 numerari
2516 3810 2637 3851 non
2668 3799 2880 3866 potest.
2917 3799 3184 3869 Cumque
3207 3797 3529 3853 dormisset
3552 3797 3636 3854 ibi
3665 3802 3844 3855 nocte

2189 3883 2307 3946 illa,
2340 3884 2634 3954 separavit
2654 3884 2728 3940 de
2757 3885 2848 3940 his
2879 3901 3013 3957 quae
3042 3885 3327 3950 habebat,
3381 3901 3634 3942 munera
3680 3888 3849 3945 Esau

2189 3970 2348 4034 fratri
2379 3987 2507 4039 suo,
2539 3987 2751 4044 capras
2769 3973 3076 4040 ducentas,
3100 3973 3296 4030 hircos
3312 3973 3540 4043 viginti,
3561 3989 3704 4030 oves
3733 3974 3849 4030 du-

2191 4064 2408 4126 centas,
2436 4065 2492 4116 et
2511 4061 2721 4117 arietes
2748 4061 2967 4130 viginti,
3004 4061 3269 4118 camelos
3291 4061 3465 4119 tostas
3490 4079 3629 4118 cum
3658 4061 3847 4133 pullis

2189 4147 2312 4203 suis
2339 4147 2595 4216 triginta,
2619 4163 2834 4204 vaccas
2854 4148 3272 4220 quadraginta,
3304 4153 3362 4208 et
3381 4155 3576 4207 tauros
3598 4149 3835 4219 viginti,

2189 4235 2390 4291 asinas
2426 4235 2650 4304 viginti,
2679 4240 2734 4292 et
2774 4236 2966 4307 pullos
2993 4251 3200 4293 earum
3218 4237 3533 4296 decem.Et
3559 4239 3722 4295 misit
3740 4254 3854 4311 per

2187 4339 2407 4379 manus
2427 4339 2737 4380 servorum
2759 4340 3009 4381 suorum
3031 4325 3298 4396 singulos
3321 4343 3592 4384 seorsum
3606 4342 3838 4399 greges,

2187 4412 2447 4483 dixitque
2476 4413 2674 4484 pueris
2694 4414 2820 4468 suis
2865 4435 2878 4470 :
2905 4415 3245 4472 Antecedite
3262 4431 3358 4472 me
3388 4416 3838 4488 :etsitspatium

2189 4501 2338 4556 inter
2359 4515 2622 4571 gregem,
2641 4505 2698 4557 et
2718 4516 2978 4573 gregem.
2999 4505 3065 4558 Et
3083 4505 3582 4576 praecepitpriori,
3597 4505 3804 4561 dicens
3827 4524 3842 4559 :

2191 4589 2246 4644 Si
2264 4587 2509 4643 obvium
2524 4589 2804 4645 habueris
2819 4590 3060 4646 fratrem
3074 4608 3276 4648 meum
3305 4594 3456 4648 Esau
3477 4612 3489 4646 :
3504 4599 3562 4649 et
3580 4593 3838 4650 interro-

2189 4676 2414 4747 gaverit
2432 4681 2507 4745 te,
2524 4679 2704 4748 Cujus
2723 4694 2786 4733 es
2815 4679 2974 4744 ‘taut,
2992 4682 3118 4744 Quo
3132 4681 3305 4736 vadis
3322 4681 3350 4736 ?
3367 4686 3488 4746 aut,
3508 4681 3687 4751 Cujus
3700 4685 3843 4737 sunt

2186 4765 2301 4820 ista
2324 4781 2455 4835 quae
2487 4766 2796 4837 sequeris?
2835 4768 3227 4839 respondebis
3261 4787 3274 4821 :
3309 4770 3470 4826 Servi
3502 4769 3587 4825 tui
3622 4769 3829 4836 Jacob,

2186 4867 2438 4909 munera
2460 4854 2881 4910 misitdomino
2913 4871 3020 4912 suo
3046 4858 3203 4912 Esau
3243 4875 3256 4910 :
3283 4857 3409 4928 ipse
3440 4871 3681 4928 quoque
3700 4861 3840 4926 post

2186 4956 2297 4996 nos
2329 4941 2504 4998 venit.
2531 4941 2806 4998 Similiter
2837 4943 3000 4998 dedit
3029 4944 3313 5000 mandata
3345 4943 3632 5012 secundo,
3659 4947 3828 4997 etterv

2187 5028 2589 5090 tio,etcunetis
2601 5031 2700 5098 qui
2715 5030 3118 5100 sequebantur
3131 5048 3360 5102 greges,
3379 5031 3576 5086 dicens
3600 5047 3612 5081 :
3633 5029 3840 5084 Iisdem

2191 5118 2385 5174 verbis
2415 5118 2727 5188 loquimini
2751 5119 2826 5174 ad
2855 5122 3181 5187 Esau,cuu1
3213 5119 3550 5176 inveneritis
3583 5133 3742 5174 eum.
3772 5120 3840 5174 Et

2188 5205 2461 5262 addetis:
2505 5210 2634 5276 ipse
2666 5222 2907 5276 quoque
2950 5225 3156 5264 servus
3195 5213 3330 5263 tuus
3369 5206 3552 5262 Jac-ob
3591 5205 3697 5260 iter
3736 5222 3844 5263 no-

2189 5301 2378 5351 strum
2397 5294 2728 5363 insequitur
2745 5313 2756 5346 :
2773 5295 2914 5351 dixit
2959 5298 3118 5352 enim
3145 5295 3430 5350 :Placubo
3454 5294 3620 5349 illum
3634 5310 3844 5352 mune-

2190 5383 2352 5436 ribus
2375 5398 2509 5452 quae
2525 5383 2884 5451 lii-incedunt,
2914 5390 3186 5455 etpostea
3207 5381 3424 5438 videbo
3458 5382 3649 5449 illum,
3672 5384 3844 5442 forsi-

2192 5475 2249 5526 ta
2263 5485 2299 5524 [ι
2332 5469 2502 5538 propi
2513 5470 2749 5526 tiabitur
2761 5473 3353 5532 mihi.Praicesserunt
3370 5472 3573 5543 itaque
3587 5489 3846 5532 munera

2197 5561 2332 5616 ante
2358 5573 2518 5628 cum,
2553 5559 2679 5630 ipse
2719 5575 2858 5618 vero
2883 5561 3102 5620 mansit
3141 5563 3313 5617 nocte
3348 5560 3451 5618 illa
3502 5561 3566 5622 in
3603 5563 3837 5620 castris.
