2080 3219
147 157 202 185 317

737 158 915 190 DOMINICA
933 158 945 186 l
967 157 1260 192 QUADRAGESIM/E
1266 183 1274 191 .

1803 161 1858 194 3t8

148 221 288 257 Cumque
297 222 413 249 mature
422 222 605 255 surrexisset,
617 223 683 251 tulit
692 223 768 252 duas
786 229 894 250 uxores
909 228 980 249 suas
994 221 1018 248 Α
1033 221 1115 250 niam
1131 224 1259 258 gratiam
1272 225 1302 252 in
1310 225 1472 260 conspectu
1482 224 1545 257 tuo,
1558 224 1676 253 domine
1687 224 1738 252 mi.
1750 225 1855 252 Rever-

150 267 179 293 et
193 265 319 293 totidem
327 265 467 299 famulas,
480 274 549 295 cum
561 267 700 296 undecim
710 267 789 301 ﬁliis,
800 270 829 295 et
843 265 981 295 transivit

148 310 264 338 vadum
278 310 406 340 Jabooh.
421 311 633 348 Traduetisque
646 312 788 340 omnibus
802 319 872 348 quas
893 310 933 338 ad
947 317 980 338 se

149 354 350 390 pertinebant,
366 356 476 384 mansit
493 356 575 384 solus
591 367 597 386 :
619 359 648 385 et
661 364 729 385 ecce
741 356 785 384 vir
806 355 977 385 luctabatur

149 406 220 427 cum
233 406 270 427 eo
280 407 376 436 usque
385 401 545 434 mane.Qul
555 409 624 429 cum
633 401 835 437 videretquod
845 408 914 428 eum
924 407 978 427 su.

150 450 256 480 perure
265 451 327 472 non
339 447 455 480 posset,
469 445 564 480 tetigit
583 453 706 474 nervum
728 445 850 474 femoris
863 445 939 480 ejus,
950 445 979 474 et

150 487 252 516 statim
261 488 416 517 emarcuit.
428 489 561 526 Dixitque
574 490 613 518 ad
621 498 704 518 eum:
718 490 833 518 Dimitte
846 497 903 522 me,
913 489 978 524 jam

149 532 231 560 enim
243 533 378 561 ascendit
391 541 509 562 aurora.
522 535 687 571 Respondit
701 544 708 563 :
719 535 783 563 Non
791 534 940 562 dimittam
950 535 978 561 te

147 576 205 604 nisi
222 577 411 606 benedixeris
425 578 508 606 mihi.
530 580 575 607 Ait
587 586 658 615 ergo
678 588 683 607 :
706 578 791 613 Quod
804 581 849 606 est
864 585 977 606 nomen

148 620 201 649 tibi
208 621 224 648 'I
233 622 415 657 Respondit:
429 623 530 651 Iacob.
540 625 576 651 At
588 624 646 657 ille,
660 625 858 660 Nequaquam
869 622 975 658 inquit,

146 665 242 694 Jaeob
252 666 450 702 appellabitur
472 675 582 695 nomen
602 671 697 701 tuum,
711 668 762 695 sed
779 667 868 695 Israel
884 676 889 694 :
903 674 974 702 quo-

146 710 231 737 niam
239 709 263 737 si
271 712 374 738 contra
381 711 472 739 Deum
481 712 562 740 fortis
571 713 661 743 fuisti,
679 715 791 748 quanto
800 712 896 746 magis
908 719 976 738 con-

147 755 194 782 tra
205 753 344 782 homines
357 756 532 791 prmvalebis
541 757 554 783 ?
570 757 762 791 lnterorgavit
776 764 845 783 eum
860 755 951 783 Jacob
966 763 972 779 :

150 797 203 825 Dic
216 798 299 833 mihi,
312 807 373 835 quo
386 800 545 835 appellaris
562 801 682 828 nomine
692 801 706 827 7
716 801 880 836 Respondit
895 808 900 827 :
919 800 976 827 Cur

148 842 259 877 quaeris
268 850 378 871 nomen
390 852 503 877 meum,
516 845 598 880 quod
611 848 655 872 est
672 845 808 872 mirabile
817 844 831 871 ‘i
843 846 874 872 Et
887 844 976 871 bene~

148 885 221 914 dixit
229 886 255 914 ei
264 887 295 914 in
303 888 410 916 eodem
418 888 494 916 loco.
506 890 688 925 Vocavitque
701 889 792 917 Jaoob
800 897 910 916 nomen
919 889 975 917 loci
994 890 1016 918 Β

146 929 227 958 illius
242 931 383 966 Phanuel,
395 933 496 960 dicens
514 941 519 960 :
537 934 604 961 Vidi
621 934 780 961 Dominum
795 934 868 961 facie
882 934 921 961 ad
934 934 975 962 fa-

145 975 234 1007 ciem,
248 978 276 1003 et
286 976 370 1004 salva
382 976 460 1005 facta
474 980 517 1005 est
530 979 631 1005 anima
648 986 723 1005 mea.
739 979 883 1013 Ortusque
895 982 937 1006 est
948 979 974 1007 ei

144 1019 246 1048 statim
258 1020 314 1053 sol,
323 1023 484 1057 postquam
495 1024 683 1057 trangressus
692 1024 734 1050 est
746 1023 878 1050 Phanuel
891 1032 897 1048 :
910 1024 974 1059 ipse

143 1071 217 1092 vero
226 1064 415 1094 claudicabat
423 1066 508 1102 pede.
522 1068 617 1099 Quam
624 1067 664 1095 ob
675 1075 799 1095 causam
808 1075 868 1094 non
878 1075 975 1095 come.

143 1108 354 1138 duntnervum
363 1110 416 1138 ﬁlii
428 1111 527 1144 [sreel,
542 1111 593 1147 qui
604 1112 747 1139 emarcuit
758 1112 787 1139 in
805 1111 917 1139 femore
927 1113 974 1140 Ja-

144 1152 215 1184 cob,
236 1161 332 1189 usque
352 1154 382 1182 in
400 1157 578 1190 praesentem
588 1155 684 1183 diem:
700 1163 734 1183 eo
751 1155 834 1191 quod
852 1156 973 1190 tetigerit

146 1204 273 1225 nervum
296 1198 416 1226 femoris
431 1200 508 1234 ejus,
521 1202 549 1227 et
573 1199 768 1235 obstupuerit.
781 1200 861 1235 (Cap.
873 1202 973 1235 xxxiii)

146 1243 264 1270 Levans
278 1245 374 1270 autem
384 1243 475 1271 Jacob
488 1243 601 1278 oculos,
616 1243 690 1272 vidit
699 1244 868 1271 venientem
883 1246 970 1277 Esau,

146 1287 255 1314 etcum
266 1293 302 1314 eo
310 1287 546 1322 quadringentos
555 1288 634 1315 vir03
644 1297 651 1313 I
663 1287 819 1323 divisitque
827 1288 904 1315 ﬁlios
916 1288 973 1315 Lim

146 1332 176 1358 et
182 1330 300 1366 Rachel,
308 1331 527 1367 ambarumque
534 1331 713 1360 famularum
723 1340 728 1359 ε
738 1332 972 1368 etposuitutram

145 1381 206 1410 que
221 1375 369 1410 ancillam,
387 1378 415 1403 et
428 1375 536 1403 liberos
545 1383 648 1404 earum
663 1377 693 1404 in
709 1376 854 1412 principio
864 1385 873 1402 :
888 1376 971 1404 Liam

144 1426 225 1450 vero,
240 1421 268 1447 et
277 1419 355 1447 ﬁlios
365 1420 441 1455 ejus,
453 1420 482 1448 in
495 1421 627 1448 secundo
641 1420 707 1448 loco
724 1430 732 1447 ι
754 1420 860 1448 Rachel
873 1423 971 1448 autem

144 1465 174 1491 et
187 1463 296 1499 .loseph
319 1464 511 1492 novissimos.
532 1466 565 1491 Et
579 1464 643 1500 ipse
664 1465 868 1500 progrediens,
885 1465 970 1499 175

143 1508 281 1536 adoravit
289 1515 398 1543 pronus
407 1509 437 1536 in
449 1511 557 1536 terram
568 1509 684 1544 septies,
693 1509 788 1536 donec
806 1508 972 1545 appropin-

142 1554 252 1588 quaret
261 1552 350 1580 frater
364 1552 439 1587 ejus.
452 1553 576 1580 Currens
587 1553 686 1589 itaque
697 1554 771 1580 Esau
783 1553 903 1580 obviam
915 1552 972 1580 fra-
987 1561 1007 1589 ί]

142 1596 179 1625 tri
195 1604 261 1629 suo,
277 1597 466 1632 amplexatus
481 1599 524 1625 est
539 1605 608 1625 eum
632 1606 637 1625 ι
655 1598 841 1634 strigensque
861 1597 970 1625 collum

142 1641 218 1676 ejus,
234 1643 262 1669 et
276 1641 427 1675 osculans,
445 1642 546 1670 ﬂevit.
570 1642 742 1678 Levatisque
764 1641 868 1673 oculis,
896 1642 971 1669 vidit

143 1685 284 1713 mulieres
295 1687 323 1713 et
330 1687 472 1721 parvulos
482 1694 596 1720 earum,
608 1689 637 1715 et
645 1687 685 1715 ait
696 1696 705 1714 ς
716 1686 792 1719 Quid
802 1686 858 1714 sibi
867 1686 972 1714 volunt

144 1730 216 1758 isti?
227 1732 255 1758 et
279 1731 302 1758 si
317 1731 357 1758 ad
380 1733 408 1759 te
423 1731 589 1766 pertineant
613 1732 628 1760 7
645 1731 807 1767 Respondit
823 1741 832 1759 ι
852 1730 972 1759 Parvuli

144 1777 224 1807 sunt,
236 1783 312 1811 quos
324 1775 445 1804 donavit
460 1775 533 1803 mihi
545 1777 620 1803 Deus
631 1783 717 1805 servo
737 1778 798 1803 tuo.
809 1777 842 1803 Et
864 1783 972 1811 appro-

143 1820 327 1856 pinquantes
343 1819 457 1848 ancillae
476 1822 505 1847 et
520 1820 574 1848 tilii
593 1828 708 1855 earum,
730 1820 877 1848 incurvati
892 1821 970 1848 sunt.

142 1865 277 1891 Accessit
284 1871 406 1900 quoque
414 1864 464 1892 Lia
472 1872 541 1892 cum
550 1864 650 1900 pueris
658 1865 720 1892 suis
737 1873 743 1891 :
755 1867 861 1892 etcum
871 1865 972 1892 simili-

142 1911 189 1936 ter
199 1907 385 1940 adorassent,
401 1908 525 1934 extremi
538 1908 649 1943 Joseph
664 1909 690 1935 et
706 1908 815 1936 Rachel
827 1908 971 1936 adorave-

142 1953 224 1979 runt.
251 1950 387 1985 Dixitque
399 1950 476 1977 Esau
497 1959 504 1978 :
531 1951 676 1982 Quaenam
698 1954 768 1978 sunt
782 1951 844 1979 istm
865 1953 971 1980 turmae

143 2001 223 2030 quas
241 1993 361 2021 obviam
371 1993 486 2021 habui?
494 1993 671 2029 Respondit:
686 1995 722 2021 Ut
730 1994 895 2022 invenirem
905 2003 971 2030 gra-

142 2039 216 2067 tiam
226 2046 327 2065 coram
340 2038 464 2065 domino
485 2046 562 2065 meo.
573 2039 608 2065 At
619 2037 665 2065 ille
675 2038 713 2065 illi
724 2038 764 2066 ait
776 2047 781 2064 :
795 2038 894 2066 Habeo
903 2039 971 2074 plu-

138 2084 220 2112 rima
231 2082 320 2111 frater
329 2083 499 2117 mi,sinttua
507 2082 571 2110 tibi.
583 2082 718 2118 Dixitque
729 2083 822 2110 Jacob
834 2093 839 2110 :
849 2083 909 2110 Noli
919 2084 969 2115 ita,

140 2127 284 2154 obsecro:
297 2127 348 2154 sed
362 2127 390 2154 ai
402 2127 499 2155 inveni
509 2127 635 2162 gratiam
647 2126 676 2154 in
687 2127 779 2154 oculis
790 2126 857 2156 tuis.
868 2128 970 2163 accipe

140 2171 354 2198 munusculum
362 2171 399 2198 de
409 2171 548 2199 manibus
558 2171 645 2199 meis:
656 2171 697 2198 sic
709 2171 789 2198 enim
799 2171 859 2199 vidi
868 2171 969 2199 faciem

140 2218 234 2247 tuam,
251 2216 338 2250 quasi
350 2215 472 2243 viderim
489 2215 605 2243 vultum
618 2215 667 2243 Dei
686 2224 692 2243 :
709 2218 772 2243 esto
783 2215 856 2243 mihi
870 2216 969 2251 propi-
986 2232 1007 2259 Ι)

140 2260 209 2291 tius,
226 2261 253 2287 et
267 2260 385 2295 suscipe
398 2260 638 2288 benedictionem
658 2268 751 2296 quam
767 2260 849 2287 attuli
866 2260 927 2291 tibi,
942 2263 970 2288 et

139 2312 234 2340 quam
244 2304 446 2332 donavitmihi
456 2305 672 2332 Deustribuens
683 2304 797 2332 omnia.
815 2305 866 2331 Vix
883 2305 970 2332 fratre

140 2348 336 2384 compellente
345 2350 519 2385 suscipiens,
533 2349 592 2379 ait:
608 2349 785 2377 Gradiamur
795 2349 893 2376 simul.
905 2357 969 2376 ero-

139 2401 199 2429 que
215 2394 312 2420 socius
336 2394 446 2422 itineris
466 2394 516 2422 tui.
535 2394 671 2429 Dixitque
693 2394 781 2421 Jacob
797 2403 805 2421 :
822 2394 901 2421 Nosti
917 2394 969 2422 d0-

142 2437 222 2465 mine
235 2438 286 2469 mi,
302 2438 384 2473 quod
400 2438 541 2474 parvulos
556 2438 684 2466 habeam
701 2440 828 2470 teneros,
844 2442 870 2466 et
887 2446 966 2470 oves,

139 2484 167 2509 et
180 2482 273 2510 boves
282 2483 380 2516 fretae,
390 2491 507 2510 mecum
519 2491 524 2510 :
535 2490 610 2518 quas
629 2482 653 2510 si
662 2482 729 2518 plus
740 2483 770 2510 in
780 2482 966 2510 ambulando

138 2526 390 2561 fecerolaborare,
408 2527 571 2554 morientur
587 2534 647 2555 una
662 2527 709 2554 die
724 2528 822 2554 cuncti
838 2534 958 2561 greges.

138 2571 286 2599 Prmcedat
295 2571 433 2599 dominus
443 2580 526 2598 mens
538 2573 605 2598 ante
617 2579 736 2599 servum
746 2579 834 2599 suum
851 2581 856 2598 :
869 2574 897 2599 et
909 2579 964 2606 ego

136 2622 246 2652 sequar
256 2615 401 2651 paulatim
415 2615 536 2650 vestigia
547 2615 700 2650 cjus.sicut
711 2615 812 2643 videro
823 2615 963 2650 parvulos

135 2668 219 2688 meos
235 2668 332 2696 posse,
349 2660 444 2688 donec
460 2660 577 2687 veniam
592 2660 629 2687 ad
643 2660 800 2687 dominum
818 2668 918 2687 meum
933 2659 963 2687 in

134 2704 205 2732 Seir.
226 2705 389 2740 Respondit
401 2706 491 2731 Esau:
506 2705 562 2731 Oro
576 2706 613 2735 te,
623 2706 655 2731 ut
667 2704 703 2731 de
717 2704 829 2739 populo
840 2704 891 2740 qui
902 2711 960 2731 me-

133 2758 203 2777 cum
214 2752 267 2784 est,
283 2749 390 2776 saltem
399 2750 470 2777 socii
484 2751 658 2776 remaneant
670 2749 734 2776 vitae
750 2751 816 2776 tum.
832 2750 896 2776 Non
906 2751 959 2782 est,

131 2794 241 2830 inquit,
262 2793 465 2821 necesse:hoc
473 2801 567 2821 unum
580 2795 695 2821 tantum
703 2793 833 2828 indigeo,
847 2792 960 2821 utinve-

1034 273 1085 293 sus
1101 269 1144 295 est
1158 267 1260 304 itaque
1274 268 1324 296 illo
1340 268 1387 296 die
1403 270 1479 296 Esau
1492 268 1604 300 itinere,
1618 276 1678 304 quo
1692 270 1812 296 venerat
1823 268 1855 296 in

1034 309 1106 338 Seir.
1119 312 1151 338 Et
1161 311 1252 339 Jacob
1264 312 1344 339 venit
1355 312 1386 339 in
1401 312 1523 340 Socoth:
1537 312 1588 339 ubi
1601 312 1747 340 adiﬁcatas
1761 312 1854 346 domo

1033 354 1138 382 etﬂxis
1156 356 1297 389 tentoriis,
1317 356 1538 393 appellavitque
1555 364 1667 385 nomen
1687 356 1745 384 loci
1765 356 1853 392 illius,

1034 398 1151 432 Soecth,
1162 399 1194 428 id
1205 402 1259 433 est,
1271 400 1475 430 tabernacula.
1491 400 1697 436 Transivitque
1710 400 1742 429 in
1754 400 1856 428 Salem

1032 442 1138 471 urbem
1145 444 1424 481 Sichimorum,quas
1433 447 1477 473 est
1484 445 1515 473 in
1524 447 1601 473 terra
1609 445 1761 477 Chanaan,
1777 445 1857 480 postv

1031 493 1124 522 quam
1135 495 1271 517 reversus
1281 491 1326 517 est
1339 490 1376 517 de
1386 489 1598 525 Mesopotamia
1606 488 1698 525 Syrtea
1710 496 1717 517 :
1729 490 1758 517 et
1766 487 1856 517 habi-

1030 531 1190 567 tavitjuxta
1199 533 1354 569 oppidum.
1372 534 1507 570 Emitque
1525 535 1642 570 partem
1658 532 1722 568 agri
1746 532 1778 560 in
1794 539 1857 568 qua

1029 574 1135 604 ﬁxerat
1155 577 1349 606 tabernacula
1368 586 1387 607 a
1401 578 1468 606 ﬁliis
1491 579 1600 607 Ilemor
1617 577 1711 613 patris
1728 576 1855 609 Sichem,

1030 621 1148 648 centum
1163 622 1258 657 agnis.
1277 623 1308 649 Et
1322 624 1419 651 erecto
1434 622 1475 650 ibi
1490 622 1584 656 altari,
1600 621 1750 652 invocavit
1768 627 1856 656 super

1028 662 1102 693 illud
1113 663 1309 694 fortissimum
1321 666 1416 694 Deum
1427 666 1525 695 lsrael.
1541 671 1574 701 ne.
1584 666 1688 695 Amen.

1370 719 1514 753 Hymnus.

1170 769 1249 798 Deus
1262 772 1376 804 creator
1390 771 1536 805 omnium,

1136 814 1220 841 Lucis
1235 816 1338 843 auctor
1350 817 1378 843 et
1390 815 1458 848 diei,

1136 857 1282 886 Perlustra
1297 859 1389 888 corda
1402 858 1550 893 omnium,
1568 865 1571 867 ‘

1136 902 1204 929 Iesu
1218 902 1306 936 bone,
1327 903 1471 931 ﬁdelium.

1172 945 1314 975 Lucescat
1332 947 1539 976 habitaculum

1134 991 1238 1024 Tuum,
1252 991 1373 1026 Christe,
1393 992 1567 1027 hospitium,

1135 1035 1305 1071 Nostraeque
1318 1037 1428 1064 tectum
1444 1036 1553 1064 animos

1134 1078 1322 1114 Figmentum
1333 1082 1391 1108 tum
1407 1079 1546 1108 dexterae.

1169 1124 1230 1152 Tuo
1243 1132 1348 1152 cruore
1363 1125 1495 1161 proprio,

1135 1167 1199 1201 Quo
1214 1167 1276 1203 ipse
1296 1170 1514 1196 commercatus
1527 1175 1568 1203 es,

1134 1212 1275 1240 Lucratus
1287 1213 1346 1240 Deo
1361 1213 1478 1241 animas

1133 1256 1193 1283 Tua
1205 1258 1301 1284 morte
1316 1256 1463 1285 ultronea.

1170 1300 1294 1328 Ltetetur
1304 1309 1373 1329 caro
1384 1300 1510 1337 fragilis,

1134 1343 1286 1380 Simulque
1301 1347 1329 1372 et
1342 1345 1435 1373 homo
1450 1345 1583 1377 interior,

1131 1387 1241 1416 Vicisse
1249 1389 1345 1417 noctis
1359 1389 1497 1417 tenebras

1132 1431 1274 1460 Perennis
1286 1432 1362 1460 lucis
1382 1432 1505 1460 lumine.

1168 1475 1230 1503 Diei
1244 1476 1335 1512 hujus
1349 1477 1445 1512 gratia

1132 1520 1277 1554 Concede,
1296 1521 1358 1549 sine
1372 1521 1495 1549 crimine

1133 1564 1272 1593 Custodia
1286 1567 1431 1602 perpetua

1134 1609 1279 1637 Fruamur
1294 1611 1353 1645 tua,
1365 1609 1499 1637 Domine.

1169 1653 1229 1681 Deo
1242 1652 1321 1681 Patri
1334 1653 1371 1682 sit
1387 1653 1491 1689 gloria,

1133 1697 1263 1733 Ejusque
1282 1697 1337 1726 soli
1357 1697 1438 1732 Filio,

1134 1742 1242 1769 Sancto
1258 1741 1347 1770 simul
1361 1741 1515 1776 Paraclito,

1132 1787 1164 1813 In
1184 1786 1366 1822 sempiterna
1379 1786 1498 1814 smcula.

1167 1841 1273 1869 Amen.

1060 1891 1257 1927 Supplicatio.
1273 1894 1409 1924 Oremus.

1062 1941 1211 1976 Capitula.
1227 1942 1329 1970 Emitte
1337 1942 1435 1971 lucem
1450 1943 1532 1971 tuam
1546 1944 1574 1971 et
1587 1942 1743 1973 veritatem
1757 1943 1851 1972 tuam.

1027 1985 1150 2015 Domine
1158 1986 1234 2015 Deus
1243 1988 1343 2014 noster
1356 1988 1401 2014 :ut
1408 1985 1550 2023 splendor
1560 1986 1724 2016 divinitatis
1735 1988 1795 2014 tua:
1806 1993 1853 2014 ca-

1024 2027 1147 2064 liginem
1155 2029 1262 2057 mentis
1269 2032 1377 2058 nostrae
1385 2029 1517 2058 enubilet
1527 2038 1534 2064 ;
1544 2032 1572 2059 et
1578 2038 1648 2059 vera
1655 2029 1851 2060 humanitatis

1025 2071 1432 2109 assumptio,humanigeneris
1439 2072 1851 2109 sitmanifestaredemptio,ut,

1024 2116 1098 2146 dum
1104 2124 1190 2145 verus
1199 2117 1276 2144 Deus
1283 2124 1430 2153 verusque
1438 2117 1529 2145 homo
1536 2117 1565 2145 in
1572 2116 1699 2145 nobisac
1706 2124 1757 2153 pro
1765 2116 1853 2145 nobis

1024 2159 1283 2198 ostenderis,opus
1296 2161 1604 2197 tuumomnipotentia
1612 2160 1852 2198 eripiatahhoste
1888 2179 1890 2181 ι

1025 2205 1159 2242 captivos
1172 2215 1178 2239 ;
1199 2208 1228 2235 et
1240 2205 1366 2234 enutriat
1376 2205 1580 2234 misericordia
1587 2206 1653 2242 jam
1665 2206 1849 2242 redemptos.

1060 2251 1144 2278 Pater
1159 2253 1270 2279 noster.

1059 2303 1177 2333 Lauda.
1196 2304 1328 2333 Miserere
1337 2303 1434 2339 nobis,
1451 2304 1589 2333 Domine.
1605 2305 1642 2333 P.
1651 2303 1786 2333 Miserere
1794 2311 1848 2332 no-

1024 2346 1082 2377 bis.
1101 2347 1133 2378 ἡ.
1148 2348 1192 2376 Ad
1207 2349 1234 2376 te
1246 2348 1382 2377 levamus
1396 2348 1500 2377 oculos
1519 2351 1647 2381 nostros,
1667 2348 1720 2383 qui
1730 2348 1850 2376 habitas

1023 2391 1054 2419 in
1069 2392 1159 2421 omlis.
1176 2392 1209 2421 P.
1226 2392 1377 2422 Miserere.
1400 2392 1432 2423 Ῡ.
1449 2392 1553 2425 Gloria.
1572 2394 1600 2421 et
1615 2393 1721 2421 honor.
1745 2393 1781 2421 P.
1802 2392 1852 2421 Mi~

1024 2443 1121 2466 serere
1128 2457 1134 2464 .

1059 2481 1171 2510 Oratio.
1187 2481 1232 2510 Ad
1248 2483 1274 2510 te
1289 2481 1422 2516 Domine,
1438 2481 1542 2510 oculos
1557 2483 1675 2510 nostros
1696 2482 1849 2517 erigimus,

1021 2533 1112 2561 quem
1123 2526 1153 2555 in
1168 2525 1338 2554 coelestibus
1354 2529 1438 2555 terrm
1447 2526 1618 2555 machinam
1635 2526 1739 2555 virtute
1755 2527 1851 2556 conti-

1020 2577 1090 2599 nere
1103 2570 1241 2599 fatemur.
1255 2571 1388 2599 Miserere
1401 2570 1490 2605 igitur
1499 2571 1593 2600 nostri
1608 2571 1745 2606 Domine,
1764 2571 1852 2599 mise-

1018 2622 1092 2646 rere,
1107 2618 1135 2643 et
1148 2615 1277 2651 peccatis
1290 2615 1409 2647 nostris,
1431 2623 1483 2651 pro
1498 2616 1609 2652 quibus
1635 2618 1662 2644 te
1677 2616 1849 2647 metuimus,

1018 2667 1128 2695 parce:
1149 2663 1181 2688 ut
1199 2663 1405 2697 contemptum
1430 2663 1565 2689 nostrum
1582 2661 1689 2696 pietate
1709 2659 1847 2688 clementi

1018 2704 1178 2740 respicias;
1198 2707 1226 2732 et
1245 2713 1262 2733 ιι
1283 2705 1381 2733 delicti
1395 2705 1558 2741 obprobrio
1576 2705 1698 2733 dextera
1717 2712 1772 2732 nos
1788 2705 1845 2731 tua:

1018 2748 1132 2777 virtutis
1146 2748 1266 2784 eripias.
1284 2755 1315 2783 131.
1332 2749 1437 2777 Amen.

1056 2793 1110 2822 Per
1123 2793 1372 2823 misericordiam.
