4160 6426
420 336 527 392 319

1029 453 1127 509 Ad
1162 449 1441 507 Tertiam.

840 540 1297 598 Proverbiorum
1321 537 1489 609 (Cap.
1523 539 1639 601 xv).

484 645 552 703 ﬁ.
585 632 707 687 Deo
733 629 975 701 gratias.

487 720 618 787 Fili,
642 719 754 775 Cor
778 716 1057 789 sapientis
1094 715 1305 788 quaerit
1332 714 1666 771 doctrinam
1698 731 1712 770 :
1735 718 1796 771 et
1831 729 1899 771 os
1924 714 2062 771 stul-

412 813 613 867 torum
624 804 1435 881 pasciturimperitia.0mnes
1452 804 1573 859 dies
1584 804 2023 876 pauperis,mali
2042 822 2057 858 :

415 913 626 954 secura
640 910 811 952 mens
832 894 995 967 quasi
1005 895 1147 965 juge
1165 891 1726 948 conviviumJllelius
1744 898 2058 965 estparum

416 1002 556 1042 cum
577 986 786 1041 timore
803 982 1251 1053 Domini,quam
1269 980 1532 1036 thesauri
1546 981 1747 1049 magni
1758 980 2059 1037 insatiabi-

414 1073 523 1130 les.
561 1072 764 1128 Melius
786 1076 872 1127 est
898 1070 1101 1126 vocari
1131 1069 1209 1125 ad
1225 1068 1384 1126 olera
1413 1085 1549 1124 cum
1574 1069 2058 1140 charitate,quam

417 1161 498 1217 ad
521 1160 770 1215 vitulum
784 1159 1123 1230 saginatum
1142 1173 1278 1213 cum
1295 1157 1461 1213 odio.
1483 1156 2059 1228 Viriracunduspro-

415 1252 589 1304 vocat
611 1248 770 1303 rixas
801 1264 814 1301 :
833 1247 937 1319 qui
956 1247 1185 1318 patiens
1204 1251 1310 1315 est,
1332 1246 1503 1315 176
1528 1244 1757 1314 mitigat
1772 1249 2055 1300 extentas.

414 1340 526 1393 lter
553 1335 859 1408 pigrorum
878 1336 1056 1408 quasi
1077 1350 1247 1406 sepes
1269 1334 1577 1405 spinarum
1612 1350 1625 1388 :
1649 1332 1746 1389 via
1761 1334 2059 1404 justorum

415 1423 647 1495 absque
668 1422 1048 1478 offendiculo.
1069 1420 1246 1477 Filius
1264 1421 1501 1493 sapiens
1521 1420 1779 1476 laetiﬁcat
1792 1424 2023 1492 patrem
2041 1442 2058 1476 ε

415 1515 471 1568 et
499 1510 706 1567 stultus
717 1511 901 1566 homo
918 1508 1429 1582 despicit'matrem
1452 1508 1902 1565 suam.Stultitia
1918 1524 2062 1579 gau-

417 1600 583 1656 dium
619 1599 799 1655 stulto
835 1614 845 1653 :
880 1603 936 1654 et
960 1599 1049 1653 vir
1070 1598 1336 1669 prudens
1357 1596 1572 1667 diriget
1620 1612 1861 1665 gressus
1895 1614 2058 1655 suos.

418 1688 791 1759 Dissipantur
813 1686 1191 1755 cogitationes
1213 1685 1316 1741 ubi
1341 1701 1463 1741 non
1480 1689 1567 1740 est
1588 1685 1933 1741 consilium:
1955 1685 2059 1742 ubi

1672 320 2118 381 BREVIABIUM
2157 323 2548 382 GOTHICUM.

2094 450 2141 505 A
2171 449 2326 516 veni,
2368 449 2603 506 mittam
2632 450 2687 506 te
2713 448 2793 505 ad
2829 461 2951 503 eos.
2998 447 3125 511 Quo
3154 444 3571 518 respondente,
3596 446 3852 503 Praesto

3709 319 3839 378 320

2172 555 2329 603 sum,
2350 538 2432 595 ait
2465 554 2477 593 :
2505 537 2685 607 Vade,
2706 534 2903 592 etvide
2935 534 2984 590 si
3005 536 3218 590 cuncta
3245 548 3526 607 prospera
3549 534 3671 592 sint
3683 549 3853 605 erga

2168 626 2378 683 fratres
2395 629 2541 690 tuos,
2562 628 2617 680 et
2630 639 2846 696 pecora
2870 640 2882 677 :
2906 626 2961 678 et
2974 622 3246 677 renuntia
3258 621 3405 677 mihi
3420 622 3570 695 quid
3585 628 3847 693 agatur.

2168 714 2374 769 Missus
2404 712 2478 769 de
2499 711 2657 768 Valle
2680 710 2937 781 Hebron,
2977 710 3135 765 venit
3160 709 3221 765 in
3253 708 3490 765 Sichem
3521 727 3534 765 :
3566 710 3847 768 invenit-

2166 817 2283 875 que
2308 817 2447 858 eum
2466 801 2558 856 vir
2576 805 2871 857 errantem
2892 799 2953 854 in
2974 813 3139 869 agro,
3165 803 3222 855 et
3247 799 3636 868 interrogavit
3666 799 3839 872 quid

2164 894 2471 962 quaereret.
2504 889 2688 945 Atille
2716 887 3027 961 respondit
3058 904 3071 942 :
3103 889 3329 943 Fratres
3352 902 3520 944 meos
3551 904 3770 960 quaero
3814 905 3831 944 :

2165 978 2366 1034 indica
2393 977 2539 1033 mihi
2578 976 2682 1032 ubi
2710 979 2957 1048 pascant
2994 990 3225 1046 greges.
3279 974 3551 1048 Dixitque
3589 976 3645 1032 ei
3674 976 3773 1032 vir
3814 999 3829 1031 :

2165 1068 2550 1122 Recesserunt
2576 1065 2650 1120 de
2673 1064 2807 1120 loco
2834 1064 2951 1120 isto
2984 1081 2997 1120 :
3026 1063 3228 1120 audivi
3253 1068 3452 1120 autem
3484 1079 3589 1120 eos
3615 1063 3834 1121 dicen-

2165 1158 2251 1212 tes
2278 1167 2295 1215 :
2324 1158 2542 1210 Eamus
2562 1154 2622 1209 in
2643 1153 2937 1209 Dothaim.
2957 1152 3213 1207 Perrexit
3229 1152 3420 1223 itaque
3434 1153 3656 1225 Joseph
3676 1158 3832 1225 post

2165 1242 2374 1298 fratres
2413 1258 2578 1309 suos,
2610 1245 2666 1298 et
2702 1241 2923 1297 invenit
2955 1255 3057 1296 eos
3091 1240 3153 1295 in
3194 1240 3491 1296 Dothaim.
3526 1242 3639 1307 Qui
3674 1258 3831 1299 cum

2165 1330 2454 1387 vidissent
2478 1346 2616 1386 eum
2644 1329 2875 1402 procul,
2907 1334 3232 1400 antequam
3254 1328 3563 1385 accederet
3580 1330 3660 1386 ad
3692 1346 3825 1397 eos,

2168 1416 2754 1488 cogitaveruntillum
2765 1416 3033 1474 occidere
3052 1433 3064 1471 :
3082 1420 3139 1472 et
3151 1420 3361 1473 mutuo
3379 1416 3789 1488 loquebantur
3810 1436 3826 1476 :

2167 1508 2312 1561 Ecce
2335 1505 2662 1562 somniator
2698 1504 2893 1561 venit:
2937 1504 3151 1569 venite,
3184 1503 3532 1560 occidamus
3561 1521 3723 1575 eum,
3764 1510 3833 1563 et

2166 1593 2467 1649 mittamus
2494 1594 2556 1649 in
2585 1592 2905 1649 cisternam
2923 1595 3220 1648 veterem:
3251 1591 3833 1665 dicemusque,Fera

2168 1682 2433 1754 pessima
2452 1680 2760 1738 devoravit
2781 1696 2919 1736 eum
2948 1695 2962 1734 :
2994 1683 3050 1736 et
3074 1683 3214 1734 tunc
3242 1679 3558 1751 apparebit
3574 1680 3723 1752 quid
3739 1680 3831 1737 illi

415 1790 556 1831 vero
576 1774 776 1846 plures
806 1778 946 1830 sunt
966 1773 1301 1838 consiliarii,
1318 1773 1772 1830 conﬁrmantur.
1813 1777 2062 1830 Laetatur
2091 1790 2135 1846 Β
2168 1771 2397 1842 prosint
2416 1769 2652 1825 somnia
2676 1784 2802 1825 sua.
2828 1768 3090 1823 Audiens
3108 1772 3310 1822 autem
3332 1767 3462 1823 haec
3485 1768 3713 1840 Ruben,
3733 1770 3827 1826 ni-

416 1863 601 1919 homo
616 1862 678 1918 in
697 1862 989 1918 sententia
1005 1862 1121 1918 oris
1144 1862 1235 1916 sui
1255 1879 1268 1916 :
1293 1866 1349 1917 et
1365 1877 1562 1918 sermo
1583 1866 1956 1934 opportunus
1976 1866 2062 1920 est

417 1950 933 2022 optimus.Semita
947 1950 1079 2005 vitae
1107 1966 1285 2022 super
1300 1950 1618 2017 eruditum,
1643 1957 1707 2006 ut
1718 1950 1971 2007 declinet
1984 1951 2058 2008 de

418 2037 648 2093 inferno
666 2037 1280 2094 novissimo.Domum
1298 2037 1689 2110 superborum
1712 2038 2060 2095 demolietur

416 2126 703 2182 Dominus
733 2145 745 2181 :
780 2130 836 2182 et
849 2126 1053 2182 ﬁrmos
1077 2126 1249 2182 faciet
1275 2128 1558 2183 terminos
1584 2126 1799 2182 viduae.
1820 2126 2058 2182 Abomi-

417 2215 580 2271 natio
612 2214 846 2269 Domini
878 2215 1264 2284 cogitationes
1310 2215 1485 2271 malae
1520 2230 1532 2269 :
1566 2219 1624 2270 et
1651 2230 1838 2287 purus
1864 2230 2057 2271 sermo

415 2302 854 2375 pulcherrimus
883 2303 1220 2360 ﬂrmabitur
1240 2303 1318 2359 ab
1348 2319 1439 2359 eo.
1470 2303 1793 2359 Conturbat
1807 2302 2059 2358 domum

417 2406 589 2447 suam
610 2390 715 2463 qui
743 2391 1008 2463 sequitur
1043 2392 1358 2448 avaritiam
1404 2390 1503 2461 qui
1539 2395 1740 2446 autem
1769 2390 1893 2446 odit
1932 2407 2060 2446 mu-

414 2494 577 2543 nera,
610 2478 785 2535 vivet.
814 2482 919 2535 Per
943 2479 1415 2536 misericordiam
1439 2484 1496 2535 et
1518 2479 1702 2536 ﬁdem
1732 2485 2059 2551 purgantur

416 2572 690 2639 peccata:
716 2582 819 2638 per
834 2568 1108 2624 timorem
1129 2574 1329 2624 autem
1348 2568 1578 2623 Domini
1591 2567 1846 2624 declinat
1863 2568 2058 2624 omnis

416 2671 454 2711 a
468 2654 651 2711 malo.
673 2657 829 2710 Mens
843 2656 984 2726 justi
997 2655 1384 2712 meditabitur
1402 2656 1803 2713 obedientiam
1828 2674 1841 2712 :
1867 2673 1933 2712 os
1947 2657 2057 2713 im-

415 2742 649 2814 piorum
674 2744 965 2800 redundat
993 2759 1030 2800 a
1045 2744 1443 2814 malis.Longe
1458 2750 1543 2800 est
1556 2745 1841 2801 Dominus
1862 2745 1940 2801 ab
1950 2745 2059 2800 im-

414 2828 531 2902 piis
565 2848 578 2886 :
613 2834 669 2886 et
704 2831 1002 2888 orationes
1022 2833 1321 2903 justorum
1360 2832 1655 2890 exaudiet.
1688 2844 1752 2903 Ir.
1775 2837 1983 2891 Amen.

750 2920 944 2977 Lectio
968 2921 1111 2977 libri
1138 2922 1373 2978 Genesis
1398 2922 1561 2992 (Cap.
1599 2926 1710 2990 37).

487 3009 607 3063 Deo
632 3008 870 3076 gratias.

2168 1858 2657 1915 tebaturliberare
2678 1874 2817 1913 eum
2830 1857 2903 1912 de
2920 1856 3201 1912 manibus
3225 1871 3456 1923 eorum,
3472 1857 3777 1915 etdicebat
3802 1875 3817 1913 :

2166 1949 2294 2002 Non
2304 1946 2724 2003 interﬁciamus
2739 1946 3004 2001 animam
3017 1945 3277 2016 ejus,nec
3290 1946 3666 2002 eﬁ'undamus
3678 1961 3819 2003 san-

2166 2034 2409 2105 guinem
2441 2050 2455 2090 :
2484 2034 2589 2090 sed
2617 2034 2884 2105 projicite
2922 2049 3061 2089 eum
3090 2034 3153 2089 in
3181 2033 3502 2090 cisternam
3526 2038 3808 2106 veterem,

2165 2139 2301 2196 qua:
2320 2128 2408 2179 est
2429 2123 2493 2178 in
2523 2123 2855 2188 solitudine,
2877 2138 3216 2194 manusque
3244 2127 3469 2179 vestras
3481 2128 3705 2180 servate
3725 2126 3815 2180 in-

2164 2212 2410 2269 noxias:
2450 2212 2565 2267 hoc
2590 2215 2787 2268 autem
2818 2211 3076 2279 dicebat,
3102 2211 3305 2267 volens
3335 2212 3561 2283 eripere
3580 2228 3719 2269 eum
3737 2213 3817 2270 de

2164 2299 2445 2356 manibus
2494 2316 2720 2366 eorum,
2768 2305 2824 2356 et
2860 2299 3110 2355 reddere
3140 2299 3296 2371 patri
3318 2315 3447 2357 suo.
3491 2300 3819 2358 Confestim

2164 2388 2340 2459 igitur
2368 2393 2433 2443 ut
2459 2388 2725 2460 pervenit
2753 2387 2830 2444 ad
2856 2387 3066 2444 fratres
3088 2403 3249 2451 suos,
3269 2388 3649 2446 nudaverunt
3675 2404 3819 2446 eum

2165 2478 2366 2533 tunica
2389 2476 2559 2533 talari
2588 2481 2644 2533 et
2662 2477 2954 2548 polymita
2982 2493 2994 2528 :
3022 2476 3434 2549 miseruntque
3464 2494 3604 2533 eum
3628 2478 3693 2534 in
3708 2478 3821 2534 cis-

2164 2569 2399 2622 ternam
2418 2571 2839 2636 veterem,quae
2851 2580 2973 2621 non
2992 2564 3258 2622 habebat
3269 2569 3588 2637 aquam.Et
3602 2567 3710 2623 sed
3718 2582 3824 2623 en-

2168 2659 2252 2712 tes
2267 2658 2331 2711 ut
2343 2655 2724 2710 comederent
2736 2670 2972 2724 panem,
2987 2653 3263 2710 viderunt
3279 2655 3606 2711 lsmaelitas
3628 2655 3823 2711 viato-

2163 2758 2257 2799 res
2285 2742 2485 2799 venire
2514 2742 2589 2798 de
2615 2742 2858 2810 Galaad,
2888 2746 2945 2798 et
2964 2742 3226 2799 camelos
3243 2758 3470 2809 eorum,
3502 2746 3815 2813 portantes

2164 2836 2455 2900 aromata,
2491 2836 2547 2889 et
2573 2833 2856 2900 resinam,
2883 2835 2939 2889 et
2968 2836 3188 2897 sacten,
3211 2832 3271 2886 iu
3296 2834 3636 2903 Egyptum.
3657 2831 3820 2889 Dixit

2164 2935 2306 2989 ergo
2344 2920 2531 2976 Judas
2555 2919 2838 2976 fratribus
2882 2918 3046 2974 suis:
3085 2919 3230 2984 Quid
3267 2919 3441 2975 nobis
3486 2919 3733 2990 prodest
3766 2920 3820 2975 si

2164 3008 2557 3064 occiderimus
2574 3008 2813 3064 fratrem
2842 3012 3133 3073 nostrum,
3163 3010 3218 3063 et
3243 3006 3633 3063 celaverimus
3675 3022 3817 3064 san-

484 3097 550 3149 In
586 3095 698 3150 illis
715 3095 927 3151 diebus
957 3099 1209 3169 ;Joseph
1242 3115 1380 3154 cum
1402 3099 1662 3154 sedecim
1687 3104 1845 3156 esset
1871 3115 2057 3158 anno—
2087 3136 2128 3192 Ο
2164 3096 2406 3165 guinem
2423 3095 2653 3167 ipsius?
2669 3096 2869 3152 Melius
2887 3099 2974 3151 est
2990 3099 3052 3151 ut
3075 3096 3444 3151 venundetur
3475 3095 3811 3164 lsmaelitis,

413 3196 561 3250 rum,
594 3184 867 3253 pascebat
912 3200 1151 3257 gregem
1197 3203 1335 3242 cum
1380 3186 1657 3242 fratribus
1698 3190 1818 3245 suis
1859 3189 2057 3245 adhuc

413 3284 597 3340 puer:
633 3273 689 3324 et
716 3275 841 3326 erat
870 3287 1008 3327 cum
1044 3272 1181 3328 ﬁliis
1226 3273 1379 3328 Baiae
1422 3277 1479 3329 et
1520 3274 1751 3345 Zelphee
1800 3292 2057 3331 uxorum

412 3358 597 3414 Patris
631 3360 721 3415 sui
747 3378 760 3415 :
799 3362 1223 3433 accusavitque
1238 3361 1446 3418 fratres
1476 3378 1617 3418 suos
1649 3365 1809 3434 apud
1826 3369 2057 3436 patrem

414 3446 658 3503 crimine
688 3449 974 3521 pessimo.
995 3449 1174 3505 Israel
1196 3454 1399 3505 autem
1428 3449 1711 3519 diligebat
1730 3453 1951 3523 Joseph
1964 3469 2058 3508 su-

413 3549 514 3605 per
534 3550 744 3591 omnes
768 3536 923 3592 ﬁlios
947 3553 1107 3604 suos,
1131 3552 1202 3592 eo
1231 3536 1396 3608 quod
1416 3535 1479 3592 in
1510 3543 1805 3596 senectute
1824 3541 2057 3610 genuis-

414 3626 500 3678 set
520 3638 656 3677 eum
690 3640 701 3678 :
725 3624 861 3680 fecit
889 3624 939 3680 ei
960 3626 1223 3681 tunicam
1252 3626 1624 3697 polymitam.
1650 3628 1930 3685 Videntes
1955 3646 2056 3687 au-

413 3714 532 3766 tem
549 3711 759 3767 fratres
771 3714 821 3783 ej
834 3730 898 3768 us
911 3714 1075 3785 quod
1100 3730 1137 3770 a
1162 3719 1328 3786 patre
1346 3715 1480 3786 plus
1500 3716 1729 3772 cunctis
1741 3716 1877 3772 ﬁliis
1892 3734 2055 3775 ama-

411 3804 589 3865 retur,
619 3801 865 3858 oderant
887 3818 1044 3871 eum,
1059 3818 1167 3859 nec
1187 3807 1462 3875 poterant
1482 3805 1530 3860 ei
1546 3804 1879 3877 quidquam
1898 3808 2058 3879 paci-

411 3886 523 3942 ﬁce
556 3887 739 3961 loqui.
769 3890 991 3946 Accidit
1027 3906 1270 3963 quoque
1307 3897 1371 3948 ut
1400 3892 1598 3947 visum
1637 3894 1937 3949 somnium
1969 3911 2057 3951 re-

410 3975 584 4032 ferret
610 3976 891 4034 fratribus
922 3979 1045 4034 suis
1082 3998 1095 4032 :
1122 3995 1257 4052 quae
1272 3996 1454 4037 causa
1470 3981 1716 4052 majoris
1736 3982 1859 4038 odii
1886 3984 2057 4041 semi-

409 4064 649 4121 narium
660 4066 792 4122 fuit.
820 4067 1089 4140 Dixitque
1103 4068 1177 4125 ad
1192 4084 1293 4124 eos
1310 4087 1323 4124 :
1342 4069 1552 4125 Audite
1571 4070 1873 4126 somnium
1890 4073 2056 4144 quod

410 4152 528 4207 vidi
564 4171 575 4208 :
609 4154 899 4210 Putabam
926 4156 1110 4227 ligare
1164 4172 1275 4213 nos
1306 4157 1647 4229 manipulos
1686 4158 1746 4214 in
1778 4175 1959 4230 agro:
2000 4164 2057 4217 et

409 4241 581 4310 quasi
611 4256 967 4310 consurgere
989 4243 1365 4315 manipulum
1387 4260 1611 4313 meum,
1639 4250 1696 4302 et
1730 4250 1901 4314 stare,
1929 4263 2056 4303 ves-

410 4331 652 4398 trosque
697 4330 1041 4400 manipulos
1080 4332 1531 4389 circumstantes
1581 4334 1833 4391 adorare
1864 4336 2056 4393 mani-

409 4414 619 4485 pulum
646 4419 1547 4490 meum.Responderuntfratres
1574 4422 1703 4492 ejus
1727 4440 1740 4477 :
1773 4424 2055 4496 Nunquid

412 4505 532 4558 Rex
554 4509 755 4560 noster
775 4505 889 4561 eris
908 4504 937 4560 7
965 4510 1067 4563 aut
1089 4508 1470 4581 subjiciemur
1490 4510 1701 4566 ditioni
1732 4518 1846 4566 tuae
1868 4513 1894 4566 ‘I
1922 4513 2055 4569 Haec

412 4607 552 4663 ergo
566 4610 753 4650 causa
781 4596 1151 4652 somniorum
1165 4603 1344 4670 atque
1364 4614 1733 4667 sermonum,
1753 4599 1988 4656 invidiae
2001 4606 2056 4658 et

410 4680 530 4736 odii
554 4681 820 4739 fomitem
850 4684 1228 4742 ministravit.
1266 4685 1443 4741 Aliud
1467 4702 1709 4760 quoque
1734 4688 1881 4743 vidit
1898 4704 2054 4745 som-

408 4769 597 4840 nium,
627 4772 795 4843 quod
833 4789 1085 4830 narrans
1114 4774 1417 4846 fratribus,
1441 4774 1523 4831 ait
1552 4793 1565 4831 :
1605 4776 1730 4831 Vidi
1755 4792 1860 4849 per
1889 4793 2053 4835 som—

408 4856 601 4929 nium,
626 4862 799 4931 quasi
819 4862 1026 4932 solem,
1061 4868 1117 4920 et
1156 4864 1383 4935 lunam,
1426 4868 1483 4920 et
1516 4864 1709 4921 stellas
1748 4866 2047 4933 undecim,

409 4945 659 5003 adorare
687 4965 805 5007 me.
837 4953 1009 5016 Quod
1029 4968 1166 5009 cum
1198 4954 1349 5020 patri
1389 4969 1501 5010 suo
1522 4960 1579 5010 et
1598 4954 1879 5011 fratribus
1900 4961 2051 5013 retu-

408 5032 589 5098 lisset,
622 5035 948 5108 increpavit
988 5055 1126 5094 eum
1154 5047 1321 5112 pater
1350 5058 1514 5105 suus,
1561 5046 1617 5098 et
1663 5042 1813 5099 dixit
1850 5061 1864 5099 :
1896 5044 2050 5108 Quid

408 5122 521 5177 sibi
540 5122 788 5179 vulthoc
806 5126 1109 5182 somnium
1129 5128 1293 5198 quod
1306 5129 1502 5184 vidisti
1515 5131 1542 5183 ?
1560 5144 1707 5185 num
1729 5146 1840 5199 ego
1855 5138 1909 5184 et
1928 5146 2051 5186 ma-

411 5215 494 5266 ter
526 5216 622 5267 tua
661 5216 717 5267 et
739 5212 944 5269 fratres
975 5214 1461 5271 tuiadorabimus
1491 5220 1547 5271 te
1580 5232 1761 5287 super
1788 5222 2005 5273 terram
2024 5222 2050 5275 ?

408 5298 754 5356 Invidebant
783 5300 835 5355 ei
864 5300 1043 5370 igitur
1067 5300 1274 5357 fratres
1304 5302 1394 5357 sui
1430 5322 1442 5356 :
1476 5308 1645 5373 pater
1664 5321 1805 5361 vero
1820 5322 1947 5361 rem
1968 5311 2051 5363 ta-

409 5389 557 5444 citus
582 5389 1013 5446 considerabat.
1040 5392 1523 5463 Cumquefratres
1542 5392 1698 5448 illius
1719 5393 1781 5449 in
1802 5410 2049 5465 pascen-

408 5476 499 5533 dis
528 5478 807 5550 gregibus
838 5478 1020 5551 patris
1040 5485 1415 5537 morarentur
1437 5481 1500 5537 in
1529 5482 1780 5549 Sichem,
1801 5483 1949 5540 dixit
1974 5486 2050 5542 ad

408 5584 545 5626 eum
584 5569 763 5627 Israel
806 5587 817 5627 :
850 5572 1077 5628 Fratres
1104 5571 1186 5629 tui
1215 5576 1471 5643 pascunt
1493 5588 1631 5631 oves
1652 5573 1713 5630 in
1736 5574 2046 5631 Sichimis:

2166 3188 2222 3240 et
2240 3200 2455 3240 manus
2472 3188 2687 3239 nostrae
2698 3200 2820 3241 non
2832 3184 3177 3256 polluantur
3192 3200 3205 3239 :
3228 3184 3407 3241 frater
3418 3185 3577 3240 enim
3590 3188 3647 3241 et
3662 3201 3808 3243 caro

2164 3276 2368 3327 nostra
2396 3275 2500 3327 est.
2532 3272 2964 3344 Acquieverunt
2976 3272 3184 3330 fratres
3213 3272 3592 3329 sermonibus
3622 3272 3809 3329 illius.

2165 3360 2232 3414 Et
2254 3358 2746 3430 praetereuntibus
2772 3359 3103 3417 Madianitis
3126 3360 3811 3430 negotiatoribus,extra-

2162 3447 2369 3503 hentes
2382 3462 2509 3502 eum
2523 3448 2596 3502 de
2624 3448 2896 3514 cisterna,
2929 3448 3330 3505 vendiderunt
3345 3464 3485 3504 eum
3498 3449 3814 3506 Ismaelitis

2162 3535 2371 3604 viginti
2401 3537 2694 3606 argenteis
2720 3556 2733 3589 :
2763 3536 2866 3609 qui
2885 3537 3183 3593 duxerunt
3211 3537 3427 3593 eumin
3464 3541 3813 3610 Egyptum.

2163 3625 2573 3695 Reversusque
2588 3624 2793 3680 Ruben
2814 3624 2892 3681 ad
2922 3624 3264 3697 cisternam,
3294 3640 3417 3681 non
3429 3625 3627 3681 inveni
3636 3630 3816 3698 tpue—

2161 3728 2297 3768 rum
2328 3731 2340 3765 :
2356 3718 2411 3767 et
2432 3712 2629 3768 scissis
2644 3713 2909 3770 vestibus
2925 3729 3178 3786 pergens
3194 3714 3272 3770 ad
3288 3714 3498 3770 fratres
3517 3716 3774 3780 suos,ait
3798 3734 3815 3769 :

2164 3800 2315 3855 Puer
2324 3816 2445 3856 non
2462 3806 2967 3873 comparet,etego
2979 3802 3143 3876 quod
3162 3802 3262 3860 ibo
3274 3803 3302 3858 ?
3317 3802 3815 3860 Tuleruntautem

2164 3888 2425 3946 tunicam
2446 3889 2595 3960 ejus,
2621 3894 2677 3946 et
2696 3890 2757 3946 in
2777 3890 3136 3962 sanguinem
3162 3890 3347 3956 haedi,
3374 3906 3559 3963 quem
3580 3892 3814 3948 occide-

2163 3983 2313 4045 rant,
2357 3979 2656 4035 tinxerunt
2684 3996 2701 4034 :
2727 3979 3022 4035 mittentes
3051 3979 3154 4052 qui
3191 3979 3411 4036 ferrent
3448 3980 3528 4037 ad
3550 3985 3809 4053 patrem,

2163 4074 2219 4125 et
2255 4068 2553 4125 dicerent:
2588 4071 2748 4125 Hanc
2788 4069 3165 4125 invenimus:
3197 4069 3335 4125 vide
3384 4074 3579 4127 utrum
3608 4071 3813 4127 tunica

2162 4156 2267 4213 ﬁlii
2295 4158 2380 4213 tui
2427 4157 2516 4222 sit,
2577 4172 2655 4211 an
2683 4172 2827 4212 non.
2860 4159 3049 4222 Quam
3068 4173 3207 4213 cum
3226 4160 3607 4230 cognovisset
3634 4160 3803 4231 177

2160 4250 2349 4318 pater,
2377 4245 2491 4303 ait:
2517 4246 2750 4301 Tunica
2776 4245 2881 4300 ﬁlii
2905 4245 3021 4301 mei
3038 4249 3145 4309 est,
3175 4245 3301 4303 fera
3328 4248 3591 4318 pessima
3613 4264 3814 4306 come-

2163 4334 2251 4389 dit
2278 4348 2434 4396 eum,
2465 4331 2974 4390 bestiadevoravit
2999 4335 3244 4407 Joseph.
3279 4335 3607 4409 Scissisque
3636 4339 3818 4395 vesti-

2161 4420 2300 4489 bus,
2335 4421 2572 4477 indutus
2600 4426 2690 4477 est
2727 4421 2936 4492 cilicio,
2958 4422 3171 4493 lugens
3200 4423 3392 4480 ﬁlium
3424 4441 3604 4481 suum
3621 4425 3814 4483 multo

2162 4512 2451 4582 tempore.
2491 4510 2871 4581 Congregatis
2893 4514 3095 4568 autem
3124 4512 3352 4569 cunctis
3377 4512 3578 4569 liberis
3601 4514 3731 4585 ejus
3750 4519 3818 4571 ut

2161 4597 2413 4655 lenirent
2438 4598 2707 4656 dolorem
2732 4600 2933 4671 patris,
2956 4601 3133 4656 nobis
3147 4601 3620 4659 consolationem
3649 4603 3805 4659 acci-

2160 4687 2435 4758 pere,sed
2449 4689 2529 4744 ait
2561 4706 2575 4743 :
2599 4689 2970 4746 Descendam
2990 4690 3070 4746 ad
3085 4689 3271 4746 ﬁlium
3304 4706 3499 4747 meum
3515 4690 3730 4763 lugens
3745 4692 3811 4747 in

2162 4776 2563 4833 infernum.Et
2590 4777 2691 4833 illo
2719 4783 3139 4850 perseverante
3163 4779 3221 4835 in
3268 4780 3431 4845 ﬂetu,
3466 4780 3805 4837 Madianitaa

2159 4865 2552 4921 vendiderunt
2578 4866 2799 4938 Joseph
2837 4866 2898 4922 in
2919 4870 3175 4940 Egypto
3200 4867 3507 4940 Putiphari
3529 4867 3810 4924 eunucho

2160 4953 2488 5009 Pharaonis
2512 4954 2798 5023 magistro
2820 4954 3098 5012 militum.
3136 4967 3199 5026 ἢ.
3231 4960 3440 5012 Amen.

2231 5042 2580 5111 Antiphona
2607 5046 2655 5097 1.
2684 5044 3041 5101 Laudamini
3065 5046 3127 5101 in
3156 5045 3399 5102 nomine
3428 5048 3634 5100 sancto
3653 5043 3804 5113 ejus,

2158 5132 2384 5187 laetetur
2412 5147 2513 5187 cor
2533 5132 2925 5202 quaerentium
2949 5134 3292 5191 Dominum.
3310 5134 3592 5189 Psatmus.
3622 5147 3731 5187 CIV.

2233 5221 2462 5277 Oratio.
2489 5222 2804 5277 Narrantes
2824 5222 3129 5279 mirabilia
3153 5227 3273 5289 tua,
3300 5221 3565 5287 Domine,
3598 5224 3809 5277 sancto

2162 5312 2262 5365 tuo
2286 5308 2553 5364 laetemur
2582 5308 2643 5364 in
2664 5311 2906 5366 nomine
2938 5331 2950 5369 :
2976 5312 3056 5367 da
3094 5311 3265 5366 nobis
3295 5315 3349 5365 te
3366 5308 3677 5381 quaerendi
3708 5324 3807 5367 so-

2159 5395 2504 5462 lertiam;et
2532 5396 2867 5454 inveniendi
2890 5400 3081 5456 tribue
3123 5398 3423 5465 efﬁciam;
3465 5403 3532 5454 ut
3579 5402 3634 5454 te
3679 5415 3814 5455 me-

2158 5499 2400 5541 reamur
2423 5484 2711 5557 aspicere,
2755 5491 2812 5543 et
2839 5488 3036 5546 vultus
3073 5484 3157 5542 tui
3185 5500 3421 5556 semper
3471 5488 3815 5564 ostensione

2162 5573 2446 5645 gaudere.
2460 5585 2524 5645 Bg.
2564 5576 2772 5632 Amen.
