4160 6414
279 309 386 362 321

357 433 461 485 Per
491 429 997 488 misericordiam.

353 518 707 586 Antiphona
739 522 792 574 2.
828 521 1118 575 Memento
1146 522 1333 578 nostri
1371 524 1615 580 Domine
1646 525 1706 580 in
1757 525 1938 581 bene-

282 607 504 679 placito
523 609 734 680 populi
769 608 872 662 tui.
910 610 1177 665 Psalmus
1208 627 1296 667 cv.

357 697 584 752 Oratio.
628 699 914 752 Memento
942 698 1146 763 nostri,
1179 699 1450 767 Domine,
1476 702 1536 757 in
1554 702 1938 775 [beneplacito

282 784 494 856 populi
534 784 638 849 tui,
669 788 724 839 et
753 785 813 840 in
833 791 930 841 tuo
962 801 1071 841 nos
1103 788 1276 844 visita
1305 790 1579 846 salutari:
1613 796 1675 846 ut
1697 793 1801 863 qui
1827 808 1939 849 no-

286 873 421 928 stris
455 890 594 928 cum
624 874 894 943 patribus
921 891 1124 931 coram
1179 881 1233 932 te
1272 878 1473 950 inique
1522 881 1853 948 gessimus:
1903 897 1940 938 θ.

283 962 690 1018 damnationis
711 963 940 1034 origine
966 965 1287 1021 etactualis
1317 969 1543 1038 peccati
1560 971 1936 1040 contagione,

283 1056 386 1107 tua
405 1051 624 1106 reduce
665 1053 855 1121 gratia
885 1052 1230 1110 liberemur.
1269 1067 1330 1124 Βι.
1358 1060 1565 1113 Amen.

357 1143 463 1194 Per
494 1139 984 1196 misericordiam.

353 1228 707 1296 Antiphona
766 1233 817 1283 3.
865 1229 1042 1285 Visita
1090 1246 1221 1300 nos,
1255 1232 1526 1303 Domine,
1577 1233 1640 1290 in
1696 1235 1939 1291 salutari

282 1321 406 1372 tuo.
434 1316 707 1372 Psalmus
731 1333 822 1373 cv.

357 1418 416 1466 Ri.
465 1409 617 1461 Deus
657 1407 1011 1462 misereatur
1034 1407 1232 1478 nobis,
1257 1412 1531 1480 etparcat
1553 1411 1806 1482 peccatis
1832 1427 1938 1468 no-

281 1495 449 1549 stris:
485 1497 547 1549 P.
589 1497 653 1549 Et
676 1499 902 1550 avertat
924 1496 1075 1550 iram
1112 1513 1287 1552 suam
1315 1514 1351 1553 a
1379 1499 1572 1554 nobis.
1602 1500 1663 1559 ἲν.
1697 1501 1936 1556 lnlumi-

282 1587 384 1638 net
407 1583 637 1638 vultum
666 1600 844 1638 suum
893 1600 1071 1655 super
1100 1601 1229 1651 nos,
1265 1591 1321 1641 et
1359 1587 1713 1644 misereatur
1741 1591 1934 1645 nobis.

285 1674 342 1728 P.
369 1673 434 1726 Et
465 1676 708 1727 avertat.
734 1671 794 1730 ἢν.
825 1671 1040 1741 Gloria,
1061 1678 1117 1729 et
1144 1674 1361 1730 honor.
1382 1677 1710 1734 Reiteretur
1729 1691 1791 1748 ni.

1474 312 1829 369 DOMINICA
1869 312 1917 368 ΙΙ
1956 311 2562 381 ΟΗΑΒΗΑΟΕΞῘΜᾸΞ.

3595 321 3710 398 ³²Ξ6

1973 442 2017 494 Α
2117 437 2222 491 Per
2250 434 2720 491 misericordiam
2735 476 2747 488 .
3663 470 3708 523 η

2117 525 2460 595 Antiphonti
2488 528 2542 580 '2.
2573 523 2895 579 Misericors
2930 526 3233 591 Dominus,
3289 533 3344 585 et
3383 531 3617 602 justus,;’
3644 508 3681 585 ei

2049 615 2200 668 Deus
2230 619 2430 668 noster
2461 612 2787 666 miseretur.
2817 613 3078 668 Psalmus
3100 631 3245 670 cxw.

2120 702 2335 757 Oratio.
2359 700 2682 756 Misericors
2712 702 2960 756 Domine
2975 702 3418 772 etjuste,libera
3462 705 3695 761 animas

2046 796 2281 846 nostras
2307 790 2379 844 de
2399 793 2618 853 morte;
2646 789 2851 845 oculos
2868 797 3104 846 nostros
3131 792 3464 864 alacrymis
3491 793 3698 863 ;pedes

2046 884 2282 935 nostros
2314 895 2350 933 a
2378 877 2571 948 lapsu,
2597 883 2774 949 atque
2812 878 3120 950 utriusque
3165 880 3248 935 rei
3279 883 3340 935 in
3389 896 3498 935 nos
3528 895 3700 936 serva

2045 967 2455 1023 clementiam:
2494 971 2568 1030 et,
2610 966 2658 1020 si
2686 967 2922 1036 justitia
2961 972 3066 1023 tua
3111 969 3492 1040 corripimur,
3527 969 3700 1025 mise-

2045 1055 2306 1112 ricordia
2337 1060 2438 1110 tua
2466 1059 2868 1126 protegamur.
2897 1066 2958 1124 ne.
2989 1059 3193 1113 Amen.

2121 1148 2225 1200 Per
2254 1143 2743 1199 misericordiam.

2117 1233 2456 1301 Antiphona
2478 1237 2528 1286 3.
2556 1233 2824 1303 Laqueus
2845 1236 3128 1290 contritus
3151 1238 3318 1301 est,et
3340 1249 3450 1290 nos
3467 1234 3698 1291 liberati

2048 1337 2275 1376 sumus.
2322 1321 2591 1376 Psalmus
2621 1336 2792 1374 cxxu.

2118 1421 2180 1478 Bg.
2215 1409 2505 1479 Propitius
2521 1412 2644 1463 esto
2675 1409 2929 1477 peccatis
2951 1411 3193 1475 nostris,
3230 1413 3286 1465 P.
3321 1410 3590 1466 Domine.
3632 1410 3694 1469 i7.

2047 1500 2173 1553 Non
2195 1497 2524 1552 secundum
2555 1502 2795 1566 peccata
2824 1502 3026 1553 nostra
3057 1497 3241 1554 facias
3271 1498 3466 1568 nobis,
3501 1513 3695 1569 neque

2047 1585 2377 1641 secundum
2408 1583 2745 1654 iniquitates
2793 1590 3024 1640 nostras
3058 1587 3352 1642 retribuas
3411 1586 3694 1642 nobis.A.

2047 1674 2315 1730 Domine.
2337 1672 2397 1732 ir.
2433 1672 2644 1738 Gloria,
2677 1675 2733 1727 et
2755 1672 2970 1728 honor.
3008 1675 3342 1730 Reiteretur
3369 1687 3435 1745 [tu

354 1761 588 1816 Preces.
623 1761 904 1816 Dicamus
937 1777 1183 1817 omnes:
1211 1764 1536 1820 Misericors
1563 1767 1626 1821 P.
1663 1768 1934 1830 Domine,
1970 1786 2016 1841 Β
2116 1764 2337 1817 Preces.
2370 1759 2624 1814 Verbum
2652 1759 2842 1815 Patris
2892 1760 3184 1827 altiSSimi,
3220 1762 3600 1832 RGdemptor,
3634 1765 3696 1818 P.

283 1849 584 1904 miserere.
625 1847 684 1906 ὢν.
719 1849 828 1914 Qui
858 1864 922 1903 es
958 1851 1133 1905 unius
1185 1853 1482 1923 potentiae,
1543 1856 1937 1928 ejusdemque

281 1954 421 1992 cum
444 1937 715 1993 Genitore
743 1937 1116 1994 substantias.
1155 1940 1217 1996 P.
1253 1941 1522 1999 Domine.
1551 1945 1611 2004 ἲν.
1642 1947 1750 2011 Qui
1780 1947 1938 2018 prin-

279 2043 425 2098 ceps
447 2027 826 2082 sacerdotum
855 2042 937 2092 es,
970 2043 1180 2098 regum
1211 2036 1422 2096 rector,
1447 2033 1806 2104 populorum
1827 2036 1937 2092 Do-

279 2117 506 2170 minus.
541 2116 601 2168 P.
630 2115 896 2170 Domine.
927 2115 986 2176 V.
1017 2117 1123 2181 Qui
1153 2119 1408 2189 captivis
1435 2121 1633 2176 reddis
1660 2123 1934 2194 patriam,

280 2205 539 2259 infirmis
568 2219 768 2275 opem,
798 2205 1270 2262 consolationem
1299 2210 1709 2266 maerentibus.
1731 2213 1792 2269 P.
1830 2214 1939 2269 Do-

281 2293 468 2349 mine.
495 2292 558 2351 ῐὶν.
594 2291 1027 2362 lndulgentiam
1058 2296 1450 2364 postulamus,
1495 2301 1782 2356 concede:
1817 2317 1938 2373 poe-

281 2381 610 2436 nitentibus
641 2381 894 2436 salutem
919 2382 1132 2438 tribue.
1172 2385 1232 2438 P.
1271 2385 1540 2442 Domine.

359 2471 634 2541 Hymnus.
674 2472 716 2526 Ο
745 2474 1060 2542 Nazarene,
1082 2472 1201 2528 lux.
1230 2474 1338 2542 fol.
1375 2479 1494 2532 144.

362 2559 852 2627 Capitula.Salva
872 2560 1276 2625 nos,Domine,
1300 2563 1696 2634 quiauctores
1725 2573 1942 2622 nostrae

289 2647 499 2704 salutis
520 2668 536 2701 :
559 2653 615 2704 et
643 2664 944 2718 congrega
968 2665 1077 2705 nos
1106 2649 1180 2705 de
1213 2652 1689 2725 nationibus,qui
1711 2655 1942 2712 redem-

289 2738 405 2810 ptis
438 2737 700 2802 libertas,
725 2738 1128 2810 etredemptio
1156 2739 1348 2796 factus
1376 2757 1437 2796 es
1453 2742 1764 2801 libertatis.
1793 2747 1944 2800 Con-

286 2826 434 2883 cede
459 2828 659 2898 itaque
682 2826 878 2892 nobis,
911 2832 972 2884 ut
996 2829 1094 2898 qui
1124 2844 1284 2883 nunc
1338 2830 1642 2886 malorum
1689 2833 1944 2903 permix-

285 2916 448 2971 tione
479 2915 858 2986 gemimus,te
880 2922 1224 2987 protegente
1245 2933 1314 2973 ac
1336 2921 1762 2983 secernente,in
1787 2925 1942 2979 tran-

283 3003 576 3076 quillitate
598 3020 721 3076 qua
750 3005 999 3060 Sanctos
1029 3005 1306 3077 suscipis,
1334 3008 1733 3075 gaudeamus.

359 3093 531 3148 Pater
557 3096 781 3148 noster.
805 3098 850 3148 Α
869 3093 1027 3149 malo
1052 3093 1384 3151 noslibera.
1400 3095 1510 3164 fol.
1549 3099 1630 3152 lo.

923 3184 1009 3239 Ad
1036 3184 1299 3240 Sextum.

480 3273 645 3328 Lecto
676 3272 818 3326 libri
845 3273 1044 3330 Esaia:
1075 3273 1388 3343 Prophetas
1419 3274 1583 3345 (Cap.
1615 3275 1758 3348 μιν).

363 3372 428 3428 av.
458 3363 576 3416 Deo
606 3361 852 3430 gratias.

364 3454 500 3507 Haec
533 3451 674 3506 dicit
705 3451 1021 3508 Dominus:
1050 3452 1313 3524 Populus
1330 3453 1433 3525 qui
1464 3453 1543 3510 ad
1567 3453 1945 3511 iracundiam

287 3545 582 3614 provocat
601 3555 695 3595 me
713 3545 848 3597 ante
874 3541 1088 3596 faciem
1116 3557 1307 3598 meam
1326 3558 1588 3614 semper:
1612 3544 1714 3616 qui
1734 3544 1948 3600 immo-

287 3630 420 3686 lant
447 3628 507 3683 in
537 3628 746 3694 hortis,
771 3632 826 3684 et
847 3628 1184 3685 sacriﬁcant
1215 3646 1393 3701 super
1421 3631 1665 3687 lateres:
1699 3633 1805 3704 qui
1843 3632 1948 3688 ha-

287 3717 572 3774 bitabant
599 3717 659 3771 in
681 3716 985 3787 sepulcris,
1011 3723 1068 3772 et
1094 3717 1157 3772 in
1186 3718 1450 3773 delubris
1493 3719 1792 3775 idolorum
1814 3719 1948 3776 dor-

290 3807 528 3862 miunt:
561 3804 665 3874 qui
690 3803 1273 3859 comeduntcarnem
1300 3805 1622 3870 suillam,et
1636 3809 1735 3876 jus
1751 3808 1948 3879 profa-

291 3907 446 3948 num
462 3890 523 3943 in
534 3889 694 3943 vasis
709 3889 1045 3952 eorum.Qui
1058 3888 1516 3956 dicunt,Recede
1531 3908 1566 3947 a
1584 3908 1819 3960 me,non
1840 3911 1948 3966 ap-

288 3975 670 4050 propinques
686 3975 1333 4047 mihi,quiaimmundus
1350 3991 1412 4030 es
1427 3993 1438 4030 :
1456 3977 1552 4032 isti
1564 3977 1752 4033 fumus
1775 3985 1950 4038 erunt

285 4069 354 4124 in
385 4065 588 4121 furore
613 4063 929 4134 meo,ignis
956 4064 1175 4120 ardens
1199 4069 1322 4120 tota
1353 4064 1467 4122 die.
1494 4069 1637 4122 Ecce
1662 4068 1949 4139 scriptum

285 4160 378 4211 est
405 4169 610 4210 coram
630 4169 722 4208 me
741 4170 752 4205 :
769 4168 889 4209 non
913 4152 1254 4220 tacebo,sed
1269 4153 1518 4210 reddam
1543 4159 1599 4211 et
1624 4156 1951 4218 retribuam

285 4247 352 4301 in
375 4243 513 4299 sinu
553 4242 1120 4314 eoruminiquitates
1147 4247 1453 4309 vestras,et
1482 4244 1822 4316 iniquitates
1847 4264 1950 4320 pa-

287 4340 453 4392 trum
474 4337 806 4389 vestrorum
823 4332 1000 4388 simul
1024 4331 1164 4388 dicit
1189 4331 1498 4399 Dominus,
1529 4334 1632 4405 qui
1651 4335 1950 4394 sacriﬁca-

289 4425 506 4480 verunt
520 4436 696 4494 super
714 4424 966 4491 mentes,
981 4425 1037 4478 et
1057 4435 1239 4491 super
1254 4419 1430 4476 colles
1445 4437 1512 4476 ex
1519 4422 1950 4492 probraverunt

295 4511 468 4581 mihi,
499 4515 554 4566 et
578 4511 854 4568 remetiar
868 4527 1017 4583 opus
1046 4525 1255 4565 eorum
1271 4509 1537 4582 primum
1560 4511 1620 4566 in
1643 4511 1794 4567 sinu.
1817 4515 1950 4570 Haec

295 4601 439 4658 dicit
468 4600 755 4656 Dominus
780 4618 792 4652 :
814 4599 1121 4664 Quomodo
1148 4599 1198 4653 si
1219 4597 1562 4655 inveniatur
1601 4615 1859 4670 granum
1889 4603 1952 4660 in

297 4691 560 4760 botro,et
586 4688 851 4746 dicatur:
876 4691 957 4745 Ne
988 4689 1244 4760 dissipes
1265 4687 1726 4761 illud,quoniam
1775 4691 1952 4748 bene-

297 4779 478 4838 dictio
504 4783 626 4836 est:
670 4779 754 4835 sic
784 4778 999 4835 faciam
1029 4783 1271 4850 propter
1301 4793 1503 4834 servos
1534 4795 1720 4850 meos,
1745 4784 1809 4836 ut
1829 4797 1952 4838 non

297 4867 651 4943 disperdam
673 4866 964 4925 totum.Et
984 4867 1238 4924 educam
1255 4867 1329 4922 de
1356 4867 1540 4924 Jacob
1566 4875 1855 4933 semen,et
1877 4870 1952 4926 de

295 4958 454 5017 Juda
515 4957 924 5030 possidentem
983 4961 1214 5013 montes
1279 4971 1478 5012 meos:
1534 4957 1953 5017 hereditabunt

297 5064 434 5108 eam
461 5048 627 5105 electi
651 5047 848 5111 mei,et
875 5045 1027 5103 servi
1055 5047 1172 5101 mei
1187 5045 1546 5102 habitabant
1565 5047 1946 5104 ibi.P.Amen.

369 5138 715 5210 Antiphona
744 5140 791 5192 l.
811 5137 892 5192 De
917 5134 1368 5193 necessitatibus
1385 5136 1602 5192 nostris
1621 5136 1807 5195 libera
1819 5153 1948 5204 nos,

296 5228 570 5286 Domine.
599 5227 871 5284 Psalmus
897 5241 1003 5281 ενι.

370 5317 590 5375 Oratio.
620 5317 699 5373 De
719 5313 1176 5373 necessitatibus
1216 5314 1434 5369 nostris
1483 5313 1672 5372 libera
1700 5329 1812 5371 nos
1844 5317 1953 5372 Do-

294 5407 462 5465 mine
489 5425 502 5464 :
525 5413 582 5463 et
612 5406 950 5463 animarum
977 5408 1322 5460 nostrarum
1348 5403 1612 5460 inediam
1648 5404 1815 5460 verbi
1867 5403 1955 5460 tui

295 5497 479 5571 adipe
507 5512 725 5570 pasce;
778 5495 1171 5566 sedentesque
1206 5492 1266 5548 in
1313 5493 1572 5549 tenebris
1629 5498 1686 5552 et
1736 5493 1954 5552 umbra

298 5587 536 5656 mortis,
564 5585 713 5643 lucis
737 5585 928 5648 lustra
948 5583 1279 5645 serenitate.
1311 5593 1377 5656 ne.
1408 5583 1618 5643 Amen.

2046 1848 2432 1906 Peccantibus
2458 1847 2755 1903 miserere.
2786 1848 2845 1907 Ψ.
2875 1848 2964 1903 Ad
2983 1854 3032 1904 te
3047 1849 3320 1905 levamus
3367 1851 3539 1919 178
3562 1865 3698 1904 ocu-

2045 1939 2153 2006 los,
2176 1937 2393 1994 exaudi
2419 1937 2720 2008 propitius.
2740 1936 2801 1995 ἲν.
2818 1938 3141 1992 Bonitatem
3168 1943 3334 1994 tuam
3358 1939 3692 2008 poscimus,

2045 2027 2288 2096 indulge
2309 2025 2614 2098 propitius.
2643 2029 2698 2079 P.
2725 2025 3091 2097 Redemptor,
3116 2027 3502 2097 peccantibus
3527 2026 3698 2080 mise-

2043 2132 2193 2174 rere.
2223 2115 2290 2175 ῐὶτ.
2331 2115 2618 2170 Curvatos
2637 2113 2769 2170 diro
2799 2115 3032 2170 crimine
3056 2115 3389 2171 misericors
3416 2115 3596 2184 erige.
3635 2115 3699 2169 P.

2047 2206 2422 2276 Redemptor,
2447 2202 2832 2276 peccantibus
2861 2203 2921 2264 V.
2947 2204 3297 2259 Dominator
3323 2203 3701 2259 sanctissime

2048 2294 2359 2367 placabilis
2382 2293 2599 2364 aspice.
2628 2293 2688 2361 P,
2723 2292 3099 2363 Redemptor,
3120 2292 3509 2364 peccantibus
3534 2291 3704 2346 mise-

2050 2399 2198 2440 rere.
2225 2383 2286 2444 ἢν.
2314 2382 2569 2438 Extende
2593 2385 2757 2437 tuam
2787 2381 3112 2444 dexteram,
3156 2386 3214 2436 et
3236 2397 3346 2437 nos
3394 2395 3604 2436 omnes
3641 2379 3704 2434 li-

2048 2472 2210 2529 bere.
2242 2475 2300 2527 P.
2332 2469 3125 2541 Redemptor,peccantibus.
3153 2468 3215 2529 ἰν.
3241 2472 3351 2526 Fac
3385 2469 3705 2524 nobiscum

2049 2559 2542 2626 misericordiam,
2573 2562 2629 2614 et
2655 2558 2730 2612 de
2769 2560 3026 2629 peccatis
3062 2558 3316 2614 veniam.
3366 2559 3426 2611 P.
3456 2557 3699 2612 Redem—

2051 2654 2203 2721 ptor.
2237 2649 2298 2708 ἲν.
2329 2648 2587 2704 (;loriose
2613 2646 3028 2717 potentissime
3055 2647 3222 2717 quod
3261 2646 3587 2714 poscimus,
3607 2645 3705 2700 tri-

2050 2737 2187 2792 bue.
2213 2740 2271 2791 P.
2307 2736 2676 2804 Redemptor,
2705 2733 3114 2805 peccantibus.
3150 2733 3213 2792 ἲν.
3257 2735 3418 2788 Hanc
3470 2733 3703 2803 plebem

2051 2829 2294 2897 protege
2348 2823 2690 2894 placiturus,
2738 2827 2794 2876 et
2841 2837 3052 2892 pacem
3106 2821 3462 2875 misericors.
3503 2821 3568 2877 P.
3602 2823 3704 2874 Re-

2052 2913 2348 2985 demptor,
2371 2909 2778 2983 peccantibus.
2813 2908 2873 2967 3V.
2903 2914 3171 2978 Agnosce
3197 2913 3398 2964 nostra
3415 2907 3700 2974 facinora,

2052 3007 2109 3058 et
2134 3002 2212 3057 da
2242 3000 2699 3070 indulgentiam.
2732 2998 2792 3054 P.
2814 2997 3190 3068 Redemptor,
3217 2996 3628 3068 peccantibus.

1981 3133 2021 3187 ρ
2125 3108 2478 3179 Hymnus.0
2516 3109 2826 3170 Nazarene,
2854 3104 2974 3159 lux.
3001 3103 3114 3171 fol.
3154 3106 3272 3158 144.

2127 3214 2433 3284 Capitula.
2465 3214 2597 3268 Esto
2625 3211 2686 3266 in
2707 3210 2902 3278 nobis,
2933 3209 3183 3265 Domine
3233 3213 3386 3265 Deus
3419 3208 3622 3264 Israel:
3649 3216 3705 3264 et

2055 3304 2354 3361 malorum
2389 3301 2845 3363 infestationem,
2899 3314 2974 3354 ne
3007 3298 3431 3367 deglutiamur,
3465 3314 3501 3354 a
3526 3297 3704 3353 nobis

2053 3393 2269 3465 repelle
2294 3391 2720 3461 ;nocivamque
2751 3387 3227 3452 iracundiam,ne
3241 3385 3695 3452 obsorbeamur,

2055 3483 2408 3554 comprime:
2441 3479 2644 3552 sicque
2676 3478 2735 3533 in
2777 3476 2948 3533 nobis
2981 3481 3209 3532 torrens
3230 3481 3346 3532 tum
3378 3475 3700 3546 voluptatis

2051 3569 2363 3634 redundet,
2380 3577 2444 3624 ut
2462 3567 2728 3624 vitiorum
2743 3569 3060 3622 torrentem
3087 3566 3288 3621 anima
3314 3569 3520 3620 nostra
3550 3579 3611 3618 se
3630 3562 3705 3617 si-

2054 3674 2129 3714 ne
2154 3657 2492 3713 discrimine
2520 3653 3183 3728 pertransissezexultet:
3217 3667 3415 3723 neque
3439 3651 3708 3706 inimico-

2055 3762 2190 3802 rum
2215 3745 2494 3802 dentibus
2515 3743 2845 3808 laniemur;
2877 3742 2982 3798 sed
2995 3747 3227 3814 ereptos
3250 3757 3360 3797 nos
3382 3741 3456 3796 de
3477 3753 3705 3795 venan-

2056 3834 2204 3890 tium
2218 3834 2450 3906 laqueis
2482 3833 2880 3903 gratulemur:
2906 3835 2961 3886 et
2983 3836 3044 3886 tu
3061 3831 3156 3901 adj
3168 3835 3300 3886 utor
3320 3835 3521 3885 noster
3540 3830 3705 3884 here-

2057 3923 2183 3978 dita
2201 3939 2312 3977 nos
2347 3923 2407 3977 in
2436 3922 2815 3992 possessione
2833 3925 3098 3990 .aeterna;
3162 3919 3286 3990 qui,
3349 3921 3709 3990 cooperante

2057 4010 2246 4065 Verbo
2260 4015 2362 4065 tuo
2382 4011 2714 4080 Sanctoque
2735 4006 2955 4078 Spiritu
2972 4006 3156 4061 fecisti
3175 4006 3384 4060 coelum
3405 4011 3461 4062 et
3479 4013 3704 4061 terram.

2131 4100 2296 4153 Pater
2319 4101 2541 4152 noster.
2573 4100 2620 4150 A
2657 4095 2816 4150 malo
2849 4109 2959 4149 nos
2972 4093 3159 4148 libera
3177 4094 3287 4160 fol.
3327 4095 3411 4149 10.

2164 4207 2234 4260 ΙΝ
2277 4201 2598 4260 SECUNDO
2640 4201 2971 4257 DOMINICO
3013 4197 3607 4265 QUADRAGESlM/E.

2666 4309 2753 4364 Ad
2788 4309 3123 4376 Vesperum.

1984 4402 2028 4456 D
2133 4422 2196 4474 ln
2215 4416 2459 4474 nomine
2490 4413 2720 4470 Domini
2746 4414 2931 4471 nostri
2959 4415 2987 4467 J
2994 4431 3097 4470 esu
3121 4413 3327 4470 Christi
3348 4413 3551 4469 lumen
3574 4427 3712 4468 cum

2064 4523 2226 4580 pace.
2262 4519 2324 4575 Bt.
2360 4507 2479 4561 Deo
2514 4504 2755 4574 gratias.

2134 4595 2420 4651 Dominus
2460 4592 2550 4648 sit.
2570 4603 2634 4661 Βτ.
2659 4595 2744 4648 Et.

2131 4684 2362 4742 Lauda.
2399 4681 2556 4737 Fecit
2575 4681 2784 4737 lunam
2807 4679 2868 4736 in
2889 4683 3188 4752 tempore:
3218 4680 3279 4732 P.
3305 4675 3402 4733 Sol
3432 4675 3713 4746 cognovit

2061 4790 2343 4832 occasum
2374 4787 2570 4826 suum.
2613 4769 2674 4830 tif.
2710 4769 2871 4825 Exiet
2908 4769 3094 4824 homo
3121 4765 3200 4823 ad
3229 4782 3384 4837 opus
3414 4781 3591 4820 suum
3625 4767 3718 4821 :et

2061 4864 2141 4923 ad
2164 4860 2576 4935 operationem
2605 4874 2781 4914 suam
2809 4873 2997 4929 usque
3024 4856 3103 4913 ad
3132 4871 3474 4927 vesperum.
3496 4855 3566 4910 P.
3596 4853 3714 4910 Sol.

2136 4951 2424 5008 Dominus
2463 4948 2557 5005 sit.
2584 4959 2648 5015 BI.
2679 4949 2759 5002 Et.

2132 5039 2663 5109 AntiphonaDeus
2675 5035 3009 5099 deorum,et
3029 5031 3315 5090 Dominus
3339 5029 3718 5089 dominorum

2060 5145 2166 5187 rex
2186 5143 2445 5198 magnus
2459 5129 2516 5182 et
2544 5125 2729 5191 fortis,
2759 5127 2814 5179 et
2843 5122 3111 5179 terribilis
3133 5121 3352 5194 est,qui
3387 5137 3712 5194 personam

2059 5236 2182 5277 non
2217 5217 2449 5288 accipit,
2483 5230 2592 5271 nec
2631 5228 2914 5283 munera;
2944 5212 3082 5268 facit
3099 5211 3393 5282 judicium
3411 5210 3639 5282 pupillo
3661 5212 3719 5265 et

2059 5309 2278 5372 viduas,
2307 5309 2471 5361 amat
2494 5303 2854 5376 peregrinos.
2871 5303 2942 5357 P.
2970 5305 3034 5357 Et
3049 5300 3276 5356 datillis
3291 5299 3718 5366 victum,atque

2062 5398 2339 5454 vestitum
2372 5411 2384 5450 :
2427 5409 2536 5449 vos
2567 5397 2766 5448 autem
2817 5395 3015 5446 amate
3068 5387 3431 5461 peregrinos.
3466 5385 3526 5444 ἲν.
3565 5385 3718 5436 Deus

2065 5487 2218 5544 stetit
2240 5486 2300 5541 in
2332 5497 2646 5556 synagoga
2702 5481 2991 5537 deorum:
3019 5479 3080 5534 in
3102 5477 3296 5534 medio
3340 5477 3541 5534 autem
3569 5468 3716 5522 deos

2065 5575 2364 5636 discernit.
2396 5574 2467 5632 P.
2511 5575 2578 5629 Et
2608 5570 2738 5630 dat.
2767 5569 2830 5631 ἲν.
2864 5569 3076 5632 Gloria,
3109 5571 3218 5624 etc.

4058 4002 4160 4303 4
