4160 6466
459 349 536 446 '23
1691 337 2144 425 BREVIAHIUM
2183 339 2573 409 GOTHICUM.

503 511 790 569 Dominus
820 508 916 564 sit.
951 518 1014 578 It.
1043 508 1129 586 Et.

507 600 743 657 Lauda.
790 575 1243 668 Appropinquet
1270 588 1456 645 oratio
1499 599 1636 641 mea
1659 583 1718 638 in
1749 575 2072 668 conspectu

435 695 558 747 tuo.
596 663 861 742 Domine:
886 663 959 738 Ρ.
995 663 1171 736 intret
1213 675 1532 749 postulatio
1574 687 1710 728 mea
1740 681 1940 725 coram
1979 663 2067 728 te;

437 775 769 834 secundum
781 770 1033 828 verbum
1054 765 1467 824 tuumvivifica
1480 778 1595 818 me.
1621 760 1681 820 ἢν.
1710 751 2073 814 Eructabuut

355 907 358 910 -
435 863 600 924 labia
626 878 762 920 mea
797 861 1114 931 hymnum,
1140 871 1277 911 cum
1302 851 1574 908 docueris
1597 839 2070 918 mejustiﬁcatio-

436 967 544 1010 nes
575 955 726 1010 tuas.
768 950 826 1004 P.
854 948 1045 1003 intret.

1104 1051 1399 1120 Hymnus.

684 1162 900 1215 Auctor
922 1155 1182 1217 luminis,
1209 1153 1380 1208 Filius
1412 1147 1681 1218 Virginis,

580 1249 863 1318 Paterque
893 1242 1103 1308 Matris,
1139 1240 1430 1310 Filiusque
1462 1233 1671 1302 Patris,

577 1334 685 1401 Qui
709 1347 869 1388 caeco
900 1327 1128 1384 sedenti
1156 1326 1372 1397 stipem
1392 1320 1612 1395 petenti

787 1421 1010 1475 Lumen
1037 1413 1275 1470 dedisti.

682 1507 1027 1576 Sedensque
1049 1518 1239 1558 caecus
1261 1496 1516 1555 tenebris
1535 1507 1876 1567 oppressus,

575 1601 763 1665 Quem
789 1594 1056 1652 voluerat
1083 1591 1167 1646 sic
1192 1589 1533 1645 nasceretur
1561 1598 1778 1651 caecus,

577 1691 642 1742 In
671 1699 854 1757 quem
881 1682 1068 1738 virtus
1087 1693 1199 1734 sua
1225 1674 1502 1733 omnibus
1519 1666 1896 1728 credentibus

787 1766 1311 1841 Comprobaretur.

683 1857 1030 1927 Gaudetque
1061 1868 1277 1917 ccecus,
1309 1849 1534 1906 lumine
1553 1847 1809 1916 recepto,

583 1949 772 2013 Quem
801 1942 1082 2000 visitabat
1109 1937 1366 1996 Medicus
1395 1933 1675 2001 excelsus,

579 2036 628 2088 A
653 2036 820 2091 Patre
850 2031 1122 2094 dilectus,
1145 2031 1210 2082 ut
1237 2025 1576 2082 ablueretur

791 2118 989 2178 Mundi
1016 2115 1316 2172 delictum.

686 2225 856 2282 Plebs
887 2221 1270 2278 Hebraeorum
1305 2215 1602 2287 simulque
1630 2210 1904 2268 dixerunt
1936 2223 1948 2261 :

581 2318 858 2372 Parentes
880 2311 1008 2382 ejus
1035 2308 1296 2368 veniant,
1329 2319 1434 2376 per
1473 2317 1624 2374 quos
1671 2297 2072 2372 quaesierunt:

581 2404 690 2470 Qui
721 2413 919 2458 cmcus
947 2403 1038 2454 est
1059 2401 1260 2463 natus,
1289 2409 1325 2450 a
1353 2393 1522 2462 cujus
1547 2390 1753 2447 virtute
1778 2389 1868 2442 est

792 2487 1207 2546 inluminatus.

687 2585 960 2651 Parentes
991 2595 1190 2647 autem
1207 2587 1589 2644 Hebraeorum
1615 2581 1871 2638 fatentur
1900 2594 1915 2633 :

582 2680 664 2739 Ex
694 2687 859 2737 utero
880 2677 1087 2736 matris
1113 2692 1310 2732 caecus
1339 2673 1448 2728 fuit
1482 2674 1658 2726 natus
1685 2683 1696 2723 :

580 2772 839 2828 lEtatem
865 2767 1067 2834 habet,
1092 2766 1293 2836 ipsum
1319 2762 1675 2829 interrogate
1704 2775 1720 2828 ;

790 2857 955 2912 Dicat
978 2853 1283 2911 veritatem

682 2962 1004 3020 Conﬁtetur
1025 2973 1240 3026 caecus,
1279 2954 1376 3027 qui
1409 2953 1599 3008 fuerat
1629 2948 1906 3006 sanatus:

577 3049 667 3108 Ad
696 3066 792 3107 me
820 3047 1066 3106 accessit
1091 3044 1381 3116 Propheta
1400 3054 1679 3110 magnus,

579 3139 758 3209 Cujus
787 3133 1016 3201 virtute,
1047 3132 1243 3200 oculo,
1262 3135 1318 3188 et
1340 3129 1517 3188 corde
1539 3139 1672 3183 sum

793 3223 1189 3283 liluminatus.

681 3330 833 3387 Fecit
857 3330 959 3402 qui
983 3328 1176 3385 lutum
1205 3325 1280 3381 de
1306 3326 1514 3379 sancto
1543 3321 1739 3391 sputo,

572 3417 831 3490 Tegmen
855 3417 1164 3475 oculorum
1184 3413 1355 3469 linuit
1375 3426 1446 3466 ac
1474 3409 1616 3472 luto,

574 3504 759 3564 «iussit
784 3506 971 3563 lavari
993 3504 1163 3568 Siloe,
1203 3500 1435 3572 piscina
1453 3511 1549 3554 me

791 3592 1164 3652 Clariﬁcavit.

683 3701 877 3760 Gloria
910 3683 1079 3765 Patri,
1109 3683 1282 3750 Trino
1326 3688 1690 3762 sempiterna

574 3792 792 3858 Gldria,
821 3787 1069 3850 Christo,
1099 3779 1458 3854 Spirituique
1493 3778 1700 3832 sancto
1734 3790 1745 3828 ε

578 3877 864 3936 Praedicet
885 3873 1124 3930 Trin'um
1145 3869 1245 3942 pia
1259 3881 1406 3923 voce
1431 3873 1652 3923 nomen

789 3965 974 4020 Omne
1001 3975 1109 4034 per
1132 3971 1348 4016 aevum.

645 4049 853 4108 Amen.

503 4167 892 4241 Suppuratio.
920 4167 1168 4222 Oremus
1194 4159 1667 4232 Redemptorem.

505 4283 801 4349 Capitula.
833 4279 1054 4336 Christe
1079 4280 1253 4342 Deus,
1286 4273 1526 4331 luminis
1563 4283 1821 4342 perenne
1863 4265 2074 4339 princi-

431 4370 733 4446 pium,qui
750 4367 1070 4440 septimum
1100 4363 1219 4419 diei
1237 4360 1595 4418 curriculum
1611 4355 2074 4414 sanctiﬁcatione

432 4440 842 4532 potius,quam
875 4453 1218 4526 operatione
1233 4449 1467 4506 voluisti
1487 4463 1618 4504 esse
1641 4440 2070 4512 confitentium,

433 4546 759 4619 quaarimus
789 4558 925 4600 ecce
957 4542 1171 4597 faciem
1193 4545 1379 4608 tuam,
1411 4535 1516 4591 sed
1545 4533 1908 4606 impedimur
1937 4539 2075 4586 con-

435 4617 696 4692 scientiae
718 4636 939 4690 nostra}
965 4627 1209 4684 tenebra
1229 4629 1513 4681 consueta
1535 4636 1852 4679 :conamur
1870 4617 2075 4676 adsur-

431 4738 589 4795 gere,
621 4722 726 4778 sed
756 4717 1081 4776 relabimur
1108 4716 1170 4773 in
1192 4729 1538 4781 mmrorem;
1570 4727 1692 4767 non
1726 4717 1866 4778 ergo”
1932 4707 2075 4779 abji-

431 4793 621 4869 ciaste
641 4806 1105 4882 quaerentes,qui
1126 4820 1249 4861 non
1267 4800 1665 4875 quaerentibus
1679 4809 1968 4870 apparere
1988 4793 2072 4850 di-

431 4902 646 4970 gnatus
675 4914 764 4953 es.
787 4900 932 4952 Ecce
961 4896 1191 4950 dierum
1217 4895 1560 4948 nostrorum
1583 4886 1849 4943 decimas
1867 4887 2071 4940 sancto

427 4992 531 5044 tuo
542 4986 761 5042 nomini
774 4985 990 5040 annuis
1000 4981 1339 5039 recursibus
1350 4971 2071 5052 persolventes,septimum

426 5087 589 5154 nunc
627 5088 698 5126 ex
731 5071 873 5142 ipsis
896 5063 1692 5142 decimisperegimusdiem;
1715 5061 1946 5130 daergo
1967 5075 2070 5116 ηοε-

426 5148 522 5217 bis
547 5155 910 5231 adjutorium
955 5157 1017 5214 in
1043 5157 1223 5227 hujus
1251 5152 1540 5211 laboriosi
1567 5149 1792 5207 itineris
1829 5148 1928 5206 via
1947 5151 2068 5220 quo

426 5248 675 5304 inlibata
703 5245 811 5302 tibi
841 5247 1043 5301 nostra
1073 5243 1421 5300 dedicantur
1448 5239 1738 5312 obsequia
1774 5256 1787 5294 :
1816 5241 1880 5295 ut
1906 5236 2070 5294 labo-

425 5352 521 5393 res
548 5341 786 5393 nbstros
816 5334 1036 5390 amoris
1062 5331 1146 5389 tul
1185 5328 1481 5388 desiderio
1501 5327 1747 5397 releves,
1779 5331 1834 5383 et
1874 5329 2069 5384 socor-

425 5425 589 5483 diam
617 5427 828 5479 sensus
851 5423 1038 5479 nostri
1065 5420 1295 5478 fervida
1324 5417 1782 5475 dilectionistuaa
1802 5416 2068 5473 ubertate

424 5515 714 5572 exusCites
736 5532 752 5584 ;
782 5513 846 5568 ut
870 5511 930 5566 in
952 5516 1004 5568 te
1045 5509 1167 5567 vlta
1194 5515 1398 5568 nostra
1443 5517 1565 5564 non
1629 5499 1800 5580 179
1849 5504 2070 5566 habeat

425 5620 634 5668 casum
662 5602 768 5665 sed
794 5601 942 5662 ﬁdes
971 5598 1232 5660 inveniat
1259 5597 1592 5672 praemium.

3717 331 3846 394 324

2103 479 2151 534 Α
2250 477 2415 532 Pater
2442 479 2664 532 noster.

2250 564 2582 621 Humilitate
2611 577 2718 619 vos
2733 556 3147 618 benedictioni.

2252 654 2537 708 Dominus
2560 653 2632 708 sit
2657 663 2891 722 semper
2914 646 3249 702 vobiscum.
3275 651 3338 709 av.
3373 642 3438 696 Et
3467 652 3626 694 cum.

2250 737 3018 809 Benedictioﬂmnipotens
3039 734 3192 787 Deus
3225 743 3332 802 per
3377 723 3847 783 observantiam

2179 827 2395 883 horum
2425 827 2656 883 dierum
2679 823 2951 898 puriﬁcet
2976 819 3160 878 corda
3187 821 3383 874 vestra
3403 815 3481 871 ab
3507 814 3675 871 omni
3690 827 3848 869 con-

2182 915 2419 985 tagione
2443 915 2879 986 peccaminum.
2922 922 2985 980 Βε.
3018 913 3224 964 Amen.
3261 905 3351 962 Sic
3378 917 3483 959 nos
3538 903 3600 958 in
3641 899 3842 957 servi-

2179 1007 2301 1060 tute
2349 1017 2458 1060 sua
2495 1001 2720 1059 timoris
2773 999 2865 1055 sui
2901 998 3029 1067 lege
3059 993 3447 1064 constringat,
3490 994 3556 1046 ut
3602 989 3847 1045 amoris

2180 1091 2427 1162 praemio
2454 1091 2668 1146 foveat.
2702 1099 2764 1158 ἢ.
2798 1087 3004 1142 Amen.
3041 1085 3170 1150 Quo
3199 1080 3491 1138 desiderio
3537 1078 3850 1134 aeternita-

2182 1179 2252 1232 tis
2282 1177 2516 1233 labores
2549 1182 2778 1232 vestros
2807 1174 3044 1246 copiose
3075 1170 3365 1233 reﬁciens,
3391 1167 3554 1239 regni
3588 1166 3682 1222 sui
3715 1175 3847 1222 nos

2179 1265 2396 1321 efficiat
2421 1264 2757 1320 coheredes.
2789 1275 2853 1333 ἢ.
2878 1267 3087 1318 Amen.

2251 1356 2355 1409 Per
2383 1352 2875 1408 misericordiam.

2251 1442 2479 1496 Lauda.
2511 1439 2772 1509 Utinam,
2796 1438 3061 1499 Domine.
3089 1437 3413 1506 dignantur
3455 1432 3565 1489 viae
3586 1434 3842 1496 nostras,

2181 1529 2354 1584 P.Ad
2385 1529 2804 1584 custodiendas
2813 1525 3264 1597 justiﬁcationes
3279 1528 3430 1578 tuas.
3454 1521 3516 1579 γ.
3535 1524 3696 1576 Tunc
3707 1535 3844 1576 non

2178 1616 2534 1683 confundar,
2568 1616 2715 1673 dum
2741 1615 2996 1687 respicio
3048 1614 3108 1669 in
3129 1612 3334 1668 omnia
3375 1610 3665 1666 mandata
3707 1612 3840 1664 tua.

2179 1705 2251 1760 P.
2275 1705 2357 1760 Ad
2389 1703 2896 1763 custodiendasﬁ.
2928 1702 3140 1766 Gloria,
3167 1705 3222 1757 et
3240 1701 3455 1764 honor,
3488 1702 3605 1754 etc.
3642 1697 3712 1752 P.
3743 1696 3844 1752 Ad

2099 1803 2145 1864 ε
2179 1793 2623 1849 custodiendas.

2253 1883 2476 1937 Oratio.
2505 1881 2842 1950 Dirigantur
2865 1879 2976 1935 vite
2998 1879 3232 1942 nostrae,
3268 1874 3619 1944 Domine,ad
3637 1876 3842 1929 custo-

2179 1969 2433 2025 diendas’
2453 1968 2903 2040 justiﬁcationes
2937 1971 3067 2022 tuas
3092 1985 3105 2033 ;
3131 1969 3188 2021 et
3211 1965 3314 2036 qui
3365 1963 3513 2033 legis
3542 1965 3660 2019 tua;
3699 1961 3838 2016 niti-

2182 2071 2320 2112 mur
2350 2056 2708 2128 perscrutari
2737 2058 2983 2122 secreta,
3016 2058 3117 2110 tua
3138 2053 3387 2124 fquoque
3426 2050 3836 2123 perducamur

2185 2143 2263 2200 ad
2283 2145 2549 2216 praemia.
2577 2154 2642 2214 ηρ.
2673 2147 2880 2198 Amen.

2254 2233 2479 2288 Lauda.
2513 2233 2577 2286 lu
2595 2235 2712 2287 toto
2743 2230 2920 2286 corde
2951 2243 3086 2285 meo
3123 2230 3274 2283 Deus
3305 2225 3624 2298 exsqulsivi
3649 2229 3735 2280 te:
3769 2226 3836 2281 P.

2185 2323 2264 2375 Ne
2293 2320 2543 2391 repellas
2575 2335 2670 2375 me
2710 2318 3064 2374 amendatis
3089 2316 3224 2373 tuis.
3260 2315 3323 2375 tt.
3358 2318 3421 2369 1n
3470 2312 3650 2369 corde
3696 2327 3841 2368 meo

2185 2409 2470 2466 abscondi
2501 2407 2741 2479 eloquia
2779 2411 2912 2462 tua:
2944 2411 3006 2461 ut
3033 2420 3154 2462 non
3194 2419 3437 2476 peccem
3477 2402 3601 2458 tibi.
3649 2404 3713 2456 P.
3753 2403 3840 2457 Ne

2185 2497 2461 2569 repellas.
2495 2497 2557 2556 ﬁt.
2589 2493 2799 2563 Gloria,
2828 2498 2885 2550 et
2911 2495 3122 2557 honor,
3145 2497 3254 2548 etc.
3285 2495 3345 2548 P.
3379 2491 3458 2548 Ne
3487 2489 3761 2562 repellas.

2258 2584 2487 2641 Oratio.
2527 2587 2591 2639 In
2619 2583 2717 2638 via
2737 2581 3217 2639 testimoniorum
3248 2585 3511 2645 tuorum,
3559 2575 3841 2644 Domine,

2186 2673 2364 2746 quasi
2389 2673 2450 2729 in
2480 2671 2762 2730 omnibus
2783 2671 3001 2727 divitiis
3027 2669 3423 2733 delectamur;
3447 2681 3641 2738 neque
3671 2665 3841 2720 enim

2183 2761 2512 2834 quicquam
2542 2760 2719 2816 nobis
2751 2760 2962 2816 deesse
2989 2757 3313 2822 credimus,
3346 2771 3484 2812 cum
3527 2757 3582 2810 te
3624 2751 3844 2824 propi-

2186 2851 2335 2906 tium
2362 2850 2575 2908 adesse
2613 2847 3058 2920 cognoscimus.
3093 2856 3159 2918 Βρ.
3183 2851 3386 2902 Amen.

2255 2939 2366 2995 Per
2393 2937 2882 2994 misericordiam.

2252 3027 2524 3083 Psalmus
2551 3041 2604 3082 1..
2641 3027 2811 3081 Totus
2841 3039 2972 3081 cum
3009 3023 3224 3090 Gloria,
3251 3025 3307 3079 et
3334 3019 3546 3082 honor,
3572 3021 3684 3076 etc.

2105 3143 2146 3200 ρ
2254 3115 2430 3187 Kyrie
2458 3114 2698 3170 eleison.
2743 3112 2993 3177 Christe,
3042 3112 3281 3167 eleison.
3335 3108 3526 3180 Kyrie,
3580 3106 3832 3163 eleison.

2184 3203 2294 3259 Sub
2311 3203 2541 3258 silentio
2572 3219 2584 3266 ;
2617 3203 2831 3257 Postea
2860 3201 3084 3256 Preces.

2254 3291 2472 3346 Preces.
2505 3289 2754 3344 Domine
2779 3285 3344 3343 misericordiarum.
3381 3285 3439 3338 P.
3462 3282 3839 3338 Obliviscere

2181 3381 2425 3450 peccata
2443 3381 2666 3432 nostra.
2699 3385 2762 3445 Βρ.
2791 3375 2902 3440 Qui
2931 3374 3271 3446 pertingens
3308 3386 3345 3426 a
3367 3371 3486 3425 fine
3539 3369 3600 3424 in
3644 3368 3841 3426 ﬁnem

2181 3465 2424 3533 fortiter,
2452 3463 2722 3536 disponis
2742 3463 2948 3519 omnia
2971 3459 3326 3518 suaviter.P.
3359 3457 3740 3515 Obliviscere.
3765 3458 3836 3518 3V.

2185 3555 2297 3619 Qui
2323 3553 2588 3609 inﬁnem
2625 3551 2912 3623 temporis
2939 3550 3446 3605 eommemoratus
3496 3546 3707 3613 nostri,
3751 3546 3839 3604 ad

2181 3641 2560 3699 redimendos
2575 3655 2698 3696 non
2726 3637 3098 3695 descendisti.
3124 3637 3185 3692 P.
3219 3635 3594 3692 Obliviscere.
3621 3633 3684 3694 ἵ.
3716 3635 3837 3698 Qui

2185 3743 2258 3787 ex
2283 3730 2479 3786 Mariis
2504 3727 2755 3799 Virginis
2791 3731 2958 3783 utero
2999 3741 3106 3798 per
3160 3725 3517 3798 mysterium
3554 3722 3733 3778 nobis
3765 3736 3834 3778 es

2187 3819 2440 3890 genitus,
2471 3817 2534 3873 P.
2559 3815 2934 3874 Obliviscere.

2256 3925 2478 3982 Oratio.
2498 3920 2727 3980 Exaudi
2755 3920 3081 3980 orationem
3104 3923 3393 3978 nostram.
3422 3917 3531 3988 fol.
3561 3915 3680 3975 I38.

2252 4032 2524 4106 Hymnus.
2557 4031 2788 4087 Eterne
2810 4043 3011 4086 rerum
3039 4024 3344 4085 Conditor.
3377 4022 3486 4095 fol.
3511 4027 3563 4080 3.

2254 4139 2476 4198 Oratio.
2504 4135 2749 4194 Domine
2768 4137 2922 4192 Deus
2936 4135 3103 4193 Pater
3116 4132 3494 4204 omnipotens
3503 4129 3827 4202 inspirator

2181 4242 2447 4302 precum,
2483 4229 2652 4298 teque
2702 4222 3110 4281 invocantium
3158 4219 3329 4277 velox
3377 4218 3647 4287 auditor;
3685 4217 3824 4276 voci

2181 4321 2420 4383 nostrae,
2453 4311 3051 4381 oramus,clementiaa
3074 4315 3190 4367 tuae
3220 4324 3428 4366 aurem
3453 4321 3692 4380 appone
3718 4325 3732 4376 ;
3765 4311 3828 4365 et

2181 4408 2525 4461 nostrorum
2563 4397 2801 4457 vincula
2831 4397 3250 4471 peccaminum
3301 4394 3523 4469 potenti
3579 4393 3830 4466 misera-

2104 4485 2150 4542 D
2182 4493 2340 4550 tione
2363 4489 2650 4548 dissolve:
2683 4503 2754 4547 ac
2772 4488 2925 4543 sicut
2941 4502 3053 4544 nos
3084 4485 3375 4556 gallorum
3397 4482 3714 4540 canoribus
3743 4483 3827 4542 ad

2180 4581 2534 4638 matutinam
2573 4577 2827 4650 gratiam
2853 4590 3146 4648 provocas
3182 4588 3561 4646 consurgere,
3594 4575 3650 4628 et
3689 4587 3828 4645 pro-

2181 4670 2396 4743 phetali
2414 4667 2688 4726 vaticinio
2707 4667 2764 4722 in
2791 4666 2986 4722 lucem
3015 4663 3282 4734 gentium
3311 4663 3500 4718 unicae
3532 4659 3827 4734 Redemp-

2181 4759 2354 4815 tionis
2382 4763 2434 4815 te
2469 4756 2867 4829 praenuntias;
2895 4754 2976 4810 ita
2993 4767 3173 4822 nunc,
3219 4749 3590 4808 initiantibus
3622 4749 3822 4821 nobis,

2177 4847 2390 4905 intuitu
2421 4861 2678 4918 superno
2700 4843 2958 4900 adsiste:
2991 4841 3074 4898 sic
3100 4856 3454 4914 quaesumus
3495 4837 3824 4896 famulatus

2177 4935 2361 4992 nostri
2388 4939 2524 4992 vota
2555 4932 2870 5005 suscipias,
2894 4934 2958 4988 ut
2981 4930 3062 4988 ad
3090 4929 3286 4986 lucem
3312 4928 3460 4985 lucis
3486 4925 3825 4985 abundanti

2177 5040 2288 5082 nos
2326 5021 2735 5080 misericordia
2764 5017 3135 5076 sublevando
3166 5017 3483 5090 perducas.
3517 5026 3583 5085 Ri.
3603 5013 3817 5070 Amen.

2247 5117 2352 5170 Per
2365 5109 2861 5169 misericordiam.

2246 5217 2598 5287 Antiphona
2627 5220 2675 5269 1.
2705 5213 2951 5269 Domine
2971 5212 3119 5284 quid
3151 5207 3524 5283 multiplicati
3549 5208 3689 5263 sunt
3714 5208 3825 5278 qui

2176 5307 2459 5364 tribulant
2484 5319 2580 5360 me
2607 5304 2636 5359 τ
2666 5302 2750 5359 Tu
2778 5306 2978 5360 autem
3009 5300 3258 5359 Domine
3286 5300 3594 5369 susceptor
3621 5311 3817 5354 meus.

2175 5397 2448 5453 Psatmus
2477 5409 2557 5450 Ill.

2246 5499 2580 5570 Antiphona
2609 5499 2663 5555 2.
2709 5500 2864 5555 Lava
2901 5509 2997 5553 me
3034 5495 3114 5552 ab
3165 5491 3454 5564 iniustitia
3495 5506 3668 5550 mea:
3701 5497 3822 5552 ets.

2176 5592 2421 5663 peccato
2447 5601 2582 5647 meo
2607 5588 2836 5646 munda
2851 5599 2968 5651 me,
2998 5583 3267 5643 Domine.
3295 5583 3580 5642 Psatmus
3609 5596 3672 5642 ι..
