4160 6420
287 337 397 403 325
1471 342 1833 407 DOMIMICA
1870 347 1917 404 11
1958 336 2566 417 ΟΗΑΒΗΑΘΕΞΙΜΕ.
3601 350 3706 415 326

358 470 717 540 Antiphona
747 475 798 528 3.
842 472 909 528 In
932 474 987 529 te
1008 471 1252 531 conﬁdit
1282 473 1489 531 anima
1542 490 1679 533 mea
1716 472 1949 532 :libera
1980 473 2027 529 Α
2057 472 2256 545 itaque
2282 474 2495 533 faciem
2526 479 2694 533 tuam
2729 488 2902 548 super
2961 476 3348 535 hereditatem
3399 482 3589 548 tuam,
3647 486 3705 540 et

286 576 405 623 me,
452 562 711 617 Domine.
741 561 1009 619 Psalmus
1042 580 1160 620 Lv1.

360 651 590 706 Oratio.
628 652 872 707 Domine
894 652 1033 707 Jesu
1066 652 1312 718 Christe,
1343 652 1449 724 qui
1476 652 1780 709 credentes
1802 652 1862 708 in
1897 655 1948 707 te

286 739 645 795 redimendo
672 740 942 811 suscipis,
967 746 1023 796 et
1046 736 1364 796 exaltando
1384 740 1949 814 gloriﬁcas,plebem

288 833 458 883 tuam
482 827 560 883 ab
585 827 957 897 injustitia,et
976 844 1012 885 a
1036 834 1423 900 peccatorum
1440 828 1680 885 vinculo
1708 826 1897 885 libera
1933 843 1944 881 ε

288 915 550 971 veritatis
581 918 637 971 et
677 914 1108 988 sapientiastuee
1127 933 1372 974 munere
1413 918 1595 973 corda
1622 933 1829 973 eorum
1865 916 1950 972 lo-

287 1005 546 1077 cupleta,
577 1007 926 1077 mentesque
948 1006 1345 1071 sanctiﬁca,ut
1372 1007 1520 1062 sicut
1542 1007 1605 1062 in
1636 1006 1787 1062 coelo
1808 1021 1948 1061 cum

288 1094 522 1150 Sanctis
552 1094 762 1164 regnat
790 1094 1000 1163 gloria,
1034 1095 1115 1150 sic
1158 1099 1213 1151 et
1239 1093 1301 1151 in
1368 1096 1649 1153 omnibus
1702 1096 1949 1153 maneat

286 1183 474 1251 salus,
501 1186 558 1237 et
580 1181 915 1239 benedictio
946 1189 1068 1240 tua.
1096 1187 1160 1239 Β.
1193 1188 1406 1241 Amen.

358 1271 471 1326 Per
505 1269 1005 1327 misericordiam.

356 1358 705 1427 Antiphona
740 1364 787 1413 l.
819 1359 1091 1415 Judicare
1141 1361 1384 1434 pupillo,
1414 1364 1469 1417 et
1495 1375 1719 1431 egeno:
1758 1363 1813 1417 P.
1846 1361 1943 1418 Ju-

281 1447 535 1503 stiﬁcate
556 1447 822 1515 viduam,
852 1449 908 1503 et
938 1448 1245 1505 humilem.
1267 1450 1480 1521 Eripite
1508 1465 1858 1522 pauperem,
1890 1455 1948 1507 et

282 1552 569 1606 egenum.
597 1536 659 1595 ἲν.
685 1536 840 1591 Deus
890 1537 1044 1593 stetit
1086 1537 1145 1593 in
1201 1553 1516 1611 synagoga
1563 1538 1811 1593 deorum
1844 1540 1945 1595 :in

280 1624 487 1680 medio
512 1630 712 1681 autem
736 1624 883 1681 deos
903 1625 1271 1684 discernit.P.
1292 1628 1942 1688 Justiﬁcare.V.Gloria.

279 1718 338 1770 et
365 1714 557 1769 honor
582 1712 760 1779 Patri,
794 1717 904 1770 etc.

2057 562 2224 618 salva
2239 580 2349 619 nos
2369 568 2609 636 propter
2630 563 3102 621 misericordiam
3128 568 3387 639 tuamJy.
3418 570 3627 627 Amen.

2128 652 2237 706 Per
2266 652 2758 709 misericordiam.

2126 738 2489 806 Antiphona.
2520 743 2585 796 In
2615 740 2990 797 tribulatione
3042 745 3250 798 nostra
3300 759 3597 799 memores
3629 747 3702 801 si-

2056 840 2192 881 mus
2242 826 2344 891 tui,
2392 829 2667 885 Deuszin
2706 828 3086 887 tribulatione
3138 830 3401 901 modica,
3448 833 3703 891 eruditio

2058 916 2159 970 tua
2183 913 2340 971 facta
2364 921 2455 972 est
2474 916 2649 973 nobis
2664 959 2677 971 .

2129 1004 2467 1063 Canticum.
2496 1007 2574 1061 De
2595 1009 2766 1062 nocte
2795 1006 3019 1076 vigilat.
3078 1007 3197 1076 fol.
3239 1010 3325 1065 64.
3374 1007 3705 1067 Reiteretur

2054 1092 2411 1160 Antiphona.
2449 1096 2513 1148 In
2546 1094 2949 1151 tribulatione.

2127 1180 2350 1236 Oratio.
2384 1182 2464 1238 De
2488 1188 2663 1239 nocte
2687 1182 3035 1253 vigilantem
3064 1184 3143 1242 ad
3169 1187 3223 1241 te
3241 1186 3516 1258 spiritum
3559 1202 3709 1244 nos-

2054 1271 2211 1324 trum
2236 1269 2365 1326 luce
2392 1275 2547 1327 Deus
2576 1273 2793 1329 decora
2822 1278 3254 1346 praeceptorum
3276 1280 3513 1332 tuorum
3536 1291 3548 1331 :
3574 1276 3707 1332 etin

2053 1358 2400 1428 tempestate
2446 1360 2871 1431 requirentium
2916 1365 2970 1417 te
3000 1358 3297 1432 vigila;ut
3335 1362 3440 1420 lux
3499 1362 3706 1420 adesto

2053 1444 2387 1503 meridiana
2410 1464 2422 1501 :
2443 1446 2620 1503 nullae
2648 1463 2760 1504 nos
2789 1446 3045 1505 tenebrae
3087 1453 3143 1506 te
3172 1456 3487 1523 sequentes
3522 1448 3707 1526 impe-

2054 1533 2338 1603 diant;ne
2369 1534 2667 1605 injustitiae
2688 1551 2860 1593 amor
2888 1542 3093 1594 nostra
3122 1554 3158 1597 a
3182 1544 3233 1595 te
3258 1541 3508 1611 vestigia
3528 1545 3707 1599 retra-

2052 1620 2187 1677 hat:
2213 1622 2318 1677 sed
2336 1622 2646 1678 valeamus
2664 1624 2897 1693 justitia
2927 1625 3141 1693 dicere,
3171 1631 3227 1683 te
3254 1628 3558 1685 auctorem
3576 1631 3703 1701 jus-

2054 1710 2190 1766 titiae
2220 1709 2553 1782 proﬁcienti
2600 1712 2977 1783 postulemus
3019 1714 3331 1772 aviditate:
3364 1732 3434 1774 ac
3475 1716 3622 1773 dum
3650 1720 3706 1775 te

357 1802 582 1857 Oratio.
618 1802 842 1859 Christe
864 1801 1018 1858 Deus
1041 1802 1135 1859 fac
1168 1818 1281 1858 nos
1306 1819 1543 1876 semper
1585 1802 1646 1858 in
1688 1819 1945 1874 egenum
1980 1821 2024 1876 B
2054 1800 2344 1873 perpetim
2368 1799 2723 1871 amplectere
2767 1802 3272 1874 concupiscimus,
3305 1808 3419 1860 tuae
3462 1821 3707 1879 quoque

282 1894 340 1947 et
370 1905 703 1962 pauperem
732 1891 1130 1963 promptiores
1158 1891 1499 1959 existere,et
1530 1891 1724 1961 legem
1780 1896 1947 1949 tuam

281 1979 581 2035 custodire
604 1997 616 2035 :
639 1984 702 2036 ut
728 1979 1147 2036 misericordiae
1174 1979 1453 2053 operibus
1475 1980 1808 2047 afﬂuentes,
1872 1999 1947 2038 ae-

282 2072 583 2123 ternorum
601 2067 807 2122 civium
822 2082 1142 2124 mereamur
1167 2082 1302 2123 esse
1331 2071 1942 2140 consortestAmen.

360 2156 473 2211 Per
496 2154 969 2211 misericordiam
1003 2159 1189 2212 tuam.

358 2244 699 2315 Antiphona
724 2244 1037 2309 2.Qu£erite
1066 2244 1469 2315 Dominum,et
1500 2243 1942 2302 confortamini:

284 2335 343 2388 P.
376 2332 633 2398 Quaerite
661 2332 877 2389 faciem
905 2334 1030 2405 ejus
1055 2348 1300 2405 semper.
1345 2332 1694 2389 Mementote
1709 2334 1946 2390 mirabi—

282 2420 437 2477 lium
464 2421 594 2491 ejus
620 2436 758 2493 quas
820 2419 975 2477 fecit.
1021 2420 1084 2481 ἡ.
1133 2422 1347 2477 Semen
1408 2420 1732 2489 Abraham,
1795 2423 1949 2479 servi

283 2510 418 2580 ejus
446 2526 457 2563 :
484 2508 592 2564 ﬁlii
621 2508 831 2575 Jacob,
870 2509 1035 2566 electi
1061 2509 1212 2579 ejus.
1237 2510 1298 2564 P.
1330 2510 1602 2574 Quaerite.
1625 2508 1691 2572 ἡ.
1730 2510 1945 2579 Gloria,

286 2603 344 2654 et
373 2598 591 2667 honor,
630 2602 742 2653 etc.

364 2687 594 2743 Oratio.
630 2683 1039 2750 Quaerentibus
1058 2686 1417 2753 te,Domine,
1448 2686 1640 2743 tribue
1661 2687 1948 2744 fortitudi-

285 2790 465 2840 nem;
491 2778 547 2830 et
575 2774 867 2846 quaerenti
902 2778 959 2830 te
998 2774 1219 2845 jugiter
1253 2774 1503 2830 infunde
1541 2790 1850 2831 amorem:
1886 2780 1949 2832 ut

282 2864 389 2937 qui
429 2867 600 2919 tuam
631 2862 973 2919 desiderant
1012 2878 1251 2919 cernere
1278 2862 1513 2927 faciem,
1540 2863 1948 2934 perniciosam

283 2952 504 3009 mundi
543 2966 667 3008 non
724 2956 1013 3023 appetant
1064 2951 1434 3023 voluptatem
1461 2971 1472 3009 :
1498 2968 1719 3023 eosque
1751 2952 1947 3007 saeculi

283 3042 707 3099 blandimenta
729 3056 852 3097 non
879 3041 1184 3098 detineant
1202 3055 1637 3113 usquequaque
1658 3042 1943 3114 captivos;

282 3135 352 3187 ut
370 3130 476 3187 lux
495 3128 697 3185 vultus
724 3130 806 3185 tui
840 3128 1118 3185 clariﬁcet
1139 3129 1267 3201 jam
1296 3129 1526 3186 beatos.
1548 3142 1613 3201 Bg.
1638 3134 1845 3186 Amen.

358 3218 714 3287 Antiphona
752 3223 804 3275 3.
838 3218 1219 3285 Miserator,et
1243 3217 1585 3274 misericors
1614 3220 1941 3275 Domimis:

283 3313 343 3365 et
370 3307 818 3377 longanimis,et
847 3308 1103 3363 multum
1125 3307 1482 3363 misericors.
1524 3306 1698 3379 180
1718 3311 1845 3364 Non
1885 3309 1947 3363 in

279 3396 470 3453 ﬁnem
492 3396 892 3453 irasceturzp.
924 3399 1124 3469 Neque
1153 3395 1215 3451 in
1272 3400 1562 3452 aeternum
1604 3396 1947 3465 indignabi-

278 3489 397 3542 tur.
424 3485 485 3546 Ψ.
521 3487 647 3542 Non
676 3483 1007 3539 secundum
1040 3488 1287 3557 peccata
1313 3490 1519 3541 nostra
1550 3484 1686 3541 fecit
1722 3484 1901 3541 nobis
1927 3500 1940 3541 :

273 3590 477 3647 neque
508 3573 841 3629 secundum
862 3573 1204 3645 iniquitates
1232 3578 1474 3629 nostras
1513 3573 1786 3631 retribuit
1842 3590 1947 3632 no-

282 3662 402 3720 bis.
438 3662 503 3717 P.
533 3664 758 3733 Neque.
800 3661 863 3721 ῐίτ.
899 3661 1114 3728 Gloria,
1137 3665 1194 3717 et
1220 3661 1434 3731 honor,
1466 3665 1581 3718 etc.

355 3751 571 3807 Oratio.
602 3748 903 3805 Miserator
925 3750 1191 3813 Domine,
1216 3752 1271 3805 et
1297 3749 1632 3806 misericors
1678 3765 1801 3806 non
1830 3750 1944 3806 ira-

279 3838 476 3895 scaris
504 3835 678 3892 nobis
701 3837 762 3891 in
797 3835 1014 3901 ﬁnem;
1049 3836 1155 3892 sed
1182 3842 1475 3907 quantum
1498 3836 1677 3893 distat
1740 3839 1945 3894 Oriens

280 3928 368 3985 ab
402 3922 1026 3993 Occasu,iniquitatem
1065 3938 1311 3979 omnem
1337 3939 1373 3978 a
1402 3924 1576 3978 nobis
1622 3924 1856 3995 elonga,
1892 3931 1947 3982 et

274 4017 458 4087 juxta
484 4010 849 4067 altitudinem
877 4011 1009 4065 coeli
1036 4027 1072 4067 a
1111 4015 1265 4067 terra
1289 4010 1534 4067 tuamin
1563 4011 1739 4067 nobis
1769 4012 1947 4068 mise-

277 4099 611 4161 ricordiam
649 4098 849 4155 dilata.
884 4109 952 4169 13;.
986 4102 1194 4154 Amen.

358 4192 472 4245 Per
502 4187 980 4245 misericordiam.

360 4292 425 4350 BI.
458 4282 588 4334 Haec
626 4276 769 4333 dicit
814 4277 1139 4333 Dominus:
1166 4266 1364 4331 Afﬂixi
1390 4275 1685 4349 populum
1744 4292 1947 4334 meum

281 4367 687 4427 nimiszaviis
720 4366 841 4421 suis
902 4382 1024 4422 non
1070 4382 1205 4421 sum
1254 4366 1515 4423 reversi:
1544 4364 1948 4438 multiplicatte

286 4461 431 4515 sunt
459 4456 605 4512 mihi
629 4456 819 4511 viduae
852 4456 978 4526 ejus
1002 4470 1181 4528 super
1201 4470 1384 4512 arena
1418 4455 1686 4510 maris.P.
1710 4456 1950 4527 Propter

283 4544 404 4604 hoc
430 4547 476 4601 si
508 4544 735 4616 egerint
763 4516 1169 4617 paenitentiam
1198 4558 1235 4599 a
1253 4541 1413 4599 malo
1442 4558 1569 4607 suo,
1590 4516 1949 4600 habitabunt
1979 4516 2027 4571 D

287 4637 349 4693 in
382 4639 601 4692 terram
623 4633 853 4706 absque
886 4648 1110 4705 pavore
1137 4632 1199 4688 in
1231 4631 1685 4705 sempiternum.
1708 4630 1768 4693 tr.
1797 4634 1943 4687 Om-

287 4740 399 4783 nes
426 4725 557 4783 vias
589 4739 756 4781 meas
784 4723 1107 4795 intelligere
1148 4722 1485 4786 noluerunt,
1525 4726 1590 4778 ut
1644 4724 1948 4794 pervenire

290 4815 556 4872 facerent
579 4811 657 4869 ad
688 4827 781 4868 me
812 4810 1135 4868 clamorem
1162 4812 1354 4882 egeni,
1387 4814 1442 4867 et
1483 4810 1691 4866 audire
1730 4823 1943 4868 vocem

290 4901 597 4976 pauperis.
619 4900 675 4955 P.
704 4903 962 4971 Propter.
996 4898 1057 4959 7i.
1093 4898 1306 4966 Gloria,
1335 4901 1391 4954 et
1417 4899 1632 4964 honor,
1675 4903 1783 4955 etc.

365 4993 588 5049 Oratio.
618 4991 916 5047 Protector
942 4992 1144 5046 noster
1167 4986 1434 5053 Domine,
1486 4993 1761 5045 converte
1780 5002 1891 5045 nos
1911 5005 1948 5048 δ.

289 5081 401 5140 viis
424 5079 646 5138 nostris
667 5079 950 5152 pravis,et
962 5076 1233 5135 habitare
1245 5092 1356 5133 nos
1373 5075 1467 5133 fac
1482 5077 1715 5150 absque
1726 5093 1947 5150 pavore

290 5171 352 5228 in
376 5175 533 5229 terra
554 5166 903 5225 hereditatis
917 5170 1133 5224 nostrae
1150 5184 1161 5222 :
1178 5180 1248 5224 ac
1275 5167 1358 5222 sic
1383 5182 1495 5222 nos
1516 5164 1948 5224 liberatosﬁdei

285 5258 699 5317 moderamine
736 5256 989 5320 contine,
1049 5258 1112 5312 ut
1158 5270 1268 5311 nec
1318 5254 1713 5327 prosperitate
1742 5252 1945 5311 saeculi

284 5347 661 5410 extollamur,
692 5360 804 5400 nec
828 5340 1211 5400 invidihostis
1232 5343 1589 5400 adversitate
1612 5343 1943 5411 turbemur,

282 5438 371 5495 vel
394 5437 732 5494 facinorum
753 5433 961 5490 nubilo
1000 5431 1465 5501 obumbremur;
1488 5430 1596 5487 sed
1636 5435 1947 5504 sperantes

280 5527 342 5584 in
369 5532 444 5594 te,
477 5539 853 5597 quaesumus,
880 5527 944 5579 ut
970 5538 1083 5580 nos
1111 5522 1173 5578 in
1193 5525 1295 5579 tua
1320 5521 1555 5594 justitia
1568 5516 1804 5586 liberes,
1834 5536 1946 5576 nec

282 5614 596 5687 condigna
635 5626 746 5683 pro
807 5610 1083 5671 admissis
1123 5610 1281 5682 iuste
1304 5612 1585 5683 repenses
1612 5625 1625 5669 :
1653 5598 1949 5673 initlmina

2057 1887 2363 1960 sapientiae
2390 1888 2767 1959 amplexibus
2792 1889 3151 1946 han-eamus.
3182 1903 3244 1963 Βι.
3285 1895 3493 1950 Amen.

2124 1976 2222 2031 Ad
2244 1977 2619 2033 Benedictus.
2634 1977 2999 2046 Antiphona.
3020 1979 3067 2033 A
3093 1979 3291 2049 vigilia
3303 1981 3598 2037 matutina
3614 1996 3709 2037 us-

2054 2078 2173 2134 que
2204 2064 2281 2118 ad
2310 2069 2549 2120 noctem
2573 2080 2586 2118 :
2612 2080 2649 2120 a
2675 2065 2947 2121 custodia
2974 2067 3271 2123 matutina
3311 2072 3506 2139 speret
3533 2068 3711 2125 Israel

2056 2150 2119 2207 in
2145 2150 2419 2208 Domino.
2445 2150 2507 2212 t7.
2533 2152 2680 2217 Quia
2708 2153 2872 2225 apud
2900 2150 3223 2210 Deminum
3253 2160 3345 2213 est
3374 2155 3708 2215 misericor-

2056 2239 2266 2296 diazet
2294 2241 2542 2313 copiosa.
2581 2240 2746 2312 apud
2770 2256 2908 2297 eum
2946 2242 3308 2316 redemptio.

2128 2328 2459 2385 Canticum.
2480 2327 2829 2384 Benedictus
2860 2344 2922 2386 es
2952 2332 3219 2388 Domine.
3244 2332 3358 2402 fol.
3385 2332 3441 2391 6.

2125 2417 2359 2474 Lauda.
2392 2417 2655 2473 Laudate
2686 2418 3006 2474 Dominum
3036 2418 3109 2476 de
3141 2418 3304 2477 cceiis
3329 2438 3342 2478 :
3366 2424 3425 2478 P.
3446 2422 3709 2482 Laudate

2057 2520 2196 2562 eum
2217 2506 2280 2561 in
2309 2505 2573 2562 excelsis.
2597 2507 2868 2563 Psalmus
2890 2514 3113 2567 manu.

2338 2594 2533 2651 Lectio
2561 2594 2700 2651 libri
2731 2596 2968 2654 Genesis
3007 2598 3180 2669 (Cap.
3203 2601 3417 2672 κω).

2127 2694 2197 2754 1).
2246 2681 2366 2738 Deo
2398 2683 2640 2753 gratias.

2127 2773 2191 2825 In
2222 2771 2336 2825 illis
2363 2770 2839 2844 diebuszloseph
2878 2772 3096 2831 ductus
3119 2774 3292 2832 estin
3353 2779 3703 2852 Egyptum,

2056 2860 2311 2931 emitque
2324 2876 2451 2916 eum
2466 2859 2742 2931 Putiphar
2753 2862 3066 2918 eunuchus
3080 2865 3702 2941 Pharaonis,princeps

2056 2948 2344 3004 exercitus
2375 2946 2585 3016 sui,vir
2598 2949 2924 3022 Egyptius,
2941 2950 3016 3006 de
3035 2967 3225 3008 manu
3246 2954 3701 3024 lsmaclitarum,

2055 3051 2091 3092 a
2111 3032 2333 3109 quibus
2355 3034 2679 3109 perductus
2709 3040 3104 3113 erat.Fuitque
3138 3042 3426 3098 Dominus
3444 3060 3581 3099 cum
3611 3061 3705 3114 eo,

2056 3129 2112 3182 et
2136 3128 2261 3181 erat
2290 3125 2374 3181 vir
2402 3125 2464 3180 in
2491 3126 2716 3181 cunctis
2747 3140 3034 3201 prospere
3054 3145 3273 3200 agens:
3295 3131 3707 3206 habitavitque

2055 3214 2116 3270 in
2142 3214 2325 3271 domo
2348 3214 2584 3270 Domini
2607 3214 2718 3286 sui,
2751 3216 2855 3286 qui
2872 3216 3094 3288 optime
3116 3224 3364 3277 noverat
3383 3221 3707 3279 Dominum

2055 3320 2183 3360 esse
2208 3319 2347 3359 cum
2379 3318 2469 3370 eo,
2512 3307 2568 3358 et
2589 3304 2946 3376 omniaquae
2968 3311 3215 3379 gereret,
3247 3309 3325 3365 ab
3346 3325 3416 3366 eo
3438 3309 3616 3382 dirigi
3641 3312 3707 3367 in

2054 3408 2240 3449 manu
2262 3392 2436 3448 illius.
2473 3390 2823 3464 Invenitque
2839 3394 3063 3468 Joseph
3080 3397 3335 3467 gratiam
3349 3414 3556 3455 coram
3585 3401 3706 3456 Do-

2052 3482 2219 3537 mino
2237 3484 2431 3549 suo,et
2451 3479 2829 3537 ministrabat
2849 3481 2964 3551 ei,a
2987 3498 3109 3556 quo
3132 3488 3488 3558 praepositus
3508 3487 3700 3544 omni-

2050 3570 2186 3641 bus,
2220 3567 2599 3641 gubernabat
2623 3570 2899 3626 creditam
2917 3570 3032 3627 sibi
3048 3571 3319 3637 domum,
3346 3579 3402 3631 et
3428 3578 3708 3635 universa

2053 3674 2189 3731 quae
2204 3658 2256 3715 ei
2270 3658 2483 3715 tradita
2494 3657 2729 3715 fuerant
2747 3674 2759 3713 :
2779 3657 3056 3716 benedixi
3064 3666 3201 3734 tque
3214 3664 3492 3720 Dominus
3506 3665 3709 3721 domui

2052 3746 2308 3819 Egyptii
2326 3750 2568 3819 propter
2588 3746 2892 3817 Joseph,et
2913 3748 3325 3823 multiplicavit
3349 3757 3474 3809 tam
3490 3753 3551 3809 in
3566 3752 3707 3809 tedi-

2053 3835 2169 3891 bus
2198 3850 2386 3907 quam
2409 3834 2469 3889 in
2506 3835 2664 3904 agris
2690 3841 2967 3894 cunctam
2989 3838 3118 3908 ejus
3149 3840 3541 3899 substantiam
3567 3858 3708 3899 :nec

2054 3924 2384 3997 quicquam
2415 3922 2579 3979 aliud
2604 3929 2873 3995 noverat,
2900 3926 3016 3983 nisi
3037 3942 3258 4000 panem
3288 3946 3409 4003 quo
3430 3920 3710 3991 vesceba—

2053 4015 2169 4068 tur.
2196 4004 2331 4067 Erat
2354 4016 2555 4067 autem
2573 4012 2799 4084 Joseph
2819 4013 3063 4084 pulcher
3091 4016 3325 4085 facie,et
3351 4018 3605 4078 decorus
3617 4037 3709 4078 as-

2054 4103 2253 4172 pectu.
2292 4100 2427 4154 Post
2447 4098 2665 4154 multos
2689 4099 2890 4171 itaque
2928 4096 3057 4157 dies
3084 4104 3287 4174 injecit
3318 4106 3565 4166 domina
3592 4114 3706 4168 sua

2056 4187 2262 4245 oculos
2285 4201 2429 4242 suos
2454 4187 2516 4242 in
2535 4187 2782 4259 Joseph,
2810 4188 2866 4245 et
2896 4189 3008 4245 ait:
3035 4193 3236 4248 Dorml
3288 4210 3547 4252 mecum.
3592 4198 3707 4262 Qui

2055 4288 2439 4349 nequaquam
2452 4276 2832 4349 asquiescens
2847 4279 3014 4352 operi
3030 4268 3517 4352 nefario,dixitad
3534 4300 3670 4341 eam
3692 4302 3705 4341 :

2056 4366 2203 4419 Ecce
2232 4364 2513 4419 dominus
2534 4366 3017 4429 meus,omnibus
3039 4368 3186 4424 mihi
3208 4362 3707 4444 traditis,ignorat

2057 4452 2203 4525 quid
2218 4450 2439 4509 habeat
2465 4452 2525 4507 in
2555 4451 2739 4508 domo
2766 4465 2875 4513 sua
2906 4470 3055 4515 :nec
3093 4458 3418 4533 quicquam
3439 4460 3711 4535 estquod

2057 4558 2181 4598 non
2211 4543 2273 4597 in
2300 4556 2437 4598 mea
2458 4542 2531 4598 sit
2555 4545 2860 4613 potestate,
2892 4546 2987 4600 vel
3010 4561 3133 4603 non
3176 4549 3482 4605 tradiderit
3536 4550 3704 4614 mihi,

2054 4637 2267 4705 praeter
2277 4634 2353 4696 te,
2378 4646 2513 4704 quae
2530 4646 2676 4688 uxor
2699 4633 2826 4704 ejus
2847 4646 2940 4693 es:
2966 4630 3273 4708 quomodo
3288 4650 3429 4709 ergo
3460 4653 3711 4712 possum

2052 4720 2170 4777 hoc
2195 4720 2424 4776 malum
2445 4719 2722 4787 facere,et
2747 4738 2994 4795 peccare
3018 4724 3079 4778 in
3112 4726 3431 4781 Dominum
3465 4726 3712 4781 meum?

2056 4809 2483 4881 Hujuscemodi
2498 4811 2695 4865 verbis
2717 4826 2823 4883 per
2848 4812 3115 4883 singulos
3133 4811 3263 4867 dies
3277 4802 3702 4886 loquebantur,

2056 4900 2113 4954 et
2142 4897 2353 4952 mulier
2376 4897 2628 4954 molesta
2652 4904 2776 4955 erat
2797 4897 3240 4966 adolescenti,et
3266 4900 3361 4957 ille
3388 4902 3714 4962 recusabat

2058 4990 2353 5057 stuprum.
2382 4985 2607 5042 Accidit
2656 4990 2857 5043 autem
2917 4989 3186 5060 quadam
3216 4990 3332 5060 die,
3377 4994 3440 5049 ut
3462 4992 3711 5051 intraret

2053 5075 2269 5147 Ioseph
2289 5073 2624 5141 domum,et
2648 5076 2844 5148 operis
2875 5076 3187 5150 quippiam
3218 5079 3447 5154 absque
3477 5080 3709 5139 arbitris

2054 5163 2273 5222 faceret
2300 5180 2312 5219 :
2340 5168 2397 5222 et
2424 5162 2526 5221 illa
2550 5166 2930 5239 apprehensa
2952 5166 3171 5225 lacinia
3200 5170 3535 5227 vestimenti
3555 5172 3707 5242 ejus,

2055 5250 2532 5310 dicerettnormi
2551 5270 2811 5313 mecum.
2842 5256 2953 5322 Qui
2980 5256 3179 5315 relicto
3231 5257 3294 5314 in
3350 5272 3539 5316 manu
3577 5259 3710 5329 ejus

2054 5340 2497 5413 pallio,fugit,et
2530 5358 2803 5414 egressus
2832 5348 2923 5402 est
2946 5344 3129 5403 foras.
3165 5348 3435 5420 Cumque
3461 5346 3711 5402 vidisset

2053 5431 2266 5487 mulier
2288 5435 2515 5489 vestem
2539 5433 2601 5489 in
2631 5434 2914 5490 manibus
2935 5436 3077 5500 suis,
3102 5438 3157 5491 et
3183 5452 3247 5490 se
3277 5451 3405 5492 esse
3437 5440 3707 5491 contem-

2054 5524 2242 5593 ptam,
2268 5522 2501 5578 vocavit
2524 5523 2602 5579 ad
2623 5534 2684 5580 se
2708 5522 2984 5583 homines
3006 5524 3223 5583 domus
3263 5540 3407 5594 suae,
3438 5520 3597 5579 etalt
3626 5516 3708 5574 ad

2057 5609 2659 5673 eos:Enintrodux1t
2694 5612 2893 5674 virum
2932 5610 3273 5685 Hebraeum,
3320 5612 3387 5670 ut
3436 5596 3710 5679 maderet
