4160 6432
462 443 727 499 Somnus
756 445 979 504 relaxet
1002 450 1208 508 otium.

538 535 610 588 Te
638 535 829 590 noctis
858 536 1007 593 inter
1036 537 1294 599 horridae

458 623 712 693 Tempus
732 638 1068 695 precamur,
1109 635 1171 686 ut
1192 646 1369 703 sopor

462 711 716 766 Mentem
749 712 896 769 dum
917 714 1134 773 fessam
1166 719 1402 792 detinet,

464 798 626 853 Fidei
656 800 758 856 lux
789 801 1121 862 inluminet.

538 890 727 944 Hostis
756 907 831 946 ne
858 893 1039 950 fallax
1067 896 1267 954 incitet

458 977 726 1033 Lascivis
781 997 987 1038 curam
1025 987 1261 1053 gaudiis

455 1066 758 1123 Secretam
792 1072 979 1127 noctis
1006 1074 1307 1133 advocans

449 1152 719 1210 Blandus
750 1158 809 1212 in
840 1165 1018 1215 aestus
1038 1164 1326 1234 corporis.

527 1243 822 1316 Subrepat
859 1249 1057 1304 nullus
1080 1255 1283 1308 sensui

439 1330 671 1386 Horror
698 1332 923 1390 timoris
951 1340 1132 1408 anxii,

438 1418 683 1475 Inludat
713 1422 879 1479 nulla
908 1430 1169 1483 mentem

436 1506 643 1563 Fallax
671 1507 875 1580 imago
906 1513 1094 1569 visus.

518 1596 637 1651 Sed
664 1612 803 1653 cum
825 1601 1125 1670 profunda
1146 1606 1365 1663 vexerit

436 1685 730 1754 Somnus,
764 1705 1045 1745 curarum
1068 1696 1321 1762 nescius,

434 1770 619 1825 Fides
646 1789 1027 1847 nequaquam
1062 1779 1342 1849 dormiat,

431 1859 505 1915 Vi
519 1860 725 1933 gilque
755 1879 963 1919 sensus
996 1869 1267 1925 somniet.

514 1951 637 2007 Deo
668 1954 816 2008 Patri
849 1956 920 2011 sit
941 1957 1150 2027 gloria,

426 2039 486 2109 Ej
507 2054 701 2111 usque
725 2042 833 2097 soli
866 2044 1031 2113 Filio,

423 2127 658 2183 Sancto
682 2129 860 2185 simul
888 2134 1189 2201 Paraclito,

420 2216 487 2269 In
530 2216 896 2287 sempiterna
926 2222 1162 2277 saecula.

496 2309 685 2359 Amen

283 2392 483 2461 Suppl
498 2392 705 2451 z‘catz’o.
738 2396 1009 2453 Oremus.

274 2496 595 2565 Capitula.
619 2500 647 2553 J
655 2516 759 2556 esu
770 2510 1099 2575 praeceptor
1119 2522 1362 2565 occurre
1375 2509 1548 2566 nobis
1562 2510 1875 2567 ambulan-

211 2582 357 2639 tibus
387 2586 589 2652 viam,
634 2589 1014 2660 cupientibus
1057 2597 1361 2664 pervenire
1381 2598 1459 2653 ad
1483 2600 1773 2669 patriam;
1812 2605 1879 2656 ut

211 2676 599 2743 praecedente
622 2676 753 2733 luce
778 2684 898 2744 tua,
934 2681 1315 2740 ambulemus
1346 2684 1408 2740 in
1427 2688 1585 2742 viam
1628 2695 1874 2746 rectam.

214 2776 313 2817 nec
328 2762 769 2821 oberremusin
785 2769 1089 2825 tenebram
1110 2772 1278 2826 istius
1291 2774 1875 2847 noctishorrendam,

218 2854 263 2903 te
292 2849 351 2904 in
381 2852 573 2907 nobis
602 2852 858 2920 lucente,
915 2858 1017 2927 qui
1045 2874 1106 2912 es
1136 2860 1249 2925 via,
1294 2861 1512 2916 veritas
1540 2867 1596 2917 et
1616 2864 1733 2919 vita
1763 2884 1773 2922 :
1803 2864 1882 2919 da

215 2936 386 3005 igitur
414 2940 684 2996 nobisut
718 2943 871 2998 sicut
919 2961 1114 3000 caecus
1164 2947 1257 3003 ille
1308 2948 1681 3007 confessione
1727 2967 1883 3007 verte

216 3028 591 3085 credulitatis
623 3030 881 3087 obtinuit
909 3032 1135 3089 donum
1156 3035 1399 3092 indultae
1422 3037 1751 3095 salutiszita
1773 3057 1884 3096 nos

1413 332 1768 392 DOMINICA
1805 336 1854 392 II
1893 337 2500 419 QUADRAGESIME.

3558 383 3665 441 330

1933 464 1980 521 A
2018 470 2273 567 salutare
2301 483 2490 548 tuum,
2523 488 2580 542 et
2607 484 2913 560 eloquium
2942 495 3131 552 tuum.
3166 497 3236 554 P.
3262 501 3427 567 Quia.
3448 468 3636 567 V.Glo

2013 557 2120 627 ria,
2145 566 2200 618 et
2226 564 2437 635 honor,
2486 574 2594 627 etc.

2086 647 2308 719 Oratio,
2355 655 2478 713 Tua
2517 675 2700 731 super
2748 678 2859 720 nos
2912 666 3339 742 misericordia,
3387 675 3659 751 Domine,

2013 730 2159 790 dum
2196 754 2504 811 rogamus,
2552 730 2863 807 adveniat:
2912 755 3201 826 tuumque
3259 730 3513 819 salutare
3558 730 3661 825 cor

2013 827 2281 912 nostrum
2314 829 2648 903 eloquatur,
2672 841 2728 894 et
2743 839 2993 898 eruditio
3013 848 3243 901 mentes
3262 854 3500 907 nostras
3520 868 3660 912 enu-

2012 908 2173 965 triat:
2214 920 2271 969 ut
2300 918 2403 988 qui
2428 919 2488 975 in
2520 923 2632 978 tuis
2654 941 2963 997 speramus
2996 932 3394 1003 sermonibus,
3414 937 3527 993 tuis
3553 954 3659 1010 per

2009 1001 2213 1093 omnia
2230 1008 2975 1072 consolemurvirtutibus:
3006 1033 3075 1074 ac
3108 1020 3255 1078 dum
3289 1001 3425 1095 spes
3448 1001 3659 1084 nostra

2005 1084 2064 1181 in
2094 1091 2155 1181 te
2191 1090 2478 1163 dirigitur,
2512 1100 2637 1169 spei
2667 1102 2856 1173 ipsius
2884 1120 2922 1161 a
2950 1109 3006 1161 te
3030 1107 3204 1165 nobis
3222 1084 3424 1181 petitio
3441 1129 3654 1172 conce-

2003 1172 2196 1231 datur.
2230 1188 2299 1249 ἢ.
2330 1182 2539 1242 Amen.
2702 1172 2705 1173 ν
3223 1172 3245 1181 ’
3340 1176 3343 1207 ³

2076 1264 2180 1318 Per
2216 1267 2707 1333 misericordiam.

2074 1351 2281 1410 Lauda
2306 1360 2359 1413 3.
2386 1357 2591 1418 Veniat
2618 1379 2799 1435 super
2821 1367 3651 1442 nos,Domine,misericordia

2000 1439 2103 1493 tua
2135 1455 2147 1493 :
2182 1442 2256 1496 P.
2316 1445 2581 1505 Salutare
2628 1453 2819 1517 tuum,
2860 1458 2919 1510 et
2935 1439 3239 1529 eloquium
3273 1462 3463 1517 tuum.
3489 1462 3551 1523 γ.
3584 1464 3649 1519 Et

1999 1529 2376 1623 respondebo
2411 1537 2911 1606 exprobrantibus
2964 1546 3109 1600 mihi
3153 1549 3455 1605 verbum:
3503 1551 3648 1623 quia

2002 1617 2235 1684 Speravi
2260 1618 2319 1672 in
2351 1624 2731 1680 sermonibus
2764 1629 2964 1689 tuis.V.
2986 1631 3197 1699 Gloria,
3218 1617 3635 1702 ethonor,etc.

2072 1702 2284 1761 Oratio.
2320 1709 2523 1765 Veniat
2538 1727 2715 1784 super
2734 1730 2863 1782 nos,
2880 1717 3411 1787 Domine,salutare
3436 1728 3640 1781 tuum:

1915 1806 1958 1861 Β
2000 1793 2062 1845 ut
2099 1805 2169 1845 ex
2213 1807 2313 1849 ore
2346 1802 2549 1852 nostro
2578 1802 2838 1857 veritatis
2868 1819 3203 1879 numquam
3232 1809 3480 1879 ,decidat
3510 1826 3646 1868 ver—

1994 1876 2173 1950 bum;
2230 1896 2338 1937 nec
2377 1884 2818 1944 confundamur
2860 1876 3078 1964 eloquii
3127 1876 3468 1954 testimonio
3515 1899 3640 1965 tui;

1994 1966 2098 2021 sed
2128 1967 2307 2024 libere
2332 1970 2628 2029 fateamur
2660 1981 2777 2032 tua;
2805 1977 2953 2048 legis
2983 1979 3262 2053 insignia.
3297 1992 3366 2053 ﬁ.
3429 1983 3640 2043 Amen.

2061 2054 2165 2109 Per
2188 2057 2679 2118 misericordiam.

2060 2144 2269 2201 Lauda
2290 2150 2341 2201 4.
2369 2150 2577 2205 Averte
2607 2150 2812 2207 oculos
2845 2167 3031 2220 meos,
3058 2170 3135 2211 ne
3163 2155 3407 2213 videant
3463 2159 3632 2232 183

1986 2232 2306 2288 vanitatem
2332 2251 2344 2285 :
2373 2236 2444 2289 P.
2479 2236 2622 2292 Etin
2648 2238 2745 2294 via
2792 2244 2893 2295 tua
2920 2241 3158 2299 vivifica
3187 2257 3303 2310 me,
3362 2245 3638 2302 Domine.

1983 2316 2044 2376 ἰν.
2078 2318 2293 2389 Legem
2322 2337 2479 2393 pone
2501 2325 2647 2380 mihi
2672 2326 2921 2385 Domine
2948 2330 3109 2386 viam
3142 2330 3638 2401 justiﬁcationum

1982 2408 2260 2467 tuarum:
2296 2413 2684 2484 etexquiram
2715 2430 2850 2471 eam
2908 2433 3155 2490 semper.
3185 2419 3257 2474 P.
3310 2421 3373 2476 Et
3414 2420 3477 2477 in
3506 2424 3627 2482 via.

1983 2492 2043 2551 Ψ.
2070 2495 2283 2562 Gloria,
2317 2504 2371 2554 et
2404 2499 2617 2567 honor,
2645 2508 2759 2571 etc,

2060 2583 2280 2639 Oratio.
2314 2587 2521 2643 Averte
2563 2590 2769 2647 oculos
2802 2597 3058 2660 nostros,
3106 2594 3376 2667 Domine,
3435 2610 3510 2652 ne
3561 2598 3645 2653 vi-

1987 2668 2505 2730 deantvanitatem
2532 2693 2544 2731 :
2569 2682 2624 2731 et
2644 2677 2704 2732 in
2722 2679 2823 2734 via
2854 2684 2954 2735 tua
2974 2680 3209 2739 viviﬁca
3237 2698 3381 2738 nos:
3404 2684 3498 2761 fac
3536 2699 3648 2740 nos

1990 2755 2156 2810 odire
2183 2759 2490 2827 saeculum,
2526 2769 2583 2819 et
2608 2763 2848 2835 diligere
2876 2766 3193 2823 Christum.
3228 2780 3290 2839 Βι.
3327 2758 3536 2827 Amen.

2066 2845 2175 2899 Per
2194 2846 2684 2905 misericordiam.

2071 2932 2337 2989 Psatmus
2362 2952 2395 2991 L
2426 2944 2581 2992 totus
2621 2954 2751 2996 cum
2777 2938 2976 2997 Gloria
3013 2940 3189 3007 Patri,
3217 2948 3332 3000 etc.

2069 3022 2542 3093 Kyrie,eleison.
2577 3026 2823 3093 Christe,
2863 3028 3109 3085 eleison.
3160 3030 3361 3102 Kyrie,
3406 3031 3647 3091 eleison.

215 3114 634 3186 adipiscamur
661 3120 718 3174 in
750 3119 876 3176 istis
914 3123 1109 3178 verbis
1125 3124 1400 3180 eifectum
1442 3127 1553 3198 piae
1584 3127 1884 3199 petitionis
1915 3118 1960 3176 ὖ
1999 3110 2165 3165 Pater
2202 3118 2423 3170 ΠοδῙθΓο

219 3218 353 3260 cum
371 3224 445 3263 ea
468 3226 607 3280 quae
632 3226 741 3265 nos
772 3211 1615 3285 docuisti,proclamaverimus
1637 3233 1667 3273 e
1688 3218 1885 3278 terris:

287 3293 459 3350 Pater
481 3302 706 3354 noster.

288 3384 635 3442 Ilumilitate
672 3405 778 3443 vos
816 3388 1234 3453 benedictioni.

288 3472 586 3529 Dominus
618 3478 689 3531 sit
712 3494 964 3550 semper.
1001 3492 1063 3549 Bt.
1097 3484 1348 3538 Etcum.

276 3579 651 3638 Benedictio.
697 3585 1088 3657 Omnipotens
1119 3591 1291 3645 Jesus
1324 3590 1609 3657 Christus,
1636 3592 1740 3663 qui
1767 3592 1885 3647 vir-

204 3669 323 3722 tute
356 3672 649 3739 potentia:
666 3690 791 3729 suae
815 3677 983 3730 caecis
997 3678 1181 3732 oculis
1205 3679 1477 3750 praestitit
1502 3681 1884 3746 medicinam,

200 3753 328 3824 ipse
354 3760 579 3814 oculos
611 3766 841 3815 vestros
903 3764 980 3817 ab
1028 3767 1192 3819 omni
1232 3767 1495 3823 vanitate
1534 3774 1778 3824 avertat.
1820 3781 1883 3837 Bt.

193 3852 412 3897 Amen.
460 3847 650 3917 thui
694 3847 776 3900 illi
807 3850 1076 3917 praestitit
1107 3869 1168 3905 se
1224 3854 1283 3906 in
1333 3855 1577 3909 veritate
1635 3872 1885 3925 cognos-

196 3946 354 3993 cere,
381 3930 529 4000 ipse
564 3934 748 3988 corda
778 3941 976 3990 vestra
1007 3938 1066 3992 in
1100 3940 1191 3992 sui
1213 3939 1393 3993 nimis
1416 3941 1719 3996 dilectione
1742 3959 1886 3997 con-

198 4002 416 4074 firmet.
475 4033 535 4091 Bt.
568 4027 775 4076 Amen.
844 4024 1072 4095 Quique
1129 4043 1190 4080 se
1235 4043 1337 4098 per
1386 4027 1499 4081 hoc
1531 4028 1887 4086 miraculum

194 4108 480 4165 ostendit
500 4110 919 4169 admirabilem
946 4114 1203 4185 populis,
1225 4116 1305 4171 ita
1331 4132 1439 4170 nos
1461 4116 1622 4172 dono
1644 4117 1887 4189 impleat

206 4202 426 4254 sancta)
466 4198 722 4265 virtutis,
758 4200 1016 4273 qualiter
1066 4205 1143 4257 ad
1201 4211 1488 4259 aeternam
1542 4206 1721 4261 vitam
1758 4206 1883 4262 sine

217 4287 463 4344 macula
487 4288 799 4360 pervenire
826 4291 1085 4363 possitis.
1112 4305 1175 4361 It».
1208 4297 1418 4352 Amen.

287 4380 396 4432 Per
426 4378 915 4435 misericordiam.

289 4485 518 4540 Lauda.
558 4485 647 4540 Ab
678 4488 842 4543 omni
868 4488 966 4543 via
1000 4490 1162 4546 mala
1198 4491 1449 4563 prohibe
1480 4491 1661 4563 pedes
1692 4509 1878 4559 meos,

223 4571 502 4629 Domine:
550 4575 621 4629 P.
681 4578 748 4631 Ut
803 4578 1140 4634 custodiam
1189 4580 1440 4636 verbum
1489 4586 1675 4646 tuum,
1728 4583 1880 4637 Deus

222 4675 417 4718 meus.
454 4662 515 4723 if.
551 4665 862 4729 Quomodo
900 4667 1077 4722 dilexi
1108 4669 1302 4739 legem
1358 4676 1524 4725 tuam
1586 4669 1880 4727 Domine?

225 4750 340 4806 tota
364 4752 465 4806 die
487 4753 796 4809 meditatio
816 4771 953 4812 mea
984 4762 1095 4812 est.
1122 4759 1185 4811 P.
1234 4760 1316 4814 Ut.
1347 4758 1408 4817 it.
1440 4758 1654 4825 Gloria,
1688 4764 1744 4815 et
1770 4760 1879 4815 ho-

223 4850 327 4893 nor
364 4841 544 4906 Patri,
574 4846 681 4897 etc.

291 4946 529 5003 Oratt'o.
564 4947 652 5002 Ab
680 4949 844 5004 omni
868 4950 968 5007 via
1000 4952 1162 5007 mala
1190 4953 1442 5025 prohibe
1470 4955 1657 5025 pedes
1688 4971 1875 5018 meos,

225 5034 517 5092 Domine:
565 5038 933 5110 verbumque
985 5044 1153 5096 tuum
1181 5047 1302 5097 tota
1342 5059 1650 5099 servemus
1694 5049 1881 5099 atten-

226 5123 373 5181 tione
399 5145 413 5195 ;
451 5131 624 5197 atque
652 5141 687 5181 a
714 5126 873 5182 malo
903 5129 1198 5198 recedere,
1228 5136 1283 5185 et
1309 5130 1413 5185 tibi
1446 5147 1556 5188 nos
1586 5133 1879 5204 perpetim

226 5208 399 5269 facias
435 5215 827 5284 complacere.
854 5227 916 5285 Ην.
948 5222 1151 5272 Amen.

294 5302 400 5359 Per
430 5306 920 5362 misericordiam.

294 5410 502 5467 Lauda
526 5418 576 5467 '2.
614 5416 691 5468 Nc
723 5414 958 5469 auferas
991 5415 1064 5469 de
1104 5431 1205 5471 ore
1231 5432 1364 5472 meo
1394 5418 1646 5473 verbum
1674 5420 1881 5474 verita—

229 5495 313 5562 tis,
340 5500 631 5557 Domine:
680 5502 744 5556 P.
771 5503 920 5569 Quia
960 5504 1018 5559 in
1066 5504 1308 5575 judiciis
1358 5507 1473 5561 tuis
1521 5508 1771 5579 speravi.
1813 5509 1877 5568 i’.

232 5584 287 5641 Et
326 5591 530 5647 veniat
593 5606 770 5663 super
806 5608 916 5648 nos
969 5593 1380 5651 misericordia
1431 5598 1534 5652 tua
1586 5598 1876 5654 Domine:

585 5678 827 5737 PATROL.
878 5681 1173 5741 LXXXVI.

1912 4457 1960 4512 D

2069 3198 2293 3256 Preces.
2319 3204 2550 3267 Averte,
2582 3202 2851 3261 Domine.
2888 3203 2951 3258 P.
3010 3205 3166 3260 Iram
3189 3210 3355 3262 tuam
3380 3220 3417 3262 a
3451 3206 3648 3263 nobis.

1998 3287 2057 3347 it.
2100 3288 2266 3343 Adsit
2289 3288 2465 3344 nobis
2493 3290 2754 3360 potentia
2776 3295 2893 3361 tua,
2950 3291 3215 3348 Domine.
3260 3293 3323 3351 P.
3376 3298 3551 3350 Iram.
3586 3294 3649 3355 it.

1999 3377 2267 3444 Benedic,
2293 3378 2536 3433 Domine
2588 3378 2976 3435 hereditatem
3023 3386 3209 3435 tuam.
3260 3383 3327 3436 P.
3385 3380 3645 3442 IramJir.

1999 3466 2267 3522 Concede
2294 3482 2507 3537 pacem
2538 3467 2809 3523 Ecclesia:
2842 3473 2977 3537 tute,
3008 3470 3290 3535 ,Domine.
3311 3470 3372 3524 P.
3415 3472 3645 3526 Averte.

2069 3556 2288 3612 Oratio.
2315 3558 2542 3623 Averte,
2580 3556 2845 3621 Domine,
2879 3556 3092 3613 faciem
3133 3561 3300 3613 tuam
3327 3574 3362 3613 a
3393 3558 3646 3628 peccatis

1996 3644 2253 3710 nostris;
2288 3649 2341 3700 et
2369 3660 2612 3700 omnem
2651 3645 2804 3701 iram
2830 3660 2899 3701 ac
2931 3645 3195 3701 furorem
3214 3646 3384 3702 tuum
3416 3661 3452 3702 a
3481 3644 3651 3702 nobis

1992 3748 2264 3792 remove:
2322 3733 2593 3790 Ecclesiae
2618 3740 2731 3791 tum
2761 3751 2973 3807 pacem
3001 3735 3297 3804 concede;
3340 3738 3396 3791 et
3441 3750 3651 3791 omnes

1996 3821 2343 3893 iniquitates
2368 3829 2601 3878 nostras
2632 3824 2894 3880 clemens
2920 3824 3049 3880 dele
3066 3842 3078 3879 :
3098 3840 3337 3881 remove
3359 3824 3437 3880 ab
3460 3823 3650 3880 oculis

1994 3910 2111 3964 tuis
2163 3916 2504 3965 nostrarum
2564 3910 2798 3967 facinus
2850 3912 3253 3983 voluptatum,
3308 3917 3651 3983 nostraeque

1996 3995 2356 4051 confessioni
2389 4004 2557 4052 tuum
2588 3998 2906 4054 clementer
2932 4013 3171 4070 appone
3225 3999 3495 4055 auditum
3534 4015 3547 4063 ;
3593 4003 3649 4055 et

1998 4084 2182 4138 veniae
2200 4084 2275 4138 da
2300 4085 2655 4140 remedium.
2684 4098 2755 4155 Βτ.
2784 4087 2994 4140 Amen.

2066 4174 2170 4226 Per
2207 4171 2684 4228 misericordiam
2715 4179 2899 4229 tuam.

2590 4314 2744 4352 FERIA
2787 4312 3026 4353 SECUNDA
3040 4338 3050 4349 .

2555 4422 2648 4478 Ad
2684 4424 3079 4479 Matutinum.

2062 4532 2145 4585 Tu
2170 4532 2371 4585 autem
2406 4528 2669 4584 Domine.
2698 4529 2973 4585 Psalmus
3001 4532 3051 4583 3.
3085 4527 3299 4584 Oratio.
3336 4528 3641 4594 Quamvis,

1990 4618 2260 4673 Domine.
2300 4618 2416 4684 fol.
2460 4617 2577 4673 141.

2062 4707 2406 4775 Antiphona
2434 4707 2485 4758 1.
2518 4707 2765 4774 Lignum
2822 4706 2953 4761 vitae
2984 4705 3211 4776 planta,
3264 4696 3531 4770 Domine,
3581 4703 3643 4757 in

1993 4795 2279 4851 cordibus
2308 4794 2553 4850 nostris:
2588 4798 2653 4849 ut
2682 4794 2780 4850 det
2818 4793 3073 4849 fructum
3106 4794 3165 4847 in
3198 4795 3462 4863 tempore
3510 4806 3639 4847 suo.

1989 4887 2264 4941 Psatmus
2282 4900 2324 4938 1.

2062 4974 2281 5029 Oratio.
2318 4973 2586 5029 Concede
2616 4971 2812 5037 nobis,
2839 4971 3194 5037 Domine,ob
3216 4985 3485 5027 amorem
3502 4970 3642 5028 bea-

1989 5062 2254 5120 titudinis
2285 5060 2539 5117 consilia
2566 5061 2863 5117 declinare
2894 5059 3220 5132 iniquitatis
3247 5077 3263 5130 ;
3294 5059 3642 5117 cathedram

1990 5153 2190 5224 itaque
2221 5151 2569 5223 pestilentiae
2602 5149 2811 5222 procul
2841 5166 2876 5205 a
2900 5149 3075 5205 nobis
3107 5163 3359 5220 sepone:
3388 5150 3640 5221 utpesti-

1988 5241 2125 5295 ferae
2168 5240 2450 5297 doctrinae
2485 5239 2650 5294 tabes
2684 5254 2803 5293 non
2824 5237 3106 5294 adbzerzet
3129 5236 3642 5292 conniventiaeno-

1990 5335 2120 5385 sirm
2142 5346 2153 5393 ;
2177 5330 2278 5384 sed
2294 5329 2661 5384 voluntatem
2689 5332 2953 5383 nostram
2976 5343 3010 5381 a
3037 5325 3275 5380 malitia:
3297 5324 3640 5417 assensione

1991 5426 2053 5475 tu
2083 5435 2322 5474 remove
2350 5424 2439 5485 ;et
2472 5416 2855 5472 meditatione
2881 5414 3029 5485 legis
3059 5420 3173 5468 tua:
3211 5413 3346 5484 jugi
3394 5426 3503 5466 nos
3536 5407 3641 5461 tibi

1991 5522 2196 5563 amore
2227 5508 2548 5577 conjunge.
2582 5517 2644 5573 Ην.
2673 5510 2879 5560 Amen.

2068 5596 2175 5651 Per
2199 5592 2697 5651 misericordiam.
3309 5673 3365 5723 11
