4160 6438
1765 377 2218 473 BREVIARIL‘iM
2256 387 2632 471 GOTHICUM

3807 399 3921 460 332

565 543 914 619 Antiphona
947 549 1004 602 2.
1057 541 1280 602 Servite
1321 542 1573 601 Domino
1597 541 1660 598 in
1687 540 1922 598 timore.
1962 537 2136 596 Psal-
2167 503 2216 591 Α
2247 539 2568 604 Manasses,
2592 536 2818 592 dicens:
2841 529 3119 590 Oblivisci
3155 542 3252 585 me
3282 527 3420 619 fecit
3447 529 3604 619 Deus
3627 526 3920 584 omnium

496 654 621 696 mus
649 642 707 694 2.

569 724 794 783 Oratio.
816 719 1147 778 Servientes
1172 719 1275 776 tibi
1307 718 1555 776 Domine
1586 717 1865 775 intimore
1895 715 1974 772 ob
2007 727 2133 770 me—

493 799 618 874 tum
642 805 868 886 judicii,
901 809 1232 867 exultantes
1259 824 1397 863 cum
1442 812 1693 862 tremore
1741 805 1820 861 ob
1851 801 2137 858 ﬁduciam

500 902 646 976 spei,
679 901 825 957 doce
845 914 956 955 nos
990 895 1433 970 apprehendere
1449 889 2138 965 disciplinam,quajudi—

498 995 701 1048 cantes
737 994 957 1045 terram
982 984 1245 1059 corporis
1265 981 1451 1039 nostri
1480 981 1693 1038 veteris
1705 979 1965 1036 hominis
1991 978 2138 1047 ﬁgu-

496 1079 625 1135 lum
654 1077 1122 1145 confringamus,
1147 1076 1202 1129 et
1218 1069 1521 1128 exterioris
1548 1073 1715 1125 terrae
1743 1067 2136 1138 purgamenta

498 1167 823 1224 calcemus:
847 1180 918 1220 ac
956 1163 1284 1219 secundum
1315 1158 1561 1214 caelestis
1598 1155 1927 1224 imaginem
1945 1151 2135 1208 homi-

498 1253 590 1310 nis
636 1251 951 1314 reformati,
1009 1249 1071 1304 in
1117 1247 1504 1303 hereditatem
1535 1249 1701 1299 tuam
1725 1242 1998 1296 servitute
2025 1239 2131 1295 hu-

497 1337 641 1408 mili,
673 1341 729 1393 et
751 1338 812 1392 in
827 1337 1271 1410 possessionem
1288 1339 1449 1391 tuam
1463 1331 1625 1389 cultu
1650 1328 2137 1402 perpetimtrans-

499 1424 776 1482 feramur.
808 1435 872 1492 ﬁ.
897 1428 1108 1479 Amen.

568 1515 674 1567 Per
699 1510 1192 1567 misericordiam.

565 1599 904 1670 Antiphona
921 1602 972 1654 3.
1013 1596 1138 1653 Tibi
1163 1595 1478 1652 derelictus
1503 1597 1593 1653 est
1628 1608 1859 1666 pauper
1882 1609 1894 1648 :
1915 1590 2140 1666 pupillo

497 1692 563 1746 tu
590 1687 704 1744 eris
725 1686 986 1758 adjutor.
1027 1685 1292 1741 Psalmus
1330 1700 1407 1738 1x.

569 1777 788 1832 Oratio.
820 1776 999 1843 Deus,
1025 1771 1119 1828 cui
1143 1772 1413 1828 humanae
1429 1767 1756 1838 fragilitatis
1774 1783 1918 1824 cura
1941 1767 2142 1824 relicta

2239 625 2517 681 laborum
2532 639 2822 693 meorum,
2849 624 2904 678 et
2922 621 3138 676 domus
3160 617 3340 690 patris
3356 617 3492 672 mei.
3513 618 3747 672 Nomen
3760 630 3919 687 quo-

2242 729 2359 784 que
2383 714 2629 768 secundi
2657 709 2979 784 appellavit
3010 706 3306 780 Ephraim,
3353 705 3582 761 dicens.
3626 707 3917 761 Crescere

2243 816 2338 856 me
2368 800 2502 856 fecit
2514 803 2665 856 Deus
2681 800 2745 854 in
2764 803 2918 854 terra
2933 793 3299 867 paupertatis
3315 808 3481 847 meae.
3500 794 3517 846 l
3524 791 3682 863 gitur
3702 795 3914 846 trans-

2245 888 2389 943 actis
2420 894 2647 959 septem
2659 887 2834 943 annis
2854 879 3874 954 ubertatis,quifueruntinIEgypto
3897 896 3912 937 :

2245 980 2550 1046 coeperunt
2578 976 2779 1030 venire
2797 976 3024 1044 septem
3049 969 3192 1025 anni
3221 967 3460 1040 inopim,
3487 972 3654 1038 quos
3686 965 3914 1038 praedi-

2242 1067 2410 1118 xerat
2435 1063 2686 1134 Joseph:
2721 1067 2777 1117 et
2803 1061 2866 1115 in
2897 1058 3174 1114 universo
3197 1055 3336 1112 orbe
3356 1056 3546 1111 fames
3560 1053 3909 1126 praevaluit,

2241 1150 2304 1206 in
2335 1157 2546 1208 cuncta
2575 1152 2752 1206 etiam
2779 1154 2936 1204 terra
2964 1146 3206 1218 Egypti
3236 1145 3428 1201 fames
3453 1148 3609 1200 erat:
3629 1158 3759 1216 qua
3775 1159 3913 1198 esu-

2243 1239 2444 1306 riente,
2476 1237 2756 1294 clamavit
2785 1236 3046 1310 populus
3067 1233 3146 1289 ad
3188 1233 3580 1300 Pharaonem,
3615 1231 3914 1288 alimenta

2243 1331 2471 1398 petens.
2494 1326 2719 1391 Quibus
2753 1325 2848 1381 ille
2900 1321 3243 1394 respondit:
3279 1325 3360 1376 lte
3412 1319 3492 1376 ad
3544 1319 3814 1390 Joseph:
3855 1323 3915 1376 et

2244 1413 2529 1486 quicquid
2545 1415 2669 1485 ipse
2687 1412 2859 1469 vobis
2882 1411 3111 1477 dixerit,
3136 1408 3332 1465 facite.
3352 1407 3666 1485 Crescebat
3697 1411 3913 1464 autem

2245 1502 2509 1574 quotidie
2536 1502 2723 1558 fames
2747 1503 2808 1556 in
2848 1499 3012 1557 omni
3053 1502 3240 1554 terra:
3297 1497 3652 1568 aperuitqne
3679 1496 3914 1568 Joseph

2249 1591 2524 1645 universa
2547 1590 2841 1658 horrea,et
2857 1586 3150 1643 vendebat
3165 1584 3462 1657 {Egyptiis
3484 1603 3496 1636 :
3518 1600 3663 1640 nam
3685 1589 3745 1640 et
3771 1584 3913 1640 illos

2248 1682 2623 1748 oppresserat
2637 1676 2822 1732 fames
2836 1718 2847 1731 .
2863 1677 3202 1744 Omnesque
3215 1671 3542 1744 provinciae
3572 1671 3907 1728 veniebant

2247 1764 2307 1819 in
2335 1766 2683 1836 zEgyptum,
2718 1769 2782 1819 ut
2810 1766 3073 1820 emerent
3100 1776 3287 1828 escas,
3335 1765 3392 1815 et
3417 1759 3648 1816 malum
3677 1760 3904 1830 inopia)

497 1866 622 1920 est:
655 1841 1135 1934 tufpauperumin
1152 1859 1527 1916 tribulatione
1545 1863 1817 1930 praestas:
1844 1859 1907 1911 tu
1935 1855 2140 1927 egenis
2249 1857 2660 1924 temperarent.
2725 1853 2892 1925 (Cap.
2946 1851 3102 1922 XLII.)
3151 1848 3415 1904 Audiens
3459 1853 3661 1904 autem
3710 1847 3900 1904 Jacob

499 1951 703 2009 adesto
733 1950 1074 2020 suffragium
1101 1949 1237 2021 pius
1266 1965 1280 2014 ;
1305 1953 1368 2003 ut
1391 1947 1634 2002 brachia
1653 1943 2134 2013 malignantium,

497 2039 602 2112 qui
629 2054 737 2094 nos
757 2042 1013 2094 evertere
1040 2035 1326 2102 nituntur,
1367 2035 1709 2091 fortitudine
1750 2037 1850 2088 tua
1887 2037 2140 2103 proster-

497 2131 749 2192 nantur:
798 2141 873 2182 ne
905 2125 1051 2181 dum
1089 2123 1413 2181 voluntatis
1463 2139 1584 2178 suae
1628 2120 1990 2194 proterviam
2031 2120 2136 2175 im-

497 2213 677 2285 plent,
720 2213 1105 2282 magniﬁcare
1139 2227 1200 2268 se
1250 2211 1324 2268 de
1348 2210 1671 2267 hereditate
1702 2213 1804 2264 tua
1849 2208 2141 2279 jactanter

498 2301 956 2371 aggrediantur:
995 2300 1079 2356 sic
1109 2300 1370 2356 clemens
1400 2299 1640 2354 clientes
1689 2296 1858 2353 crudi
1897 2299 1954 2351 et
1999 2311 2137 2367 pro-

495 2390 644 2459 tege,
700 2387 953 2462 qualiter
999 2387 1307 2461 praesentis
1336 2387 1474 2443 vitae
1514 2385 1795 2442 solatium
1829 2383 2049 2451 foveas,
2083 2389 2140 2442 et

493 2472 634 2546 p'ost
661 2475 740 2531 ad
770 2480 989 2531 aeterna
1023 2475 1272 2546 praemia
1299 2473 1658 2532 introducas.
1691 2484 1755 2544 Βι.
1785 2475 1995 2526 Amen.

565 2562 672 2617 Per
700 2562 1189 2618 misericordiam.

565 2660 631 2721 13¢.
659 2649 873 2706 Audite
903 2667 999 2707 me
1028 2655 1284 2707 rectores
1307 2650 1568 2707 ﬁliorum
1598 2649 1791 2717 Israel,
1852 2653 1989 2711 dicit
2027 2657 2138 2711 Do-

492 2736 693 2793 minus
727 2754 739 2794 :
762 2738 941 2796 nolite
971 2739 1394 2812 timere,neque
1407 2738 2009 2814 conturbemini,quia
2025 2758 2136 2814 ego

490 2824 900 2897 multiplicabo
937 2843 1047 2884 vos
1073 2838 1087 2894 ;
1121 2832 1176 2884 et
1199 2844 1321 2884 non
1350 2827 1505 2884 eritis
1532 2828 1708 2899 pauci
1735 2845 2015 2890 numero:
2048 2833 2125 2887 P.

493 2911 607 2970 Sed
644 2914 871 2987 absque
900 2931 1123 2988 pavore
1151 2916 1451 2973 habitabis
1492 2915 1552 2971 in
1590 2921 1810 2973 terram
1854 2924 2129 2975 vestram.

487 2997 550 3061 W.
584 3002 1022 3069 Convertimini,
1059 3008 1116 3060 et
1145 3004 1299 3073 agite
1329 3005 1742 3076 poenitentiam
1763 3004 1837 3060 ab
1850 3006 2133 3062 omnibus

489 3083 896 3158 iniquitatibus
925 3091 1159 3158 vestris;
1201 3094 1259 3146 et
1282 3107 1404 3146 non
1438 3091 1545 3146 erit
1569 3091 1740 3146 vobis
1779 3093 1991 3165 rapina
2028 3093 2135 3149 ini-
2179 3143 2184 3146 .

2163 3179 2206 3271 ά
2243 3178 2354 3244 Qui
2383 3178 2842 3249 responderunt:
2874 3180 2952 3234 De
2983 3183 3150 3271 terra
3180 3179 3484 3244 Chanaan,
3517 3181 3582 3232 ut
3609 3191 3892 3231 emamus

487 3174 748 3244 quitatis.
771 3177 851 3234 P.
887 3176 1000 3235 Sed
1035 3176 1286 3248 absque.
1310 3178 1372 3239 v.
1388 3178 1600 3245 Gloria,
1629 3178 1910 3248 ethonor,
1947 3187 2056 3238 etc.

1124 3265 1196 3320 In
1215 3265 1529 3322 Laudibus.

557 3347 925 3422 Antiphona.
952 3349 1511 3410 Miserere.Psalmus
1531 3370 1583 3410 L.
1601 3354 1825 3411 Oratio.
1843 3356 2128 3424 Miserere,

488 3440 755 3510 Domine,
775 3441 1032 3499 miseris.
1066 3442 1270 3507 Quare
1302 3443 1417 3510 fol.
1465 3443 1586 3497 141.

557 3529 655 3584 Ad
687 3529 1026 3585 Canticum.
1053 3529 1410 3597 Antiphona.
1457 3533 1578 3600 Ego
1625 3530 1917 3601 occidam,
1951 3537 2007 3591 et
2050 3535 2132 3592 vi-

487 3630 624 3672 vere
662 3616 878 3672 faciam
908 3638 922 3673 :
954 3618 1304 3689 percutiam,
1330 3623 1385 3674 et
1411 3634 1522 3688 ego
1556 3619 1809 3675 sanabo.

560 3701 880 3762 Canticum.
913 3706 1163 3762 Attende
1194 3707 1431 3763 coelum.
1466 3709 1656 3775 Quwre
1675 3709 1794 3778 fol.
1828 3713 1881 3764 4.

558 3792 778 3850 Oratio.
803 3797 1042 3863 Montes,
1095 3800 1324 3853 cantate
1354 3797 1550 3864 nobis,
1594 3801 1650 3853 et
1700 3801 1871 3854 terra.
1927 3799 2133 3867 Quaere

486 3880 596 3950 fol.
631 3881 760 3939 139.

553 3972 654 4027 Ad
682 3972 1048 4030 Benedictus.
1085 3975 1615 4040 Antiphonaﬂeus
1629 3975 1782 4031 Deus
1797 3992 1963 4032 meus
1977 3977 2055 4034 ad
2074 3981 2130 4034 te

481 4057 886 4130 delucevigilo
920 4061 980 4123 ἲν.
1001 4062 1329 4119 Sitivitinte
1346 4064 1897 4136 animamea,quam
1931 4065 2128 4122 multi-

479 4146 703 4216 pliciter
713 4154 917 4205 etcaro
933 4167 1055 4206 mea
1067 4152 1126 4206 in
1142 4156 1294 4209 terra
1306 4152 1806 4219 deserta,invia,et
1818 4154 2124 4225 inaquosa.

552 4236 876 4296 Canticum.
908 4240 1256 4295 Benedictus
1283 4257 1343 4295 es
1364 4242 1637 4297 Domine.
1703 4243 1910 4309 Quaere
1924 4245 2038 4312 fol.
2073 4248 2125 4300 6.

548 4325 775 4380 Lauda.
811 4330 875 4380 In
901 4328 1302 4397 potentatibus
1333 4329 1462 4400 ejus
1493 4329 1731 4386 laudate
1762 4331 2085 4386 Dominum
2111 4348 2123 4389 :

479 4411 813 4466 secundum
831 4414 1270 4474 multitudinem
1288 4417 1720 4489 magnitudinis
1742 4419 1870 4488 ejus
1887 4419 2127 4476 laudate

479 4513 638 4558 eum.
670 4499 942 4559 Psalmus
969 4520 1154 4562 cxmx.

808 4591 998 4646 Lectio
1027 4592 1169 4648 libri
1199 4593 1618 4664 Genesis(Cap.
1654 4595 1785 4656 xm).

548 4681 614 4748 Βί.
645 4676 766 4735 Deo
793 4679 1040 4748 gratias.

547 4768 612 4822 In
647 4767 860 4824 diebus
887 4767 1003 4824 illis
1034 4783 1047 4825 :
1078 4770 1339 4842 Triginta
1387 4785 1688 4827 annorum
1733 4775 1858 4828 erat
1905 4771 2125 4846 Joseph

473 4855 720 4924 quando
743 4855 972 4913 stetitin
994 4865 1316 4930 conspectu
1342 4859 1497 4928 regis
1539 4860 1881 4928 Pharaonis,
1929 4865 1986 4918 et
2015 4863 2121 4919 cir-

477 4943 721 4998 cumivit
743 4959 953 5001 omnes
972 4947 1513 5021 regionesEgypti.
1542 4947 1832 5021 Venitque
1859 4949 2122 5008 fertilitas

475 5033 704 5100 septem
727 5046 1060 5088 annorum:
1093 5039 1150 5090 et
1177 5034 1238 5090 in
1268 5035 1609 5108 manipulos
1622 5036 1870 5092 redactae
1897 5044 2124 5108 segetes

473 5124 848 5190 congregatae
887 5126 1024 5179 sunt
1065 5123 1127 5179 in
1160 5123 1375 5182 horrea
1403 5124 1661 5196 :Egypti.
1695 5127 1899 5182 Omnis
1939 5127 2122 5185 etiam

471 5205 714 5276 frugum
732 5207 1104 5268 abundantia
1117 5211 1178 5267 in
1197 5212 1446 5283 singulis
1465 5213 1714 5269 urbibus
1736 5214 1977 5272 condita
1997 5222 2117 5275 est:

479 5293 654 5368 184
676 5299 960 5369 tantaque
992 5298 1100 5356 fuit
1152 5300 1525 5358 abundantia
1568 5302 1758 5374 tritici,
1805 5308 1867 5359 ut
1919 5320 2117 5364 arenae

468 5386 652 5442 maris
681 5394 1105 5458 coaequaretur,
1123 5396 1179 5445 et
1208 5392 1380 5463 copia
1401 5407 1748 5447 mensuram
1780 5394 2111 5453 excederet.

466 5475 715 5547 Natique
733 5483 870 5532 sunt
897 5478 1120 5550 Joseph
1153 5481 1256 5535 lilii
1285 5482 1406 5537 duo
1435 5487 1761 5553 antequam
1787 5485 2009 5540 veniret
2033 5485 2115 5544 fa-

465 5580 594 5620 mes
625 5584 639 5620 :
671 5582 826 5638 quos
847 5569 1138 5640 peperitei
1154 5573 1410 5627 Aseneth
1433 5570 1897 5644 ﬁliaPutipharis
1921 5589 2112 5632 sacer-

462 5651 622 5712 dotis
649 5654 1040 5730 Hetiopoleos.
1077 5660 1431 5733 Vocavitque
1453 5675 1674 5719 nomen
1694 5661 2102 5733 primogeniu‘.

2247 1942 2412 2013 quod
2441 1942 2722 1997 alimenta
2744 1942 3136 1996 venderentur
3159 1938 3219 1993 in
3248 1938 3530 2009 rEgypto,
3573 1935 3718 1992 dixit
3754 1936 3896 1991 ﬁliis

2248 2030 2369 2085 suis
2389 2050 2400 2087 :
2418 2032 2610 2094 Quare
2626 2027 3003 2098 neglexistis?
3015 2025 3220 2082 audivi
3234 2025 3396 2098 quod
3414 2024 3659 2080 triticum
3671 2039 3898 2079 venun-

2247 2118 2418 2174 detur
2446 2117 2508 2173 in
2535 2119 2793 2189 Egypto
2823 2138 2835 2172 :
2858 2114 3220 2181 descendite,
3243 2119 3298 2169 et
3314 2114 3489 2169 emite
3504 2112 3676 2169 nobis
3691 2127 3894 2168 neces-

2248 2206 2430 2276 saria,
2444 2211 2505 2262 ut
2522 2207 2808 2278 possimus
2836 2205 3055 2270 vivere,
3091 2209 3146 2260 et
3169 2218 3292 2258 non
3315 2217 3743 2259 consumamur
3763 2201 3898 2258 ino-

2247 2295 2365 2367 pia.
2391 2295 2820 2350 Descendentes
2848 2294 3028 2364 igitur
3055 2292 3268 2348 fratres
3307 2291 3531 2363 Joseph
3570 2290 3799 2359 decem,
3832 2293 3900 2346 ut

2247 2389 2510 2440 emerent
2538 2383 2836 2438 frumenta
2868 2382 2930 2437 in
2959 2382 3241 2453 Egypto,
3272 2379 3580 2452 Benjamin
3600 2378 3765 2436 domi
3803 2393 3902 2434 re-

2248 2476 2407 2528 tento
2437 2487 2473 2528 a
2500 2471 2708 2539 Jacob,
2727 2470 2831 2542 qui
2861 2469 3092 2525 dixerat
3121 2467 3403 2524 fratribus
3427 2470 3556 2539 ejus
3583 2490 3596 2523 :
3640 2471 3718 2524 Ne
3749 2466 3901 2523 forte

2244 2559 2307 2615 in
2332 2559 2537 2615 itinere
2567 2559 2894 2631 quicquam
2910 2559 3168 2630 patiatur
3178 2556 3318 2613 mali
3337 2575 3349 2609 :
3369 2556 3620 2626 ingressi
3634 2560 3772 2612 sunt
3788 2560 3901 2612 ter-

2243 2663 2371 2704 ram
2395 2649 2636 2719 [Egypti
2665 2663 2802 2702 cum
2821 2646 2950 2702 aliis
2971 2646 3075 2719 qui
3097 2645 3426 2718 pergebant
3449 2645 3525 2702 ad
3549 2645 3897 2700 emendum.

2246 2739 2382 2792 Erat
2403 2741 2603 2792 autem
2633 2735 2822 2792 fames
2855 2735 2918 2790 in
2936 2741 3088 2792 terra
3118 2736 3419 2790 Chanaan.
3446 2735 3510 2788 Et
3528 2733 3748 2804 Joseph
3766 2736 3899 2790 erat

2242 2825 2519 2897 princeps
2544 2825 2604 2880 in
2633 2829 2786 2880 terra
2815 2823 3076 2896 Egypti,
3095 2828 3270 2895 atque
3290 2822 3369 2878 ad
3391 2822 3442 2892 ej
3453 2837 3518 2876 us
3537 2825 3750 2876 nutum
3772 2821 3898 2876 fru-

2242 2918 2444 2968 menta
2469 2913 2698 2984 pOpulis
2758 2912 3192 2969 vendebantur.
3236 2911 3499 2983 Cumque
3542 2909 3896 2966 adorassent

2243 3015 2380 3056 eum
2410 3001 2617 3057 fratres
2637 3001 2748 3067 sui,
2766 3005 2822 3057 et
2849 3001 3193 3071 agnovisset
3221 3015 3343 3065 eos,
3372 2999 3548 3072 quasi
3560 2997 3638 3055 ad
3663 2997 3893 3054 alienos

2241 3087 2448 3144 durius
2471 3088 3216 3160 loquebatur,interrogans
3240 3105 3346 3145 eos
3367 3107 3384 3142 ε
3406 3088 3571 3144 Unde
3601 3086 3842 3142 venistis
3863 3087 3892 3143 ‘I

2240 3267 2420 3322 victui
2446 3267 2798 3322 necessaria.
2824 3270 2887 3323 Et
2909 3272 3109 3323 tamen
3127 3265 3335 3322 fratres
3349 3266 3477 3338 ipse
3495 3279 3895 3334 cognoscens,

2239 3370 2363 3412 non
2389 3360 2474 3409 est
2489 3356 2757 3424 cognitus
2771 3356 2847 3411 ab
2865 3356 3460 3427 eis.Recordatusque
3486 3352 3895 3422 somniorum,

2240 3459 2375 3514 quae
2424 3443 2748 3513 aliquando
2770 3443 3016 3509 viderat,
3052 3444 3132 3500 ait
3173 3443 3252 3501 ad
3299 3459 3438 3500 eos:
3474 3441 3899 3513 Exploratores

2241 3532 2410 3586 estis:
2450 3530 2781 3586 utvideatis
2833 3533 3167 3589 infirmiora
3214 3535 3402 3598 terrae,
3460 3530 3722 3586 venistis.
3783 3528 3904 3595 Qui

2240 3619 2549 3677 dixerunt:
2586 3619 2715 3674 Non
2745 3624 2832 3675 est
2860 3620 2960 3684 ita,
2989 3621 3255 3689 domine,
3287 3619 3394 3674 sed
3426 3619 3579 3674 servi
3598 3617 3683 3675 tui
3713 3632 3903 3673 vene-

2240 3713 2378 3764 runt
2408 3713 2468 3762 ut
2493 3712 2755 3763 emerent
2772 3708 3187 3765 cibos.0mnes
3204 3708 3307 3764 ﬁlii
3337 3707 3514 3763 unius
3528 3706 3636 3763 viri
3651 3722 3903 3763 sumus:

2239 3796 2474 3868 pacitici
2507 3799 2778 3852 venimus
2809 3813 2918 3853 nec
2946 3803 3275 3871 quicquam
3303 3795 3513 3853 famuli
3548 3795 3630 3852 tui
3661 3795 3902 3852 machi-

2238 3891 2456 3942 nantur
2475 3885 2633 3941 mali.
2677 3886 2903 3951 Quibus
2937 3887 3029 3943 ille
3057 3885 3394 3958 respondit:
3428 3885 3600 3941 Aliter
3631 3889 3722 3941 est
3758 3884 3907 3942 :im-

2238 3975 2473 4031 munita
2495 3981 2662 4030 terrae
2689 3975 2870 4046 hujus
2909 3975 3288 4033 considerare
3343 3973 3620 4031 venistis.
3660 3975 3726 4029 Et
3755 3972 3845 4029 illi
3881 3993 3895 4035 :

2238 4064 2580 4130 Duodecim,
2623 4063 2924 4135 inquiunt,
2976 4065 3185 4120 fratres
3215 4063 3368 4119 servi
3399 4062 3483 4118 tui
3512 4077 3741 4130 sumus,
3786 4061 3905 4119 ﬁlii

2237 4152 2345 4208 viri
2378 4152 2552 4207 unius
2576 4152 2635 4207 in
2661 4158 2817 4208 terra
2837 4153 3159 4210 Chanaan:
3191 4151 3476 4206 minimus
3532 4166 3671 4206 cum
3717 4154 3896 4221 patre

2236 4247 2521 4307 versatur,
2546 4241 2695 4296 alius
2723 4257 2843 4296 non
2865 4246 2955 4296 est
3000 4255 3198 4312 super.
3242 4242 3362 4295 Hoc
3403 4245 3508 4306 est,
3565 4241 3664 4308 ait,
3720 4240 3898 4311 quod

2235 4330 2464 4386 locutus
2492 4345 2655 4387 sum:
2692 4329 3104 4400 Exploratores
3126 4329 3288 4384 estis.
3325 4330 3456 4384 Jam
3475 4345 3633 4385 nunc
3664 4330 3899 4401 experi-

2238 4423 2504 4474 mentum
2523 4418 2701 4473 vestri
2727 4417 2964 4489 capiam
2985 4435 2997 4474 :
3023 4433 3129 4487 per
3150 4417 3405 4473 salutem
3417 4417 3742 4474 Pharaonis
3768 4432 3901 4475 non

2237 4506 2618 4577 egrediemini
2648 4507 2808 4576 hinc,
2842 4505 3033 4562 donec
3062 4505 3454 4562 veniatfrater
3478 4511 3674 4564 vester
3715 4506 3900 4564 mini-

2235 4613 2391 4652 mus.
2432 4596 2622 4652 Mittite
2649 4611 2722 4650 ex
2746 4594 2916 4650 vobis
2943 4609 3150 4660 unum,
3177 4599 3233 4650 et
3252 4594 3526 4659 ,adducat
3567 4610 3706 4652 eum
3733 4613 3745 4654 :
3784 4611 3899 4653 vos

2237 4691 2437 4743 autem
2467 4684 2699 4740 eritisin
2722 4683 2996 4749 vinculis,
3029 4683 3221 4739 donec
3237 4683 3715 4756 probenturquae
3744 4683 3901 4741 dixi-

2235 4775 2336 4830 stis
2356 4780 2553 4830 utrum
2586 4789 2728 4829 vera
2743 4789 2820 4829 an
2842 4771 2995 4828 falsa
3025 4772 3141 4828 sint
3164 4790 3178 4828 :
3211 4770 3474 4844 alioquin
3501 4789 3608 4844 per
3634 4772 3896 4830 salutem

2235 4863 2565 4919 Pharaonis
2596 4863 2995 4934 exploratores
3017 4861 3172 4917 estis.
3198 4860 3458 4917 Tradidit
3474 4877 3609 4932 ergo
3632 4860 3764 4917 illos
3792 4876 3896 4918 cu-

2234 4953 2439 5010 stodite
2473 4954 2658 5010 tribus
2695 4951 2926 5008 diebus.
2965 4951 3064 5007 Die
3112 4955 3316 5007 autem
3348 4950 3515 5007 tertio
3555 4948 3779 5007 eductis
3808 4949 3890 5007 de

2232 5056 2482 5106 carcere,
2506 5043 2610 5098 ait:
2638 5041 2832 5097 Facite
2862 5056 2998 5112 quae
3015 5038 3160 5105 dixi,
3186 5043 3242 5096 et
3261 5038 3490 5094 vivetis.
3511 5041 3692 5093 Deum
3718 5035 3888 5095 enim

2231 5129 2432 5186 timeo.
2459 5131 2514 5185 Si
2544 5128 2776 5200 paciﬁci
2798 5127 3155 5198 estis,frater
3176 5132 3369 5183 vester
3393 5141 3550 5182 unus
3571 5125 3788 5194 ligetur
3818 5124 3887 5182 in

2229 5233 2496 5274 carcere:
2525 5233 2633 5274 vos
2659 5221 2860 5273 autem
2907 5215 3085 5284 abite,
3123 5215 3178 5272 el
3219 5216 3362 5272 ferte
3396 5213 3698 5271 frumenta
3748 5228 3888 5286 quae

2229 5305 2452 5361 emistis
2474 5306 2538 5361 in
2557 5305 2770 5362 domos
2795 5310 3045 5371 vestras,
3071 5309 3128 5362 et
3145 5304 3389 5360 fratrem
3416 5307 3684 5358 vestrum
3708 5300 3885 5359 mini-

2227 5411 2396 5450 mum
2437 5394 2514 5449 ad
2559 5412 2643 5451 me
2689 5393 2988 5459 adducite,
3019 5399 3084 5450 ut
3113 5393 3342 5464 possim
3369 5395 3596 5447 vestros
3616 5390 3882 5463 probare

2227 5500 2553 5546 sermones,
2588 5489 2643 5539 et
2681 5501 2801 5540 non
2835 5483 3192 5540 moriamini.
3229 5484 3516 5536 Fecerunt
3540 5485 3604 5535 ut
3631 5481 3880 5547 dixerat,

2225 5576 2282 5630 et
2299 5572 2482 5629 locuti
2499 5578 2635 5631 sunt
2660 5572 2738 5628 ad
2762 5573 3048 5630 invicem:
3071 5570 3268 5628 Merito
3290 5568 3418 5624 haec
3445 5567 3884 5640 patimur,quia

2224 5662 2606 5732 peccavimus
2635 5663 2698 5721 in
2714 5663 2954 5723 fratrem
2981 5656 3549 5727 nostrum,v1dentes
3565 5655 3878 5727 angustias
