4160 6426
1690 308 2146 371 BREVIARIUM
2184 307 2445 369 GOTHIC
2453 308 2575 366 UM.
3789 308 3910 365 340

468 441 719 499 Domine
744 453 759 496 :
782 439 864 496 da
884 437 1061 497 nobis
1084 436 1250 496 odire
1277 436 1490 494 mundi
1515 434 1879 493 inlecebram
1908 451 1923 502 ;
1951 437 2009 490 et
2020 448 2117 490 ve-
2142 434 2194 488 Α
2223 432 2325 506 qui
2350 431 2745 490 subveherent
2765 447 2837 489 ex
2856 430 3139 489 omnibus
3169 428 3384 487 divitiis
3420 429 3661 504 Egypti
3714 434 3779 488 et
3814 434 3912 489 to-

466 527 1112 600 nantiumvoluptatum
1122 541 1456 602 praecavere
1471 524 1865 597 muscipulam
1883 540 1896 579 :
1914 525 1979 579 ut
1988 522 2116 595 ipse
2221 521 2405 579 tidem
2424 522 2643 589 asinas,
2663 522 2919 579 triticum
2931 522 2991 578 in
3004 520 3207 576 itinere
3220 534 3529 591 panesque
3542 523 3904 591 portantes.

466 617 839 675 insidiantem
866 616 1128 688 perimas
1156 632 1170 682 ;
1200 615 1331 689 ipse
1358 613 1754 671 conﬁdentem
1779 612 2019 669 munias
2035 615 2118 668 at-
2225 610 2454 666 Dimisit
2472 625 2613 680 ergo
2628 610 2839 666 fratres
2857 625 3019 675 suos,
3038 613 3094 664 et
3113 607 3632 679 proﬁciscentibus
3650 609 3748 665 ait
3778 624 3794 663 :
3820 610 3909 664 Ne

471 720 591 778 que
614 703 923 760 defendas.
953 714 1017 772 Br.
1043 708 1247 759 Amen.
2224 698 2638 754 irascaminiin
2651 698 2765 754 via.
2783 699 2893 763 Qui
2916 695 3304 752 ascendentes
3326 710 3398 751 ex
3417 698 3681 768 rEgypto
3715 710 3913 755 vene-

545 795 653 848 Per
671 790 1165 847 misericordiam.
2223 789 2362 842 runt
2375 786 2435 841 iu
2446 788 2664 842 terram
2683 786 2962 842 Chanaan
2974 784 3050 840 ad
3066 788 3298 855 patrem
3314 799 3494 840 suum
3509 784 3786 841 Jacob.N
3794 799 3912 841 ων

546 879 898 950 Antiphona
920 883 971 935 3.
1024 877 1272 935 Benetac
1323 878 1570 935 Domine
1613 877 1807 942 bonis,
1867 879 1923 933 et
1949 875 2119 933 rectis
2224 874 2519 931 tiaverunt
2543 875 2617 938 ei,
2650 875 2904 931 dicentes
2938 873 3200 944 :Joseph
3237 872 3393 928 filius
3422 880 3559 929 tuus
3590 874 3754 930 vivit
3786 890 3800 931 :
3849 876 3916 931 et

478 967 677 1025 corde.
705 967 989 1023 Psalmus
1014 982 1209 1023 cxxrv.
2225 964 2355 1034 ipse
2394 963 2737 1019 dominatur
2765 963 2827 1016 in
2852 961 3016 1016 omni
3040 966 3196 1018 terra
3215 961 3468 1032 Egypti.
3488 963 3617 1027 Quo
3653 962 3910 1027 audito,

550 1066 617 1125 1r.
634 1054 945 1110 Placabilis
966 1058 1110 1111 esto.
1136 1054 1403 1122 Domine,
1430 1058 1488 1110 et
1507 1053 1751 1111 ostende
1776 1057 1832 1110 te
1850 1053 2028 1109 nobis
2054 1053 2119 1109 P.
2228 1052 2401 1125 quasi
2416 1052 2483 1106 de
2505 1052 2670 1122 gravi
2687 1065 2899 1106 somno
2916 1049 3227 1119 evigilans,
3244 1054 3444 1109 tamen
3456 1064 3580 1107 non
3599 1049 3916 1107 credebat

478 1143 541 1199 In
561 1146 825 1212 tempore
842 1141 1254 1198 tribulationis.
1279 1146 1335 1197 et
1350 1143 1637 1211 angustiae
1653 1142 1945 1200 nostrmv.
1966 1142 2120 1194 Deus
2229 1140 2332 1195 eis.
2366 1139 2450 1194 Illi
2481 1155 2513 1194 e
2556 1144 2764 1195 contra
2797 1137 3133 1195 referebant
3172 1153 3417 1195 omnem
3465 1139 3757 1201 ordinem
3789 1138 3909 1199 rei.

478 1231 543 1285 in
565 1227 807 1285 nomine
849 1230 952 1283 tuo
1002 1228 1197 1284 salvos
1220 1244 1332 1284 nos
1361 1229 1454 1284 fac
1483 1245 1495 1283 :
1529 1234 1584 1285 et
1604 1229 1666 1284 in
1692 1229 1899 1284 virtute
1925 1230 2027 1283 tua
2054 1226 2124 1280 li-
2232 1228 2498 1298 Cumque
2528 1226 2765 1281 vidisset
2784 1226 3045 1297 plaustra
3074 1229 3129 1284 et
3152 1226 3434 1284 universa
3468 1242 3608 1299 qum
3635 1228 3913 1287 miserat

480 1316 627 1372 bera
653 1329 783 1369 nos.
813 1317 875 1371 P.
923 1314 986 1371 1n
1029 1319 1315 1386 tempore.
1347 1316 1409 1375 tr.
1444 1315 1656 1379 Gloria,
1708 1322 1764 1371 et
1806 1315 1998 1370 honor
2026 1316 2128 1369 Pa—
2230 1314 2442 1369 revixit
2470 1315 2708 1385 spiritus
2737 1316 2889 1385 ejus,
2914 1320 2967 1370 et
2984 1315 3102 1371 ait:
3135 1313 3360 1372 Sufﬁcit
3387 1316 3536 1372 mihi
3577 1316 3630 1371 si
3685 1316 3911 1375 adhuc

481 1400 573 1468 tri,
595 1403 704 1456 etc.
728 1403 1085 1457 Rci'teretur.
1108 1412 1172 1467 BI.
2232 1403 2451 1474 Ioseph
2480 1402 2637 1458 ﬁlius
2668 1418 2837 1458 meus
2859 1402 3012 1468 vivit,
3042 1402 3262 1459 vadem
3288 1407 3343 1459 et
3369 1403 3589 1460 videbo
3610 1420 3764 1461 eum
3792 1420 3910 1462 an-

550 1490 775 1545 Preces.
814 1488 1081 1543 Dicamus
1134 1503 1352 1551 omnes,
1399 1489 1671 1545 Domine:
1717 1489 1986 1545 Miserere
2025 1504 2131 1545 no—
2232 1490 3907 1564 tequammoriar.(Cap.xz.vi.)Profectusquelsraelcum

483 1575 889 1643 bis,P.Etesto
906 1575 1220 1647 propitius.
1239 1576 1302 1635 ἲν.
1330 1577 1446 1644 Pie,
1481 1581 1792 1648 precantes
1829 1576 2128 1649 supplices
2237 1579 2537 1644 omnibus,
2556 1595 2690 1651 quae
2714 1578 2994 1644 habebat,
3023 1578 3269 1635 venitad
3289 1579 3538 1636 Puteum
3556 1581 3910 1651 juramenti

486 1664 725 1731 exaudi,
757 1663 999 1721 Christe.
1038 1665 1101 1720 P.
1138 1668 1206 1721 Et
1240 1668 1364 1722 esto
1386 1667 1700 1738 propitius.
1733 1666 1797 1726 tr.
1820 1669 2032 1723 Nostra
2046 1681 2133 1721 re—
2239 1672 2295 1725 et
2315 1668 2589 1724 mactatis
2608 1667 2691 1722 ibi
2707 1667 2957 1723 victimis
2983 1666 3102 1723 Deo
3122 1667 3309 1738 patris
3333 1668 3425 1722 sui
3445 1670 3637 1735 lsaac,
3662 1670 3911 1727 audivit

489 1751 626 1806 laxa
653 1750 923 1817 crimina,
947 1751 1076 1807 dele
1100 1755 1365 1825 peccata.
1389 1755 1450 1809 P.
1471 1754 1536 1808 Et
1564 1758 1712 1809 esto.
1746 1752 1808 1814 7V.
1835 1753 1899 1807 In
1923 1767 2134 1809 omnes
2163 1758 2208 1813 B
2241 1772 2379 1813 eum
2415 1772 2515 1827 per
2538 1755 2830 1811 visionem
2851 1759 3023 1811 nocte
3052 1758 3367 1813 vocantem
3390 1771 3473 1825 se,
3500 1762 3558 1813 et
3589 1757 3907 1815 dicentem

489 1842 718 1909 gentes,
751 1839 1015 1907 Domine,
1039 1856 1247 1913 pacem
1270 1841 1550 1896 concede.
1582 1844 1641 1898 P.
1670 1844 1737 1897 Et
1764 1844 1909 1898 esto.
1932 1841 1996 1903 ἲν.
2032 1844 2136 1897 Re-
2243 1844 2356 1900 sibi
2385 1863 2397 1902 :
2426 1843 2628 1911 Iacob,
2675 1843 2779 1915 qui
2817 1842 3123 1913 respondit
3153 1859 3166 1897 :
3220 1846 3365 1899 Ecce
3415 1844 3656 1901 adsum.
3696 1846 3794 1905 Ait
3817 1845 3908 1902 illi

490 1927 842 1984 missionem
870 1928 1140 1984 omnium
1169 1928 1448 1993 concede,
1483 1928 1658 1985 Deus.
1692 1930 1756 1984 P.
1790 1932 1857 1985 Et
1877 1933 2025 1986 esto.
2067 1928 2132 1989 ἲν.
2244 1932 2400 1988 Deus
2425 1950 2437 1989 :
2462 1934 2582 2001 Ego
2612 1946 2745 1986 sum
2775 1930 3128 1987 fortissimus
3174 1930 3331 1986 Deus
3362 1932 3549 2003 patris
3603 1933 3685 1989 tui
3722 1951 3735 1989 :
3770 1932 3907 1991 noli

493 2014 537 2069 Ο
567 2018 719 2069 Deus
744 2016 1148 2088 potentissime
1178 2016 1438 2072 clemens
1469 2032 1767 2073 succurre.
1809 2018 1871 2071 P.
1907 2020 1974 2074 Et
1987 2021 2133 2073 esto.
2243 2021 2466 2085 timere,
2492 2017 2789 2075 descende
2812 2017 2874 2074 in
2896 2020 3237 2089 zEgyptum,
3256 2018 3401 2090 quia
3420 2019 3482 2075 in
3512 2023 3748 2090 gentem
3763 2034 3907 2077 ma-

563 2103 849 2173 Hymnus.
880 2106 922 2159 0
949 2108 1263 2171 Nazarene,
1289 2104 1415 2160 lux.
1446 2106 1698 2176 Require
1720 2106 1838 2176 fol.
1874 2108 1991 2162 144.
2246 2122 2428 2177 gnam
2452 2107 2668 2162 faciam
2690 2112 2743 2162 te
2771 2105 2870 2161 ibi.
2898 2109 3017 2175 Ego
3042 2106 3409 2162 descendam
3434 2109 3628 2165 tecum
3650 2106 3809 2174 illuc,
3840 2110 3905 2164 et

568 2191 790 2246 Oratio.
819 2192 1089 2256 Benefac,
1117 2192 1385 2256 Domine,
1418 2192 1595 2247 bonis
1625 2197 1681 2248 et
1699 2193 1871 2249 rectis
1904 2193 2081 2249 corde
2121 2205 2135 2247 :
2247 2212 2357 2267 ego
2388 2196 2527 2251 inde
2543 2194 2843 2250 adducam
2866 2198 2919 2249 te
2948 2197 3341 2250 revertentem
3377 2196 3631 2267 :Joseph
3648 2210 3905 2267 quoque

494 2280 758 2350 regimen
777 2280 1050 2336 salutaris
1077 2280 1353 2353 impende
1378 2297 1392 2347 ;
1411 2286 1589 2353 atque
1609 2282 1672 2337 in
1693 2284 1807 2337 tum
1829 2282 2018 2353 plebis
2042 2296 2139 2336 cu-
2247 2287 2430 2357 ponet
2455 2298 2704 2338 manum
2728 2298 2898 2338 suam
2918 2297 3095 2354 super
3111 2282 3319 2338 oculos
3341 2286 3499 2341 tuos.
3522 2284 3784 2342 Surrexit
3804 2285 3906 2340 Ja-

497 2367 687 2423 stodia
708 2382 943 2440 semper
965 2368 1142 2438 vigila
1174 2384 1189 2435 ;
1219 2372 1276 2425 et
1298 2368 1754 2439 malignantium
1782 2369 2013 2426 rabiem
2038 2372 2142 2426 tua
2250 2371 2363 2429 cob
2389 2388 2425 2427 δ.
2455 2372 2636 2425 Puteo
2655 2370 2977 2440 juramenti
3014 2388 3027 2425 :
3062 2369 3438 2442 tuleruntque
3468 2386 3607 2428 eum
3629 2371 3734 2428 ﬁlii
3759 2386 3907 2429 cum

497 2455 740 2513 dextera
767 2455 955 2513 frena.
2250 2458 2539 2533 parvulis,
2562 2463 2619 2515 et
2638 2458 2919 2514 uxoribus
2947 2458 3006 2514 in
3027 2458 3308 2530 plaustris
3329 2475 3459 2531 qua:
3483 2460 3734 2517 miserat
3753 2460 3907 2517 Pha-

567 2543 735 2601 Pater
764 2546 978 2600 noster.
2250 2564 2357 2606 rao
2373 2547 2452 2603 ad
2469 2546 2828 2618 portandum
2847 2560 3069 2611 senem,
3094 2549 3152 2602 et
3173 2547 3378 2603 omnia
3396 2562 3532 2619 quae
3549 2548 3911 2619 possederat

1096 2633 1194 2688 Ad
1215 2633 1463 2689 Nonam.
2251 2636 2481 2693 interra
2504 2634 2790 2690 Chanaan
2813 2648 2825 2688 :
2852 2634 3132 2705 venitque
3155 2633 3216 2690 in
3230 2636 3545 2707 ZEgyptum
3571 2650 3710 2691 cum
3731 2634 3906 2693 omni

780 2721 1231 2778 Proverbz‘orum
1254 2722 1580 2779 Salomonis
1610 2721 1784 2793 (Cap.
1811 2723 2001 2791 XXIII).
2254 2724 2477 2779 semine
2496 2738 2627 2788 suo,
2652 2722 2753 2777 ﬁlii
2778 2722 2928 2792 ejus,
2956 2726 3012 2778 et
3035 2726 3303 2794 nepotes,
3327 2721 3484 2788 ﬁlias,
3511 2724 3569 2779 et
3586 2725 3803 2779 cuncta
3824 2722 3908 2785 si-

573 2821 637 2877 n.
660 2809 781 2866 Deo
802 2810 1043 2880 gratias.
2253 2811 2379 2868 mul
2407 2809 2741 2883 progenies.
2773 2821 2840 2879 ἣν.
2870 2811 3080 2865 Amen.

572 2898 692 2969 Fili,
720 2898 1090 2968 Ingrediatur
1107 2898 1186 2955 ad
1216 2899 1549 2957 doctrinam
1567 2914 1669 2956 cor
1689 2902 1880 2967 tuum,
1906 2903 2146 2956 etaures
2322 2898 2664 2968 Antiphona
2690 2903 2733 2953 1.
2765 2899 2920 2953 Deus
2942 2898 3095 2953 Deus
3114 2900 3314 2953 noster
3332 2896 3564 2969 respice
3592 2914 3603 2953 :
3636 2911 3761 2954 non
3784 2911 3906 2961 nos

498 2991 615 3043 tuae
639 2986 719 3043 ad
746 2987 929 3043 verba
957 2987 1235 3044 scientiae.
1268 2987 1397 3044 Noli
1428 2988 2033 3061 subtrahereapuero
2062 2988 2147 3043 di-
2254 2987 2632 3059 derelinquas
2662 2991 2970 3058 sperantes
2997 2986 3055 3042 in
3086 2990 3167 3043 te.
3202 2986 3473 3043 Psalmus
3492 3001 3613 3042 ni.

501 3075 849 3148 sciplinam:
874 3075 926 3131 si
946 3075 1105 3131 enim
1128 3076 1484 3145 percusseris
1515 3091 1652 3132 cum
1668 3076 1857 3147 virga,
1876 3091 1996 3132 non
2012 3092 2145 3132 mo-
2184 3097 2226 3154 ρ
2329 3076 2551 3131 Oratio.
2581 3074 2827 3145 Respice
2852 3074 2916 3130 in
2948 3089 3061 3130 nos
3095 3072 3347 3130 Domine
3388 3073 3543 3129 Deus
3572 3075 3772 3131 noster
3792 3092 3806 3142 ;
3828 3088 3911 3147 ne

498 3162 804 3219 rietur.Tu
819 3162 984 3233 virga
995 3163 1288 3238 percuties
1312 3178 1450 3218 eum
1473 3179 1486 3219 :
1506 3167 1562 3220 et
1594 3164 1861 3220 animam
1899 3164 2029 3235 ejus
2072 3164 2147 3222 de
2255 3163 2578 3221 avertendo
2607 3161 2819 3217 faciem
2838 3168 3000 3218 tuam
3017 3177 3054 3217 a
3078 3161 3275 3227 nobis,
3291 3176 3402 3218 nos
3420 3161 3798 3233 aliquatenus
3812 3162 3913 3221 de-

499 3249 731 3306 inferno
749 3249 1050 3308 liberabis.
1084 3250 1186 3307 Fili
1216 3249 1319 3316 mi,
1365 3250 1414 3306 si
1442 3250 1680 3323 sapiens
1708 3251 1881 3307 fuerit
1907 3251 2146 3307 animus
2252 3251 2557 3323 relinquas
2586 3268 2598 3306 :
2627 3265 2765 3306 vere
2795 3249 2953 3306 enim
2984 3250 3132 3306 salvi
3164 3248 3409 3317 erimus,
3438 3251 3485 3305 si
3502 3249 3701 3306 vultus
3726 3250 3814 3305 tui
3844 3251 3909 3307 in

500 3343 657 3407 tuus,
678 3338 1957 3410 gandebittecumcormeum:etexultabunt
1975 3354 2148 3396 renes
2253 3354 2365 3396 nos
2418 3342 2728 3411 aspectum
2771 3339 3145 3403 converteris,
3202 3343 3257 3395 et
3303 3338 3564 3395 hilariter
3599 3338 3819 3399 nostris
3850 3342 3910 3395 te

501 3428 639 3494 mei,
667 3444 806 3484 cum
827 3428 1029 3484 locuta
1051 3428 1267 3484 fuerint
1294 3428 1634 3485 rectalabia
1654 3429 1944 3484 mea.Non
1964 3442 2150 3483 aemu-
2253 3426 2577 3484 animabus
2607 3427 2988 3497 conjunxeris
3025 3444 3038 3483 :
3072 3430 3137 3483 ut
3162 3427 3308 3499 quia
3332 3426 3390 3483 in
3424 3430 3477 3483 te
3515 3430 3913 3498 speraverunt

500 3516 652 3573 letur
675 3532 780 3573 cor
797 3521 968 3575 tuum
1010 3522 1343 3589 peccatores
1389 3534 1402 3573 :
1440 3517 1547 3573 sed
1580 3517 1640 3573 in
1670 3517 1880 3574 timore
1912 3514 2147 3571 Domini
2253 3521 2451 3589 patres
2483 3515 2693 3584 nostri,
2725 3520 2781 3570 et
2808 3516 2960 3572 salvi
3011 3515 3147 3572 facti
3183 3519 3342 3583 sunt,
3390 3529 3501 3573 nos
3532 3514 3910 3573 hereditariae

503 3609 627 3660 esto
654 3609 783 3661 tota
810 3604 904 3660 die
937 3620 949 3660 :
974 3605 1115 3677 quia
1146 3604 1397 3661 habebis
1421 3605 1664 3676 spemin
1692 3603 2043 3672 novissimo,
2093 3605 2153 3661 et
2252 3606 2349 3662 fac
2378 3620 2586 3661 eorum
2623 3604 2749 3675 spei
2781 3604 3132 3672 succedere;
3162 3608 3220 3660 et
3263 3602 3625 3675 parilitatem
3663 3604 3907 3667 horum,

501 3692 862 3765 prmstolatio
890 3696 994 3748 tua
1016 3707 1139 3748 non
1170 3693 1488 3749 auferetur.
1522 3704 1586 3763 ni.
1606 3696 1818 3749 Amen.
2255 3698 2477 3750 aeterna
2506 3708 2644 3749 cum
2674 3693 2758 3747 eis
2790 3692 3148 3749 exultatione
3174 3691 3457 3762 gaudere.
3485 3701 3550 3761 ἢ.
3583 3693 3793 3750 Amen.

725 3779 896 3851 189
928 3782 1116 3837 Lectio
1148 3781 1292 3837 libri
1320 3781 1557 3839 Genesis
1583 3779 1751 3851 (Cap.
1786 3779 1933 3850 va).
2329 3783 2436 3836 Per
2474 3779 2942 3836 misericordiam
2971 3784 3156 3836 tuam.

577 3878 643 3939 Ri.
671 3868 791 3924 Deo
817 3868 1057 3938 gratias.
2325 3868 2669 3938 Antiphona
2702 3868 2756 3924 2.
2784 3868 2874 3925 Ad
2900 3867 3311 3925 defensionem
3325 3871 3615 3936 nostram,
3637 3868 3792 3927 Deus
3804 3883 3911 3927 no-

578 3957 643 4012 In
677 3956 791 4014 illis
825 3956 1072 4014 diebus:
1104 3958 1508 4030 Auditumque
1543 3959 1651 4023 est,
1680 3959 1736 4011 et
1770 3954 1988 4011 celebri
2035 3970 2149 4011 ser-
2257 3963 2392 4022 sier,
2422 3958 2671 4030 respice.
2701 3958 2973 4014 Psatmus
3002 3972 3123 4012 xx1.

504 4060 685 4101 mone
707 4045 1019 4117 vulgatum
1041 4046 1103 4103 in
1122 4048 1259 4103 aula
1279 4046 1435 4115 regis
1465 4062 1476 4100 :
1503 4047 1798 4100 Venerunt
1817 4043 2024 4101 fratres
2060 4047 2152 4101 Jo-
2330 4047 2553 4103 Oratio.
2570 4045 2658 4101 Ad
2676 4045 3089 4101 defensionem
3109 4048 3400 4101 nostram.
3420 4046 3633 4113 Qutere
3644 4045 3758 4114 [οι.
3787 4047 3910 4101 149.

507 4134 653 4206 seph
681 4150 695 4189 :
728 4139 783 4191 et
803 4135 1045 4206 gavisus
1079 4140 1166 4192 est
1195 4136 1444 4201 Pharao,
1471 4137 1650 4204 atque
1680 4133 1876 4188 omnis
1924 4133 2152 4191 familia
2326 4135 2675 4202 Antiphona
2714 4137 2769 4188 3.
2817 4132 2992 4187 Salva
3043 4130 3280 4203 plebem
3330 4136 3496 4190 tuam
3535 4133 3801 4196 Domine.
3857 4136 3918 4193 et

507 4223 653 4294 ejus.
689 4224 961 4296 Dixitque
981 4223 1060 4279 ad
1087 4223 1307 4294 Joseph
1332 4223 1725 4292 utimperaret
1740 4221 1988 4277 fratibus
2004 4223 2147 4287 suis,
2255 4223 2506 4279 benedic
2517 4222 2905 4277 hereditatem
2923 4224 3088 4277 tuam
3114 4237 3126 4277 :
3144 4225 3202 4277 et
3219 4236 3359 4291 rege
3379 4237 3481 4278 eos
3502 4221 3790 4281 etextolle
3811 4235 3915 4278 eos

506 4310 710 4366 dicens
734 4327 747 4366 :
768 4312 1398 4380 Onerantesjumenta,
1418 4309 1493 4365 ite
1518 4308 1578 4364 in
1606 4314 1821 4365 terram
1840 4312 2146 4379 Chanaan,
2259 4324 2452 4381 usque
2482 4309 2541 4363 in
2581 4313 2889 4364 aeternum.
2926 4308 3201 4365 Psatmus
3229 4326 3410 4367 xxvu.

508 4402 566 4453 et
592 4397 770 4495 tollite
784 4398 936 4499 ‘inde
971 4402 1200 4468 patrem
1227 4402 1513 4499 ‘vestrum
1546 4402 1601 4453 et
1630 4399 2068 4469 cognationem,
2097 4404 2153 4457 et
2184 4443 2227 4499 Β
2331 4399 2624 4499 {Ii/mnus:
2735 4400 3048 4499 Nazarene,
3074 4397 3197 4453 lux.
3221 4399 3338 4467 [οι.
3368 4402 3488 4455 144.

507 4485 701 4543 venite
727 4485 805 4541 ad
826 4500 923 4540 me
953 4501 965 4540 :
990 4488 1048 4541 et
1071 4500 1182 4553 ego
1207 4485 1366 4540 dabo
1387 4485 1550 4541 vobis
1566 4488 1767 4544 omnia
1788 4488 1950 4544 bona
1974 4492 2150 4561 Aigy-
2184 4485 2227 4499 "
2333 4486 2561 4542 Oratio.
2588 4485 2835 4555 Adjutor
2863 4491 2919 4541 et
2936 4485 3290 4557 Redemptor
3309 4491 3513 4545 noster
3534 4486 3787 4545 Domine
3809 4485 3911 4544 ad.

508 4573 612 4646 pti,
632 4573 1041 4629 utcomedatis
1062 4573 1386 4629 medullam
1410 4579 1599 4632 terrae.
1618 4577 1872 4648 Praecipe
1889 4577 2071 4634 etiam
2091 4581 2156 4634 ut
2253 4575 2402 4645 juva
2427 4589 2568 4642 nos;
2603 4580 2657 4629 et
2687 4573 2957 4630 reﬂoreat
2986 4588 3127 4629 caro
3154 4579 3366 4631 nostra
3393 4574 3485 4631 vel
3516 4574 3709 4631 virore
3745 4573 3917 4646 pudi-

510 4663 720 4720 tollant
746 4662 1010 4735 plaustra
1041 4663 1108 4718 de
1142 4667 1292 4719 terra
1320 4664 1578 4736 rEgypti,
1600 4666 1675 4721 ad
1700 4666 2150 4723 subvectionem
2260 4662 2432 4725 cities,
2457 4662 2542 4718 vel
2559 4662 2966 4718 sanctimoniae
2989 4661 3248 4717 novitate
3276 4667 3364 4721 :et
3382 4662 3532 4734 quia
3554 4667 3613 4719 tu
3630 4661 3915 4719 fortitudo

509 4751 896 4823 parvulorum
914 4766 1153 4806 suorum
1173 4767 1241 4806 ac
1268 4753 1397 4822 conj
1411 4769 1590 4822 ugum
1612 4771 1623 4809 :
1645 4758 1700 4810 et
1715 4754 1894 4811 dicito
1919 4771 1931 4810 :
1954 4754 2153 4811 Tollite
2260 4750 2453 4823 plebis
2477 4755 2589 4806 tua:
2618 4767 2701 4813 es,
2727 4749 3019 4822 populum
3046 4754 3214 4805 tuum
3237 4749 3424 4818 salva,
3447 4755 3505 4811 et
3524 4748 3916 4809 hereditatem

509 4844 741 4910 patrem
758 4844 1037 4909 vestrum,
1058 4844 1114 4893 et
1130 4848 1437 4912 prOperate
1455 4844 1813 4914 quantocius
1831 4843 2150 4907 venientes,
2261 4843 2426 4897 tuam
2456 4839 2630 4910 c0pia
2659 4843 2777 4893 tuae
2802 4836 3232 4894 benedictionis
3255 4838 3469 4899 exalia.

513 4931 626 4982 Nec
643 4927 949 4983 dimittatis
976 4929 1301 5000 quicquam
1322 4930 1394 4985 de
1413 4930 1751 5001 supellectili
1768 4935 1961 4987 vestra
1981 4947 1992 4985 :
2013 4932 2155 5002 quia
2334 4927 2503 4982 Pater
2537 4930 2756 4982 noster.

513 5031 722 5072 omnes
743 5030 885 5087 opes
906 5017 1137 5088 .Egypti
1158 5022 1360 5073 vestrae
1391 5024 1579 5074 erunt.
1608 5021 2011 5089 Feceruntque
2045 5018 2153 5075 ﬁlii
2865 5015 2961 5069 Ad
3002 5016 3298 5084 Vesperos.

514 5104 693 5161 Israel
717 5104 875 5159 uteis
890 5106 1245 5162 mandatum
1269 5106 1480 5164 fuerat.
1510 5105 1735 5171 Quibus
1755 5104 1913 5160 dedit
1931 5106 2155 5178 Joseph
2333 5103 2565 5161 Lauda.
2593 5105 2677 5159 Tu
2705 5102 3008 5158 illuminas
3045 5102 3351 5161 lucernam
3385 5119 3605 5169 meam,
3638 5102 3917 5158 Domine.

512 5190 1143 5264 plaustra,secundum
1162 5192 1815 5263 Pharaonisimperium
1836 5192 2156 5250 :etcibaria
2336 5192 2623 5247 Dominus
2656 5190 2731 5245 sit
2760 5206 2993 5261 semper
3030 5191 3365 5249 vobiscum.
3394 5204 3459 5261 Bp.
3486 5195 3549 5248 Et
3576 5206 3738 5247 cum.

514 5281 575 5336 in
600 5281 823 5338 itinere.
848 5282 1223 5353 Singulisque
1248 5280 1495 5351 proferri
1508 5279 1684 5349 jussit
1708 5279 1885 5335 binas
1913 5280 2093 5336 stolas
2140 5297 2151 5335 :
2333 5280 3144 5349 Antiphona.Contitebimur
3166 5281 3440 5337 tibiDeus
3469 5279 3925 5341 :coniitebimur

515 5370 821 5441 Benjamin
841 5387 981 5427 vero
998 5371 1160 5425 dedit
1185 5372 1473 5424 trecentos
1495 5372 1806 5435 argenteos
1828 5383 1965 5423 cum
1986 5370 2159 5439 quin—
2263 5368 2388 5431 tibi,
2418 5373 2473 5423 et
2502 5367 2919 5423 invocabimus
2950 5383 3172 5425 nomen
3214 5374 3403 5436 tuum,
3438 5369 3709 5427 Domine.
3746 5369 3920 5425 Psal~

513 5474 628 5529 que
659 5459 821 5513 stolis
849 5458 1091 5529 optimis
1118 5475 1130 5513 :
1162 5454 1513 5510 tantundem
1544 5456 1954 5525 pecuniarum,
1988 5464 2042 5511 et
2064 5472 2159 5512 ve-
2265 5474 2393 5514 mus
2426 5473 2620 5511 Lxxw.

516 5547 695 5601 stium
724 5546 964 5601 mittens
990 5544 1137 5615 patri
1168 5557 1299 5604 suo,
1332 5542 1554 5597 addens
1584 5543 1666 5597 eis
1699 5544 1898 5599 asinos
1927 5544 2158 5609 decem,
2339 5543 2623 5600 Dominus
2646 5543 2719 5598 sit
2743 5559 2974 5614 semper
3001 5543 3333 5601 vobiscum.
3368 5555 3434 5613 Βι.
3469 5547 3714 5603 Etcum.
