4160 6428
289 284 391 349 341

1476 284 1830 343 DOMINIGA
1867 283 1918 341 ΙΙ
1954 282 2566 365 ΟΰΑΒΗΑΕΕξΙΜΛΕ.

3610 294 3717 373 342

357 407 600 465 Lauda.
679 406 923 465 Adhaasi
963 406 1312 464 testimoniis
1368 407 1482 465 tuis
1520 426 1533 462 :
1567 410 1632 465 P.
1680 409 1950 480 Domine,
1990 410 2037 477 Α
2136 413 2243 467 Per
2266 412 2761 473 misericordiam.

287 497 415 553 noli
443 512 539 551 me
558 495 948 552 confundere.
981 496 1041 557 Ῠ.
1074 496 1239 551 Viam
1267 497 1691 554 mandatorum
1713 504 1953 555 tuorum

286 585 545 649 cucurri,
579 602 718 640 cum
739 585 1014 642 dilatares
1044 602 1145 642 cor
1170 591 1463 642 nostrum.
1493 591 1556 644 P.
1598 590 1863 645 Domine.
1889 589 1952 648 κν.

291 674 511 737 Gloria,
545 678 601 729 et
630 674 825 729 honor
863 672 1040 738 Patri,
1069 680 1175 730 etc.

360 763 672 831 Hymnus.
688 762 917 817 Christe
938 762 1205 819 Salvator
1218 764 1849 835 omnium.Qucere/‘ol.
1864 769 1949 821 97.

369 849 679 919 Capitula.
706 850 899 906 Servis
916 850 1033 905 tuis
1053 851 1181 907 haec
1213 856 1300 907 est
1321 851 1531 922 gloria,
1550 853 1817 923 Domine,
1840 852 1953 908 sub

296 953 403 1011 spe
434 938 562 992 vitae
593 936 786 993 beatae
816 937 878 993 in
907 939 1020 995 hoc
1052 939 1269 995 saeculo
1299 939 1592 1008 laborare,
1627 946 1683 998 et
1704 957 1810 1013 per
1828 941 1953 996 illu-

295 1026 694 1083 minationem
718 1027 920 1095 gratiae
938 1030 1054 1083 tuae
1062 1028 1283 1098 jugiter
1295 1028 1372 1084 ad
1394 1034 1446 1084 te
1464 1029 1727 1101 jejuniis,
1752 1034 1808 1085 et
1828 1044 1954 1085 ora-

295 1115 566 1173 tionibus
578 1115 823 1184 vigilare
842 1137 854 1168 :
872 1132 1155 1173 consecra
1167 1132 1308 1188 ergo
1320 1134 1657 1189 quaesumus
1666 1120 1743 1189 jej
1756 1118 1953 1173 unium

292 1210 592 1271 nostrum,
626 1207 683 1260 et
704 1204 923 1277 repelle
957 1207 1129 1278 190
1153 1206 1229 1262 ab
1247 1208 1463 1263 animis
1488 1208 1705 1263 nostris
1729 1215 1952 1263 nostro-

290 1309 427 1350 rum
460 1292 761 1349 sarcinam
792 1292 1166 1350 delictorum.
1205 1297 1508 1360 Quatenus
1538 1296 1634 1351 hic
1671 1298 1950 1369 superato

290 1381 567 1447 Diabolo,
596 1394 937 1438 mereamur
956 1398 1094 1438 cum
1120 1383 1407 1440 omnibus
1433 1385 1655 1441 sanctis
1676 1385 1791 1442 tuis
1815 1399 1951 1441 con-

288 1470 555 1542 gaudere
589 1471 650 1526 in
681 1486 869 1543 regno
894 1476 1208 1544 perpetuo.

358 1564 531 1617 Pater
546 1564 769 1615 noster.

258 1679 264 1682 -
363 1648 684 1704 Humiliate
714 1662 822 1704 vos
850 1647 1273 1705 benedictioni.

362 1736 658 1792 Dominus
690 1736 779 1793 sit.
814 1746 879 1807 Βι.
909 1738 973 1792 Et
1000 1751 1138 1792 cum
1171 1738 1378 1809 spiritu
1412 1740 1533 1794 tuo.

362 1823 1172 1894 Benedictioﬂmnipotentis
1186 1824 1419 1880 Domini
1433 1840 1541 1881 vos
1557 1824 1747 1894 gratia
1758 1828 1951 1898 prote-

293 1914 414 1983 gat,
447 1909 1064 1982 famemquevestram
1097 1910 1386 1983 spirituali
1415 1912 1547 1967 cibo
1590 1911 1833 1969 reﬁciat.
1884 1926 1946 1985 BI.

292 2004 504 2055 Amen.
530 1998 697 2054 Sitim
715 2013 955 2070 quoque
968 2003 1233 2054 vestram
1244 2001 1263 2070 j
1276 2000 1486 2055 ustitiaz
1504 2000 1949 2057 ﬂuminibusin-

291 2088 464 2157 riget,
493 2092 673 2159 atque
714 2102 941 2143 novum
962 2086 1292 2143 dulcedinis
1328 2104 1449 2142 suae
1482 2089 1699 2143 animis
1728 2090 1949 2146 nostris

292 2175 573 2232 infundat
603 2191 901 2247 saporem.
919 2186 981 2245 Bg.
996 2180 1210 2233 Amen.
1257 2178 1323 2233 Ut
1346 2180 1465 2232 tam
1491 2192 1667 2233 carne
1695 2179 1944 2244 contriti,

290 2280 483 2336 quam
499 2263 711 2334 spiritu
725 2263 1001 2320 viviﬁcati
1014 2263 1092 2320 ab
1105 2279 1175 2320 eo
1189 2265 1539 2321 mereamini
1552 2266 1770 2323 caelesti
1786 2268 1947 2324 dono

288 2351 644 2408 beatiﬁcari.

361 2451 426 2511 gn.
461 2439 573 2495 Per
602 2438 1100 2495 misericordiam.

362 2528 603 2583 Lauda.
636 2526 938 2582 Conﬁrma
959 2542 1139 2599 super
1164 2541 1299 2583 nos.
1326 2528 1536 2596 Quaere
1562 2535 1720 2585 retro
1750 2529 1811 2584 in
1836 2532 1950 2601 ﬁne

283 2616 597 2673 Laudibus
638 2614 706 2671 de
732 2615 994 2672 secunda
1044 2617 1221 2673 Feria
1251 2618 1523 2675 secunda:
1567 2618 1949 2679 hebdomade?

290 2703 807 2775 Quadragesimae.

916 2808 1076 2849 FERIA
1107 2808 1326 2849 TERTIA.

864 2880 959 2936 Ad
985 2882 1379 2938 Matutinum.

363 2972 740 3043 Antiphona.
771 2973 925 3027 Voce
951 2986 1087 3027 mea
1117 2972 1192 3026 ad
1221 2971 1543 3028 Dominum
1571 2971 1854 3039 clamavi,
1892 2976 1951 3030 et

291 3062 597 3120 exaudivit
622 3076 717 3117 me
738 3061 811 3115 de
853 3064 1055 3116 monte
1082 3063 1284 3116 sancto
1322 3076 1451 3117 suo.
1487 3061 1761 3119 Psalmus
1781 3080 1868 3119 III.

369 3160 601 3215 Oratio.
645 3156 1005 3229 Multiplicati
1039 3160 1195 3222 sunt,
1232 3157 1499 3227 Domine,
1536 3158 1637 3228 qui
1666 3158 1954 3217 tribulant

289 3263 410 3305 nos
443 3263 458 3304 :
487 3246 593 3302 sed
623 3250 684 3302 tu
719 3246 941 3302 multus
971 3261 1035 3302 es
1066 3246 1127 3301 in
1172 3245 1600 3314 misericordia,
1633 3248 1735 3319 qui
1776 3263 1952 3304 eruas

288 3351 410 3392 nos
443 3352 457 3390 :
478 3336 537 3390 in
555 3334 719 3390 nullo
732 3333 1193 3390 formidabimus
1208 3333 1286 3389 ab
1299 3334 1633 3391 imminenti
1649 3352 1946 3407 pressura,

292 3424 347 3479 si
378 3428 613 3481 tantum
641 3426 743 3481 tua
769 3422 1138 3481 muniamur.
1188 3422 1602 3496 Omnipotens,
1638 3424 1847 3494 gratia.
1882 3436 1949 3495 It.

288 3516 503 3568 Amen.

364 3601 472 3656 Per
501 3598 1004 3657 misericordiam.

363 3689 719 3758 Antiphona
744 3694 792 3744 1.
811 3687 1030 3744 Anima
1044 3692 1249 3745 nostra
1262 3688 1498 3760 patiens
1527 3693 1633 3756 est,
1660 3689 1905 3746 Domine
1932 3707 1946 3747 :

290 3776 586 3849 quoniam
640 3776 877 3845 adjutor
918 3779 976 3831 et
1029 3778 1328 3847 protector
1370 3780 1575 3833 noster
1627 3792 1708 3833 es.
1770 3779 1950 3835 Psal-

290 3878 428 3920 mus
455 3878 636 3917 XXXII.

374 3950 595 4004 Oratio.
627 3948 752 4004 Tibi
776 3948 1046 4004 Domino.
1076 3949 1191 4017 fol.
1222 3953 1343 4004 152.

370 4038 723 4107 Antiphona
733 4041 787 4094 2.
803 4037 941 4100 Fiat,
958 4036 1646 4104 Domine,misericordia
1659 4042 1764 4094 tua
1776 4054 1954 4111 super

293 4142 411 4184 nos
444 4143 458 4182 :
500 4127 654 4182 sicut
685 4126 1061 4199 speravimus
1090 4126 1150 4181 in
1181 4129 1256 4182 te.
1290 4126 1585 4182 Psalmus.
1618 4142 1801 4183 xxxn.

371 4216 601 4273 Oratio.
631 4215 753 4272 Fiat
772 4214 1293 4271 misericordiatua
1314 4215 1563 4270 Domine
1589 4231 1770 4288 super
1790 4231 1903 4272 nos
1933 4233 1946 4272 :

293 4308 361 4362 ut
380 4304 482 4377 qui
499 4304 843 4374 singillatim
860 4303 1044 4359 corda
1062 4303 1380 4359 hominum
1400 4302 1578 4372 ﬁngis
1599 4319 1613 4369 ;
1641 4305 1953 4375 speciatim

2134 509 2201 568 Bt.
2226 502 2649 558 Convertimini
2676 501 2753 557 ad
2782 516 2900 571 me,
2949 500 3089 557 dicit
3118 500 3403 559 Dominus
3436 518 3450 559 :
3484 504 3540 561 et
3568 520 3711 563 con.

2062 594 2259 645 vertar
2283 592 2359 646 ad
2392 608 2517 647 vos.
2549 595 2617 647 P.
2648 596 2791 647 Ecce
2818 591 3057 647 venient
3082 592 3207 646 dies
3228 595 3432 659 nostri,
3460 597 3709 666 quando

2063 679 2322 749 quaeritis
2341 696 2456 735 me.
2476 680 2540 740 i7.
2560 680 2924 751 Despexistis
2943 695 3120 735 omne
3142 680 3458 737 consilium
3480 699 3705 753 meum,

2064 770 2119 821 et
2136 767 2192 819 in
2202 769 2573 839 crepationes
2594 784 2762 825 meas
2779 767 3117 838 neglexistis
3141 788 3153 823 :
3176 768 3559 825 vocavienim
3578 787 3706 837 vos,

2062 856 2119 909 et
2165 855 2459 912 renuistis.
2516 856 2573 913 P.
2622 860 2767 913 Ecce
2826 855 3090 914 venient.
3132 853 3194 917 ἢν.
3254 854 3469 921 Gloria,
3514 861 3569 912 et
3606 850 3711 914 hoé-

2061 955 2191 1011 nor,
2220 947 2329 999 etc.

2676 1034 2748 1090 In
2776 1033 3106 1090 Laudibus.

2130 1121 2484 1192 Antiphona.
2524 1122 2863 1179 Secundum
2905 1135 3197 1191 magnam
3236 1118 3710 1177 misericordiam

2059 1210 2308 1276 tuam,et
2321 1212 2652 1267 secundum
2666 1210 3109 1266 multitudinem
3123 1209 3571 1265 miserationum
3586 1213 3711 1269 tua-

2057 1312 2192 1352 rum
2223 1297 2352 1353 dele
2381 1299 2722 1370 iniquitates
2742 1304 2996 1354 nostras.
3031 1300 3308 1355 Psalmus
3333 1314 3385 1353 L.

2132 1386 2357 1442 Oratio.
2388 1387 2730 1441 Secundum
2769 1386 3230 1442 multitudinem.
3257 1386 3368 1455 fol.
3405 1388 3524 1441 150.

2128 1475 2478 1544 Antiphona
2492 1520 2504 1534 .
2531 1479 2683 1531 Deus
2701 1476 2884 1548 patris
2896 1475 3083 1532 nostri
3095 1476 3203 1532 erit
3218 1474 3314 1546 adj
3324 1479 3456 1531 utor
3476 1475 3699 1540 noster,

2060 1566 2115 1618 et
2143 1564 2524 1635 omnipotens
2554 1563 2864 1620 benedicet
2895 1564 3089 1620 nobis.

2131 1652 2463 1708 Canticum.
2503 1653 2746 1708 Vocavit
2768 1652 2974 1708 Jacob.
3010 1652 3126 1722 fol.
3157 1654 3248 1707 49.

2129 1742 2465 1797 Reiteretur
2486 1740 2835 1810 Antz‘phona
2861 1743 3015 1796 Deus
3044 1739 3254 1811 patris.

2134 1830 2361 1885 Oratio.
2395 1833 2713 1901 Appareat,
2736 1844 3105 1901 quaesumus,
3129 1826 3380 1882 Domine
3403 1825 3708 1884 mentibus

2058 1917 2279 1973 nostris
2300 1917 2520 1987 agnitio
2562 1922 2677 1972 tuae
2708 1916 3033 1972 divinitatis
3056 1933 3070 1982 ;
3093 1931 3229 1987 quae
3272 1913 3708 1969 benedictionis

2060 2005 2281 2061 habere
2313 2006 2564 2073 gratiam
2604 2005 2869 2076 praebeat
2897 2004 3072 2060 nobis
3106 2021 3118 2058 :
3151 2008 3216 2059 ut
3244 2001 3630 2074 proﬁciamus
3652 2004 3710 2058 et

2060 2109 2399 2149 crescamus
2417 2094 2635 2164 jugiter
2663 2095 2723 2149 in
2743 2093 2918 2149 bonis
2943 2090 3711 2165 multiplicibusincremen-

2059 2184 2157 2240 tis.
2195 2193 2257 2245 Ri.
2288 2187 2494 2238 Amen.

2130 2272 2238 2325 Per
2267 2269 2765 2327 misericordiam.

2130 2361 2227 2416 Ad
2247 2361 2623 2417 Benedictus.
2651 2358 3027 2428 Antiphone.
3061 2356 3409 2413 llluminans
3430 2358 3494 2412 tu
3538 2353 3716 2411 mira-

2058 2448 2193 2505 bilis
2221 2464 2257 2505 a
2282 2449 2590 2505 montibus
2615 2448 2872 2504 aeternis.
2892 2446 2955 2507 73’.
2984 2449 3168 2503 Notus
3205 2446 3267 2503 in
3288 2445 3497 2503 Judaea
3516 2444 3669 2500 Deus
3697 2463 3711 2502 :

2058 2538 2324 2610 inlsrael
2356 2553 2645 2607 magnum
2679 2552 2902 2593 nomen
2940 2536 3090 2607 ejus.

2134 2626 2471 2682 Canticum.
2506 2625 2875 2681 Benedictus.
2904 2625 3017 2695 fol.
3047 2626 3106 2679 6.

2129 2716 2361 2771 Lauda.
2377 2719 2439 2769 In
2455 2714 2751 2787 psalterio,
2769 2717 2824 2768 et
2836 2713 3065 2768 cithara
3075 2712 3376 2785 hymnum
3396 2710 3674 2768 dicamus
3696 2726 3712 2767 :

2059 2804 2120 2860 in
2152 2803 2334 2859 choro
2346 2803 2475 2859 laus
2494 2805 2732 2859 resonet
2750 2800 3004 2858 Domino
3026 2800 3089 2857 in
3110 2800 3373 2865 chordis,
3391 2802 3448 2856 et
3463 2814 3715 2873 organo.

2058 2892 2125 2948 P.
2154 2892 2437 2948 Laudate.

2343 2981 2538 3037 Lectio
2579 2979 2725 3036 libri
2751 2978 2988 3036 Genesis
3021 2977 3198 3048 (Cap.
3224 2978 3400 3047 XLVI).

2132 3079 2197 3139 ﬁ.
2240 3069 2360 3123 Deo
2387 3067 2632 3138 gratias.

2134 3160 2195 3212 In
2230 3156 2344 3211 illis
2371 3156 2586 3211 diebus
2617 3173 2630 3211 :
2656 3154 2799 3211 Misit
2819 3153 3003 3209 Jacob
3032 3152 3247 3209 Iudam
3267 3154 3404 3209 ante
3426 3167 3488 3209 se
3510 3152 3588 3209 ad
3617 3154 3715 3210 Jo-

2062 3244 2209 3316 seph
2236 3245 2295 3299 in
2320 3247 2663 3316 Egyptum,
2688 3247 2753 3298 ut
2773 3242 3073 3297 nuntiaret
3097 3242 3231 3307 ei,et
3256 3241 3349 3298 ille
3380 3244 3717 3299 occurreret

2060 3333 2120 3388 in
2140 3334 2380 3388 Gessen.
2399 3334 2527 3398 Quo
2541 3348 2678 3387 cum
2692 3331 3076 3404 pervenisset,
3083 3330 3106 3402 j
3116 3334 3295 3387 uncto
3306 3332 3331 3387 J
3337 3330 3525 3403 oseph
3538 3345 3715 3386 curru

2062 3437 2193 3489 suo,
2215 3420 2484 3477 ascendit
2499 3420 2743 3476 obviam
2764 3420 2921 3492 patri
2938 3434 3047 3474 suo
3070 3418 3149 3474 ad
3164 3418 3445 3474 eumdem
3467 3418 3669 3474 locum
3696 3436 3710 3474 :

2058 3510 2389 3582 vidensque
2416 3525 2578 3576 eum,
2610 3509 2793 3563 inruit
2832 3523 3011 3579 super
3041 3506 3261 3563 collum
3287 3508 3439 3580 ejus,
3469 3510 3528 3562 et
3564 3506 3716 3563 inter

2060 3598 2375 3670 amplexus
2386 3596 2568 3653 ﬂevit.
2584 3596 2856 3669 Dixitque
2868 3599 3037 3668 pater
3048 3594 3127 3651 ad
3137 3594 3425 3666 Josepth
3432 3609 3532 3649 am
3544 3592 3715 3650 laetus

2058 3687 2305 3751 moriar,
2327 3686 2474 3758 quia
2487 3684 2614 3740 vidi
2636 3684 2851 3741 faciem
2867 3689 3053 3749 tuam,
3079 3687 3137 3739 et
3153 3682 3529 3755 superstitem
3552 3686 3609 3738 te
3627 3696 3713 3738 re-

2058 3775 2285 3848 linquo.
2319 3778 2386 3831 Et
2410 3774 2504 3831 ille
2520 3774 2757 3830 locutus
2776 3777 2862 3830 est
2892 3772 2970 3829 ad
3002 3772 3210 3829 fratres
3233 3788 3394 3837 suos,
3420 3775 3476 3829 et
3490 3770 3569 3828 ad
3584 3786 3713 3827 om-

2058 3879 2197 3920 nem
2214 3864 2467 3920 domum
2483 3862 2669 3933 patris
2683 3863 2802 3918 sui:
2822 3861 3159 3919 Ascendam
3189 3865 3245 3918 et
3260 3860 3555 3917 nuntiabo
3570 3860 3716 3918 Pha-

2059 3951 2250 4015 raoni,
2283 3951 2608 4022 dicamque
2636 3950 2691 4005 ei
2722 3968 2735 4009 :
2770 3952 2998 4007 Fratres
3028 3949 3166 4013 mei,
3203 3952 3260 4006 et
3282 3948 3502 4006 domus
3527 3948 3716 4020 patris

2060 4038 2294 4109 meiqui
2316 4043 2485 4095 erant
2504 4038 2564 4093 in
2583 4041 2738 4093 terra
2767 4036 3074 4101 Chanaan,
3092 4041 3383 4093 venerunt
3402 4037 3626 4103 adme;
3659 4040 3717 4093 et

2063 4126 2313 4181 suntviri
2323 4129 2587 4197 pastores
2601 4124 2793 4180 ovium
2804 4138 3136 4193 ,curamque
3147 4123 3714 4181 habentalendorum

2062 4227 2315 4283 gregum
2347 4231 2361 4271 :
2396 4226 2618 4285 pecora
2633 4227 2759 4275 sua,
2782 4214 2838 4266 et
2854 4214 3147 4279 armenta,
3168 4213 3227 4266 et
3245 4211 3449 4268 omnia
3465 4210 3715 4283 qumhas

2060 4302 2201 4358 bere
2227 4303 2394 4374 191
2413 4302 2755 4374 potuerunt,
2786 4299 3166 4357 adduxerunt
3186 4314 3411 4356 secum.
3444 4301 3714 4371 Cumque

293 4409 367 4451 ea
388 4392 722 4449 sanctiﬁces
756 4408 767 4448 :
802 4396 855 4449 et
875 4391 1020 4464 quia
1045 4392 1200 4449 oculi
1224 4392 1309 4448 tui
1333 4406 1513 4463 super
1538 4408 1640 4448 eos
1665 4397 1822 4459 sunt,
1845 4394 1949 4466 qui
1982 4395 2025 4449 D
2059 4392 2358 4448 vocaverit
2385 4405 2517 4457 vos,
2545 4393 2601 4445 et
2630 4389 2843 4445 dixerit
2868 4404 2884 4445 :
2921 4387 3095 4455 Quod
3120 4390 3209 4444 est
3226 4403 3380 4461 opus
3399 4391 3663 4447 vestrum
3685 4388 3713 4444 ‘I

294 4488 351 4539 te
380 4486 687 4548 metuunt;
721 4480 947 4537 timoris
973 4481 1058 4535 tui
1083 4480 1162 4536 da
1180 4480 1355 4537 nobis
1382 4480 1814 4551 plenitudinem
1847 4504 1861 4539 :
1886 4486 1951 4539 ut

292 4575 351 4627 et
362 4570 682 4642 agnitionis
695 4574 808 4626 tuae
824 4569 999 4626 nobis
1013 4570 1284 4627 conferas
1295 4569 1721 4640 largitatemJt.
1737 4575 1948 4630 Amen.

366 4662 474 4715 Per
498 4660 972 4715 misericordiam
1003 4662 1196 4716 tuam.

366 4747 713 4817 Antiphona
730 4752 780 4803 3.
800 4746 1067 4803 Redimet
1088 4747 1372 4804 Dominus
1395 4746 1629 4803 animas
1641 4763 1946 4804 servorum

294 4851 545 4892 suorum
580 4851 594 4892 :
624 4841 679 4891 et
706 4851 828 4891 non
853 4834 1225 4907 derelinquat
1253 4851 1465 4892 omnes
1488 4837 1594 4908 qui
1621 4841 1865 4908 sperant
1885 4837 1947 4893 in

292 4940 454 4979 eum.
489 4925 761 4979 Psalmus
789 4939 981 4980 XXXIII.

367 5013 598 5068 Oratio.
640 5011 955 5067 Benedicat
981 5017 1037 5068 te
1071 5012 1322 5068 Domine
1352 5013 1413 5069 in
1456 5013 1623 5069 omni
1678 5016 1947 5086 tempore

289 5101 494 5157 anima
521 5105 729 5156 nostra
760 5118 772 5156 :
808 5100 955 5171 quia
993 5104 1049 5155 et
1078 5101 1139 5156 in
1168 5099 1417 5170 ﬂagellis
1447 5101 1665 5157 nostris
1711 5117 1947 5173 semper

289 5188 889 5245 adestmisericordia
905 5193 1008 5244 tua
1039 5205 1052 5244 :
1089 5188 1755 5261 dumnosetdisciplina
1770 5190 1948 5246 corri-

288 5278 409 5350 gis,
424 5285 480 5333 et
499 5276 871 5345 indulgentia
888 5276 1052 5332 foves
1081 5295 1093 5332 :
1110 5277 1256 5333 dum
1269 5279 1656 5350 percutiendo
1675 5295 1874 5345 sanas,
1890 5283 1947 5335 et

290 5366 566 5423 sanando
583 5365 937 5421 corroboras
963 5382 977 5420 :
1006 5366 1168 5421 dona
1184 5366 1363 5435 igitur
1374 5366 1571 5432 nobis,
1588 5367 1763 5440 utqui
1777 5373 1944 5423 tuam

286 5456 350 5511 in
374 5454 902 5525 ﬁde;gustavimus
934 5454 1730 5527 suavitatem,plenissimam
1764 5455 1944 5528 perci-

288 5542 533 5616 piamus
571 5542 635 5599 in
662 5541 1046 5613 retributione
1075 5542 1481 5609 dulcedinem.
1514 5554 1581 5616 1p.
1609 5547 1821 5602 Amen.

2059 4478 2515 4553 Respondebitis
2553 4497 2567 4534 :
2599 4477 2710 4534 Viri
2727 4481 2997 4551 pastores
3017 4494 3229 4535 sumus
3244 4477 3397 4534 servi
3409 4478 3511 4544 tui,
3534 4477 3714 4534 abin-

2058 4570 2245 4626 fantia
2258 4573 2465 4625 nostra
2487 4583 2683 4640 usque
2698 4567 2756 4623 in
2782 4582 3070 4640 praesens,
3094 4570 3151 4624 ct
3170 4582 3283 4624 nos
3306 4573 3361 4622 et
3380 4571 3581 4639 patres
3604 4581 3715 4623 no-

2061 4657 2186 4714 stri.
2216 4661 2349 4714 Haec
2365 4662 2567 4714 autem
2584 4656 2811 4726 dicetis,
2837 4659 2900 4712 ut
2916 4654 3190 4714 habitare
3214 4655 3455 4727 possitis
3475 4655 3537 4710 in
3558 4658 3714 4712 terra

2059 4748 2279 4803 Gessen
2312 4764 2328 4800 :
2359 4746 2503 4818 quia
2531 4744 2899 4801 detestantur
2918 4744 3175 4816 Egyptii
3202 4758 3414 4800 omnes
3439 4746 3713 4815 pastores

2057 4836 2277 4891 ovium.
2300 4835 2476 4905 (Cap.
2493 4836 2694 4905 XLVII.)
2708 4837 3018 4901 Ingressus
3030 4847 3171 4902 ergo
3182 4829 3401 4903 Ioseph
3416 4830 3714 4888 nuntiavit

2058 4922 2374 4988 Pharaoni,
2407 4923 2610 4977 dicens
2645 4939 2658 4974 :
2690 4924 2857 4977 Pater
2878 4935 3051 4975 meus
3082 4923 3139 4975 et
3165 4918 3376 4975 fratres
3406 4919 3544 4985 mei,
3567 4933 3711 4976 oves

2056 5027 2265 5068 eorum
2296 5014 2353 5067 et
2380 5013 2673 5077 armenta,
2706 5013 2764 5065 et
2783 5012 3000 5064 cuncta
3028 5024 3165 5081 quae
3187 5008 3515 5080 possident,
3536 5023 3712 5065 vene-

2054 5108 2193 5156 runt
2223 5100 2298 5154 de
2327 5105 2484 5156 terra
2517 5098 2804 5155 Chanaan
2840 5119 2854 5154 :
2886 5101 2941 5153 et
2961 5113 3095 5153 ecce
3116 5098 3451 5155 consistunt
3472 5098 3534 5154 in
3556 5102 3711 5153 terra

2056 5192 2296 5246 Gessen.
2316 5192 2621 5245 Extremos
2639 5203 2883 5261 quoque
2908 5186 3157 5243 fratrum
3171 5202 3417 5243 suorum
3440 5186 3710 5259 quinque

2053 5278 2215 5333 viros
2248 5279 2449 5333 statuit
2496 5292 2699 5333 coram
2730 5291 2868 5346 rege
2900 5292 2912 5331 :
2943 5292 3095 5348 quos
3135 5275 3225 5330 ille
3264 5274 3651 5344 interrogavit
3690 5288 3706 5327 :

2056 5367 2208 5431 Quid
2221 5367 2455 5422 habetis
2467 5367 2663 5438 Operis
2689 5384 2701 5422 :
2718 5365 3173 5437 Responderunt
3198 5367 3496 5421 :Pastores
3507 5360 3708 5416 ovium

2056 5470 2267 5510 sumus
2298 5454 2453 5511 servi
2472 5454 2575 5523 tui,
2596 5459 2653 5511 et
2675 5469 2789 5511 nos
2822 5457 2879 5510 et
2894 5458 3094 5527 patres
3109 5453 3315 5509 nostri.
3342 5450 3433 5506 Ad
3454 5444 3713 5521 peregri-

2055 5544 2326 5599 nandum
2356 5542 2415 5598 in
2457 5547 2611 5600 terra
2652 5546 2758 5599 tua
2786 5541 3063 5599 venimus
3096 5557 3110 5594 :
3140 5538 3427 5612 quoniam
3463 5545 3585 5603 non
3613 5531 3706 5585 est
