4160 6442
466 297 577 388 343‘
1681 294 1684 296 ’
1715 289 2106 378 BREVIARID

2251 293 2598 376 OTHICUM.
3773 309 3894 366 344

465 453 654 511 herba
689 450 972 522 gregibus
1015 463 1325 508 servorum
1353 450 1614 517 tuorum,
1661 447 2102 518 ingravescente
2134 446 2181 498 A
2285 446 2347 498 In
2376 441 2488 497 illis
2512 441 2723 497 diebus
2748 457 2759 494 :
2781 439 2948 496 Venit
2973 439 3182 494 cuncta
3201 434 3497 508 Egyptus
3518 435 3596 490 ad
3615 434 3892 507 Joseph,

465 540 624 598 fame
664 523 909 596 interra
943 537 1252 600 Chanaan,
1281 537 1659 608 petimusque
1703 541 1766 588 ut
1815 549 1948 588 esse
1995 547 2104 586 nos
2213 530 2416 586 dicens
2444 534 2556 588 :Da
2582 530 2754 584 nobis
2777 545 2964 599 panes
2998 525 3524 597 :quaremorimur
3542 540 3763 578 coram
3802 528 3889 592 te,

462 629 680 700 jubeas
711 643 913 682 servos
933 631 1067 681 tuos
1098 641 1154 680 in
1179 630 1334 680 terra
1357 627 1592 679 Gessen.
1621 623 1769 678 Dixit
1788 623 1987 692 itaque
2006 635 2105 673 rex
2213 618 2519 672 deﬁciente
2532 616 3062 688 pecunia‘l’Quihus
3083 613 3176 667 ille
3194 611 3504 684 respondit
3533 629 3546 666 :
3569 611 3893 667 Adducite

467 717 546 774 ad
573 715 789 786 Joseph
823 731 836 766 :
869 714 1039 769 Pater
1077 719 1211 768 tuus
1252 717 1306 767 et
1349 712 1556 767 fratres
1587 715 1873 766 venerunt
1913 708 1989 763 ad
2030 713 2101 762 te.
2212 720 2428 775 pecora
2455 711 2664 767 vestra,
2697 709 2752 758 et
2777 703 2935 758 dabo
2964 703 3135 757 vobis
3163 718 3272 772 pro
3303 701 3384 756 eis
3403 700 3589 761 cibos,
3641 701 3689 754 si
3742 715 3893 770 pre-

465 806 641 860 Terra
667 803 910 874 Egypti
929 803 990 856 in
1019 805 1340 871 conspectu
1366 803 1464 854 tuo
1489 805 1576 854 est
1604 816 1616 853 :
1640 799 1699 854 in
1728 799 1952 870 optimo
1974 797 2104 852 loco
2215 792 2360 846 tium
2389 808 2509 846 non
2540 793 2792 846 habetis.
2821 793 2961 856 Quae
2991 806 3125 845 cum
3145 788 3554 852 adduxissent,
3585 787 3765 842 dedit
3793 788 3889 842 eis

465 889 559 947 fac
575 889 843 946 habitare
873 905 993 954 eos,
1028 895 1082 943 et
1111 889 1272 942 trade
1306 888 1390 942 eis
1430 894 1644 943 terram
1672 890 1912 943 Gessen.
1938 884 2105 950 Quod
2214 879 2496 935 alimenta
2534 896 2643 951 pro
2673 881 2866 950 equis.
2907 887 2961 934 et
2989 878 3227 943 ovibus,
3274 882 3330 931 et
3375 874 3588 940 bobus,
3636 882 3697 931 et
3746 875 3889 931 asi-

470 977 518 1034 si
556 976 710 1033 nosti
739 977 801 1032 in
831 976 915 1032 eis
947 991 1073 1030 esse
1111 975 1265 1029 viros
1294 974 1636 1039 industrios,
1671 975 1960 1029 constitue
2005 989 2106 1028 eos
2215 967 2309 1022 nis
2340 987 2355 1034 ;
2389 968 2849 1039 sustentavitque
2890 982 2990 1021 eos
3030 965 3129 1020 illo
3183 979 3343 1019 anno
3377 980 3486 1035 pro
3528 967 3887 1019 commuta-

469 1065 787 1134 magistros
816 1078 1100 1137 pecorum
1130 1077 1420 1116 meorum.
1459 1062 1744 1117 Posthaec
1785 1061 2108 1116 introduxit
2216 1055 2372 1110 tione
2424 1071 2734 1126 pecorum.
2799 1057 3207 1124 Veneruntque
3253 1067 3412 1107 anno
3470 1051 3767 1122 secundo,
3824 1055 3887 1107 et

466 1150 1195 1222 Josephpatremsuumad
1212 1149 1888 1218 Regem,etstatuiteum
1904 1163 2107 1202 coram
2215 1141 2488 1197 dixerunt
2517 1143 2566 1197 ei
2599 1158 2610 1195 :
2649 1144 2774 1196 Non
2802 1142 3129 1196 celabimus
3163 1141 3409 1196 domino
3453 1144 3662 1195 nostro
3698 1139 3885 1210 quod

468 1254 538 1295 eo
568 1253 579 1292 :
607 1239 710 1309 qui
728 1237 1200 1300 benedicensilli,
1223 1243 1276 1291 et
1301 1239 1700 1306 interrogatus
1725 1238 1802 1292 ab
1824 1253 1893 1292 eo
1918 1253 1930 1290 :
1958 1238 2108 1301 Quot
2216 1229 2520 1284 deﬁciente
2551 1230 2824 1300 pecunia,
2858 1245 3073 1300 pecora
3113 1229 3287 1283 simul
3327 1228 3671 1283 defecerunt
3716 1249 3730 1282 :
3760 1243 3886 1283 nec

469 1329 607 1380 sunt
659 1326 782 1380 dies
839 1341 1136 1381 annorum
1176 1325 1312 1379 vitae
1358 1330 1471 1378 tuae
1509 1326 1536 1381 7
1578 1325 1900 1396 Respondit
1933 1341 1945 1378 :
1980 1324 2108 1378 Dies
2217 1317 2371 1373 clam
2403 1324 2454 1373 te
2481 1324 2584 1383 est,
2613 1318 2843 1389 absque
2874 1317 3184 1388 pecoribus
3204 1323 3260 1371 et
3282 1321 3434 1372 terra
3468 1315 3618 1370 nihil
3643 1316 3887 1371 habea-

465 1413 963 1485 peregrinationis
979 1414 1110 1467 vitae
1129 1428 1276 1468 meae
1303 1418 1540 1467 centum
1565 1412 1800 1480 triginta
1812 1427 2109 1468 annorum
2217 1421 2370 1459 mus.
2405 1407 2517 1460 Cur
2546 1422 2685 1473 ergo
2707 1407 2996 1460 morimur
3021 1411 3073 1460 te
3094 1405 3328 1459 vidente
3355 1404 3382 1459 ?
3412 1408 3469 1458 et
3489 1419 3603 1458 nos
3629 1409 3686 1458 et
3711 1409 3886 1459 terra

467 1505 621 1565 sunt,
665 1501 828 1572 parvi
866 1505 922 1555 et
952 1499 1112 1563 mali,
1142 1505 1198 1554 et
1229 1515 1345 1554 non
1377 1506 1775 1570 pervenerunt
1803 1515 1990 1570 usque
2031 1499 2109 1553 ad
2216 1497 2418 1548 nostra
2449 1493 2530 1548 tui
2560 1494 2781 1547 erimus
2813 1509 2824 1546 :
2859 1508 2989 1547 eme
3016 1507 3125 1547 nos
3149 1493 3207 1546 in
3236 1491 3578 1546 servitutem
3611 1491 3878 1561 regiam,

464 1587 590 1644 dies
626 1593 863 1659 patrum
895 1603 1170 1642 meorum
1206 1587 1424 1657 quibus
1455 1588 1812 1658 peregrinati
1856 1592 2009 1642 sunt.
2045 1585 2110 1641 Et
2217 1586 2273 1636 et
2297 1581 2497 1652 praebe
2547 1581 2796 1646 semina,
2839 1595 2913 1636 ne
2949 1585 3232 1651 pereunte
3286 1578 3510 1635 cultore
3562 1579 3883 1649 redigatur

462 1675 774 1730 benedicta
824 1690 984 1745 rege,
1035 1689 1312 1743 egressus
1361 1680 1447 1730 est
1481 1676 1662 1732 foras.
1712 1677 1931 1746 Joseph
1965 1690 2108 1729 vero
2218 1667 3448 1738 terrainsolitudinem.EmitigiturJoseph
3481 1682 3728 1722 omnem
3761 1673 3878 1722 ter-

463 1763 613 1834 patri
631 1763 978 1818 etfratrihus
997 1763 1118 1816 suis
1132 1762 1293 1817 dedit
1309 1763 1826 1833 possessionemin
1849 1764 2106 1833 Egypto
2138 1781 2181 1834 Β
2214 1773 2343 1812 ram
2356 1757 2612 1828 Egypti,
2635 1756 3024 1811 vendentibus
3037 1755 3708 1827 singulispossessiones
3723 1773 3876 1812 suas

463 1849 2101 1921 optimolocoterrte,Ramesses,utpraeceperatPhai-ao.
2214 1859 2336 1916 prae
2363 1844 2770 1914 magnitudine
2797 1843 2998 1899 famis.
3029 1845 3410 1914 Subjecitque
3442 1859 3575 1899 eam
3602 1843 3872 1899 Pharao-

464 1940 530 1992 Et
555 1937 751 1992 alebat
776 1952 901 2005 eos,
929 1953 1287 2009 omnemque
1317 1937 1567 1993 domum
1599 1939 1782 2009 patris
1814 1938 1925 2004 sui,
1961 1953 2104 2008 prae-
2212 1932 2297 1995 ni,
2321 1936 2378 1986 et
2415 1937 2659 1986 cunctos
2681 1931 2932 2002 populos
2963 1931 3111 2000 ejus,
3149 1947 3184 1986 a
3212 1930 3561 1985 novissimis
3595 1931 3866 1986 terminis

460 2024 610 2080 hens
636 2025 859 2080 cibaria
885 2021 1153 2095 singulis.
1193 2037 1257 2095 ﬁ.
1290 2030 1496 2080 Amen.
2213 2020 2447 2090 .‘Egypti
2471 2035 2659 2089 usque
2677 2019 2753 2073 ad
2766 2025 3058 2074 extremos
3076 2019 3224 2073 fines
3244 2019 3394 2088 ejus,
3414 2024 3624 2090 praeter
3641 2024 3863 2074 terram

525 2113 818 2182 Hymnus.
848 2113 1000 2167 Deus
1024 2115 1222 2168 aeterni
1248 2113 1514 2170 luminis.
1536 2115 1648 2183 fol.
1679 2117 1766 2170 98.
1795 2113 2099 2182 Capitula.
2212 2109 2606 2172 sacerdotum,
2642 2107 2854 2177 quibus
2896 2111 3114 2162 statuta
3140 2105 3359 2161 cibaria
3397 2122 3465 2162 ex
3507 2106 3734 2161 horreis
3754 2123 3863 2178 pu-

457 2200 706 2257 Domine
735 2200 898 2274 apud
927 2215 1129 2270 quem.
1155 2201 1276 2269 fol.
1318 2205 1444 2256 151.
2211 2195 2377 2250 blicis
2396 2194 2896 2266 provehebantur,
2922 2197 3101 2265 quaaa
3121 2209 3260 2263 rege
3275 2194 3484 2249 tradita
3501 2194 3734 2249 fuerant
3750 2195 3861 2261 eis,

521 2288 750 2344 Lauda.
781 2291 860 2342 Ne
885 2287 1118 2342 auferas
1143 2287 1217 2344 de
1243 2303 1343 2343 ore
1381 2304 1515 2344 meo
1531 2288 1783 2344 verbum
1813 2288 2096 2356 veritatis,
2219 2284 2387 2354 192
2419 2287 2474 2338 et
2502 2283 2720 2337 idcirco
2743 2298 2865 2338 non
2892 2289 3029 2338 sunt
3056 2283 3346 2353 compulsi
3367 2282 3618 2337 vendere
3638 2297 3868 2352 posses-

448 2376 694 2430 Domine
727 2392 742 2430 :
777 2375 844 2430 P.
879 2375 1028 2440 Quia
1047 2375 1105 2430 in
1130 2375 1373 2444 judiciis
1407 2376 1522 2431 tuis
1551 2375 1800 2448 speravi.
1833 2375 1980 2436 V.Et
2004 2392 2099 2430 ve-
2212 2371 2410 2425 siones
2441 2385 2601 2426 suas.
2634 2370 2903 2441 Dixitque
2933 2371 3152 2441 Joseph
3189 2370 3266 2425 ad
3296 2369 3586 2442 populum
3623 2389 3634 2428 :
3667 2373 3751 2424 En
3799 2375 3870 2426 ut

447 2463 572 2518 niat
603 2477 783 2534 super
807 2478 901 2518 me
942 2463 1346 2519 misericordia
1390 2468 1492 2519 tua
1522 2463 1770 2519 Domine
1799 2480 1812 2518 :
1843 2463 2098 2520 salutare
2209 2457 2463 2531 cernitis,
2493 2465 2548 2511 et
2575 2473 2686 2512 VOS
2714 2463 2769 2513 et
2793 2463 3008 2512 terram
3029 2463 3289 2513 Vestram
3308 2457 3820 2529 Pharaopossidet
3847 2478 3861 2516 :

445 2555 636 2620 tuum,
690 2555 747 2606 et
803 2550 1105 2621 eloquium
1163 2555 1329 2607 tuum
1374 2553 1499 2608 :P.
1550 2551 1699 2617 Quia
1734 2551 1795 2606 in
1836 2551 2095 2621 judiciis.
2207 2545 2452 2616 accipite
2497 2545 2744 2612 semina,
2769 2550 2825 2601 et
2854 2545 3020 2600 serite
3048 2561 3246 2616 agros,
3299 2551 3364 2602 ut
3403 2546 3600 2617 fruges
3638 2545 3864 2601 habere

445 2635 513 2696 ν.
546 2635 759 2703 Gloria,
794 2641 849 2692 et
872 2637 1066 2693 honor
1093 2639 1271 2704 Patri,
1302 2641 1409 2693 etc.
1444 2640 1514 2695 P.
1555 2637 1802 2702 Quiain.
2205 2633 2465 2704 possitis.
2499 2632 2778 2698 Quintam
2799 2639 3020 2704 partem
3048 2634 3172 2704 regi
3197 2633 3417 2690 dabitis
3447 2641 3749 2707 :quatuor
3765 2649 3865 2688 re-

485 2721 490 2729 ’
520 2723 752 2780 Oratio.
782 2726 904 2779 Tua
929 2740 1108 2796 super
1140 2739 1269 2793 nos,
1299 2725 1567 2795 Domine,
1592 2725 2022 2790 misericordia,
2040 2729 2095 2781 te
2205 2720 2399 2792 liquas
2425 2721 2699 2792 permitto
2725 2721 2897 2776 vobis
2946 2721 3007 2775 in
3066 2727 3414 2787 sementem,
3449 2727 3506 2777 et
3544 2721 3605 2775 in
3653 2720 3860 2776 Cibum

445 2811 591 2867 dum
607 2827 910 2882 rogamus,
939 2813 1215 2869 adveniat
1244 2833 1256 2871 :
1293 2819 1580 2885 tuumque
1597 2813 1853 2869 salutare
1871 2829 1973 2869 cor
1992 2830 2094 2870 no-
2204 2807 2441 2864 famulis
2469 2813 2521 2864 et
2555 2808 2753 2864 liberis
2785 2808 3136 2874 vestris.Qui
3163 2811 3597 2882 responderunt
3628 2829 3639 2867 :
3680 2807 3852 2864 Salus

445 2900 1394 2973 strumerudiat;eloquiieruditio
1409 2906 1659 2956 mentem
1674 2905 2090 2958 nostramenu-
2201 2902 2405 2951 nostra
2429 2897 2488 2951 in
2531 2911 2714 2952 manu
2742 2904 2843 2952 tua
2871 2900 2958 2953 est
2991 2914 3004 2952 :
3045 2898 3320 2968 respiciat
3348 2913 3455 2952 nos
3476 2897 3852 2952 tantumdem

443 2987 577 3044 triat
595 3008 615 3045 :
646 2991 709 3044 ut
731 2988 834 3060 qui
861 2988 919 3043 in
945 2988 1060 3044 tuis
1086 3004 1399 3060 speramus
1422 2989 1824 3056 sermonibus,
1847 2989 1964 3045 tuis
1988 3005 2092 3060 per
2200 2983 2479 3039 dominus
2502 2989 2700 3039 noster
2725 2988 2780 3038 et
2798 2983 2913 3039 laeti
2947 2986 3270 3041 serviemus
3299 2987 3442 3054 regi.
3481 2988 3564 3040 Ex
3605 3000 3676 3041 eo
3708 2989 3854 3040 tem-

441 3075 644 3132 omnia
666 3074 1048 3131 consolemur
1073 3076 1389 3132 virtutibus
1413 3092 1428 3141 ;
1462 3091 1531 3131 ac
1551 3077 1698 3131 dum
1723 3093 1857 3148 spes
1882 3082 2092 3133 nostra
2121 3116 2162 3171 Ο
2204 3087 2345 3143 pore
2369 3087 2553 3142 usque
2579 3071 2642 3126 in
2668 3077 3022 3142 praesentem
3047 3073 3228 3142 diem,
3260 3074 3321 3128 in
3378 3073 3660 3130 universa
3697 3078 3854 3130 terra

441 3162 503 3218 in
524 3166 580 3217 te
608 3161 896 3231 dirigitur,
929 3163 1054 3233 spei
1072 3163 1259 3234 ipsius
1283 3168 1399 3218 ate
1431 3163 1606 3219 nobis
1636 3163 1837 3235 petitio
1885 3179 2092 3221 conce-
2125 3158 2162 3171 ν
2202 3158 2716 3230 Εεγρίίννθεὼιιε
2738 3160 2946 3229 quinta
2967 3177 3107 3232 Pars
3138 3160 3397 3226 εοΙνίῐυΡ,
3429 3166 3485 3216 et
3508 3161 3737 3216 factum
3762 3165 3857 3216 est

443 3250 643 3306 datur.
684 3260 748 3320 It.
781 3254 993 3305 Amen.
2202 3247 2376 3318 quasi
2401 3246 2687 3314 inlegem,
2708 3247 2936 3318 absque
2951 3254 3102 3304 terra
3119 3249 3857 3321 sacerdotali,quaslibera

514 3338 624 3392 Per
650 3337 1122 3393 misericordiam
1152 3342 1342 3394 tuam.
2201 3335 2280 3391 ab
2309 3336 2422 3390 hac
2451 3334 2787 3390 conditione
2827 3337 2950 3390 fuit.
2986 3349 3048 3407 3;.
3083 3339 3287 3393 Amen.
3566 3336 3571 3342 ’

481 3433 486 3436 '
688 3425 1144 3506 Prona-brorum
1163 3427 1503 3483 Salomonis
1535 3428 1708 3499 (Cap.
1738 3429 1841 3496 xi).
2271 3422 2618 3492 Antiphona
2651 3428 2700 3477 1.
2731 3424 2942 3495 Populi
2971 3425 3411 3482 conﬁtebuntur
3438 3426 3546 3482 tibi
3581 3427 3641 3482 in
3685 3431 3855 3482 aeter-

514 3524 577 3581 Ην.
618 3515 738 3568 Deo
759 3513 1009 3582 gratias.
2204 3527 2368 3580 num,
2404 3515 2461 3565 et
2478 3511 2538 3565 in
2563 3510 2849 3567 saeculum
2872 3513 3090 3568 saeculi.
3119 3516 3396 3570 Psalmus
3417 3531 3563 3571 κων.

514 3599 638 3662 Fili,
664 3599 1025 3654 desiderium
1044 3600 1340 3669 justorum
1360 3618 1537 3657 omne
1556 3603 1786 3658 bonum
1800 3607 1886 3657 est
1908 3621 1921 3660 :
1947 3617 2094 3672 prae-
2278 3599 2502 3655 Oratio.
2536 3601 2646 3655 Fac
2658 3616 2765 3655 nos
2778 3600 3026 3656 Domine
3046 3601 3288 3672 diligere
3291 3605 3316 3673 j
3328 3604 3590 3659 ustitiam
3611 3607 3669 3660 et
3688 3605 3860 3660 odire

446 3685 679 3742 stolatio
695 3686 1013 3756 impiorum
1038 3687 1222 3745 furor.
1244 3689 1349 3744 Alii
1369 3689 1643 3746 dividunt
1660 3690 1923 3762 propria,
1939 3693 1996 3744 et
2011 3689 2097 3744 di-
2207 3688 2578 3760 iniquitatem
2614 3703 2626 3743 :
2656 3704 2725 3744 ac
2739 3704 2842 3761 per
2856 3695 2929 3756 te,
2946 3690 3327 3763 speciemque
3341 3697 3506 3748 tuam
3523 3696 3580 3748 et
3598 3691 3864 3764 pulchri-

446 3774 624 3829 tiores
643 3774 792 3829 ﬁunt
821 3793 834 3832 :
869 3774 968 3830 alii
989 3778 1232 3847 rapiunt
1252 3793 1373 3832 non
1391 3793 1518 3844 sua,
1547 3784 1603 3833 et
1619 3791 1855 3849 semper
1875 3777 1935 3831 in
1961 3792 2094 3844 ege-
2208 3777 2472 3834 tudinem
2490 3783 2810 3844 currentes,
2832 3779 3088 3835 deducat
3107 3795 3217 3835 nos
3239 3779 3590 3836 mirabiliter
3609 3781 3863 3840 dextera

447 3865 594 3917 state
626 3865 779 3917 sunt.
803 3861 1034 3932 Anima,
1067 3879 1200 3936 quae
1229 3864 1545 3929 benedicit,
1575 3863 2050 3936 impinguabitur
2082 3880 2094 3919 :
2208 3870 2308 3922 tua
2340 3883 2352 3921 :
2385 3871 2440 3922 et
2469 3866 2822 3923 mortiﬁcata
2842 3867 2903 3922 in
2926 3868 3098 3923 nobis
3125 3869 3423 3924 incentiva
3443 3869 3858 3927 fornicationis

447 3954 504 4006 et
531 3949 636 4021 qui
675 3949 946 4020 inebriat,
971 3952 1092 4023 ipse
1113 3967 1355 4025 quoque
1383 3952 1794 4008 inebriabitur.
1825 3952 1936 4016 Qui
1960 3952 2092 4006 abs-
2205 3953 2469 4019 libidine,
2502 3955 2746 4026 accinge
2772 3955 3012 4012 lumbos
3049 3961 3286 4012 nostros
3315 3955 3516 4026 gladio
3564 3959 3860 4015 castitatis

450 4037 652 4093 con'dit
671 4037 986 4108 frumenta,
1013 4039 2098 4112 malediceturinpopulo:benedictio
2209 4053 2272 4114 3;.
2312 4047 2519 4098 Amen.

451 4131 650 4184 autem
691 4143 870 4200 super
909 4135 1090 4201 caput
1132 4131 1545 4187 vendentium.
1593 4132 1744 4185 Bene
1798 4129 2101 4199 consurgit
2281 4133 2402 4185 Per.

450 4214 712 4273 diluculo
749 4218 853 4290 qui
881 4219 1095 4290 quaerit
1121 4219 1286 4274 bona
1316 4234 1329 4284 ;
1356 4219 1462 4290 qui
1495 4221 1696 4274 autem
1716 4217 2102 4286 investigator
2279 4218 2630 4286 ΑηιὶρΙιοηα
2643 4223 2696 4274 2.
2721 4218 3004 4274 Dominus
3033 4220 3645 4278 virtutumnobiscum
3677 4239 3691 4278 :
3729 4239 3862 4280 sus-

450 4304 747 4360 malorum
787 4310 896 4370 est,
921 4306 1296 4378 opprimetur
1333 4305 1412 4362 ab
1447 4305 1550 4360 eis.
1603 4305 1713 4370 Qui
1763 4305 2010 4361 conﬁdit
2040 4305 2100 4361 in
2210 4310 2407 4377 ceptor
2435 4311 2632 4362 noster
2657 4307 2812 4362 Deus
2833 4307 3036 4362 Jacob.
3065 4307 3333 4364 Psalmus
3353 4327 3489 4367 XLV.

451 4389 669 4446 divitiis
699 4391 840 4460 suis,
863 4400 1133 4450 corruet:
1163 4392 1312 4463 justi
1334 4397 1534 4448 autem
1574 4394 1746 4463 quasi
1795 4395 1989 4448 virens
2015 4394 2100 4450 fo-
2283 4394 2504 4450 Oratio.
2542 4397 2716 4461 Deus,
2747 4396 2933 4450 virtus
2967 4401 3022 4451 et
3058 4395 3356 4464 refugium
3384 4403 3678 4465 nostrum,
3733 4406 3864 4458 esto

453 4480 600 4535 lium
625 4481 1072 4551 germinabunt.
1119 4481 1227 4544 Qui
1259 4481 1576 4536 conturbat
1619 4481 1870 4538 domum
1902 4498 2098 4551 suam,
2133 4465 2174 4516 D
2209 4481 2385 4538 nobis
2405 4481 2642 4552 adjutor
2665 4483 2723 4537 in
2753 4483 3160 4542 tribulatione:
3185 4485 3420 4541 utnullo
3443 4487 3630 4543 modo
3650 4495 3865 4547 nostra

454 4568 720 4641 possidet
739 4573 948 4626 ventos
982 4585 994 4623 :
1031 4571 1086 4622 et
1106 4568 1207 4639 qui
1231 4567 1561 4638 stultusest,
1595 4571 1805 4627 serviet
1826 4572 2099 4643 sapienti.
2210 4570 3352 4642 metuatconscientia,cumtejudicante
3366 4575 3725 4632 conturbata
3741 4577 3867 4634 fue-

457 4659 698 4714 Fructus
718 4659 1018 4726 justorum
1045 4655 1276 4725 lignum
1299 4656 1470 4723 vitae;
1503 4663 1560 4714 et
1583 4659 1684 4731 qui
1699 4660 1943 4732 suscipit
1973 4661 2103 4715 ani-
2209 4658 2450 4714 ritterra
2481 4677 2492 4716 :
2531 4657 2792 4713 ﬂuminis
2811 4660 3182 4730 tuiimpetus,
3215 4665 3528 4733 tamquam
3547 4663 3611 4718 in
3634 4667 3864 4722 sanctis

458 4760 646 4813 mam,
668 4745 1036 4815 sapiensest.
1065 4744 1122 4798 Si
1143 4743 1340 4812 justus
1367 4746 1426 4800 in
1449 4751 1615 4802 terrae
1634 4748 1857 4819 recipit,
1877 4750 2102 4820 quanto
2211 4746 2326 4802 tuis
2351 4745 2648 4811 habitans,
2675 4745 2932 4803 laetiﬁcat
2945 4749 3248 4804 Civitatem
3270 4755 3477 4820 :atque
3497 4751 3558 4806 in
3574 4768 3646 4808 ea
3659 4760 3866 4810 sumat

459 4835 654 4904 magis
691 4835 912 4905 impius
937 4837 994 4889 et
1033 4838 1309 4906 peccator
1336 4838 1363 4892 ?
1394 4838 1570 4909 (Cap.
1609 4840 1728 4907 xu.)
1755 4839 1862 4904 Qui
1914 4838 2105 4908 diligit
2212 4849 2282 4889 ex
2309 4833 2470 4888 vultu
2503 4839 2604 4889 tuo
2634 4835 3000 4904 adjutorium
3034 4854 3046 4888 :
3081 4853 3216 4892 cum
3253 4838 3447 4894 Sancti
3479 4840 3749 4911 Spiritus,
3807 4849 3863 4898 te

457 4921 854 4993 disciplinam,
885 4921 1073 4994 diligit
1106 4923 1410 4981 scientiam
1441 4947 1452 4984 :
1493 4927 1591 4998 qui
1629 4931 1828 4983 autem
1857 4927 1983 4982 odit
2020 4927 2105 4980 in-
2212 4921 2516 4990 largiente,
2550 4924 2876 4994 perceperit
2905 4925 3152 4980 donum.
3190 4938 3253 4992 ny.
3276 4932 3482 4983 Amen.

459 5010 852 5081 crepationes,
875 5011 1156 5083 insipiens
1187 5021 1289 5067 est.
1343 5015 1451 5080 Qui
1505 5015 1696 5071 bonus
1751 5019 1838 5070 est
1875 5015 2105 5070 hauriet
2283 5013 2387 5066 Per
2416 5013 2903 5066 miscricordiam.

461 5098 572 5154 sibi
594 5098 842 5167 gratiam
870 5115 905 5155 a
933 5101 1182 5155 Domino
1216 5119 1228 5156 :
1263 5103 1364 5174 qui
1394 5108 1594 5159 autem
1639 5102 1882 5157 conﬁdit
1919 5101 1980 5154 in
2010 5115 2104 5155 co-
2285 5100 2632 5166 Antz'phona
2664 5104 2712 5153 3.
2753 5103 2901 5154 Deus
2926 5101 2983 5154 in
3005 5102 3247 5157 nomine
3275 5108 3375 5157 tuo
3390 5103 3586 5159 salvos
3616 5121 3728 5162 nos
3746 5107 3865 5177 fac,

461 5187 850 5258 gitationibus
892 5190 1033 5260 suis,
1062 5189 1240 5261 impie
1269 5193 1408 5260 agit.
1439 5195 1566 5247 Non
1586 5189 1968 5246 roborabitur
2000 5189 2102 5243 ho-
2215 5192 2270 5242 et
2298 5187 2357 5241 in
2386 5188 2595 5241 virtute
2623 5193 2723 5240 tua
2747 5187 2929 5242 libera
2954 5205 3086 5245 nos.
3109 5192 3261 5245 Deus
3279 5192 3497 5247 exaudi
3527 5196 3868 5253 orationem

461 5293 562 5335 mo
587 5293 658 5333 ex
687 5278 984 5349 impietate
1013 5297 1026 5338 :
1058 5279 1294 5336 etradix
1308 5281 1608 5350 justorum
1623 5293 1742 5333 non
1767 5293 2106 5334 commove-
2218 5281 2499 5332 nostram.
2539 5275 2811 5332 Psalmus
2843 5293 2958 5332 Llll.

460 5365 637 5422 bitur.
667 5377 727 5438 Et.
753 5371 962 5423 Amen.
2286 5376 2347 5432 Β).
2382 5363 2648 5428 Domine,
2682 5365 2961 5421 miserere
2990 5367 3166 5422 nobis
3198 5385 3210 5422 :
3254 5371 3305 5422 te
3339 5369 3498 5424 enim
3530 5376 3867 5444 expectavi-

745 5455 941 5513 Lectio
973 5455 1112 5510 libri
1143 5454 1374 5510 Genesis
1415 5453 1586 5523 (Cap.
1620 5453 1820 5522 xw").
2217 5449 2591 5506 mustotadie
2624 5468 2637 5505 :
2670 5452 3868 5532 estobrachiumnostruminfortitudine,

535 5554 597 5614 ﬁ.
628 5544 744 5601 Deo
777 5544 1020 5613 gratias.
2216 5543 2274 5594 et
2293 5537 2454 5594 salus
2480 5543 2701 5596 nostra.
2730 5540 2798 5598 P.
2830 5543 2892 5596 In
2920 5546 3183 5613 tempore
3217 5541 3720 5610 tribulationis.V.
3756 5553 3870 5608 Do-
