4160 6442
493 343 600 422 3.47

1751 334 2209 419 eameam“
2245 333 2633 420 GOTHICUM.

3792 337 3921 402 348

497 467 560 525 in
582 469 734 524 terra
751 465 990 532 Gessen,
1014 466 1071 522 et
1097 465 1364 538 possedit
1390 480 1521 524 eam
1557 481 1570 522 :
1591 423 1922 536 auctusque
1955 463 2060 526 est,
2088 463 2147 516 et
2175 458 2221 530 ᾼ
2251 462 2502 515 conatus
2521 463 2611 517 est
2625 461 2699 517 de
2711 460 2903 534 capite
2916 457 3272 532 Ephraim,et
3283 457 3599 515 transferre
3613 472 3803 534 super
3819 466 3925 517 ca'

491 552 913 624 multiplicatus
983 551 1182 608 nimis.
1255 555 1321 608 Et
1360 553 1503 609 vixit
1530 553 1586 608 in
1614 553 1823 608 eadem
1854 549 2059 604 decem
2091 541 2145 601 et

497 649 722 715 septem
752 642 960 699 annis:
995 641 1249 712 factique
1283 646 1420 695 sunt
1445 657 1651 696 omnes
1674 641 1799 695 dies
1815 640 1943 693 vitae
1967 636 2140 700 illius,

497 736 735 787 centum
757 729 1155 802 quadraginta
1183 732 1410 800 septem
1426 745 1741 784 annorum.
1767 731 2030 799 Cumque
2043 740 2144 796 ap-

495 819 905 894 propinquare
937 821 1198 872 cerneret
1238 816 1396 872 diem
1433 817 1660 879 mortis,
1699 816 1931 871 vocavit
1956 813 2142 869 ﬁlium

499 924 677 966 suum
703 905 938 977 Joseph,
972 910 1026 960 et
1052 905 1200 960 dixit
1225 904 1304 960 ad
1334 921 1468 960 eum
1493 925 1505 964 :
1529 905 1583 961 Si
1600 905 1798 960 inveni
1819 905 2070 974 gratiam
2083 902 2144 957 in

503 999 826 1068 conspectu
848 998 1132 1066 tuo,pone
1152 1009 1399 1049 manum
1421 997 1584 1049 tuam
1607 993 1719 1048 sub
1735 993 1955 1048 femore
1972 1007 2106 1048 meo
2125 999 2139 1034 ε

497 1091 555 1142 et
593 1085 774 1140 facies
805 1082 950 1137 mihi
981 1081 1448 1138 misericordiam
1480 1086 1535 1138 et
1574 1083 1900 1146 veritatem,
1932 1085 1998 1136 ut
2022 1095 2145 1135 non

503 1172 754 1245 sepelias
771 1186 866 1225 me
882 1171 943 1225 in
964 1167 1220 1241 JEgypto
1246 1170 1378 1224 :sed
1398 1169 1695 1225 dormiam
1716 1186 1853 1224 cum
1873 1168 2144 1241 patribus

501 1261 668 1324 meis,
702 1262 758 1314 et
786 1257 1023 1314 auferas
1056 1273 1149 1312 me
1166 1259 1235 1312 de
1258 1257 1370 1313 hac
1399 1261 1575 1326 terra,
1607 1258 1951 1330 condasque
1977 1260 2036 1314 in
2054 1277 2144 1316 se-

499 1348 746 1423 pulchro
771 1345 1072 1415 majorum
1097 1361 1388 1401 meorum.
1420 1345 1525 1400 Cui
1556 1347 1862 1419 respondit
1883 1347 2139 1420 Joseph:

499 1442 620 1506 Ego
643 1433 862 1490 faciam
892 1433 1056 1504 quod
1070 1434 1314 1502 jussisti.
1336 1436 1403 1489 Et
1431 1434 1524 1491 ille
1548 1437 1722 1501 ;Jura
1744 1451 1908 1505 ergo,
1934 1438 2140 1510 inquit,

499 1524 664 1582 mihi.
687 1524 814 1587 Quo
839 1521 1094 1592 jurante,
1128 1521 1395 1578 adoravit
1424 1522 1600 1578 Israel
1632 1523 1973 1588 Dominum,
2008 1539 2145 1580 con-

498 1627 705 1668 versus
735 1609 812 1666 ad
874 1608 1070 1664 lectuli
1100 1615 1298 1681 caput.
1352 1612 1528 1682 (Cap.
1559 1611 1775 1682 XLVIII.)
1824 1612 1919 1667 His
1944 1612 2145 1685 itaque

500 1697 831 1766 transactis,
852 1697 1187 1751 nuntiatum
1210 1699 1334 1752 estJ
1340 1699 1526 1770 oseph
1537 1699 1702 1770 quod
1719 1704 2028 1768 aegrotaret
2044 1715 2146 1770 pa-

2251 554 2357 620 put
2383 550 2944 622 Manasse.Dixitque
2959 547 3033 604 ad
3056 550 3314 619 patrem:
3335 547 3464 601 Non
3495 545 3577 602 ita
3607 548 3921 614 convenit,

2253 641 2450 707 pater:
2484 637 2630 707 quia
2675 638 2770 692 hic
2805 644 2889 692 est
2932 635 3366 708 prmogenitus,
3394 651 3556 707 pone
3587 636 3922 694 dexteram

2253 740 2429 794 super
2449 729 2627 796 caput
2654 726 2800 796 ejus.
2835 726 2941 790 Qui
2990 739 3265 788 renuens,
3300 724 3429 779 ait:
3477 725 3608 782 Scio
3669 725 3762 781 ﬁli
3804 725 3920 791 mi,

2252 811 2372 865 scio
2401 830 2414 863 :
2442 815 2498 866 et
2520 812 2628 868 iste
2645 813 2752 868 erit
2779 812 3022 885 quidem
3052 812 3111 866 in
3142 811 3418 884 populos,
3455 816 3510 867 et
3542 813 3922 884 multiplica-

2249 898 2409 954 bitur
2440 919 2452 958 :
2483 900 2586 956 sed
2618 900 2795 956 frater
2819 901 2945 971 ejus
2955 900 3180 971 junior,
3213 901 3407 970 major
3433 899 3531 956 illo
3555 899 3701 956 erit:
3733 905 3797 957 et
3829 916 3924 958 se-

2255 1003 2389 1042 men
2416 987 2570 1043 illius
2595 990 2888 1044 crescetin
2901 987 3558 1060 gentes.Benedixitque
3587 989 3756 1046 eisin
3775 990 3923 1063 ipso

2253 1079 2516 1148 tempore
2572 1077 2776 1133 dicens
2831 1077 2938 1133 :In
2987 1080 3040 1132 te
3090 1076 3474 1132 benedicetur
3506 1077 3702 1144 Israel,
3727 1081 3926 1152 atque

2253 1163 2478 1220 dicetur
2516 1184 2529 1218 :
2561 1165 2762 1221 Faciat
2800 1165 2904 1220 tibi
2934 1167 3087 1221 Deus
3127 1163 3277 1220 sicut
3311 1164 3615 1236 Ephraim,
3647 1170 3703 1222 et
3756 1167 3928 1224 sicut

2253 1253 2544 1310 Manasse.
2576 1253 3005 1325 Constituitque
3027 1252 3307 1324 Ephraim
3331 1256 3466 1307 ante
3490 1255 3839 1311 Manassen.
3859 1257 3928 1311 Et

2253 1339 2333 1395 ait
2363 1340 2438 1395 ad
2455 1340 2674 1412 Joseph
2703 1341 2891 1396 ﬁlium
2924 1357 3139 1396 suum:
3184 1342 3267 1395 En
3298 1355 3410 1410 ego
3444 1341 3685 1412 morior,
3719 1347 3776 1399 et
3812 1343 3931 1399 erit

2258 1431 2411 1484 Deus
2442 1428 3146 1500 vobiscum,reducetque
3175 1443 3285 1483 vos
3309 1427 3388 1483 ad
3423 1431 3637 1484 terram
3667 1435 3928 1502 patrum

2252 1519 2730 1574 vestrorum.Deo
2752 1518 2857 1573 tibi
2879 1524 3111 1589 partem
3135 1533 3320 1572 unam
3349 1522 3515 1573 extra
3526 1517 3732 1574 fratres
3754 1525 3925 1586 tuos,

2251 1621 2435 1680 quam
2458 1605 2560 1661 tuli
2574 1606 2647 1661 de
2662 1621 2845 1662 manu
2864 1604 3193 1662 Amorrhaai
3222 1605 3283 1660 in
3302 1603 3504 1674 gladio
3521 1609 3732 1663 etarcu
3752 1623 3922 1678 meo,

2251 1705 2317 1764 Βι.
2348 1699 2554 1749 Amen.

500 1792 586 1844 ter
611 1787 739 1857 ejus
765 1803 778 1840 :
808 1783 933 1857 qui,
964 1785 1280 1855 assumptis
1309 1785 1548 1841 duobus
1574 1785 1710 1841 ﬁliis
1740 1788 1859 1842 suis
1880 1790 2144 1844 Manasse
2176 1792 2222 1848 Β
2323 1782 2667 1850 Antiphona
2690 1786 2739 1836 1.
2769 1783 2853 1838 Da
2874 1780 3051 1837 nobis
3083 1780 3646 1847 auxilium,Deus,in
3665 1783 3918 1841 tribula-

502 1881 558 1932 et
586 1873 885 1946 Ephraim,
915 1873 1180 1944 perrexit.
1232 1874 1580 1946 Dictumque
1609 1880 1695 1929 est
1719 1875 1844 1929 seni
1868 1892 1880 1930 :
1907 1878 2049 1931 Ecce
2073 1875 2147 1930 ﬁ-

501 1963 619 2018 lius
643 1968 777 2019 tuus
797 1960 1015 2032 Joseph
1033 1959 1191 2016 venit
1211 1961 1288 2016 ad
1315 1962 1506 2026 te.Qui
1530 1963 1890 2018 confortatus
1919 1963 2069 2018 sedit
2084 1964 2148 2019 in

499 2051 733 2108 lectulo.
754 2053 816 2105 Et
834 2050 1102 2121 ingresso
1121 2050 1198 2105 ad
1220 2066 1280 2105 se
1298 2051 1556 2106 ait-Deus
1568 2052 1945 2123 omnipotens
1967 2069 2149 2124 appa-

499 2141 616 2196 ruit
642 2139 788 2194 mihi
809 2139 868 2193 in
897 2141 1205 2210 Luza,quae
1239 2143 1323 2193 est
1352 2139 1412 2194 in
1445 2143 1598 2195 terra
1620 2141 1904 2196 Chanaan
1933 2157 1945 2196 :
1969 2141 2146 2197 bene-

500 2227 760 2298 dixitque
784 2225 950 2289 mihi,
972 2229 1027 2279 et
1048 2225 1128 2280 ait
1147 2243 1160 2277 ε
1181 2227 1300 2294 Ego
1318 2229 1370 2281 te
1392 2227 1624 2298 augebo
1643 2233 1695 2284 et
1716 2228 2144 2300 multiplicabo,

500 2320 556 2372 et
584 2315 804 2372 faciam
827 2317 882 2369 te
897 2313 956 2368 in
970 2313 1174 2368 turbas
1192 2315 1554 2386 populorum
1580 2333 1592 2373 :
1613 2316 1892 2387 daboque
1921 2317 2025 2371 tibi
2043 2321 2153 2375 ter-

499 2420 632 2462 ram
655 2404 832 2469 hanc,
865 2406 922 2458 et
960 2401 1173 2458 semini
1211 2406 1312 2458 tuo
1340 2407 1476 2475 post
1502 2408 1579 2472 te,
1611 2404 1672 2459 in
1711 2406 2152 2476 possessionem

502 2492 1082 2564 sempiternam.Duo
1107 2504 1247 2558 ergo
1268 2489 1372 2546 ﬁlii
1393 2491 1500 2558 tui,
1524 2491 1628 2563 qui
1649 2493 1770 2548 nati
1797 2497 1936 2548 sunt
1955 2494 2152 2550 tibiin-

500 2586 656 2637 terra
688 2577 921 2649 Egypti
953 2582 1274 2650 antequam
1335 2579 1452 2633 huc
1503 2580 1770 2635 venirem
1823 2582 1900 2636 ad
1931 2586 2004 2648 te,
2035 2574 2178 2640 mei.

503 2669 713 2724 erunt:
742 2664 1037 2736 Ephraim,
1070 2669 1126 2720 et
1150 2667 1473 2732 Manasses,
1531 2667 1678 2721 sicut
1721 2667 1928 2724 Ruben
1987 2674 2042 2725 et
2075 2671 2154 2726 Si-

503 2770 682 2812 meon
703 2752 1136 2824 reputabuntur
1155 2753 1322 2808 mihi.
1359 2752 1632 2825 Reliquos
1659 2760 1856 2810 autem
1888 2771 2041 2826 quos
2059 2765 2155 2827 ge‘

497 2843 698 2899 nueris
727 2845 862 2914 post
890 2857 1015 2907 eos,
1057 2841 1146 2895 tui
1177 2846 1368 2908 erunt,
1393 2846 1452 2897 et
1475 2857 1541 2896 ex
1561 2842 1804 2898 nomine
1845 2844 2016 2916 194
2035 2845 2151 2901 fra-

500 2933 656 2986 trum
687 2945 931 2986 suorum
955 2928 1332 2986 vocabuntur
1381 2932 1442 2986 in
1487 2932 1974 3002 possessionibus
2006 2934 2148 2998 suis,

498 3017 632 3071 Mihi
656 3016 1085 3088 enim,quando
1106 3017 1418 3072 veniebam
1437 3017 1511 3073 de
1533 3019 1975 3089 Mesopotamia,
1996 3035 2150 3075 mor-

2253 1870 2430 1925 tione.
2463 1870 2743 1925 Psalmus.
2776 1885 2887 1926 LIX.

2326 1958 2642 2014 0ratz‘o.Da
2661 1957 2835 2012 nobis
2848 1957 3096 2014 Domine
3118 1955 3409 2013 auxilium
3424 1957 3484 2013 in
3497 1957 3878 2016 tribulatione
3899 1976 3914 2026 ;

2253 2046 2357 2119 qui
2382 2060 2535 2102 vana
2561 2050 2648 2100 est
2678 2045 2840 2100 salus
2868 2044 2945 2100 ab
2966 2045 3210 2100 homine
3233 2063 3247 2096 :
3269 2045 3330 2099 in
3357 2052 3411 2100 te
3436 2046 3594 2101 enim
3616 2046 3912 2104 faciemus

2253 2133 2551 2200 virtutem,
2585 2133 2688 2203 qui
2712 2137 2769 2187 et
2821 2131 3120 2187 confortas
3152 2131 3431 2200 famulos,
3462 2137 3519 2188 et
3546 2133 3625 2189 ad
3652 2133 3912 2192 nihilum

2254 2221 2472 2290 redigis
2501 2220 2791 2276 inimicos.
2819 2231 2883 2288 131.
2908 2223 3114 2276 Amen.

2328 2309 2456 2363 Per.

2326 2396 2678 2465 Antiphona
2693 2400 2744 2452 2.
2771 2397 2977 2452 Omnis
3019 2399 3175 2452 terra
3212 2395 3423 2453 adoret
3452 2400 3507 2453 te
3535 2397 3828 2464 Domine;
3864 2383 3926 2453 et

2259 2483 2732 2556 tibipsallatvitaa
2753 2483 3067 2556 participio
3093 2483 3455 2555 incorruptae
3479 2503 3495 2538 :
3522 2490 3588 2542 ut
3621 2486 3925 2542 sicutsunt

2259 2572 2465 2628 omnia
2493 2578 2595 2628 tuo
2625 2573 2881 2628 formata
2924 2571 3183 2643 opiﬁcio,
3216 2573 3299 2628 ita
3329 2577 3545 2642 cuncta
3572 2577 3675 2631 tuo
3701 2574 3927 2648 pariter

2261 2661 2597 2716 subdantur
2623 2659 2894 2732 imperio.
2929 2670 2993 2730 BI,
3025 2663 3234 2716 Amen.

2330 2750 2460 2805 Per.

2329 2837 2807 2905 Antz'phonatiin
2839 2836 3205 2907 adjutorium
3246 2842 3514 2894 nostrum
3546 2837 3787 2894 intende
3807 2837 3925 2895 Do-

2259 2926 2452 2982 mine:
2487 2926 2563 2981 ad
2595 2926 3012 2996 adjuvandum
3041 2942 3153 2982 nos
3191 2925 3425 2984 festina.
3457 2927 3718 2984 Psatmus
3755 2943 3923 2984 LXIX.

2329 3015 2621 3082 Hymnus.
2645 3015 2688 3070 Ο
2711 3016 3025 3070 Nazarene.
3067 3015 3182 3084 fol.
3220 3018 3339 3078 144,

496 3107 601 3160 tua
629 3108 716 3159 est
769 3103 984 3159 Rachel
1021 3104 1082 3160 in
1125 3109 1276 3160 terra
1329 3104 1610 3160 Chanaan
1640 3105 1700 3160 in
1737 3106 1869 3176 ipso
1921 3106 2144 3177 itinere,
2177 3126 2217 3181 α
2332 3101 2704 3170 Οαρι’ίιιια.ῐῐι
2719 3101 3061 3170 adjutorum
3084 3107 3357 3158 nostrum
3375 3102 3614 3160 intende
3632 3105 3922 3174 Domine;

499 3199 744 3263 eratque
759 3206 1010 3247 vernum
1051 3196 1372 3264 tempus:et
1391 3192 1768 3261 ingrediebar
1799 3195 2142 3265 Ephratam,

499 3282 555 3334 et
576 3277 813 3349 sepelivi
838 3293 973 3332 eam
998 3277 1169 3348 juxta
1194 3279 1354 3333 viam
1394 3280 1686 3349 Ephrataa,
1718 3296 1854 3353 quas
1884 3282 2000 3338 alio
2037 3299 2144 3340 no-

498 3366 659 3422 mine
705 3365 1039 3439 appellatur
1082 3365 1435 3422 Bethlehem.
1492 3368 1708 3423 Videns
1742 3374 1941 3425 autem
1990 3370 2141 3426 ﬁlios

499 3439 648 3525 ejus,
686 3451 928 3516 dixitad
955 3467 1126 3507 eum:
1155 3451 1267 3516 Qui
1296 3455 1432 3508 sunt
1451 3453 1544 3508 isti
1572 3454 1599 3508 ?
1630 3456 1953 3526 Respondit
1985 3476 1996 3516 :
2020 3457 2141 3512 Filii

499 3541 617 3596 mei
639 3544 794 3606 sunt,
819 3555 974 3616 quos
998 3539 1472 3616 deditmihiDeus
1490 3541 1550 3596 in
1590 3543 1703 3599 hoc
1730 3543 1880 3599 loco.
1909 3544 2137 3609 Adduc,

501 3627 825 3698 inquit,eos
855 3626 934 3682 ad
962 3643 1078 3692 me,
1106 3631 1171 3683 ut
1196 3626 1549 3685 benedicam
1576 3631 1705 3686 illis.
1737 3631 1900 3688 Oculi
1939 3635 2139 3690 autem

504 3714 690 3769 Israel
717 3713 1116 3783 caligaverant
1134 3731 1256 3788 prae
1271 3717 1456 3772 nimia
1480 3724 1859 3789 senectute,et
1882 3719 2038 3775 clare
2058 3720 2139 3774 vi-

500 3801 639 3858 dere
659 3817 780 3858 non
801 3807 1050 3873 poterat.
1078 3805 1515 3879 Applicatisque
1544 3808 1623 3863 ad
1653 3823 1734 3870 se,
1763 3807 2138 3863 deosculatus

500 3894 673 3954 est,et
700 3890 1311 3963 circumplexus,dixit
1341 3895 1418 3950 ad
1435 3894 1802 3951 ﬁliumzNon
1823 3911 1956 3950 sum
1985 3895 2140 3950 frau-

501 3977 679 4033 datus
695 3983 939 4050 aspectu
960 3983 1093 4035 tuo:
1119 3977 1366 4054 insuper
1394 3983 1656 4040 ostendit
1684 3982 1830 4038 mihi
1850 3983 2137 4038 Dominus

501 4084 706 4142 semen
731 4073 1192 4142 tuum.Cumque
1213 4072 1437 4128 tulisset
1452 4088 1554 4127 eos
1573 4073 1794 4144 Joseph
1824 4073 1897 4128 de
1915 4073 2139 4143 gremio

499 4157 704 4228 patris,
725 4157 986 4215 adoravit
1004 4174 1227 4230 pronus
1243 4159 1302 4213 in
1318 4164 1535 4215 terram
1551 4165 1627 4216 :et
1647 4161 1849 4231 posuit
1862 4160 2140 4231 Ephraim

497 4244 576 4300 ad
595 4245 898 4302 dexteram
920 4246 1178 4312 suam,id
1205 4247 1395 4310 est,ed
1427 4248 1726 4303 sinistram
1759 4247 1935 4302 Israel
1964 4264 1978 4300 :
2029 4249 2142 4302 Ma-

2256 3204 2485 3260 nosque
2516 3189 2594 3244 ad
2610 3188 2707 3258 adj
2719 3187 3025 3244 uvandum
3049 3189 3290 3246 festina:
3313 3190 3463 3246 nihil
3489 3191 3645 3247 enim
3659 3192 3718 3247 in
3736 3191 3924 3248 bonis

2254 3278 2532 3349 operibus
2563 3281 2814 3332 conatus
2853 3277 3042 3333 nostri
3063 3282 3118 3334 te
3145 3278 3461 3336 desistente
3486 3281 3850 3351 proﬁciunt;
3883 3298 3916 3338 a

2251 3380 2372 3437 quo
2435 3379 2675 3433 gressus
2725 3380 2934 3420 omnes
2987 3365 3364 3435 diriguntur:
3405 3371 3470 3426 tu
3495 3383 3561 3425 es
3597 3369 3782 3440 enim,
3816 3385 3924 3442 per

2250 3468 2432 3524 quem
2453 3456 2661 3508 nostra
2698 3452 3015 3509 roboratur
3037 3453 3350 3524 fragilitas.

2318 3543 2484 3598 Pater
2507 3543 2726 3597 noster.

2857 3630 2943 3686 Ad
2975 3630 3304 3702 Vesperum.

2317 3715 2672 3774 Illuminatio
2694 3732 2848 3783 mea,
2875 3722 2930 3774 et
2959 3718 3124 3775 salus
3155 3734 3292 3775 mea
3314 3719 3622 3776 Dominus.

2317 3804 2603 3862 Dominus
2625 3810 2700 3862 s1t
2731 3821 2965 3877 semper
2989 3806 3324 3862 vobiscum.
3360 3817 3423 3878 Bg.
3459 3810 3528 3864 Et.
3553 3823 3713 3864 cum.

2315 3893 2672 3962 Antiphona.
2697 3893 3032 3950 Benedictio
3055 3895 3286 3950 Domini
3317 3911 3493 3966 super
3505 3912 3608 3952 vos
3632 3915 3645 3951 :
3668 3896 3925 3956 benedi-

2248 3980 2440 4036 cimus
2466 3982 2526 4036 in
2550 3981 2792 4038 nomine
2821 3981 3054 4038 Domini
3090 3983 3319 4041 Psalm.
3347 3998 3579 4042 cxxvm.

2317 4070 2546 4126 Lauda.
2566 4074 2774 4128 Averte
2789 4070 2994 4126 oculos
3014 4086 3183 4126 meos
3209 4087 3284 4127 ne
3321 4072 3562 4129 videant
3583 4074 3926 4133 vanitatem

2247 4157 2313 4212 P.
2347 4159 2409 4212 Et
2453 4157 2514 4212 in
2568 4158 2664 4214 via
2712 4162 2815 4214 tua
2868 4157 3100 4215 viviﬁca
3143 4175 3260 4225 me,
3316 4161 3582 4216 Domine.
3626 4161 3671 4224 ἡ*
3710 4163 3925 4221 Statue

2251 4248 2534 4300 servotuo
2565 4246 2868 4317 eloquium
2900 4252 3090 4312 tuum,
3130 4247 3192 4302 in
3223 4246 3439 4304 timore
3465 4252 3586 4306 tuo.
3616 4251 3699 4308 P.
3742 4251 3810 4307 Et
3829 4251 3921 4316 in.

499 4347 718 4388 nassen
745 4348 885 4389 vero
910 4333 969 4389 in
1022 4335 1257 4389 sinistra
1287 4350 1416 4398 sua,
1461 4335 1539 4390 ad
1567 4336 1871 4390 dexteram
1924 4334 2145 4390 scilicet
2250 4331 2313 4391 ἵ.
2347 4332 2559 4398 Gloria,
2601 4337 2709 4389 etc.
2738 4335 2808 4389 P.
2843 4337 2908 4390 Et
2936 4334 3020 4391 in.

497 4420 704 4491 patris,
728 4421 1164 4492 applicavitque
1185 4421 1398 4476 ambos
1425 4422 1502 4476 ad
1519 4423 1803 4486 eum.Qui
1825 4424 2146 4477 extendens
2178 4462 2225 4517 Β
2254 4421 2548 4517 Hymnus.
2582 4421 2801 4517 Christe
2829 4421 3024 4478 lucem
3055 4426 3427 4495 perpetuum.
3465 4425 3580 4492 fol.
3650 4429 3770 4482 155.
3805 4427 3928 4484 Ca-

498 4522 748 4563 manum
769 4509 1095 4572 dexteram,
1122 4509 1323 4579 posuit
1352 4524 1530 4579 super
1559 4515 1736 4580 caput
1756 4510 2037 4581 Ephraim
2058 4511 2148 4579 ju-

498 4595 684 4651 nioris
702 4595 864 4652 fatris
889 4618 902 4652 :
925 4597 1222 4651 sinistram
1245 4600 1446 4651 autem
1478 4612 1655 4668 super
1678 4603 1858 4668 caput
1887 4601 2150 4653 Manasse

498 4683 604 4754 qui
629 4684 819 4754 major
836 4689 984 4740 natu
1004 4688 1147 4746 erat,
1167 4687 1543 4738 commutans
1567 4701 1804 4742 manus.
1850 4686 2152 4743 Benedixit

499 4785 616 4841 que
644 4770 826 4825 Jacob
847 4770 999 4824 filios
1017 4769 1255 4840 Joseph,
1287 4774 1344 4824 et
1370 4769 1452 4825 ait
1482 4789 1493 4822 :
1522 4772 1691 4837 Deus,
1722 4774 1781 4828 in
1812 4774 1983 4842 cujus
2009 4789 2150 4828 con-

502 4862 711 4927 spectu
739 4856 1198 4912 ambulaverunt
1215 4862 1413 4930 patres
1433 4861 1549 4914 mei
1569 4860 1870 4917 Abraham
1887 4866 1942 4916 et
1963 4862 2147 4943 Isaac,

501 4943 656 4997 Deus
685 4943 790 5015 qui
822 4944 1013 5014 pascit
1040 4961 1136 5000 me
1171 4945 1249 5001 ab
1287 4947 1689 5005 adolescentia
1714 4965 1849 5004 mea
1875 4965 2068 5021 usque
2091 4950 2149 5004 in

499 5034 854 5102 praesentem
877 5031 1034 5087 diem
1062 5049 1076 5084 :
1106 5034 1491 5107 Angelus,qui
1523 5038 1669 5093 eruit
1695 5053 1790 5092 me
1820 5037 1894 5092 de
1925 5037 2149 5092 cunctis

500 5119 674 5174 malis
702 5119 1016 5176 benedicat
1032 5123 1228 5194 pueris
1253 5124 1377 5178 istis
1407 5141 1421 5178 :
1445 5129 1502 5180 et
1522 5125 1828 5180 invocetur
1844 5140 2020 5195 super
2040 5125 2148 5179 hos

498 5220 712 5262 nomen
727 5210 1171 5277 meum,nomina
1185 5227 1425 5284 quoque
1443 5217 1670 5284 patrum
1688 5228 1954 5266 meorum
1975 5213 2150 5269 Abra-

499 5295 644 5350 ham
673 5300 728 5350 et
773 5295 960 5361 Isaac,
1019 5304 1075 5356 et
1100 5306 1370 5355 crescant
1417 5301 1477 5354 in
1504 5300 1939 5354 multitudinem
1973 5316 2148 5372 super

500 5388 737 5439 terram.
765 5384 979 5440 Videns
1013 5393 1212 5444 autem
1241 5387 1456 5458 Joseph
1481 5388 1645 5458 quod
1671 5389 1953 5457 posuisset
1985 5394 2149 5459 pater

501 5487 647 5527 suus
670 5472 974 5528 dexteram
1012 5490 1261 5529 manum
1286 5489 1466 5543 super
1485 5479 1662 5544 caput
1698 5475 1993 5546 Ephraim,
2020 5492 2149 5546 gra-

499 5561 648 5617 viter
659 5561 886 5631 accepit
909 5577 922 5616 :
942 5565 998 5634 et
1013 5561 1451 5633 apprehensam
1478 5575 1727 5636 manum
1744 5563 1932 5633 patris
1955 5563 2148 5620 levare

2254 4509 2474 4578 pilula.
2501 4509 2695 4565 Servis
2724 4510 2836 4568 tuis
2865 4511 2980 4579 fol.
3019 4511 3140 4568 189.
3192 4512 3413 4580 Lauda,
3475 4513 3561 4568 Ne
3611 4513 3808 4570 oferas
3839 4515 3924 4572 de

2262 4613 2385 4665 ore.
2415 4598 2528 4667 fol.
2555 4602 2674 4652 191.

2861 4702 3075 4750 quam
3113 4703 3294 4744 vanu.

2808 4773 2896 4829 Ad
2939 4775 3326 4833 Matutinum.

2329 4859 2698 4929 Antiphona.
2733 4859 2928 4917 Gloria
2952 4878 3105 4918 mea.
3128 4865 3239 4931 fol.
3274 4869 3394 4922 156.
3416 4865 3646 4924 Psalm.
3668 4868 3922 4926 m.0ra-

2260 4949 2360 5004 tio.
2395 4948 2586 5004 Gloria
2615 4953 2817 5005 nostra
2844 4951 2998 5006 Deus
3025 4957 3246 5007 noster.
3277 4953 3386 5022 fol.
3426 4954 3546 5010 156.

2327 5037 2672 5106 ΑηιίρΙιοηα
2686 5041 2715 5094 1
2729 5041 3064 5094 .Cantemus
3095 5040 3346 5095 Domino
3365 5040 3441 5095 de
3459 5041 3706 5098 canticis
3727 5043 3873 5101 Sion
3901 5064 3918 5113 ;

2256 5129 2320 5181 ut
2343 5125 2682 5180 recordetur
2702 5126 2979 5193 nostri,et
3011 5126 3214 5183 liberet
3243 5143 3354 5183 nos
3378 5128 3654 5186 Psalmus
3679 5147 3918 5188 cxxxvr.

2327 5214 2545 5269 Oratio.
2577 5214 3011 5279 Peregrinantis
3033 5213 3308 5269 Ecclesiae
3353 5218 3923 5285 tuee,Domine,me-

2255 5317 2385 5356 mor
2402 5305 2523 5354 esto
2545 5317 2556 5354 :
2577 5315 2645 5353 ac
2659 5299 2801 5353 dum
2817 5317 2996 5369 super
3015 5301 3265 5356 ﬂumina
3288 5303 3610 5374 Babylonis
3630 5306 3921 5370 deﬂentes

2255 5388 2954 5456 sedimus,pruetereuutis
2977 5389 3414 5460 saeculiimpetu
3432 5408 3555 5448 non
3603 5395 3922 5455 trahamur

2257 5476 2356 5529 sed
2386 5475 2747 5544 apraasentis
2777 5476 2908 5532 vitae
2961 5475 3194 5532 liberati
3243 5479 3534 5550 contagio,
3587 5483 3666 5537 ad
3710 5485 3919 5550 Hieru-

2260 5562 2446 5618 salem
2470 5575 2797 5631 supernam
2823 5564 3586 5641 nostraerigaturintentio.
3617 5580 3682 5638 Bt.
3718 5575 3917 5646 Amen
