4160 6408
182 321 286 391 349

254 444 365 500 Per
394 440 893 507 misericordiam.

265 531 439 602 195
484 530 838 595 Antiphona
866 532 918 584 2.
942 530 1119 587 Nobis
1140 532 1443 589 adhaerere
1475 536 1592 589 Deo
1610 532 1842 588 bonum

191 625 277 678 est
309 639 323 673 :
354 634 583 692 ponere
614 617 676 673 in
709 618 959 675 Domino
1015 635 1185 691 spem
1229 623 1522 682 nostram.
1557 623 1843 678 Psalmus

192 725 355 765 LXXII.

260 797 488 852 Oratio.
527 795 1023 851 Nobisadheerere
1045 798 1163 852 Deo
1214 795 1436 852 bonum
1470 802 1576 864 est,
1612 798 1718 854 tibi
1741 801 1844 854 Do-

190 886 351 942 mino
376 885 713 940 bonumest
740 884 873 939 :sed
907 887 969 939 tu
1000 884 1361 940 desiderium
1380 886 1523 941 boni
1553 887 1636 940 sic
1664 886 1725 941 in
1744 901 1845 942 no-

188 972 276 1029 bis
324 972 684 1040 accumula;
715 976 778 1027 ut
808 987 962 1043 spes,
993 974 1660 1045 quaenostibiassociat,
1682 974 1849 1029 nulla

187 1060 324 1117 ﬁdei
360 1060 723 1116 titubatione
740 1060 974 1116 vacillet
1008 1061 1149 1117 :sed
1174 1062 1480 1119 charitatis
1530 1062 1845 1119 stabilitate

188 1149 491 1221 perduret.
528 1160 593 1220 B1.
627 1152 842 1205 Amen.

253 1239 365 1292 Per
385 1238 874 1294 misericordiam
902 1241 1091 1295 tuam.

253 1326 595 1397 Antiphona
634 1331 686 1383 3.
716 1329 1028 1383 Memento.
1072 1327 1300 1385 Oratio.
1327 1331 1616 1387 Memento
1632 1328 1844 1397 nostri,

190 1414 464 1470 Domine.
493 1416 611 1485 fol.
638 1419 757 1470 177.
805 1417 1091 1473 Psalmus
1118 1433 1205 1473 cv.

254 1514 315 1572 Bg.
355 1503 527 1559 Facti
570 1519 799 1573 sumus,
836 1505 1104 1571 Domine,
1147 1510 1459 1578 tamquam
1502 1505 1739 1561 alienia
1768 1509 1842 1561 te.

187 1593 277 1646 Vae
300 1592 481 1647 nobis
512 1593 660 1664 quia
684 1593 1066 1664 peccavimus
1091 1613 1103 1647 :
1126 1594 1347 1651 inimici
1380 1594 1462 1650 tui
1509 1594 1849 1666 polluerunt

189 1684 394 1735 sancta
421 1684 553 1735 tua.
594 1683 675 1738 P.
713 1682 942 1737 Utinam
973 1682 1379 1755 disrumperes
1414 1683 1611 1749 caelos,
1634 1686 1690 1738 et
1718 1683 1849 1738 des-

1357 320 1707 391 DOMINICA
1746 318 1795 378 II
1834 318 2443 395 QUADRAGESIMIE.

1874 446 1921 498 A
2026 450 2141 506 Aut
2160 467 2298 507 cum
2321 450 2712 524 principibus,
2730 451 2835 523 qui
2864 450 3172 522 possident
3221 466 3457 519 aurum,
3490 452 3513 477 *
3544 456 3602 527 et

3498 326 3603 399 350

1955 538 2183 609 replent
2208 540 2421 595 domos
2454 555 2593 594 suas
2621 542 2865 608 argento
2896 557 2916 593 :

2024 626 2135 682 Aut
2165 626 2313 683 sicut
2333 628 2671 682 abortivum
2696 625 3116 681 absconditum
3150 642 3267 682 non
3331 628 3590 684 subsiste

1954 728 2101 777 rem,
2130 716 2146 732 '
2172 715 2261 770 vel
2280 716 2382 788 qui
2404 714 2671 787 concepti
2700 730 2820 770 non
2856 714 3131 770 viderunt
3155 714 3377 771 lucem.

2026 802 2110 856 Ibi
2138 804 2306 875 impii
2334 810 2717 859 cessaverunt
2747 819 2781 859 a
2808 802 3083 865 tumultu,
3112 804 3131 824 ¹
3158 807 3213 857 et
3241 802 3324 857 ibi
3368 802 3597 876 requie-

1954 897 2166 947 verunt
2185 892 2322 947 fessi
2342 892 2573 948 robore.

2026 981 2089 1034 Et
2112 980 2422 1052 quondam
2458 980 2632 1035 vincti
2664 980 2881 1052 pariter
2931 979 3054 1036 sine
3110 978 3405 1048 molestia,
3428 977 3447 999 '
3474 992 3601 1035 non

1956 1068 2347 1125 exaudierunt
2376 1084 2586 1125 vocem
2612 1069 2920 1125 exactoris.

2025 1157 2249 1212 Parvus
2275 1164 2328 1212 et
2352 1173 2611 1228 magnus
2630 1157 2711 1213 ibi
2743 1162 2901 1224 sunt,
2927 1159 2947 1179 ‘
2977 1160 3033 1212 et
3063 1171 3268 1212 servus
3305 1158 3361 1212 et
3383 1154 3533 1212 liber
3564 1170 3602 1212 a

1955 1244 2204 1300 domino
2244 1261 2374 1302 suo.

2028 1334 2218 1398 Quare
2248 1334 2392 1389 data
2414 1336 2499 1389 est
2527 1335 2745 1390 misero
2765 1333 2886 1399 lux,
2912 1333 3063 1389 ‘vita
3078 1333 3190 1405 his,
3224 1331 3328 1404 qui
3355 1331 3417 1387 in
3434 1346 3601 1388 ama-

1955 1421 2209 1477 ritudine
2241 1422 2459 1478 animae
2499 1422 2681 1478 sunt?

2029 1510 2139 1575 Qui
2164 1513 2766 1581 expectantmortem,
2792 1513 2989 1565 etnon
3030 1508 3206 1571 venit,
3257 1508 3431 1581 quasi
3462 1506 3604 1563 eﬁ‘o—

1956 1597 2182 1654 dientes
2200 1600 2512 1655 thesauros
2541 1616 2554 1654 :
2580 1601 2599 1621 ¹’
2622 1598 2886 1668 gaudent
2898 1597 3605 1654 vehementercuminve-

1958 1692 2173 1743 nerunt
2212 1686 2597 1759 sepulchrum
2626 1705 2638 1742 :

189 1771 499 1824 cenderes:
538 1773 594 1825 et
628 1769 1027 1825 innotesceres
1072 1786 1294 1826 nomen
1341 1777 1509 1827 tuum
1539 1787 1551 1827 :
1588 1775 1644 1827 et
1672 1772 1732 1826 in
1760 1771 1848 1827 ira
1879 1803 1923 1857 B
2030 1776 2160 1831 Viro
2185 1776 2357 1846 cujus
2409 1774 2766 1830 abscondita
2819 1777 2906 1829 est
2947 1773 3065 1841 via,
3097 1773 3114 1794 '
3138 1774 3195 1828 et
3214 1770 3605 1829 circumdedit

188 1860 284 1913 tua
309 1861 528 1928 gentes
557 1858 1069 1915 conturbarentur.
1098 1859 1157 1919 ἴ.
1203 1860 1362 1915 Facti
1377 1859 1847 1932 sumusquasiin

188 1946 503 2018 principio,
530 1961 671 2003 cum
688 1962 809 2003 non
830 1946 1228 2003 dominareris
1243 1949 1450 2016 nostri,
1466 1963 1661 2019 neque
1680 1948 1848 2004 invo-

189 2039 415 2091 caretur
441 2050 676 2090 nomen
707 2039 877 2090 tuum
895 2050 1214 2107 supernos.
1250 2036 1310 2089 P.
1332 2035 1587 2091 Utinam.
1618 2034 1679 2094 Ψ.
1717 2034 1845 2090 Glo-

189 2121 288 2187 ria,
321 2125 379 2178 et
410 2123 618 2180 honor
646 2122 820 2191 Patri,
852 2126 962 2179 etc.
1019 2124 1080 2177 P.
1126 2124 1380 2180 Utinam.

839 2212 909 2267 In
933 2211 1209 2267 laudibus

252 2298 631 2368 Antiphona.
663 2298 1005 2355 Secundum
1032 2298 1473 2355 multitudinem
1522 2298 1848 2355 miseratio-

193 2400 332 2443 num
356 2392 612 2443 tuarum
640 2386 775 2443 lava
794 2403 890 2443 me
912 2387 990 2443 ab
1019 2387 1309 2458 injuslitia
1339 2404 1498 2444 mea:
1522 2387 1684 2445 mala
1714 2403 1852 2445 mea

188 2473 432 2543 dimitte,
475 2480 533 2532 et
567 2491 777 2531 omnes
798 2476 1136 2547 iniquitates
1158 2491 1326 2532 meas
1344 2475 1494 2531 dele.
1515 2478 1776 2532 Psalmus
1797 2494 1849 2533 L.

253 2564 501 2620 Grati-0.
534 2565 1121 2629 MiseratorDomine,
1174 2564 1507 2621 secundum
1565 2580 1852 2634 magnam

188 2652 677 2709 misericordiam
700 2657 865 2709 tuam
919 2653 1094 2709 nobis
1115 2652 1406 2725 propitius
1453 2653 1857 2709 miserere:ut

187 2756 465 2813 quorum
503 2746 557 2797 te
596 2756 717 2797 non
742 2741 927 2799 latent
947 2742 1201 2812 occulta,
1240 2742 1332 2797 his
1371 2741 1445 2797 de
1462 2745 1518 2797 te
1555 2742 1859 2798 conﬁden-

188 2829 341 2885 tibus
371 2831 647 2886 donetur
667 2830 1072 2886 misericordia
1092 2829 1408 2886 manifesta
1440 2850 1453 2885 :
1498 2831 1721 2901 quique
1746 2847 1855 2903 pro

189 2917 483 2975 admissis
508 2919 741 2974 interno
771 2920 970 2988 rugitu
999 2918 1489 2989 geminus,etpro
1507 2918 1853 2975 remissione

187 3013 583 3077 peccatorum
604 3012 946 3064 nostrorum
959 3006 1279 3062 criminum
1299 3007 1702 3078 suspiramus;
1729 3022 1852 3064 non

189 3110 296 3150 nos
330 3113 366 3152 a
396 3097 559 3152 facie
583 3100 684 3152 tua
708 3096 987 3169 projicias
1020 3113 1031 3150 :
1074 3094 1179 3150 sed
1212 3094 1316 3151 tibi
1339 3094 1449 3151 soli
1500 3095 1701 3151 debita
1732 3096 1851 3168 pie-

192 3188 305 3240 tate
340 3185 415 3241 ad
470 3184 857 3254 indulgentiae
910 3187 1150 3255 portum
1196 3183 1494 3247 adducas.
1530 3194 1593 3253 Βι.
1636 3188 1847 3241 Amen.

263 3273 375 3339 Per
428 3273 900 3330 misericordiam
928 3278 1115 3329 tuam.

270 3364 626 3436 Antiphona.
653 3364 831 3429 Quasi
856 3363 1213 3419 inundantes
1256 3377 1449 3435 aquas,
1478 3360 1565 3418 sic
1624 3361 1854 3433 rugitus
1920 3340 1923 3343 ἰ

199 3456 403 3508 noster
443 3456 579 3509 ante
604 3457 659 3508 te
704 3451 951 3507 Domine
990 3452 1143 3507 Deus
1173 3456 1395 3508 noster.

636 3540 941 3597 Canticum
979 3540 1079 3596 Job
1122 3539 1285 3611 (Cap.
1324 3548 1423 3610 IlI).

274 3629 481 3685 Pereat
514 3629 639 3684 dies
674 3630 734 3684 in
759 3644 882 3701 qua
912 3632 1088 3685 natus
1114 3630 1294 3693 sum,‘
1322 3633 1378 3684 et
1406 3643 1525 3684 nox
1545 3627 1606 3684 in
1631 3643 1753 3699 qua
1768 3626 1857 3682 di-

203 3719 360 3771 ctum
383 3721 504 3773 est:
527 3718 858 3789 Conceptus
897 3723 987 3772 est
1010 3716 1215 3772 homo.

277 3805 416 3859 Dies
436 3805 536 3859 illa
564 3809 825 3859 vertatur
840 3805 902 3858 in
925 3803 1227 3867 tenebras,
1262 3806 1419 3859 'non
1439 3803 1697 3875 requiret
1724 3817 1859 3871 eam

203 3894 368 3948 Deus
403 3892 681 3961 desuper,
714 3896 770 3946 et
793 3905 917 3945 non
938 3890 1263 3945 illustretur
1292 3890 1533 3947 lumine.

280 3978 615 4034 Obscurent
639 3993 765 4033 eam
793 3978 1073 4042 tenebrae,
1105 3982 1162 4033 et
1198 3977 1431 4032 umbrae
1458 3979 1685 4047 mortis,
1709 3980 1728 4000 ·
1769 3994 1865 4034 oc-

207 4070 393 4139 cupet
423 4082 557 4122 eam
585 4066 798 4135 caligo,
857 4064 1197 4121 involvatur
1222 4064 1644 4121 amaritudine.

275 4158 521 4211 Noctem
546 4155 710 4212 illam
743 4154 1093 4211 tenebrosus
1138 4155 1308 4209 turbo
1326 4152 1658 4224 possideat,
1695 4155 1712 4171 '
1742 4168 1866 4209 non

205 4248 588 4317 computetur
615 4245 676 4300 in
705 4243 920 4299 diebus
949 4243 1227 4308 anni,nec
1246 4246 1593 4298 numeretur
1620 4241 1685 4298 in
1703 4257 1868 4297 men-

212 4333 406 4389 sibus.

283 4424 341 4479 Si
369 4438 489 4479 nox
515 4422 611 4478 illa
639 4421 919 4487 solitaria,
948 4436 1058 4481 nec
1112 4420 1289 4476 laude
1336 4420 1521 4489 digna
1554 4420 1613 4475 ε’
1632 4419 1868 4477 Maledi-

1957 1879 2094 1921 eum
2122 1867 2273 1920 Deus
2302 1862 2561 1918 tenebris
2581 1862 2609 1915 ?

2026 1957 2362 2023 Antequam
2377 1950 2696 2007 comedam
2719 1950 2987 2021 suspiro:
3017 1950 3032 1966 '
3054 1952 3109 2003 et
3121 1946 3294 2020 quasi
3308 1945 3605 2001 inundan-

1957 2046 2042 2098 tes
2067 2056 2261 2111 aquae,
2296 2039 2378 2094 sic
2402 2039 2629 2108 rugitus
2661 2053 2831 2093 meus
2862 2054 2875 2091 :

2026 2129 2173 2189 Quia
2187 2129 2578 2198 timor,quem
2603 2125 2910 2189 timebam,
2943 2122 3299 2180 evenitmihi
3328 2124 3417 2181 :et
3438 2120 3605 2193 quod

1954 2218 2205 2275 verebar
2232 2217 2468 2273 accidit.

2028 2310 2232 2362 Nonne
2257 2304 2627 2361 dissimulavi
2652 2305 2680 2360 7
2709 2317 2910 2359 nonne
2933 2300 3067 2357 silui
3085 2300 3315 2355 ?nonne
3329 2297 3527 2371 quievi
3546 2297 3609 2353 ?'

1958 2399 2016 2453 et
2042 2396 2203 2451 venit
2240 2409 2419 2466 super
2472 2408 2567 2448 me
2609 2391 2969 2461 indignatio.

2028 2484 2362 2540 Reiteretur
2402 2481 2770 2549 Antiphona.
2803 2479 2983 2545 Quasi
3041 2476 3424 2534 inundantes.

2034 2573 2261 2628 Oratio.
2275 2570 2571 2632 Quamdiu
2587 2585 2797 2625 sumus
2811 2567 3130 2623 Dominein
3143 2565 3323 2636 hujus
3336 2563 3475 2619 vitae
3493 2562 3612 2619 exi-

1961 2661 2062 2727 lio,
2090 2676 2201 2716 nec
2226 2658 2581 2715 autmalitiaa
2594 2656 2859 2728 nequitia
2873 2655 3089 2725 vigeat,
3125 2669 3235 2709 nec
3268 2659 3482 2708 nostrae
3499 2651 3609 2706 vir-

1964 2750 2103 2813 tutis
2134 2748 2318 2804 robur
2336 2750 2595 2810 enervet,
2631 2749 2732 2800 aut
2760 2743 3142 2815 praecipitatae
3172 2742 3274 2795 iraa
3304 2739 3608 2797 turbulen-

1962 2844 2024 2896 ta
2052 2836 2374 2894 commotio
2400 2832 2867 2906 tranquilitatem
2906 2836 3123 2887 nostra:
3156 2829 3370 2884 mentis
3400 2828 3611 2883 obscu-

1963 2924 2519 2995 ret,fautcandorem
2533 2921 2838 2977 munditiae
2869 2918 3198 2975 carnalium
3237 2916 3610 2987 voluptatum

1968 3014 2277 3071 delectatio
2309 3026 2548 3068 ccenosa
2599 3007 3034 3071 commaculet;
3060 3006 3161 3061 sed
3195 3004 3373 3060 futuri
3401 3001 3610 3073 judicii

1963 3102 2324 3178 praestolatio
2352 3100 2428 3156 ab
2458 3098 2739 3155 omnibus
2796 3093 3268 3169 inquinamentis
3319 3108 3389 3148 ac
3422 3089 3614 3146 sordi-

1960 3194 2077 3250 bus
2106 3207 2219 3247 nos
2250 3187 2558 3246 emundet.
2600 3198 2665 3255 Br.
2693 3187 2900 3241 Amen.

2032 3281 2145 3336 Per
2168 3275 2659 3335 misericordiam.

2003 3417 2007 3421 .
2543 3362 3029 3419 Matutinarium.

2034 3456 2131 3515 Ad
2171 3454 2539 3512 Benedictus.
2596 3450 2966 3519 Antiphona.
3008 3445 3300 3513 lllumina,
3336 3442 3607 3508 Domine,

1964 3547 2191 3605 vultum
2217 3549 2386 3601 tuum
2411 3556 2590 3614 super
2619 3555 2747 3605 nos,
2783 3546 2837 3595 et
2879 3537 3156 3593 miserere
3187 3534 3380 3589 nobis.
3418 3535 3486 3587 Ut
3515 3545 3611 3586 co-

1966 3650 2330 3705 gnoscamus
2349 3631 2411 3688 in
2440 3636 2597 3686 terra
2618 3629 2780 3685 viam
2810 3631 2999 3683 tuam.
3024 3624 3085 3685 ἲν.
3153 3624 3306 3679 Deus
3337 3622 3616 3677 miserea-

1966 3728 2061 3780 tur
2097 3723 2269 3793 196
2292 3720 2485 3784 nobis,
2514 3723 2569 3774 et
2598 3716 2914 3773 benedicat
2933 3729 3045 3769 nos
3073 3712 3398 3781 :illuminet
3420 3707 3616 3765 Domi-

1966 3827 2081 3871 nus
2104 3811 2339 3867 vultum
2369 3823 2547 3863 suum
2599 3820 2778 3875 super
2801 3820 2937 3860 nos.

2043 3899 2363 3954 Canticum.
2396 3895 2750 3951 Benedictus
2805 3908 2867 3947 es
2909 3890 3155 3947 Domine
3188 3889 3362 3945 Deus.

2046 3987 2279 4043 Lauda.
2309 3984 2569 4040 Laudate
2594 3996 2817 4037 nomen
2857 3980 3090 4034 Domini
3146 3981 3380 4032 montes
3406 3978 3462 4031 et
3491 3989 3618 4030 om-

1971 4089 2078 4131 nes
2107 4072 2316 4128 colles:
2350 4070 2517 4141 ligna
2563 4067 2884 4129 fructifera,
2918 4070 2975 4121 et
2998 4079 3209 4121 omnes
3229 4063 3409 4119 cedri.
3440 4062 3613 4117 Psal-

1972 4177 2102 4219 mus
2127 4175 2354 4217 CXLVIII.

2292 4247 2483 4303 Lectio
2515 4244 2654 4301 libri
2674 4241 2909 4299 Genesis
2931 4240 3097 4311 (Cap.
3122 4238 3297 4307 χιιι).

2045 4351 2112 4410 ne.
2141 4341 2259 4395 Deo
2297 4335 2541 4406 gratias.

2045 4433 2111 4485 In
2140 4426 2250 4483 illis
2273 4424 2487 4481 diebus
2520 4440 2533 4478 :
2562 4419 2861 4477 Benedixit
2886 4417 3070 4475 Jacob
3092 4416 3228 4473 ﬁliis
3262 4414 3406 4485 suis,
3439 4413 3619 4470 bene-

212 4515 349 4568 cant
371 4511 426 4567 ei
456 4511 562 4583 qui
601 4511 968 4567 maledicunt
996 4509 1130 4575 diei,
1163 4510 1267 4582 qui
1294 4510 1491 4581 parati
1522 4513 1660 4567 sunt
1682 4509 1868 4566 susci-
1901 4493 1945 4546 D
1974 4515 2335 4574 dictionibus
2366 4512 2638 4585 propriis.
2668 4513 2732 4565 Et
2770 4508 3053 4581 prmeepit
3076 4508 3183 4574 eis,
3216 4505 3421 4560 dicens
3450 4520 3462 4559 :
3498 4505 3619 4571 Ego

214 4603 336 4657 tare
362 4600 680 4657 Leviathan
714 4615 726 4657 :

285 4689 762 4753 Obtenebrentur
802 4686 980 4745 stellae
1011 4687 1261 4757 caligine
1284 4687 1412 4758 ejus
1442 4704 1455 4743 :
1486 4689 1505 4710 '
1533 4691 1756 4758 spectet
1782 4686 1868 4741 lu-

218 4792 343 4834 cem
369 4784 427 4835 et
456 4793 574 4833 non
601 4778 817 4842 videat,
850 4792 960 4833 nec
989 4782 1185 4832 ortum
1226 4776 1522 4847 surgentis
1585 4792 1817 4833 aurorae
1840 4780 1863 4835 ἐ

286 4868 437 4934 Quia
450 4883 571 4923 non
588 4866 878 4923 conclusit
907 4866 1063 4921 ostia
1085 4868 1327 4929 ventris,
1348 4867 1451 4938 qui
1471 4868 1731 4938 portavit
1750 4884 1865 4941 me,

217 4956 235 4975 ⁶
262 4971 372 5013 nec
401 4956 643 5012 abstulit
664 4955 825 5011 mala
868 4954 945 5009 ab
977 4954 1164 5010 oculis
1196 4955 1368 5009 meis.

282 5049 479 5113 Qurae
519 5061 642 5102 non
668 5047 729 5113 in
759 5043 940 5107 vulva
978 5048 1251 5105 mortuus
1283 5060 1439 5111 sum,
1482 5059 1756 5115 egressus
1795 5063 1868 5103 ex

216 5138 378 5191 utero
417 5150 543 5191 non
565 5134 761 5189 statim
789 5132 986 5204 perii?

283 5226 477 5291 Quare
508 5227 789 5294 exceptus
816 5220 1110 5290 genibus?
1133 5235 1238 5276 cur
1261 5220 1518 5277 Iactatus
1534 5221 1821 5279 uberibus
1840 5224 1868 5278 ‘I

280 5315 449 5370 Nunc
479 5312 637 5368 enim
658 5310 960 5367 dormiens
973 5309 1226 5373 silerem,
1251 5310 1274 5331 "
1300 5315 1355 5367 et
1380 5326 1594 5367 somno
1609 5326 1745 5367 meo
1774 5326 1868 5367 re-

217 5404 581 5472 quiescerem
619 5418 633 5453 :

285 5494 434 5548 Cum
462 5488 703 5560 regibus
740 5493 795 5545 et
851 5486 1196 5545 consulibus
1224 5490 1412 5555 terrm,
1438 5488 1543 5560 qui
1568 5486 1870 5545 aediﬁcant

222 5576 333 5637 sibi
365 5577 717 5636 solitudines
762 5594 773 5633 :

1975 4618 2308 4675 oongregor
2336 4602 2413 4659 ad
2425 4600 2717 4673 populum
2736 4614 2966 4653 meum:
2989 4595 3230 4668 sepelite
3244 4608 3341 4650 me
3355 4607 3491 4647 cum
3520 4604 3623 4661 pa-

1975 4693 2159 4753 tribus
2190 4692 2339 4749 meis
2378 4690 2437 4746 in
2468 4688 2749 4760 spelunca
2786 4685 3007 4756 duplici
3063 4699 3199 4755 quas
3248 4686 3337 4736 est
3366 4680 3426 4733 in
3470 4692 3617 4745 agro

1976 4783 2215 4855 Ephron
2244 4778 2489 4841 Hethaei,
2526 4780 2733 4833 contra
2762 4774 3021 4831 Mambre
3050 4772 3111 4826 in
3138 4777 3291 4826 terra
3318 4768 3620 4855 Chanaan,

1976 4854 2161 4942 quam
2173 4866 2779 4927 emitAbrahamcum
2797 4876 2941 4930 agro
2960 4860 3036 4915 ab
3058 4859 3298 4930 Ephron
3313 4854 3551 4911 [lethaeo
3564 4854 3625 4908 in

1974 4957 2423 5031 possessionem
2447 4950 2767 5025 sepulchri.
2786 4948 2871 5004 lbi
2900 4947 3495 5019 sepelierunteum,et
3518 4943 3623 4997 Sa-

1975 5062 2108 5103 ram
2127 5059 2376 5107 uxorem
2399 5058 2527 5113 ejus
2556 5057 2569 5097 :
2598 5039 2681 5097 ibi
2702 5037 2968 5111 sepultus
2996 5040 3085 5092 est
3139 5039 3307 5090 Isaac
3350 5047 3490 5087 cum
3516 5032 3628 5084 Re-

1973 5134 2161 5192 becca
2187 5132 2441 5202 conjuge
2472 5144 2584 5185 sua
2612 5145 2628 5182 :
2657 5126 2741 5183 ibi
2761 5130 2818 5182 et
2841 5125 2938 5180 Lia
2993 5121 3233 5179 condita
3268 5121 3452 5191 jacet.
3488 5115 3628 5173 Fini-

1974 5222 2172 5293 tisque
2185 5218 2487 5275 mandatis
2506 5216 2721 5288 quibus
2737 5214 2895 5271 ﬁlios
2908 5209 3258 5274 instruebat,
3277 5206 3625 5275 collegitpe-

1975 5309 2081 5365 des
2108 5325 2248 5364 suos
2262 5323 2441 5380 super
2454 5305 2833 5367 lectulum,et
2866 5301 3011 5357 abiit
3042 5318 3055 5356 :
3089 5298 3514 5370 appositusque
3542 5298 3629 5380 est

1976 5398 2055 5457 ad
2074 5379 2366 5470 populum
2393 5410 2590 5451 suum.
2614 5393 2780 5465 (Cap.
2802 5392 2879 5462 L.)
2905 5388 3077 5456 Quod
3091 5401 3344 5442 cernens
3380 5379 3620 5470 Joseph,

1974 5466 2093 5541 ruit
2114 5466 2294 5556 super
2309 5485 2519 5539 faciem
2533 5482 2716 5555 patris
2731 5481 2881 5536 ﬂens
2907 5484 2964 5534 et
2992 5474 3272 5531 osculans
3296 5466 3625 5560 eumlerae:

1977 5552 2251 5646 cepitque
2265 5572 2451 5629 servis
2468 5552 2592 5627 suis
2608 5567 2856 5626 medicis
2868 5570 2932 5622 ut
2947 5560 3297 5620 aromaticus
3315 5552 3627 5614 condirent
3652 5564 3655 5567 ·
