4160 6412
511 376 610 432 351
1687 384 1699 392 ·
1750 351 2144 414 ΒΗΕνΙΑΒΙυ

2254 352 2636 412 GOTHICUM.
3816 339 3942 406 352~

508 485 1601 568 patrem.Quibusjussaexplentibus,
1627 481 1990 540 transierunt
2005 493 2152 550 qua-
2265 479 2611 568 gulis/mnus.
2641 479 2794 536 Deus
2821 477 3276 568 Pateringenite.
3307 475 3413 545 fol.
3454 478 3570 531 lOl.
3604 475 3930 546 Capitula.

510 563 786 654 draginta
803 578 929 632 dies
963 594 975 631 :
1008 574 1370 647 ipsequippe
1385 571 2152 629 noseratcadaverumcon-
2196 635 2214 654 Δ
2262 563 2556 629 lllumina,
2587 567 2852 623 Domine.
2879 568 2992 636 fol.
3021 565 3087 618 26

511 635 1209 736 dito‘rumﬂevitqueeum
1229 635 1515 733 Egyptus
1539 653 2150 732 septuagintadiebus.
2183 635 2230 689 Α
2330 655 2552 710 Lauda.
2573 656 2787 726 Excipe
2804 635 3041 709 servum
3058 656 3229 707 tuum
3259 651 3322 706 in
3351 651 3514 708 bono
3547 670 3560 707 :
3596 653 3658 706 P.
3692 654 3768 708 Ut
3796 664 3932 706 non

511 763 581 815 Et
617 757 842 828 expleto
871 755 1146 826 planctus
1172 754 1461 823 tempore,
1481 751 1710 805 locutus
1728 753 1815 804 est
1841 745 2059 817 Joseph
2074 743 2153 800 ad
2259 738 2654 828 calumnietur
2680 739 2824 795 mihi
2856 738 3187 828 superbij’.
3213 738 3380 828 chli
3403 738 3530 828 mei
3552 739 3626 828 de
3645 739 3935 796 fecerunt

513 826 805 902 familiam
835 841 1186 910 Pharaonis,
1207 840 1410 894 dicens
1440 855 1453 893 :
1482 839 1538 894 Si
1559 836 1760 893 inveni
1791 835 2044 905 gratiam
2090 832 2152 888 in
2257 827 2318 882 in
2344 826 2602 882 salutare
2624 832 2791 882 tuum
2834 846 2846 885 :
2876 831 2932 882 et
2960 827 3022 881 in
3043 826 3350 900 eloquium
3391 827 3634 896 justitia
3669 832 3820 884 tua.
3849 829 3927 881 P.

512 936 835 1004 conspectu
855 934 1075 996 vestro,
1107 926 1417 1000 loquimini
1464 927 1520 981 in
1556 923 1797 982 auribus
1831 920 2148 978 Paraonis:
2261 915 2328 969 Ut
2351 928 2500 1004 non.
2529 913 2595 1004 νζ
2607 913 2821 1004 Gloria.
2859 916 2919 968 P.
2953 916 3020 1004 lit
3051 929 3192 1004 non.

511 1037 583 1078 eo
613 1019 776 1092 quod
802 1023 970 1089 pater
993 1033 1164 1071 meus
1201 1015 1297 1087 adj
1310 1013 1567 1070 uraverit
1591 1011 1759 1080 mihi,
1796 1011 1999 1067 dicens
2031 1027 2044 1064 :
2069 1010 2151 1062 En

512 1109 756 1172 morior,
783 1107 844 1162 in
871 1104 1184 1177 sepulchro
1206 1119 1340 1158 meo
1392 1102 1550 1174 quod
1576 1101 1699 1156 fodi
1719 1100 1858 1154 mihi
1908 1099 1970 1154 in
1998 1101 2153 1152 terra

513 1197 809 1259 Chanaan,
829 1193 1072 1264 sepelies
1087 1207 1200 1246 me.
1229 1189 1560 1246 Ascendam
1583 1189 1779 1257 igitur,
1799 1185 2150 1258 etsepeliam

508 1287 737 1354 patrem
751 1295 976 1346 meum,
996 1294 1063 1334 ac
1079 1283 1357 1333 revertar.
1384 1276 1658 1347 Dixitque
1686 1275 1738 1329 ei
1759 1275 2015 1328 Pharao:
2049 1273 2149 1325 As-

511 1369 694 1426 cende
711 1373 766 1423 et
779 1367 958 1440 sepeli
972 1371 1202 1438 patrem
1225 1370 1393 1420 tuum
1411 1364 1562 1419 sicut
1582 1362 1894 1432 adjuratus
1922 1375 2003 1414 es.
2020 1360 2149 1424 Quo

507 1456 882 1520 ascendente,
901 1455 1324 1510 ieruntcumeo
1341 1467 1550 1508 omnes
1576 1465 1746 1506 senes
1765 1449 1983 1504 domus
2003 1447 2148 1503 Pha-

510 1545 725 1614 raonis,
740 1543 1054 1613 cunctique
1067 1541 1326 1610 majores
1338 1543 1483 1595 natu
1496 1538 1692 1594 omnis
1708 1543 1874 1593 terra
1887 1535 2143 1607 ZEgypti:

509 1633 725 1688 domus
753 1631 974 1701 Joseph
1003 1645 1142 1685 cum
1161 1627 1440 1683 fratribus
1467 1627 1611 1696 suis,
1637 1626 1866 1698 absque
1887 1624 2148 1696 parvulis

508 1724 564 1776 et
593 1718 892 1788 gregibus,
920 1721 1098 1788 atque
1130 1715 1430 1783 armentis,
1463 1729 1598 1785 qua
1626 1712 2068 1783 dereliquerunt
2087 1712 2149 1766 in

511 1811 663 1863 terra
694 1807 932 1861 Gessen.
968 1803 1178 1858 Habuit
1201 1802 1518 1874 quoquein
1539 1800 1826 1856 comitatu
1857 1815 2063 1855 currus
2093 1802 2150 1854 et

509 1893 731 1965 equites
749 1908 761 1946 :
780 1895 836 1947 et
848 1891 1003 1946 facta
1016 1889 1287 1945 estturba
1305 1904 1426 1944 non
1444 1887 1701 1944 modica.
1740 1890 2148 1958 Veneruntque

508 1979 585 2036 ad
615 1994 818 2035 aream
846 1978 1012 2042 Atad,
1039 1991 1173 2049 qua
1203 1977 1314 2032 sita
1335 1981 1426 2031 est
1457 1980 1619 2032 trans
1665 1975 1985 2031 Iordanem
2012 1973 2148 2029 :ubi

510 2065 1164 2136 celebrantesexequias
1220 2062 1463 2134 planctu
1501 2077 1723 2131 magno
1768 2068 1946 2134 atque
1975 2062 2146 2117 vehe-

508 2153 690 2209 menti
716 2152 1104 2224 impleverunt
1116 2155 1344 2223 septem
1357 2150 1502 2208 dies.
1519 2150 1690 2216 Quod
1703 2165 1842 2205 cum
1858 2149 2148 2205 vidissent

506 2240 871 2296 habitatores
897 2245 1063 2295 terra
1077 2239 1382 2304 Chanaan,
1407 2238 1713 2294 dixerunt:
1735 2237 2010 2293 Planctus
2024 2252 2148 2292 ma-

507 2343 660 2397 gnus
678 2332 764 2383 est
779 2329 884 2383 iste
904 2327 1204 2398 Egyptiis.
1230 2328 1296 2382 Et
1318 2326 1538 2381 idcirco
1567 2324 2022 2398 appellaverunt
2044 2340 2148 2380 no-

506 2431 640 2470 men
670 2415 784 2471 loci
818 2415 996 2478 illius,
1055 2413 1328 2470 Planctus
1367 2413 1624 2485 IEgypti.
1670 2415 1960 2468 Fecerunt
2005 2427 2146 2481 ergo

503 2502 608 2558 ﬁlii
629 2501 811 2558 Jacob
836 2503 985 2558 sicut
1002 2506 1368 2574 praceperat
1389 2501 1474 2556 eis
1505 2519 1518 2554 :
1542 2505 1912 2572 etportantes
1932 2516 2069 2556 eum
2087 2501 2146 2555 in

503 2595 722 2646 terram
745 2591 1044 2656 Chanaan,
1093 2589 1444 2660 sepelierunt
1469 2590 1530 2644 in
1563 2589 1852 2659 spelunca
1903 2588 2143 2660 duplici,

502 2693 688 2750 quam
718 2683 930 2734 emerat
953 2679 1251 2734 Ahraham
1278 2693 1418 2733 cum
1441 2693 1584 2748 agro
1615 2678 1676 2733 in
1701 2678 2145 2749 possessionem

505 2765 890 2837 sepulchriab
910 2767 1145 2838 Ephron
1160 2766 1395 2822 Hethao
1412 2771 1614 2822 contra
1630 2765 1843 2822 faciem
1865 2765 2144 2822 Mambre.

508 2856 794 2910 Reversus
823 2859 911 2910 est
949 2855 1168 2926 Joseph
1219 2855 1280 2910 in
1332 2857 1649 2926 zEgyptum
1685 2870 1822 2909 cum
1861 2854 2145 2910 fratribus

504 2943 712 3006 suis,et
731 2944 894 2998 omni
927 2942 1230 3005 comitatu,
1249 2942 1481 3014 sepulto
1511 2946 1691 3013 patre.
1733 2944 1860 3008 Quo
1883 2946 2140 3006 mortuo,

500 3029 762 3085 timentes
790 3031 996 3085 fratres
1022 3035 1081 3085 et
1108 3030 1537 3101 conloquentes
1579 3047 1592 3084 :
1622 3033 1701 3085 Ne
1730 3030 1879 3086 forte
1913 3045 2144 3084 memor

501 3117 572 3172 sit
590 3117 820 3186 injuria
837 3133 1020 3188 quam
1038 3134 1253 3189 passus
1273 3122 1379 3183 est,
1408 3122 1464 3173 et
1491 3116 1703 3172 reddat
1720 3117 1892 3172 nobis
1915 3117 2141 3171 malum

498 3219 675 3259 omne
695 3204 856 3274 quod
882 3203 1598 3272 fecimus,mandaverunt
1623 3203 1677 3258 ei
1697 3204 1957 3259 dicentes
1985 3220 1998 3258 :
2040 3204 2142 3258 Pa-

2330 1000 2555 1057 Oratio.
2572 1003 2597 1056 J
2607 1001 2868 1057 udicium
2880 1008 2936 1057 et
2949 1001 3240 1072 justitiam
3261 1001 3410 1057 doce
3425 1016 3532 1057 nos
3547 1001 3768 1068 facere,
3801 1003 3923 1058 Do-

2260 1088 2416 1144 mine
2441 1108 2454 1158 ;
2483 1089 2740 1160 qualiter
2761 1089 3071 1146 valeamus
3119 1090 3519 1161 superborum
3570 1089 3924 1146 calumnias

2257 1175 2604 1232 conculcare
2630 1195 2643 1230 :
2677 1177 2875 1249 excipe
2893 1192 3097 1233 servos
3113 1181 3244 1233 tuos
3265 1178 3326 1233 in
3355 1177 3606 1249 bonum,
3632 1178 3740 1251 qui
3774 1194 3926 1250 spe-

2255 1267 2390 1319 rant
2412 1264 2473 1318 in
2505 1264 2762 1321 salutare
2777 1269 2944 1321 tuum
2977 1281 2990 1320 :
3022 1281 3402 1338 quorumque
3431 1266 3742 1322 interiores
3773 1283 3925 1323 ocu-

2253 1349 2294 1405 li
2324 1351 2530 1407 Christi
2558 1353 2642 1408 tui
2662 1359 2976 1425 expectant
2999 1368 3274 1423 regnum,
3297 1355 3408 1410 hos
3453 1359 3685 1428 partem
3714 1355 3924 1413 habe-

2254 1453 2317 1495 re
2341 1439 2516 1496 facito
2554 1441 2614 1495 in
2642 1441 2937 1497 consortio
2989 1441 3334 1498 electorum.
3358 1453 3424 1512 nr.
3460 1447 3666 1499 Amen.

2325 1529 2430 1583 Per
2450 1528 2941 1584 misericordiam.

2719 1619 2884 1688 197
2966 1618 3060 1672 Ad
3117 1618 3396 1674 Tertiam.

2534 1705 2943 1761 Ecclesiaslici
2977 1706 3484 1777 Salomom's(Cap.
3521 1708 3600 1778 x).

2326 1801 2390 1859 Br.
2418 1791 2537 1847 Deo
2566 1793 2818 1848 Gratias.

2329 1879 2470 1944 Filii,
2500 1880 2835 1936 secundum
2864 1880 3130 1936 Judicem
3171 1881 3398 1952 populi,
3451 1881 3535 1937 sic
3565 1885 3623 1938 et
3650 1883 3912 1940 ministri

2179 1962 2222 2016 B
2254 1965 2383 2035 ejus
2415 1983 2428 2021 :
2457 1971 2513 2022 et
2536 1967 2728 2039 qualis
2757 1972 3055 2024 estrector
3104 1968 3374 2032 civitatis,
3407 1968 3911 2026 talesethabitan-

2254 2056 2362 2109 tes.
2391 2054 2798 2127 Rexinsipiens
2828 2055 3033 2126 perdet
3050 2055 3342 2127 populum
3376 2073 3586 2112 suum:
3618 2062 3673 2112 et
3703 2057 3907 2115 civita-

2253 2141 2845 2198 tesinhabitabuntur
2860 2156 2965 2215 per
2982 2159 3231 2199 sensum
3252 2144 3659 2216 prudentium.
3691 2148 3754 2201 In
3775 2161 3906 2202 ma-

2253 2242 2336 2284 nu
2353 2231 2450 2285 Dei
2481 2235 2744 2301 potestas
2771 2235 2938 2287 terra
2971 2248 2983 2287 :
3018 2237 3072 2287 et
3100 2233 3305 2288 utilem
3335 2238 3624 2290 rectorem
3656 2235 3906 2291 suscita-

2252 2319 2416 2374 bitin
2447 2321 2675 2390 tempus
2706 2334 2883 2390 super
2929 2319 3113 2374 illam.
3149 2323 3213 2376 In
3245 2336 3433 2377 manu
3459 2322 3562 2378 Dei
3632 2326 3904 2394 potestas

2251 2405 2536 2470 hominis,
2560 2412 2617 2462 et
2645 2423 2819 2477 super
2859 2407 3074 2462 faciem
3105 2407 3314 2464 scriba
3355 2414 3582 2475 ponent
3609 2409 3904 2467 honorem

2253 2510 2453 2550 suum.
2484 2494 2689 2550 Omnis
2755 2495 2984 2565 injuria
3015 2496 3271 2567 proximi
3316 2512 3393 2553 ne
3423 2498 3788 2566 memineris,
3849 2505 3908 2556 et

2253 2581 2400 2638 nihil
2459 2597 2605 2650 agas
2658 2581 2719 2636 in
2764 2583 3048 2654 operibus
3106 2583 3359 2655 injuria.
3413 2586 3655 2642 Odibilis
3695 2603 3906 2644 coram

2252 2670 2374 2724 Deo
2395 2675 2480 2724 est
2508 2669 2702 2725 omnis
2733 2670 3014 2740 superbia
3040 2688 3057 2726 :
3089 2677 3144 2726 et
3167 2672 3514 2729 execrabilis
3560 2675 3755 2729 omnis
3793 2675 3906 2730 ini-

2254 2757 2443 2829 quitas
2474 2758 2762 2828 gentium.
2794 2761 3064 2828 Regnum
3090 2776 3126 2815 a
3155 2765 3327 2829 gente
3356 2761 3418 2817 in
3447 2765 3682 2831 gentem
3709 2766 3907 2818 trans-

2251 2845 2468 2902 feretur
2487 2847 3113 2918 propterinjustitiam,
3141 2854 3197 2904 et
3218 2849 3486 2919 injurias.
3522 2854 3903 2907 etcontume-

2250 2934 2377 2999 llas,
2399 2939 2455 2990 et
2479 2935 2745 2990 diversos
2767 2935 2954 2990 dolos.
2982 2938 3174 2992 Avaro
3195 2942 3395 2993 autem
3417 2938 3560 2993 nihil
3583 2943 3670 2994 est
3692 2939 3909 2995 sceles-

2250 3023 2386 3080 tius.
2419 3021 2570 3087 Quid
2593 3023 2867 3093 superbis
2897 3028 3054 3079 terra
3102 3029 3158 3079 et
3201 3025 3350 3080 cinis
3373 3025 3402 3082 ?
3439 3025 3590 3082 Nihil
3633 3025 3909 3099 iniquius

2250 3108 2478 3166 habens
2502 3125 2687 3182 quam
2713 3125 2916 3166 amare
2946 3111 3264 3183 pecuniam
3297 3129 3309 3168 :
3343 3113 3440 3169 bic
3470 3115 3630 3170 enim
3676 3120 3731 3171 et
3777 3115 3909 3170 ani-

2250 3213 2414 3254 mam
2451 3213 2623 3254 suam
2673 3197 2940 3254 venalem
2985 3199 3162 3255 facit:
3207 3201 3497 3274 quoniam
3536 3203 3600 3258 in
3637 3203 3760 3259 vita
3792 3219 3912 3259 sua

499 3295 584 3347 ter
597 3299 725 3346 tuus
741 3293 1021 3364 pracepit
1037 3292 1212 3348 nobis
1227 3296 1550 3363 antequam
1572 3297 1914 3356 moreretur,
1931 3297 1995 3346 ut
2013 3291 2140 3347 hac
2169 3298 2213 3355 c
2252 3285 2496 3358 projecit
2511 3286 2724 3341 intima
2743 3287 3076 3344 sua.Timor
3092 3287 3323 3344 Domini
3343 3295 3432 3345 est
3450 3305 3573 3346 non
3597 3290 3912 3364 despicere

496 3379 605 3434 tibi
634 3378 826 3435 verbis
841 3379 993 3434 illius
1024 3381 1358 3435 diceremus
1391 3397 1404 3438 :
1440 3380 1692 3435 Obsecro
1718 3383 1784 3436 ut
1831 3379 2141 3436 oblivisca-

494 3467 574 3522 ris
602 3467 894 3522 scelerum
919 3467 1170 3523 fratrum
1200 3472 1462 3535 tuorum,
1489 3471 1545 3522 et
1569 3467 1793 3537 peccati
1825 3477 2002 3540 atque
2015 3484 2135 3524 ma-

493 3551 630 3608 litia
650 3569 835 3624 quam
862 3555 1254 3608 exercuerunt
1277 3552 1336 3607 in
1369 3557 1422 3607 te
1449 3572 1460 3610 ;
1489 3567 1601 3608 nos
1631 3568 1866 3625 quoque
1896 3569 2139 3610 oramus

499 3643 559 3694 ut
579 3639 761 3694 servis
783 3641 882 3694 Dei
911 3641 1095 3711 patris
1143 3640 1228 3694 tui
1260 3639 1524 3696 dimittas
1553 3639 1930 3712 iniquitatem
1959 3641 2137 3698 hanc.

497 3725 724 3790 Quibus
752 3726 988 3794 auditis,
1020 3726 1434 3797 ﬂevitJoseph.
1461 3730 1872 3800 Veneruntque
1891 3728 1969 3784 ad
2001 3744 2138 3784 cum

494 3812 702 3869 fratres
736 3815 825 3869 sui
858 3831 872 3869 :
905 3820 962 3870 et
991 3815 1168 3886 proni
1197 3815 1258 3869 in
1286 3820 1506 3872 terram
1534 3815 1847 3872 dixerunt:
1875 3817 2034 3874 Servi
2055 3817 2140 3873 tui

496 3917 721 3956 sumus.
739 3903 963 3968 Quibus
979 3903 1072 3958 ille
1088 3904 1396 3976 respondit
1419 3921 1431 3957 :
1453 3903 1636 3960 Nolite
1665 3910 1926 3960 metuere
1950 3923 1962 3960 :
1992 3921 2140 3961 num

495 3989 592 4044 Dei
615 4005 932 4061 possumus
957 4007 1202 4047 renuere
1252 3991 1615 4048 voluntatem
1637 3993 1666 4048 ?
1705 3996 1817 4049 Vos
1840 3993 2140 4063 cogitastis

494 4076 568 4132 de
599 4093 694 4133 me
725 4079 953 4134 malum
987 4097 999 4135 :
1035 4084 1089 4135 et
1119 4081 1270 4135 Deus
1299 4080 1466 4136 vertit
1502 4080 1648 4136 illud
1701 4082 1762 4136 in
1792 4081 2043 4146 bonum,
2077 4086 2141 4138 ut

493 4165 772 4222 exaltaret
799 4183 893 4223 me
917 4167 1141 4223 sicutin
1181 4169 1633 4240 praesentiarum
1662 4170 1916 4236 cernitis,
1955 4174 2010 4226 et
2028 4169 2140 4225 sal-

494 4269 605 4308 nos
627 4254 849 4310 faceret
878 4256 1128 4327 populos
1157 4256 1399 4313 multos.
1448 4257 1632 4313 Nolite
1684 4262 1944 4312 metuere
1975 4273 1996 4312 .°
2027 4272 2138 4327 ego

495 4356 736 4412 pascam
769 4358 874 4397 vos
903 4348 960 4398 et
985 4344 1266 4414 parvulos
1293 4345 2017 4416 vestros:consolatusque
2052 4349 2140 4401 est

495 4443 616 4491 eos,
653 4433 707 4484 et
735 4429 953 4486 blande
975 4446 1045 4487 ac
1075 4431 1282 4489 leniter
1299 4438 1389 4488 est
1415 4433 1670 4488 locutus.
1693 4436 1754 4487 Et
1774 4432 2136 4488 habitavitin

496 4518 746 4588 ngypto
777 4533 913 4573 cum
929 4521 1092 4575 omni
1112 4520 1295 4576 domo
1328 4523 1508 4592 patris
1549 4521 1639 4575 sui
1673 4521 1970 4592 :vixitque
1996 4535 2134 4576 cen-

495 4609 620 4660 tum
645 4605 852 4661 decem
883 4608 1077 4664 annis.
1145 4611 1208 4664 Et
1234 4609 1378 4664 vidit
1415 4607 1695 4679 Ephraim
1722 4607 1874 4663 ﬁlios
1942 4624 2134 4680 usque
2169 4635 2216 4691 D

494 4693 570 4748 ad
603 4695 830 4750 tertiam
863 4695 1327 4764 generationem.
1362 4695 1482 4750 Filii
1507 4710 1747 4767 quoque
1785 4695 2005 4751 Machir
2033 4695 2139 4752 ﬁlii

493 4783 908 4845 Manasse,nati
941 4789 1079 4838 sunt
1106 4783 1166 4837 in
1199 4782 1454 4851 genibus
1477 4782 1954 4854 joseph.Quibus
1977 4787 2136 4840 tran-

495 4869 688 4932 sactis,
721 4869 956 4925 locutus
981 4869 1364 4926 estfratribus
1392 4871 1514 4925 suis
1548 4885 1560 4926 :
1584 4871 1716 4926 Post
1734 4877 1982 4928 mortem
2011 4887 2134 4928 me-

495 4971 592 5010 am
629 4957 1051 5014 Deusvisitabit
1072 4974 1198 5024 vos,
1231 4963 1286 5014 et
1317 4959 1637 5015 ascendere
1671 4959 1845 5016 faciet
1875 4960 1948 5015 de
1980 4963 2135 5017 terra

495 5043 606 5098 ista
629 5043 704 5098 ad
719 5048 930 5100 terram
953 5061 1137 5117 quam
1153 5048 1374 5114 juravit
1405 5046 1732 5110 Abraham,
1763 5047 1946 5111 Isaac,
1976 5051 2138 5104 etla-

497 5131 634 5187 cob.
671 5134 936 5203 Cumque
971 5134 1310 5203 adjurasset
1349 5151 1454 5190 eos
1488 5141 1666 5207 atque
1697 5134 2139 5191 dixissetzDeus

495 5218 754 5274 visitabit
783 5235 937 5274 vos:
987 5227 1283 5292 asportata
1337 5223 1642 5278 vobiscum
1700 5239 1838 5279 ossa
1880 5238 2016 5280 mea
2066 5225 2140 5280 de

493 5306 626 5362 loco
656 5309 766 5362 isto
799 5323 810 5361 :
843 5312 1113 5364 mortuus
1155 5315 1264 5373 est,
1283 5310 1528 5382 expletis
1555 5316 1796 5366 centum
1823 5310 2030 5368 decem
2052 5313 2140 5368 vi-

496 5399 565 5450 ta
599 5411 719 5450 sua
751 5397 944 5451 annis.
985 5398 1051 5452 Et
1072 5397 1348 5454 conditus
1389 5398 1782 5462 aromatibus,
1842 5400 2138 5472 repositus

494 5487 584 5539 est
612 5485 669 5538 in
701 5483 895 5541 loculo
921 5484 980 5540 in
1026 5486 1296 5557 lEgypto.
1333 5498 1392 5556 Br.
1445 5487 1656 5544 Amen.

2247 3373 2481 3444 justum
2512 3379 3057 3445 pauperem,etnon
3071 3376 3461 3446 magniﬁcare
3486 3377 3682 3434 virum
3695 3395 3914 3451 pecca-

2259 3465 2450 3516 torem
2486 3461 2749 3516 divitem.
2803 3463 3102 3532 Sapientia
3127 3463 3372 3520 humilis
3400 3466 3686 3523 exaltabit
3723 3472 3917 3540 caput

2257 3565 2456 3613 suum,
2489 3554 2545 3605 et
2583 3550 2644 3605 in
2679 3550 3304 3620 mediomagnatorum
3358 3555 3680 3612 consedere
3733 3555 3912 3613 illum

2250 3636 2423 3694 faciet
2479 3637 2540 3692 in
2600 3642 2773 3694 terra.
2831 3650 2899 3708 13;.
2963 3643 3171 3695 Amen.

2531 3726 2904 3795 Principium
2945 3727 3084 3783 libri
3106 3728 3353 3785 Exaudi
3380 3729 3548 3802 (Cap.
3580 3733 3646 3801 Ι).

2319 3825 2385 3884 ἢ.
2409 3815 2528 3870 Deo
2554 3815 2793 3884 gratias.

2318 3904 2451 3957 Hac
2475 3904 2872 3960 suntnomina
2886 3903 3144 3960 ﬁliorum
3167 3905 3343 3961 Israel
3360 3907 3463 3978 qui
3479 3907 3738 3978 ingressi
3761 3917 3912 3969 sunt

2246 3989 2307 4045 in
2325 3992 2643 4063 Egyptum
2656 4007 2794 4046 cum
2807 3992 2988 4048 Jacob
3013 3993 3253 4065 :singuli
3288 4011 3426 4050 cum
3451 3994 3735 4052 domibus
3775 4001 3910 4056 suis

2247 4077 2630 4134 introierunt:
2661 4079 2888 4145 Ruben,
2908 4081 3168 4148 Simeon,
3182 4082 3336 4149 Levi,
3351 4084 3380 4137 J
3389 4083 3556 4151 udas,
3594 4086 3904 4155 Issachar,

2247 4165 2508 4222 Zabulon
2555 4171 2611 4222 et
2641 4168 2966 4237 Benjamin,
3023 4171 3170 4236 Dan,
3225 4171 3577 4242 Nephtalim,
3641 4174 3792 4244 Gad,
3847 4182 3909 4233 et

2246 4254 2406 4307 Aser.
2431 4254 2797 4324 Erantigitur
2811 4271 3020 4312 omnes
3041 4259 3263 4316 animos
3295 4275 3504 4316 eorum
3522 4260 3628 4332 qui
3642 4261 3903 4332 ingressi

2247 4344 2385 4396 sunt
2404 4339 2797 4414 in/Egyptum
2813 4344 2886 4399 de
2902 4344 3124 4403 femore
3160 4348 3368 4414 Jacob,
3398 4350 3904 4420 septuagintazlo-

2247 4427 2393 4498 seph
2405 4434 2676 4485 autemin
2688 4432 2936 4504 Egypto
2961 4438 3102 4490 erat.
3139 4436 3267 4501 Quo
3288 4439 3545 4498 mortuo,
3573 4441 3630 4492 et
3656 4437 3894 4494 univer-

2246 4514 2325 4568 sis
2353 4514 2631 4574 fratribus
2663 4520 2812 4591 ejus,
2868 4523 3153 4596 omnique
3211 4523 3566 4593 cognatione
3606 4523 3727 4590 illa,
3766 4527 3893 4584 Filii

2244 4600 2422 4657 Israel
2451 4609 2777 4670 creverunt,
2813 4610 2869 4662 et
2905 4607 3079 4678 quasi
3101 4611 3504 4678 germinantes
3531 4611 3892 4685 multiplica-

2245 4687 2286 4744 ti
2326 4693 2464 4745 sunt
2494 4706 2506 4745 :
2537 4705 2607 4747 ac
2625 4692 2855 4749 robusti
2877 4694 3600 4770 nimis,impleveruntque
3648 4703 3895 4758 terram.

2246 4777 2504 4834 Surrexit
2530 4779 2753 4837 interea
2803 4797 2907 4837 rex
2971 4797 3167 4839 novus
3188 4798 3366 4856 super
3416 4788 3761 4858 IEgyptum,
3789 4791 3899 4862 qui

2243 4863 2560 4934 ignorabat
2585 4870 2803 4943 Joseph
2826 4887 2840 4926 :
2865 4872 3012 4928 etalt
3035 4873 3114 4928 ad
3139 4874 3435 4945 populum
3456 4891 3634 4931 suum
3667 4893 3680 4929 :
3713 4879 3890 4946 Ecce,

2243 4954 2501 5024 populus
2525 4956 2785 5014 ﬁliorum
2820 4959 2998 5015 Israel
3025 4959 3264 5025 multus,
3285 4961 3558 5018 etfortior
3581 4963 3757 5019 nobis
3781 4969 3896 5022 est.

2247 5043 2466 5108 Venite,
2487 5045 2806 5118 sapientier
2823 5051 3234 5120 opprimamus
3254 5065 3415 5119 eum,
3433 5065 3509 5106 ne
3533 5051 3682 5108 forte
3695 5052 3896 5110 multi-

2246 5129 2538 5200 plicentur
2567 5152 2581 5193 :
2613 5141 2668 5190 et
2686 5136 2733 5189 si
2757 5135 3042 5205 ingruerit
3066 5142 3272 5194 contra
3291 5153 3404 5194 nos
3425 5138 3674 5210 bellum,
3702 5141 3898 5199 adda-

2246 5222 2341 5273 tur
2367 5221 2548 5276 virtus
2576 5222 2830 5278 inimicis
2886 5227 3124 5289 nostris,
3177 5229 3653 5300 expugnatisque
3693 5231 3894 5296 nobis,

2247 5309 2633 5376 egrediatura
2658 5315 2833 5367 terra.
2866 5315 3192 5385 Praposuit
3218 5315 3415 5386 itaque
3447 5316 3534 5370 eis
3565 5318 3896 5387 magistros

2245 5410 2516 5466 operum,
2549 5398 2653 5469 qui
2697 5399 3009 5470 affligerun
3049 5417 3152 5458 eos
3183 5403 3466 5458 oneribus
3498 5422 3512 5460 :
3556 5405 3899 5464 aediﬁcave-

2246 5487 2503 5555 runtque
2522 5485 2696 5541 urbes
2708 5488 3232 5546 tabernaculorum
3246 5490 3558 5560 Pharaoni,
3578 5493 3816 5550 Phitom
3834 5503 3894 5553 et

2248 5576 2937 5649 Ramesses.Quantoque
2948 5577 3354 5649 opprimebant
3373 5585 3674 5648 eos,tanto
3687 5583 3892 5653 magis
