4192 6470
1152 417 1252 472 Ad
1285 418 1551 473 Sextum.

683 504 881 560 Lectio
922 503 1063 559 libri
1085 505 1345 561 Jeremiaa
1377 504 1699 574 Propheta
1732 504 1892 574 (Cap.
1927 505 2029 568 in).

604 604 676 663 Βι.
710 593 828 648 Deo
852 591 1096 661 gratias.

598 683 730 735 Haec
750 679 890 735 dicit
928 681 1238 735 Dominus:
1274 679 1690 738 Convertimini
1727 678 1828 734 ﬁlii
1872 680 2168 733 reverten-

526 772 638 833 tes,
667 773 721 823 et
736 768 961 823 sanabo
983 768 1363 824 adversiones
1388 775 1614 824 vestras
1644 767 1991 839 20$,Ecce
2009 766 2168 820 enim

526 855 801 911 venimus
827 857 901 911 ad
931 862 1013 913 te:
1043 861 1106 911 tu
1132 857 1289 912 enim
1311 874 1372 912 es
1406 857 1686 912 Dominus
1734 857 1884 910 Deus
1944 859 2162 910 noster.

525 945 670 998 Vere
691 944 1010 999 mendaces
1053 950 1220 1000 erant
1246 945 1442 1008 colles,
1477 944 1780 999 multitudo
1821 943 2114 998 montium
2149 959 2161 997 ε

525 1047 659 1088 vere
689 1032 749 1086 in
781 1032 1031 1087 Domino
1060 1032 1177 1087 Deo
1209 1037 1410 1088 nostro
1442 1038 1526 1087 est
1565 1032 1725 1086 salus
1775 1030 1974 1085 Israel.
2018 1029 2164 1083 Con-

524 1120 681 1176 fusio
703 1120 960 1175 comedit
987 1119 1220 1174 labores
1241 1128 1466 1191 patrum
1509 1124 1847 1174 nostrorum
1890 1117 1967 1172 ab
2013 1117 2162 1171 edo--

521 1207 803 1262 lescentia
827 1211 1050 1270 nostra,
1083 1222 1288 1276 greges
1310 1223 1534 1270 eorum,
1558 1211 1897 1261 etarmenta
1928 1218 2154 1272 eorum,

521 1294 674 1349 ﬁlios
713 1295 912 1359 Israel,
941 1300 996 1348 et
1026 1294 1176 1348 ﬁlios
1207 1311 1432 1349 eorum.
1484 1294 1851 1348 Dormicmus
1877 1295 1936 1346 In
1959 1290 2161 1344 confu~

521 1381 687 1437 sione
709 1387 927 1446 nostra,
945 1386 999 1436 et
1027 1380 1250 1452 operiet
1279 1397 1389 1436 nos
1407 1379 1736 1445 ignominia
1749 1386 1949 1434 nostra
1963 1395 1978 1432 :
2006 1394 2158 1450 quo-

515 1471 679 1524 niam
715 1469 963 1524 Domino
982 1473 1094 1523 Deo
1123 1475 1321 1524 nostro
1340 1469 1718 1539 peccavimus
1734 1484 1861 1531 nos,
1883 1473 1936 1521 et
1960 1473 2155 1537 patres

516 1559 719 1620 nostri,
744 1557 821 1611 ab
843 1556 1238 1611 adolescentia
1254 1561 1454 1611 nostra
1475 1572 1663 1628 usque
1695 1558 1762 1610 ad
1783 1556 1938 1609 hanc
1951 1554 2107 1608 diem
2139 1573 2150 1611 :

519 1649 712 1700 etnon
743 1645 1080 1700 audivimus
1109 1661 1303 1699 vocem
1336 1644 1431 1699 Dei
1465 1646 1651 1699 nostri
1690 1643 2042 1712 (Cap.1v).Si
2068 1656 2157 1696 re-

512 1733 752 1788 verteris
773 1733 850 1787 ad
874 1749 957 1786 me
988 1732 1185 1799 Israel,
1211 1733 1289 1786 ait
1311 1731 1608 1796 Dominus,
1639 1731 1708 1787 ad
1745 1746 1836 1785 me
1857 1736 2154 1784 converte-
2186 1743 2230 1796 Β

512 1835 576 1876 re
595 1835 619 1876 .'
648 1819 692 1874 si
733 1820 1043 1875 abstuleris
1074 1819 1433 1874 offendicula
1467 1824 1564 1874 tua
1591 1835 1625 1874 a
1656 1818 1807 1874 facie
1840 1834 1992 1880 mea,
2029 1832 2150 1872 non

513 1908 1002 1963 commoveberis.
1031 1910 1093 1962 Et
1109 1906 1401 1977 juraveris
1433 1924 1444 1961 :
1473 1905 1622 1960 Vivit
1643 1905 1930 1959 Dominus
1968 1905 2028 1958 in
2052 1919 2149 1958 ve-

512 1994 704 2061 ritate,
742 2001 798 2050 et
827 1994 888 2050 in
906 1995 1151 2065 judicio,
1203 1998 1259 2049 et
1295 1994 1354 2048 in
1390 1993 1617 2063 justitia
1646 2011 1658 2048 :
1689 1998 1745 2048 et
1796 1991 2151 2047 benedicent

511 2096 648 2137 eum
681 2087 902 2152 gentes,
936 2082 1252 2154 ipsumque
1277 2081 1636 2136 laudabunt.
1687 2091 1756 2149 BI.
1797 2084 2006 2136 Amen.

579 2171 920 2242 Antiphona
951 2176 998 2236 1,
1043 2170 1316 2225 Dominus
1347 2184 1574 2225 memor
1604 2168 1711 2224 fuit
1736 2168 2028 2224 nostri:et
2051 2166 2150 2222 be-

511 2259 731 2314 nedixit
750 2259 944 2315 nobis.
984 2259 1247 2313 Psalmus
1273 2273 1421 2313 CXIII.

579 2348 798 2403 Oratio.
829 2350 1047 2404 Memor
1074 2352 1196 2402 esto
1239 2346 1432 2411 nobis,
1464 2345 1733 2411 Domine,
1785 2348 1840 2400 et
1895 2343 2146 2399 benedic

508 2449 652 2502 nos;
675 2435 779 2507 qui
799 2451 873 2489 ne
893 2435 1185 2490 obliviosa
1212 2439 1405 2489 mente
1438 2439 1832 2489 avertamura
1861 2435 1934 2496 te,
1981 2437 2145 2487 tuam

505 2537 618 2578 nos
664 2522 846 2578 reduc
889 2523 949 2577 in
995 2523 1491 2578 recordationem:
1536 2537 1606 2578 ac
1651 2522 1802 2575 sicut
1852 2519 2027 2574 Israel
2075 2535 2146 2574 ex

503 2611 752 2682 ngypto
786 2609 1043 2666 Iiberasti
1068 2627 1173 2682 per
1185 2611 1502 2680 aenigmata
1522 2630 1537 2677 ;
1556 2610 1638 2664 ita
1652 2625 1760 2664 nos
1786 2624 1821 2664 a
1845 2608 2146 2665 mundana

502 2699 763 2768 digneris
799 2715 1108 2769 segregare
1141 2700 1520 2769 contagione.
1555 2710 1618 2768 Βι.
1651 2702 1860 2752 Amen.

571 2789 678 2843 Per
703 2789 1189 2856 misericordiam,
1221 2795 1336 2844 etc.

568 2878 913 2946 Antiphona
939 2882 992 2932 2.
1015 2879 1189 2948 Reple
1222 2878 1382 2934 Deus
1413 2876 1634 2946 gaudio
1655 2891 1722 2931 os
1743 2878 2015 2930 nostrum
2049 2893 2061 2927 :
2085 2879 2142 2931 et

498 2962 702 3035 lingua
715 2971 914 3021 nostra
933 2965 1313 3021 exultatione.
1363 2965 1632 3020 Psatmus
1653 2980 1818 3019 cxxv.

1785 282 2238 347 BHEVIARIUM
2278 281 2669 342 GOTHICUM.

2203 407 2252 460 A

3830 288 3939 348 364

2916 411 3002 466 Ad
3027 411 3283 466 Nonam.

2605 515 2926 585 Sapientiae
2953 513 3270 573 Salominis
3288 513 3454 584 (Cap.
3480 524 3580 578 x1).

2352 631 2413 688 ιγ.
2447 620 2564 674 Deo
2594 620 2834 690 gratias.

2348 707 2471 770 Flli,
2506 726 2639 763 cum
2665 710 3039 766 abundarent
3059 707 3160 763 ﬁlii
3189 707 3387 772 Israel,
3418 706 3596 764 laetati
3616 714 3758 766 sunt
3789 726 3933 782 ;per

2275 796 2420 861 haec,
2454 812 2589 852 cum
2615 797 2725 852 illis
2763 797 3056 860 deessent,
3089 796 3240 851 bene
3269 813 3409 852 cum
3431 796 3544 852 illis
3571 802 3774 854 actum
3805 803 3922 856 est.

2275 887 2411 939 Nam
2434 901 2540 956 pro
2568 885 2730 942 fonte
2752 885 2994 956 quidem
3029 885 3372 954 sempiterni
3392 885 3682 956 ﬂuminis,
3711 887 3930 944 huma-

2272 987 2417 1026 num
2448 974 2801 1041 sanguinem
2833 972 3044 1026 dedisti
3075 971 3331 1041 injustis.
3375 973 3485 1037 Qui
3519 989 3658 1028 cum
3687 975 3930 1030 minue-

2270 1064 2472 1114 rentur
2497 1060 2555 1113 in
2575 1059 2940 1114 traductione
2970 1058 3286 1114 infantium
3311 1059 3670 1127 occisorum,
3707 1061 3930 1118 dedisti

2270 1144 2382 1199 illis
2419 1146 2832 1200 abundantem
2872 1162 3095 1218 aquam
3121 1147 3436 1219 insperate,
3466 1149 3791 1205 ostendens
3821 1165 3932 1223 per

2270 1232 2447 1296 sitim,
2473 1250 2606 1303 quae
2627 1239 2766 1288 tunc
2791 1234 3435 1305 tuit,quemadmodum
3453 1241 3588 1292 tuos
3606 1238 3926 1305 exaltares,

2266 1324 2321 1374 et
2345 1321 2714 1377 adversarios
2739 1321 2974 1377 illorum
3009 1338 3274 1378 necares.
3307 1327 3455 1379 Cum
3507 1326 3665 1380 enim
3716 1328 3930 1384 tentati

2267 1414 2419 1472 sunt,
2443 1415 2498 1462 et
2521 1409 2764 1481 quidem
2786 1427 2923 1464 cum
2942 1411 3347 1467 misericordia
3369 1412 3751 1484 disciplinam
3765 1416 3927 1472 acci-

2264 1498 2512 1568 pientes:
2539 1497 2792 1552 scierunt
2813 1497 3330 1570 quemadmodum
3357 1515 3496 1555 cum
3527 1502 3615 1557 ira
3664 1503 3926 1573 judicati

2263 1585 2428 1655 impii
2462 1590 2752 1640 tormenta
2781 1592 3140 1656 paterentur.
3180 1590 3293 1642 Hos
3343 1589 3591 1660 quidem
3623 1595 3922 1663 tanquam

2261 1678 2426 1743 pater
2439 1689 2690 1727 monens
2714 1675 3004 1745 probasti:
3027 1675 3370 1732 illosautem
3405 1681 3697 1749 tanquam
3724 1679 3921 1735 durus

2260 1777 2360 1815 rex
2408 1761 2777 1817 interrogans
2837 1761 3273 1818 condemnasti.
3327 1764 3617 1820 Absentes
3672 1767 3839 1823 enim
3862 1771 3921 1824 et

2259 1854 2576 1920 praesentes
2590 1849 2854 1903 similiter
2881 1851 3331 1920 torquebantur.
3348 1852 3574 1924 Duplex
3599 1855 3761 1909 enim
3780 1855 3918 1912 illos

2258 1936 2901 2006 acceperatttedium,et
2922 1939 3183 2007 gemitus
3201 1955 3340 1994 cum
3361 1942 3654 1996 memoria
3673 1948 3917 2013 praeter-

2257 2023 2660 2081 itorum.Cum
2677 2031 2876 2080 autem
2904 2026 3297 2099 audirentper
3327 2044 3439 2083 sua
3454 2031 3914 2089 tormentabene

2257 2128 2394 2168 cum
2426 2112 2538 2166 illis
2573 2114 3148 2182 agi,commemorati
3169 2121 3306 2171 sunt
3324 2117 3910 2183 Deum,admirantes

2254 2201 2315 2256 in
2345 2200 2526 2254 ﬁnem
2548 2201 2755 2256 exitus.
2781 2203 2968 2268 Quem
3007 2203 3166 2259 enim
3187 2203 3247 2259 in
3275 2206 3649 2276 expositione
3688 2209 3920 2278 probra

2256 2289 3012 2360 projectumderiserunt,in
3034 2292 3216 2347 ﬁnem
3246 2299 3496 2348 eventus
3525 2293 3909 2355 miratisunt.

2256 2378 2384 2432 Non
2405 2376 2669 2432 similiter
2683 2376 2858 2447 justis
2885 2377 3126 2434 faciens.
3159 2381 3452 2445 Quoniam
3473 2381 3623 2438 sicut
3640 2399 3915 2442 momen-

2255 2468 2380 2519 tum
2412 2470 2660 2529 staterte,
2693 2464 2917 2521 sicante
2940 2472 2992 2522 te
3010 2471 3098 2522 est
3113 2467 3273 2523 orbis
3289 2474 3600 2526 terrarum.
3634 2474 3717 2527 Tu
3747 2473 3912 2531 enim

2252 2553 2855 2620 misererisomnium,
2909 2558 2963 2608 et
2991 2556 3195 2611 omnia
3246 2563 3435 2628 potes,
3475 2564 3533 2615 et
3572 2559 3912 2618 dissimulas

2252 2645 2497 2711 peccata
2521 2641 2835 2696 hominum
2862 2648 3103 2714 propter
3123 2645 3554 2715 paenitentiam.
3581 2659 3644 2718 ηε.
3686 2652 3908 2707 Amen.

2624 2757 2814 2813 Lectio
2839 2756 2985 2812 libri
3003 2757 3203 2814 Exodi
3229 2759 3406 2832 (Cap.
3429 2773 3527 2833 IX).

2320 2880 2384 2939 ἢ.
2420 2872 2538 2926 Deo
2569 2870 2810 2939 gratias.

2321 2961 2382 3012 In
2411 2957 2524 3013 illis
2559 2958 2794 3013 diebus.
2818 2958 2972 3016 Dixit
2996 2960 3282 3018 Dominus
3305 2963 3382 3020 ad
3408 2967 3650 3037 Moysen
3675 2967 3907 3040 :lngre-

573 3054 798 3109 Oratio.
840 3053 1036 3124 Beple,
1068 3053 1325 3120 Domine,
1375 3053 1594 3121 gaudio
1632 3068 1699 3106 os
1729 3056 2031 3106 nostrum:
2085 3054 2142 3106 et
2167 3084 2209 3138 C
2249 3045 2490 3138 dere‘ad
2522 3048 2990 3138 Pharaonem,et
3019 3049 3262 3122 loquere
3286 3053 3365 3108 ad
3392 3069 3564 3110 cum:
3593 3055 3740 3112 Haec
3761 3055 3908 3114 dicit

500 3140 769 3209 linguam
789 3146 1055 3195 nostram
1087 3141 1445 3195 exultatione
1474 3139 1768 3210 locupleta
1791 3155 1804 3193 :
1831 3145 1912 3205 ut,
1945 3140 2047 3210 qui
2077 3139 2136 3194 in

494 3229 819 3300 lachrymis
853 3231 1221 3284 scminamus
1256 3229 1505 3283 verbum
1552 3229 1699 3291 vitae,
1748 3235 2040 3283 metamus
2076 3228 2137 3283 in

496 3318 719 3387 gaudio
749 3318 1005 3374 fructum
1031 3319 1288 3389 justitiie.
1323 3328 1385 3382 Ri.
1415 3318 1622 3370 Amen.

563 3407 698 3464 Per.

564 3496 913 3563 Antiphona
941 3499 995 3552 3.
1025 3495 1177 3549 Beati
1200 3492 1766 3564 omnes,quitiment
1792 3492 2126 3560 DOminum,

493 3587 550 3638 et
578 3583 682 3654 qui
709 3581 1018 3637 ambulant
1048 3584 1106 3636 in
1129 3583 1237 3636 viis
1269 3581 1414 3651 ejus.
1446 3581 1717 3636 Psalmus
1749 3597 1974 3636 cxxvm.

564 3681 632 3739 ﬁ.
663 3670 860 3726 Pande
899 3686 1127 3726 manum
1154 3675 1318 3726 tuam
1351 3685 1531 3740 super
1578 3684 1781 3724 servos
1819 3674 1969 3734 tuos,
2020 3671 2130 3726 Do-

492 3757 678 3826 mine,
710 3763 766 3814 et
793 3757 980 3814 libera
1006 3774 1135 3814 nos.
1155 3758 1220 3814 P.
1251 3761 1329 3813 De
1351 3757 1748 3823 tribulatione,
1780 3757 1840 3816 V.
1893 3761 2045 3812 Deus
2069 3758 2129 3814 in

490 3847 733 3904 nomine
758 3853 862 3904 tuo
893 3846 1093 3903 salvos
1118 3863 1226 3902 nos
1254 3847 1365 3914 fac,
1401 3853 1456 3901 et
1478 3847 1536 3901 in
1558 3846 1768 3901 virtute
1796 3850 1896 3901 tua
1944 3845 2132 3904 libera

488 3951 600 3993 nos
627 3936 695 3992 P.
728 3939 806 3994 De
845 3935 1235 3993 tribulatione.
1278 3935 1338 3994 ἲν.
1377 3935 1586 4002 Gloria,
1620 3939 1675 3991 et
1701 3935 1894 3990 honor
1954 3935 2126 3991 Patri.

485 4025 819 4082 Beiteretar
837 4037 900 4093 Βτ.

555 4117 778 4173 Preces.
819 4113 1064 4178 Exaudi,
1097 4114 1363 4177 Domine,
1404 4128 1609 4184 preces
1645 4117 1902 4168 nostras.
1938 4111 2010 4166 P.
2064 4115 2130 4168 Et

484 4203 762 4260 miserere
792 4204 986 4259 nobis.
1024 4201 1086 4261 ἲν.
1121 4201 1385 4266 Attende,
1418 4202 1684 4266 Domine,
1705 4200 2126 4256 desanctuario

484 4298 608 4348 tuo.
641 4292 709 4347 P.
740 4295 806 4347 Et
834 4292 1110 4346 miserere
1165 4290 1360 4345 nobis.
1401 4290 1462 4347 Ψ.
1492 4291 1657 4344 Dona
1704 4289 2125 4344 conﬁtentibus

483 4381 559 4437 de
576 4380 914 4436 commissis
940 4379 1111 4434 malis
1135 4380 1394 4433 veniam.
1423 4379 1503 4434 P.
1536 4381 1601 4432 Et
1630 4377 1906 4432 miserere
1929 4377 2120 4433 nobis.

480 4467 542 4529 )7.
569 4469 888 4524 Ecclesiam
920 4466 1282 4523 Catholicam
1311 4467 1371 4520 in
1396 4465 1571 4521 bonis
1602 4481 1830 4537 semper
1876 4482 2120 4522 renova.

480 4557 544 4612 P.
569 4559 634 4613 Et
659 4557 924 4612 miserere
949 4555 1140 4611 nobis.
1189 4554 1519 4623 V.Indulge
1570 4553 1778 4625 lapsis,
1835 4558 1894 4609 et
1942 4568 2121 4625 parce

476 4646 694 4702 nostris
717 4643 988 4716 peccatis.
1022 4645 1085 4697 P.
1121 4642 1476 4697 Etmiserere
1503 4641 1695 4696 nobis.

546 4734 840 4804 Hymnus.
864 4735 907 4789 Ο
930 4735 1244 4798 Nazarene,
1267 4729 1393 4785 lux.
1427 4731 1749 4800 Quaere/'01.
1784 4733 1902 4786 144.

549 4822 774 4878 Oratio.
799 4825 970 4891 Deus,
1003 4819 1104 4892 qui
1149 4818 1518 4885 timentcste,
1562 4818 1752 4874 beatis
1783 4818 2117 4890 prophetali

473 4925 621 4967 voce
641 4909 1119 4981 pronuntias;da
1142 4908 1201 4964 in
1230 4906 1400 4964 nobis
1440 4907 1523 4964 tui
1571 4909 1786 4964 timoris
1820 4907 2115 4979 obsequia

471 4996 878 5069 beneplacita;
911 5001 970 5052 at
997 5012 1070 5052 ex
1088 4996 1203 5052 hoc
1241 4997 1302 5051 in
1327 4995 1438 5052 viis
1467 4995 1583 5051 tuis
1634 4994 1947 5051 ambulare
1998 5010 2110 5051 nos

472 5085 690 5142 facias:
739 5085 962 5156 Sitque,
1002 5088 1056 5140 te
1095 5084 1484 5154 gubernante,
1529 5083 1702 5139 labor
1754 5087 1956 5138 noster
1999 5083 2112 5138 tuis

468 5173 657 5231 oculis
696 5173 980 5245 placitus.
1005 5175 1176 5243 cujus
1206 5173 1434 5230 fructus
1460 5177 1728 5242 tempore
1771 5185 2113 5228 remunera-

467 5263 641 5319 tionis
670 5261 956 5319 efﬁciatur
1001 5262 1418 5317 suavissimus:
1467 5276 1537 5314 ac
1578 5261 1659 5313 sic
1713 5264 1911 5314 noster
1940 5259 2111 5316 labor

465 5352 592 5424 ipse
617 5351 692 5406 de
712 5351 994 5408 charitate
1024 5350 1349 5412 studeatur,
1393 5352 1457 5403 ut
1478 5347 1642 5419 apud
1669 5350 1721 5403 te
1746 5347 1947 5418 fruges
1980 5349 2029 5420 ej
2041 5365 2109 5405 u

462 5440 524 5496 in
552 5440 920 5497 beatitudine
948 5437 1369 5496 recondantur.

531 5530 706 5588 Pater
723 5532 951 5587 noster.

2249 3134 2532 3188 Dominus
2548 3137 2698 3189 Deus
2715 3135 3093 3192 Hebraeorum
3111 3155 3123 3193 :
3145 3139 3372 3194 Dimitte
3385 3140 3678 3212 populum
3694 3157 3905 3200 meum

2249 3228 2310 3277 ut
2341 3223 2627 3278 sacriﬁcet
2663 3223 2835 3278 mihi.
2875 3226 3043 3291 Quod
3067 3227 3116 3282 si
3134 3227 3330 3283 adhuc
3359 3230 3658 3301 renuis,jet
3680 3231 3905 3287 retines

2245 3328 2377 3367 eos:
2411 3329 2544 3368 ecce
2585 3329 2803 3368 manus
2831 3331 2965 3370 mea
2994 3317 3101 3372 erit
3129 3333 3308 3388 super
3333 3334 3511 3388 agros
3538 3324 3670 3376 tuos
3693 3325 3784 3376 :et
3803 3336 3905 3377 su-

2244 3417 2348 3470 per
2390 3416 2593 3471 equos,
2645 3407 2700 3457 et
2745 3404 3025 3468 camelos,
3079 3410 3135 3461 et
3163 3423 3327 3472 oves,
3362 3411 3418 3463 et
3465 3407 3677 3475 boves,
3705 3410 3898 3482 pestis

2241 3489 2414 3544 valde
2455 3491 2674 3557 gravis.
2711 3493 2771 3546 Et
2791 3491 2962 3548 faciet
2994 3493 3280 3550 Dominus
3300 3496 3738 3554 mirabileinter
3754 3514 3901 3570 pos-

2241 3578 2534 3632 sessiones
2566 3579 2762 3639 Israel,
2789 3585 2845 3634 et
2886 3581 3297 3651 possessiones
3353 3586 3792 3657 Egyptiorum,
3829 3590 3899 3644 ut

2237 3665 2384 3721 nihil
2413 3667 2659 3722 omnino
2678 3667 2924 3724 intereat
2943 3685 3015 3724 ex
3034 3669 3125 3726 his
3145 3687 3281 3743 quae
3303 3674 3594 3743 pertinent
3622 3675 3702 3731 ad
3730 3673 3895 3731 ﬁlios

2239 3754 2434 3811 Israel.
2458 3756 2882 3827 Coustituitque
2906 3757 3459 3831 Dominustempus,
3492 3761 3696 3818 dicens
3723 3765 3896 3820 :Cras

2239 3841 2410 3897 faciet
2431 3844 2717 3898 Dominus
2744 3843 2993 3900 verbum
3010 3846 3161 3901 istud
3181 3847 3244 3902 in
3266 3852 3423 3904 terra
3439 3850 3891 3923 Egypti.205

2240 3932 2392 3987 Fecit
2408 3947 2548 3998 ergo
2577 3932 2863 3988 Dominus
2883 3933 3261 3991 verbumhoc
3278 3937 3340 3992 in
3354 3938 3546 3995 altera
3568 3938 3665 3996 die
3701 3956 3898 3997 :mor-

2237 4023 2456 4092 tuaque
2480 4027 2616 4076 sunt
2635 4021 2842 4077 omnia
2852 4022 3182 4080 animantia
3201 4027 3613 4097 Egyptiorum
3631 4046 3644 4086 :
3661 4027 3736 4084 de
3763 4028 3896 4085 ani-

2237 4109 2494 4164 malibus
2524 4125 2663 4164 vero
2684 4109 2942 4166 ﬁliorum
2975 4112 3150 4168 Israel
3166 4112 3314 4170 nihil
3331 4115 3580 4172 omnino
3607 4117 3798 4187 periit.
3823 4119 3898 4175 Et

2235 4196 2374 4252 nisit
2409 4197 2638 4252 Pharao
2686 4197 2760 4252 ad
2806 4198 3165 4256 videndum:
3207 4201 3322 4257 hoc
3367 4208 3493 4259 erat
3543 4206 3895 4278 quidquam

2234 4289 2536 4340 mortuum
2561 4284 2634 4340 de
2647 4285 2738 4339 his
2761 4301 2894 4356 quae
2908 4287 3893 4362 possidebatlsrael.lngravatum-

2232 4389 2349 4444 que
2380 4377 2466 4428 est
2495 4390 2595 4429 cor
2615 4375 2964 4443 Pharaonis,
3003 4383 3058 4432 et
3078 4393 3201 4433 non
3232 4379 3458 4437 dimisit
3480 4382 3892 4454 populum.Et

2157 4435 2202 4489 D
2231 4435 2380 4517 dixit
2408 4463 2698 4518 Dominus
2721 4463 2792 4520 ad
2823 4435 3062 4536 Moysen
3083 4471 3140 4522 et
3165 4435 3890 4544 “resimi—135%;

2228 4566 2448 4607 manus
2479 4552 2689 4608 cineris
2720 4551 2793 4608 de
2827 4553 3082 4621 camino,
3103 4559 3159 4612 et
3178 4562 3426 4628 spargat
3451 4557 3622 4616 illum
3643 4563 3887 4636 Moyses

2225 4639 2288 4694 in
2318 4639 2535 4696 caelum
2581 4656 2784 4696 coram
2841 4642 3167 4699 Pharaone.
3232 4644 3434 4717 Sitque
3475 4648 3675 4719 pulvis
3698 4667 3886 4723 super

2225 4742 2446 4784 omnen
2476 4733 2692 4785 terram
2727 4729 2994 4801 IEgypti:
3022 4736 3195 4788 erunt
3223 4734 3382 4790 enim
3404 4734 3467 4790 in
3498 4736 3881 4810 hominibus,

2223 4820 2281 4872 et
2312 4817 2598 4887 jumentis
2639 4817 2906 4887 vulnera,
2937 4824 2993 4876 et
3029 4821 3243 4878 vesicas
3275 4828 3601 4894 turgentes,
3632 4828 3695 4884 in
3749 4829 3885 4886 uni-

2222 4921 2394 4962 versa
2424 4912 2577 4964 terra
2620 4906 2879 4979 )Egypti.
2927 4909 3356 4984 Turleruntque
3394 4915 3657 4974 cinerem
3688 4917 3764 4974 de
3781 4934 3887 4978 ca-

2221 4995 2404 5066 mino,
2429 5001 2485 5052 et
2513 5001 2796 5053 steterunt
2811 5013 3016 5056 coram
3044 5001 3380 5072 Pharaone,
3401 5009 3458 5062 et
3479 5007 3681 5078 sparsi
3702 5007 3884 5066 illum

2221 5085 2455 5156 Moyses
2481 5083 2544 5140 in
2555 5084 2796 5141 caelum:
2829 5084 3100 5157 factaque
3121 5095 3263 5147 sunt
3278 5090 3523 5152 vulnera
3534 5095 3883 5155 vesicarum

2218 5172 2580 5242 turgentium
2619 5174 2681 5228 in
2725 5173 3072 5232 hominibus
3111 5182 3167 5234 et
3189 5178 3505 5248 jumentis:
3547 5199 3660 5240 nec
3709 5188 3884 5256 pote-

2217 5265 2350 5316 rant
2377 5261 2630 5316 maleﬁci
2661 5267 2812 5317 stare
2853 5279 3055 5321 coram
3094 5268 3290 5338 Moyse
3321 5275 3568 5340 propter
3614 5273 3875 5334 vulnera

2215 5365 2351 5420 quae
2376 5349 2437 5404 in
2466 5348 2575 5403 illis
2606 5354 2795 5420 erant,
2819 5355 2874 5406 et
2902 5351 3147 5408 inomni
3180 5359 3333 5411 terra
3371 5355 3638 5430 zEgypti.
3689 5364 3875 5420 Indu-

2213 5436 2481 5507 ravitque
2498 5437 2786 5494 Dominus
2803 5455 2905 5496 cor
2930 5441 3334 5507 Pharaonis,et
3351 5459 3476 5502 non
3488 5449 3719 5508 audivit
3737 5467 3867 5522 eos,

2218 5524 2371 5582 sicut
2381 5531 2746 5596 princeperat
2759 5527 2843 5586 eis
2855 5529 3161 5586 Dominus.
3178 5529 3304 5588 Dixi
3311 5535 3448 5606 tque
3465 5534 3760 5598 Dominus
3782 5542 3870 5601 ad
