4192 6434
186 376 286 435 365

1313 372 1660 432 DOMINICA
1700 372 1750 426 II
1790 371 2401 440 QUADRAGESIltUE.

3474 393 3578 447 366

178 504 410 573 Moysen
442 516 453 555 :
488 498 652 553 Mane
678 511 987 569 consurge,
1022 503 1077 554 et
1115 508 1202 555 sta
1231 514 1436 555 coram
1480 498 1814 563 Pharaone,
1844 502 1892 556 A
1995 503 2345 575 Antiphona
2371 513 2424 562 2.
2460 508 2647 580 Super
2690 508 2939 567 ﬂumina
2984 514 3298 579 Babilonis,
3324 514 3439 571 illic
3488 532 3576 571 se-

178 594 229 647 et
255 588 409 644 dices
437 584 514 643 ad
559 600 698 641 eum
734 604 745 643 :
785 589 913 641 Haec
968 586 1111 644 dicit
1158 589 1448 645 Dominus
1508 589 1661 641 Deus
1713 588 1815 641 He-

177 678 465 733 braeorum
498 692 511 729 :
546 673 787 729 Dimitte
826 676 1118 747 populum
1162 692 1368 733 meum
1412 680 1477 731 ut
1526 673 1817 731 sacriﬁcet

365 762 513 829 Quia
537 760 601 817 in
628 762 744 818 hac
766 763 897 819 vice
912 763 1149 821 mittam
1172 780 1382 822 omnes
1408 764 1621 835 plagas
1647 776 1815 818 meas

178 868 344 925 super
370 867 471 907 cor
498 854 691 917 tuum,
722 854 778 907 et
810 868 989 924 super
1010 869 1212 910 servos
1232 858 1384 918 tuos,
1418 857 1474 909 et
1506 866 1685 922 super
1713 865 1817 921 po-

176 942 370 1016 pulum
387 944 555 996 tuum
586 958 598 993 :
634 939 786 997 scias
800 942 965 1013 quod
977 958 1098 999 non
1123 942 1196 999 sit
1213 942 1423 999 similis
1438 941 1557 997 mei
1572 940 1633 996 in
1650 938 1816 995 omni

176 1038 342 1088 terra.
378 1032 543 1085 Nunc
577 1029 736 1085 enim
769 1031 1092 1088 extendens
1122 1047 1390 1103 manum,
1412 1029 1742 1103 percutiam
1759 1030 1815 1084 te

175 1124 227 1177 et
275 1117 568 1191 populum
622 1122 788 1173 tuum
828 1124 1013 1191 peste,
1070 1118 1458 1191 peribitisque
1504 1118 1578 1172 de
1633 1121 1810 1172 terra.

176 1207 384 1264 Idcirco
414 1205 592 1277 posui
643 1210 718 1275 te,
750 1209 814 1261 ut
861 1208 1173 1263 ostendam
1212 1208 1271 1262 in
1304 1210 1359 1262 te
1410 1204 1816 1261 fortitudinem

174 1311 379 1360 meam,
414 1298 471 1350 et
532 1297 807 1350 narretur
844 1310 1065 1351 nomen
1114 1299 1282 1351 tuum
1328 1294 1389 1349 in
1431 1293 1595 1349 omni
1638 1296 1812 1348 terra.

173 1385 365 1442 Adhuc
389 1382 612 1440 retines
638 1382 933 1455 populum
959 1398 1163 1439 meum
1202 1400 1215 1437 :
1242 1386 1297 1438 et
1314 1397 1435 1438 non
1454 1382 1544 1437 vis
1572 1395 1711 1435 eum
1733 1378 1818 1435 di-

175 1474 387 1530 mittere
411 1472 440 1528 ‘l
476 1474 563 1527 En
595 1470 803 1543 pluam
830 1471 946 1528 hac
972 1470 1106 1544 ipsa
1129 1471 1279 1528 hora
1304 1486 1436 1527 cras
1461 1467 1817 1539 grandinem

179 1560 418 1618 multam
446 1559 654 1628 nimis,
689 1559 884 1631 qualis
930 1575 1053 1616 non
1104 1558 1213 1616 fuit
1254 1559 1315 1614 in
1354 1560 1625 1630 Egypto,
1656 1572 1692 1612 a
1720 1554 1817 1610 die

177 1666 286 1724 qua
320 1648 579 1707 fundata
608 1652 714 1712 est,
738 1663 931 1720 usque
959 1648 1020 1703 in
1051 1662 1316 1721 praesens
1358 1651 1616 1718 tempus.
1663 1644 1817 1701 Mitte

173 1754 298 1809 ergo
320 1738 445 1809 jam
474 1751 663 1801 nunc,
696 1739 753 1792 et
776 1750 1078 1806 congrega
1093 1737 1369 1806 jumenta
1389 1738 1511 1804 tua,
1531 1736 1588 1789 et
1611 1730 1819 1789 omnia

1924 590 2124 647 dimus
2164 599 2220 650 et
2265 584 2581 655 ﬂevimus:
2617 596 2763 653 dum
2802 599 3255 658 recordaremur
3303 603 3390 659 tui
3435 604 3575 662 Sion

1923 679 2194 738 Psalmus
2220 699 2454 741 cxxxvr.

1998 767 2223 827 Oratio.
2248 770 2673 842 Peregrinanti.
2701 774 2907 841 Quare
2916 776 3029 846 fol.
3056 779 3172 832 194.

1995 856 2350 927 Antiphona
2364 863 2417 917 3.
2440 860 2625 933 Prope
2644 866 2769 919 esto
2797 864 3047 921 Domine
3061 864 3501 933 invocantibus,
3521 872 3576 923 et

1924 944 2140 1000 exaudi
2170 947 2503 1005 orationem
2532 953 2821 1007 nostram.
2848 951 3120 1009 Psa'lmus
3148 969 3337 1010 cxuv.

1994 1032 2294 1103 Hymnus.
2330 1037 2373 1093 Ο
2414 1038 2727 1094 Nazarene.
2760 1039 2871 1108 fol.
2904 1042 3024 1096 144.

1998 1119 2301 1191 Capitula.
2329 1124 2515 1198 Prope
2538 1130 2663 1183 esto
2683 1127 2933 1184 Domine
2950 1127 3370 1186 invocantibus
3390 1135 3443 1188 te
3468 1148 3483 1197 ;
3506 1148 3576 1189 ac

1922 1208 2293 1268 voluntatem
2331 1212 2665 1271 timentium
2694 1214 2877 1288 imple
2914 1235 2925 1274 :
2960 1216 3139 1288 erige,
3190 1218 3413 1291 quique
3451 1235 3578 1276 cor-

1924 1300 2208 1366 ruunt;et
2222 1299 2402 1357 elisos
2425 1306 2723 1358 sustenta:
2754 1307 2835 1369 ut,
2868 1303 2972 1376 qui
2993 1304 3323 1378 praecipites
3346 1307 3575 1365 inmor-

1925 1389 2047 1442 tem
2084 1386 2357 1445 cadimus
2383 1407 2401 1460 ;
2436 1390 2708 1462 sospites,
2734 1395 2787 1447 te
2817 1392 3097 1464 erigente,
3125 1409 3463 1467 surgamus.

1995 1472 2166 1533 Pater
2202 1480 2421 1535 noster.

2529 1566 2627 1622 Ad
2665 1567 2961 1638 Vesperos.

1997 1649 2228 1709 Lauda.
2262 1652 2553 1709 Dominus
2577 1652 2936 1713 illuminatio
2956 1671 3114 1726 mea,
3147 1661 3203 1715 et
3227 1657 3387 1717 salus
3414 1676 3571 1727 mea,

1931 1737 2107 1809 206
2147 1754 2330 1810 quem
2358 1738 2583 1797 timebo
2608 1738 2636 1794 ?

172 1843 291 1899 quas
321 1826 521 1884 habes
550 1823 612 1881 in
637 1839 782 1895 agro
814 1841 825 1880 :
851 1824 1123 1880 homines
1149 1823 1333 1889 enim,
1363 1827 1419 1879 et
1443 1822 1733 1893 jumenta,
1763 1823 1819 1876 et
1848 1840 1892 1895 Β
1999 1828 2288 1885 Dominus
2327 1829 2400 1886 sit
2434 1844 2689 1902 semper,
2719 1842 2783 1902 Ην,
2816 1835 2883 1888 Et
2911 1848 3070 1891 cum,

175 1916 431 1971 universa
467 1930 610 1986 quae
628 1913 871 1969 inventa
894 1911 1113 1969 fuerint
1133 1911 1302 1980 foris,
1324 1926 1435 1966 nec
1457 1912 1819 1979 congregata

177 2004 240 2060 de
252 2004 423 2073 agris,
460 2000 864 2074 occideritque
891 2016 1070 2073 super
1092 2016 1163 2057 ea
1185 1999 1436 2069 grando,
1465 1998 1815 2054 morientur.

177 2092 269 2158 Qui
297 2091 502 2148 timuit
518 2090 769 2148 verbum
795 2089 1034 2146 Domini
1064 2089 1139 2144 de
1163 2088 1346 2144 servis
1365 2085 1708 2149 Pharaonis,
1731 2083 1819 2139 fe-

172 2181 237 2237 cit
260 2181 586 2251 confugere
614 2194 817 2235 servos
858 2194 1023 2249 suos,
1064 2181 1119 2234 et
1144 2177 1421 2249 jumenta
1450 2176 1512 2230 in
1556 2173 1813 2231 domos:

170 2271 472 2343 quiautem
487 2268 750 2341 neglexit
763 2282 1103 2324 sermonem
1117 2262 1607 2334 Domini,dimisit
1620 2277 1819 2319 servos

171 2375 318 2428 suos,
362 2363 419 2416 et
460 2359 745 2430 jumenta
782 2358 842 2413 in
875 2356 1052 2427 agris.
1089 2358 1155 2412 Et
1207 2356 1355 2411 dixit
1401 2353 1689 2410 Dominus
1741 2349 1821 2408 ad

168 2450 391 2520 Moysen
425 2465 439 2505 :
486 2446 748 2503 Extende
778 2460 1032 2502 manum
1072 2448 1235 2500 tuam
1266 2445 1326 2498 in
1358 2441 1600 2511 coelum,
1624 2443 1689 2496 ut
1716 2438 1823 2496 ﬁat

169 2536 386 2607 grando
420 2536 493 2592 in
525 2533 810 2591 universa
850 2537 1005 2589 terra
1024 2531 1287 2604 Egypti,
1320 2545 1500 2601 super
1523 2527 1822 2596 homines,

170 2629 218 2682 et
246 2639 420 2696 super
436 2623 740 2696 jumenta,
775 2624 832 2677 et
851 2636 1030 2692 super
1060 2634 1304 2676 omnem
1332 2616 1584 2673 herbam
1613 2616 1739 2685 agri
1761 2614 1822 2670 in

171 2718 311 2771 terra
332 2711 609 2785 rEgypti.
638 2710 1094 2781 Extendensque
1115 2711 1345 2779 Moyses
1369 2706 1601 2776 virgam
1632 2704 1692 2758 in
1714 2718 1823 2758 cae-

165 2802 298 2869 lum,
336 2806 393 2859 et
420 2798 722 2855 Dominus
756 2797 918 2854 dedit
950 2798 1227 2859 tonitrua,
1255 2800 1312 2851 et
1343 2792 1720 2864 grandinem,
1752 2806 1822 2847 ac

166 2888 557 2948 discurrentia
568 2887 806 2957 fulgura
820 2901 992 2959 super
1004 2890 1219 2942 terram
1235 2881 1477 2955 Egypti
1496 2897 1507 2936 :
1524 2883 1579 2936 et
1591 2878 1823 2950 grando

169 2984 219 3037 et
257 2979 412 3051 ignis
467 2977 647 3034 mista
702 2974 923 3048 pariter
955 2973 1300 3030 ferebantur
1332 2991 1344 3031 :
1378 2972 1677 3040 tantaeque
1716 2964 1825 3022 fuit

171 3066 627 3140 magnitudinis,
651 3068 881 3139 quanta
902 3066 1079 3119 antea
1094 3076 1431 3133 numquam
1455 3056 1733 3130 apparuit
1760 3054 1823 3111 in

171 3158 449 3214 universa
480 3160 638 3211 terra
662 3152 897 3225 Egypti
925 3167 998 3208 ex
1018 3167 1140 3225 quo
1167 3164 1313 3221 gens
1334 3148 1435 3204 illa
1450 3145 1689 3203 condita
1710 3147 1818 3199 est.

174 3249 233 3302 Et
259 3245 555 3318 percussit
578 3242 812 3316 grando
841 3241 903 3297 in
932 3241 1099 3298 omni
1128 3244 1286 3296 terra
1325 3236 1563 3309 Egypti
1612 3237 1827 3289 cuncta

173 3352 302 3407 quas
329 3335 576 3391 fuerunt
595 3332 658 3390 in
686 3331 871 3404 agris,
896 3329 974 3387 ab
992 3328 1238 3387 homine
1266 3341 1463 3399 usque
1488 3324 1565 3381 ad
1586 3323 1825 3395 jumen-

172 3427 296 3481 tum
331 3442 344 3479 :
376 3427 661 3480 cunctam
688 3421 941 3477 herbam
985 3418 1111 3490 agri
1141 3415 1433 3491 percussit
1467 3411 1720 3485 grando,
1774 3410 1830 3466 et

175 3528 353 3569 omne
385 3512 624 3583 lignum
649 3509 910 3579 regionis
951 3506 1257 3577 confregit.
1299 3506 1551 3561 Tantum
1583 3500 1644 3556 in
1674 3505 1830 3556 terra

171 3604 410 3669 Gessen,
445 3600 551 3657 ubi
586 3597 880 3656 erantﬁlii
910 3596 1108 3662 Israel,
1145 3594 1378 3665 grando
1409 3608 1532 3649 non
1559 3589 1827 3647 accessit.

169 3691 317 3747 Misit
344 3704 594 3763 quoque
626 3687 881 3753 Pharao,
914 3684 968 3741 el
994 3683 1237 3742 vocavit
1260 3685 1505 3756 Moysen
1529 3684 1585 3737 et
1612 3683 1827 3743 Aaron,

166 3779 377 3835 dicens
407 3777 489 3833 ad
514 3786 616 3832 eos
650 3772 930 3830 :Peccavi
956 3773 1137 3830 etiam
1164 3786 1326 3828 nunc
1358 3787 1370 3823 :
1402 3769 1557 3825 Deus
1581 3768 1779 3839 justus
1816 3784 1827 3824 :

166 3882 282 3938 ego
309 3868 369 3920 et
408 3862 673 3935 populus
698 3876 890 3925 meus,
940 3859 1130 3931 impii.
1180 3859 1355 3913 Orate
1391 3855 1732 3924 Dominum,
1780 3855 1836 3908 et

165 3954 459 4011 desinant
487 3950 747 4006 tonitrua
764 3947 884 4014 Dei,
909 3951 966 4003 et
993 3945 1225 4016 grando
1256 3960 1267 3999 :
1293 3948 1350 4001 et
1387 3942 1682 3999 dimittam
1702 3957 1832 4007 vos,

170 4045 645 4111 etnequaquam
662 4033 925 4091 ultrahic
949 4031 1265 4089 maneatis.
1289 4029 1382 4085 Ait
1403 4031 1631 4101 Moyses
1656 4047 1667 4085 :
1690 4030 1838 4084 Cum

169 4141 461 4202 egressus
483 4125 652 4182 fuero
678 4124 752 4180 de
778 4123 950 4188 urbe,
970 4119 1292 4179 extendam
1311 4117 1549 4191 palmas
1578 4131 1741 4172 meas
1762 4113 1841 4172 ad

172 4216 528 4283 Dominum,
560 4218 617 4272 et
643 4213 974 4270 cessabunt
1014 4207 1300 4277 tonitrua,
1345 4211 1402 4262 et
1442 4204 1671 4277 grando
1717 4217 1841 4260 non

172 4308 283 4365 erit
310 4323 325 4361 :
356 4306 426 4361 ut
455 4303 615 4361 scias
641 4301 785 4375 quia
814 4298 1052 4359 Domini
1091 4300 1182 4353 est
1220 4303 1388 4352 terra.
1440 4294 1583 4352 Novi
1616 4297 1838 4361 autem,

175 4395 347 4472 quod
378 4397 439 4450 et
455 4400 537 4457 tu,
562 4396 618 4449 et
641 4390 791 4447 servi
812 4389 917 4455 tui,
949 4387 1225 4446 nondum
1242 4384 1497 4442 timeatis
1518 4384 1841 4439 Dominum

181 4470 393 4543 Deum.
425 4482 640 4538 Linum
661 4479 822 4536 enim
842 4481 900 4535 et
916 4476 1212 4535 hordeum
1227 4474 1441 4531 laesum
1458 4477 1563 4539 est,
1587 4488 1657 4528 eo
1678 4470 1843 4545 quod

180 4574 485 4633 hordeum
510 4574 670 4626 esset
696 4568 914 4637 virens,
938 4566 1127 4624 linum
1148 4564 1277 4636 jam
1308 4562 1599 4620 folliculos
1629 4560 1842 4632 germi-

180 4667 353 4721 naret
387 4680 403 4714 :
435 4658 696 4716 triticum
724 4661 947 4725 autem,
988 4659 1045 4713 et
1072 4653 1164 4710 far
1188 4668 1313 4710 non
1342 4654 1480 4708 sunt
1500 4650 1666 4716 laesa,
1699 4649 1842 4723 quia

185 4751 449 4809 serotina
478 4751 665 4805 erant.
699 4749 1101 4818 Egressusque
1122 4746 1353 4815 Moyses
1380 4757 1417 4797 a
1438 4739 1745 4796 Pharaone
1771 4754 1844 4795 ex

183 4842 351 4909 urbe,
371 4835 639 4895 extendit
658 4850 873 4891 manus
894 4850 1033 4890 suas
1050 4831 1128 4888 ad
1143 4830 1484 4900 Dominum,
1501 4834 1557 4887 et
1579 4843 1846 4885 cessave-

184 4934 322 4988 runt
352 4926 619 4985 tonitrua
648 4927 705 4981 et
734 4921 990 4993 grando.
1036 4931 1101 4991 Βι.
1141 4920 1357 4975 Amen.

255 5015 620 5086 Antiphona
649 5017 696 5068 1.
722 5009 985 5069 Laudate
1007 5007 1355 5073 Dominum,
1383 5006 1527 5080 quia
1545 5006 1845 5077 benignus

191 5107 485 5165 Dominus
523 5122 537 5162 :
566 5100 801 5175 psallite
822 5097 1056 5159 nomini
1080 5097 1208 5170 ejus
1223 5096 1514 5171 quoniam
1534 5111 1719 5153 suave
1739 5098 1843 5152 est.

190 5195 473 5255 Psalmus
504 5206 729 5247 cxxxxv.

1998 1916 2370 1985 Antiphona.
2396 1920 2459 1971 In
2483 1917 2579 1989 adj
2592 1920 2850 1975 utorium
2872 1924 3141 1977 nostrum
3162 1921 3401 1979 intende
3435 1942 3450 1978 :
3474 1928 3579 1982 Do-

1928 2004 2088 2059 mine
2121 2004 2200 2061 ad
2238 2005 2655 2077 adjuvandum
2685 2023 2795 2064 nos
2820 2007 3053 2066 festina.
3093 2007 3388 2069 Psalmus.
3419 2028 3575 2068 Lx1x.

1998 2092 2231 2150 Lauda.
2246 2096 2452 2150 Averte
2471 2095 2680 2151 oculos
2692 2111 2859 2151 meos
2872 2112 2946 2153 ne
2956 2096 3536 2159 videantvanitatem
3564 2118 3574 2154 :

1928 2181 1994 2236 P.
2025 2182 2093 2238 Et
2115 2182 2177 2237 in
2200 2182 2301 2239 via
2343 2188 2441 2240 tua
2480 2183 2718 2241 viviﬁca
2755 2199 2873 2240 me.
2902 2183 2963 2247 rt.
3024 2186 3221 2243 Statue
3259 2202 3426 2245 servo
3479 2192 3581 2245 tuo

1930 2268 2236 2341 eloquium
2262 2274 2457 2341 tuum,
2512 2271 2574 2327 in
2618 2272 2827 2329 timore
2858 2275 2977 2331 tuo.
3034 2275 3106 2330 P.
3158 2276 3225 2330 Et
3276 2275 3336 2332 in
3376 2275 3488 2334 via.
3516 2276 3580 2337 7i.

1931 2357 2143 2426 Gloria,
2186 2363 2243 2418 et
2272 2359 2485 2416 honor.
2526 2360 2591 2415 P.
2621 2363 2687 2417 Et
2708 2360 2790 2416 in.

2002 2446 2302 2517 Hymnus.
2327 2446 2572 2519 Christe,
2601 2449 2706 2521 qui
2731 2449 2908 2519 regis.
2941 2450 3021 2505 Et
3054 2450 3352 2520 Capitula.
3389 2453 3584 2510 Servis

1932 2535 2069 2592 tuis.
2092 2536 2303 2604 Quaere
2323 2536 2433 2605 fol.
2448 2538 2469 2589 1
2486 2539 2573 2593 68.
2597 2538 2828 2595 Lauda.
2845 2542 3054 2595 Averte
3070 2539 3276 2596 oculos
3293 2556 3478 2598 meos.
3503 2542 3584 2599 Et

1936 2622 2161 2681 Oratio.
2194 2626 2421 2681 Averte.
2459 2625 2667 2691 Quaere
2690 2626 2805 2695 fol.
2839 2630 2961 2682 201.

2562 2729 2722 2769 FERIA
2755 2729 2952 2769 SEXTA.

2499 2800 2598 2856 Ad
2620 2800 3009 2859 Matutinum.

2005 2888 2375 2959 Antiphona.
2405 2890 2556 2944 Voce
2574 2904 2711 2945 mea
2735 2888 2812 2945 ad
2834 2889 3173 2945 Dominum.
3201 2890 3475 2949 Psalmus
3504 2910 3582 2949 ιιι.

2008 2976 2231 3033 Oratio.
2263 2975 2624 3048 Multiplicati
2657 2980 2813 3045 sunt,
2849 2977 3119 3043 Domine,
3152 2978 3277 3050 qui.
3304 2980 3416 3049 fol.
3463 2985 3582 3037 190.

2004 3064 2355 3134 Antiphona
2382 3069 2428 3120 1.
2458 3064 2779 3131 Miserator,
2807 3069 2863 3120 et
2889 3063 3227 3121 misericors
3248 3066 3535 3123 Dominus
3569 3085 3585 3123 :

1933 3153 2127 3208 nonin
2142 3151 2325 3209 ﬁnem
2352 3152 2638 3209 irascetur
2671 3167 2896 3225 :neque
2916 3152 2977 3208 in
2999 3157 3288 3210 aeternum
3315 3155 3590 3226 indigna-

1932 3241 2109 3298 bitur.
2146 3241 2416 3298 Psalmus
2447 3258 2537 3296 cn.

2008 3330 2235 3387 Oratio.
2262 3330 2565 3385 Miserator
2587 3328 2858 3399 Domine,
2876 3332 2933 3385 et
2952 3330 3310 3398 misericors,
3333 3348 3456 3388 non
3476 3334 3587 3390 ira-

1937 3418 2120 3476 scaris
2140 3417 2313 3474 nobis
2337 3417 2398 3473 in
2418 3417 2598 3472 ﬁnem
2626 3434 2638 3468 :
2669 3416 2773 3471 sed
2790 3420 3087 3488 quantum
3106 3417 3283 3476 distat
3299 3420 3492 3475 oriens
3511 3422 3589 3477 ab

1937 3522 2179 3573 occasu,
2228 3504 2607 3578 iniquitatem
2660 3520 2905 3560 omnem
2935 3522 2972 3561 a
3026 3504 3202 3561 nobis
3246 3506 3460 3579 elonga
3489 3525 3502 3577 ;
3534 3513 3591 3564 et

1934 3597 2105 3668 juxta
2130 3594 2507 3653 altitudinem
2533 3592 2667 3649 coeli
2696 3609 2732 3649 a
2758 3598 2913 3650 terra
2954 3598 3121 3651 tuam
3162 3594 3220 3650 in
3261 3596 3433 3651 nobis
3482 3598 3587 3652 mi-

1939 3684 2325 3742 sericordiam
2352 3684 2552 3739 dilata.
2587 3694 2649 3752 13;.
2678 3683 2886 3739 Amen.

2014 3774 2124 3828 Per
2160 3772 2630 3828 misericordiam
2656 3774 2843 3829 tuam.

2012 3862 2363 3930 Antiphona
2384 3863 2441 3917 2.
2475 3860 2727 3925 Quaerite
2759 3859 3099 3927 Dominum,
3124 3865 3181 3917 et
3214 3863 3593 3920 confortami-

1943 3950 2006 4006 ni
2038 3967 2050 4004 :
2084 3950 2331 4020 quaerite
2361 3949 2576 4004 faciem
2617 3948 2746 4018 ejus
2781 3963 3037 4019 semper.
3070 3949 3343 4007 Psalmus
3364 3967 3473 4007 CIV.

2020 4037 2245 4092 Oratio.
2285 4036 2700 4101 Quaerentibus
2712 4039 2787 4098 te,
2804 4035 3069 4100 Domine,
3094 4035 3286 4091 tribue
3313 4037 3598 4095 fortitudi-

1946 4140 2121 4191 nem;
2154 4128 2209 4180 et
2232 4123 2524 4196 quaerenti
2548 4126 2599 4178 te
2633 4122 2855 4192 jugiter
2878 4121 3127 4177 infunde
3146 4129 3417 4179 sanctum
3436 4141 3599 4181 amo-

1947 4228 2073 4269 rem
2103 4228 2118 4266 :
2145 4216 2210 4267 ut
2237 4210 2342 4283 qui
2378 4215 2540 4266 tuam
2563 4209 2907 4265 desiderant
2934 4224 3173 4266 cernere
3203 4209 3436 4279 faciem,
3470 4228 3601 4285 per-

1948 4300 2239 4358 niciosam
2270 4296 2484 4353 mundi
2534 4313 2659 4353 non
2716 4301 3003 4369 appetant
3037 4299 3407 4371 voluptatem
3440 4314 3600 4358 :eos-

1947 4404 2067 4462 que
2111 4386 2312 4444 saeculi
2344 4385 2755 4444 blandimenta
2780 4401 2903 4442 non
2932 4386 3235 4444 detineant
3263 4404 3598 4462 usquequa-

1948 4494 2067 4552 que
2086 4477 2384 4551 captivos;
2409 4479 2474 4533 ut
2494 4474 2596 4530 lux
2608 4474 2804 4531 vultus
2827 4474 2908 4531 tui
2930 4474 3209 4532 clarificet
3221 4476 3349 4548 jam
3370 4476 3596 4536 beatos.

1950 4577 2016 4639 Βι.
2056 4570 2266 4622 Amen.

2022 4656 2134 4711 Per
2170 4650 2667 4709 misericordiam.

2022 4742 2376 4811 Antiphona
2402 4746 2457 4796 3.
2478 4744 2663 4810 Auge,
2692 4740 2955 4805 Domine,
2990 4739 3283 4811 populum
3328 4744 3496 4796 tuum
3521 4742 3605 4796 ni-

1952 4832 2115 4889 mis:
2145 4831 2439 4887 conﬁrma
2494 4844 2633 4883 eum
2669 4844 2849 4899 super
2899 4828 3173 4883 inimicos
3233 4828 3380 4899 ejus.
3436 4831 3609 4886 Psal-

1954 4937 2081 4977 mus
2111 4936 2216 4975 CIV.

2029 5009 2256 5066 Oratio.
2298 5006 2484 5074 Auge,
2529 5005 2801 5074 Domine,
2844 5004 3137 5078 populum
3183 5009 3353 5063 tuum
3390 5007 3608 5081 nimis;

1957 5112 2218 5170 eumque
2246 5093 2341 5149 vel
2369 5091 2593 5149 meritis
2625 5093 2714 5149 vel
2742 5092 2918 5149 rebus
2969 5094 3163 5151 exalta
3192 5112 3205 5151 :
3231 5100 3297 5152 ut
3324 5098 3429 5170 qui
3470 5097 3616 5152 invi-

1958 5188 2176 5245 dorum
2206 5182 2490 5239 dentibus
2534 5181 2904 5249 mordemur,
2950 5182 3235 5241 feliciores
3270 5200 3507 5258 semper
3558 5189 3613 5240 te

260 5284 497 5342 Oratio.
532 5277 871 5337 Laudemus
902 5278 956 5332 te
988 5272 1257 5340 Domine,
1291 5273 1437 5347 quia
1459 5271 1756 5343 benignus
1781 5286 1851 5329 ac
1959 5274 2329 5349 propiciante
2362 5274 2731 5328 constemus.
2766 5282 2829 5341 Bg.
2872 5274 3079 5329 Amen.

193 5375 394 5431 suavis
412 5387 480 5429 es
514 5388 528 5430 :
572 5371 792 5443 praesta
810 5365 1033 5438 itaque,
1052 5367 1117 5419 ut
1135 5361 1281 5418 dum
1299 5362 1359 5418 in
1380 5365 1486 5418 tua
1508 5360 1851 5417 laudatione

191 5464 546 5527 insistimus,
561 5456 819 5516 amundi
834 5451 1125 5511 illecebris
1151 5453 1431 5523 advoces,
1454 5451 1547 5508 vel
1563 5450 1852 5524 perfecto-

191 5568 327 5611 rum
359 5548 629 5609 societati
660 5544 1037 5618 adglomeres
1067 5554 1131 5613 13,.
1161 5545 1369 5597 Amen.

263 5645 373 5700 Per
398 5634 881 5700 misericordiam
918 5636 1104 5702 tuam,
1146 5633 1258 5688 etc.

2031 5366 2142 5421 Per
2165 5359 2663 5418 misericordiam.

2033 5461 2097 5519 Rv.
2139 5450 2486 5522 iniquitates
2526 5452 2761 5511 nostrae,
2787 5452 2844 5502 et
2872 5452 3117 5519 peccata
3165 5452 3368 5504 nostra
3414 5442 3617 5501 multae

1965 5545 2122 5611 sunt,
2152 5539 2422 5607 Domine,
2446 5542 2501 5593 et
2532 5536 2592 5592 in
2619 5537 2768 5608 ipsis
2795 5536 3176 5592 tabescimus.
3213 5539 3276 5591 P.
3302 5529 3619 5599 Quomodo

1964 5631 2163 5689 vivere
2217 5627 2551 5701 poterimus
2579 5623 2609 5679 ’ἲ
2635 5624 2741 5681 sed
2783 5628 2845 5680 tu
2891 5624 3086 5680 dixisti
3119 5644 3131 5682 :
3166 5623 3309 5679 Nolo
3364 5621 3620 5676 mortem
