4192 6476
529 427 632 492 367

1743 402 1748 404 ⁷
1770 417 2227 490 BREVIARIUM
2243 397 2248 400 ’
2265 420 2659 481 GOTHICUM.

3819 416 3928 472 368

522 557 850 624 morientis,
891 559 1082 614 donec
1119 559 1462 623 revertatur,
1491 558 1546 612 et
1572 555 1752 612 vivat.
1785 555 1849 616 ἳτ.
1901 549 2167 609 Peccavi-
2193 549 2242 604 A
2274 553 2330 604 et
2358 545 2670 603 veniebant
2697 543 2774 600 ad
2800 557 2938 600 eum
2971 559 2983 599 :
3009 548 3064 600 et
3091 539 3406 599 memorati
3437 542 3596 603 sunt,
3625 538 3928 612 quoniam

519 663 655 700 mus
686 647 866 714 enim,
901 647 1102 719 inique
1134 645 1366 716 egimus
1389 644 1724 700 recedentes
1754 661 1790 700 a
1827 647 1904 712 te,
1933 647 1991 698 et
2017 656 2163 714 prte-

519 737 687 804 cepta
717 738 818 789 tua
847 749 969 790 non
986 733 1447 797 observavimus,
1481 747 1592 788 nec
1616 731 1890 788 fecimus.
1919 731 1985 788 P.
2008 729 2161 790 Quo-

519 821 726 879 modo.
755 821 892 878 Non
931 821 1164 879 dicatur
1192 821 1416 889 Gloria;
1438 820 1540 877 sed
1565 820 1879 878 reiteretur
1901 830 1971 891 13;.

1117 911 1190 965 In
1227 908 1553 966 Laudibus.

588 997 944 1067 Antiphona.
989 996 1324 1055 Secundum
1365 995 1828 1066 multitudinem,
1885 993 2153 1063 Domine,

519 1084 972 1140 miserationum
997 1089 1255 1152 tuarum,
1278 1084 1408 1140 dele
1433 1099 1642 1140 omnes
1658 1083 1998 1157 iniquitates
2019 1096 2155 1138 nos-

518 1178 636 1229 tras
668 1177 751 1228 :et
768 1171 997 1229 munda
1024 1187 1134 1228 nos
1153 1172 1230 1228 ab
1249 1172 1778 1243 injustitianostra.
1800 1172 2074 1229 Psalmus
2095 1185 2146 1225 L.

588 1260 808 1315 Oratio.
851 1259 1189 1316 Secundum
1229 1259 1667 1317 multitudinem
1698 1259 2150 1317 miserationum

513 1351 770 1404 tuarum.
792 1347 898 1417 fol.
935 1352 1054 1403 150.

584 1435 668 1490 Ad
680 1434 1014 1492 Canticum.
1029 1436 1402 1506 Antiphona.
1421 1438 1504 1493 Tu
1524 1436 1772 1493 Domine
1786 1435 1847 1492 in
1864 1442 2150 1492 aeternum

511 1537 848 1594 permanes,
871 1528 926 1579 et
957 1523 1129 1579 sedes
1150 1528 1254 1580 tua
1283 1523 1346 1580 in
1375 1524 1660 1582 saaculum
1689 1523 1908 1581 saeculi.

685 1609 999 1681 Canticum
1027 1611 1479 1684 Jeremice(Cap.
1501 1629 1536 1669 v
1563 1611 1968 1683 Threnorum).

580 1699 866 1755 Memento
878 1697 1131 1754 Domine
1147 1698 1292 1770 quid
1305 1698 1529 1756 factum
1550 1700 1623 1757 sit
1651 1698 1826 1758 nobis
1851 1717 1864 1755 :
1886 1701 1907 1721 "
1924 1695 2145 1771 aspice,

508 1790 565 1841 et
591 1785 726 1842 vide
755 1785 1148 1858 opprobrium
1183 1790 1478 1844 nostrum.

2270 635 2556 692 Dominus
2579 633 2676 705 adj
2689 637 2817 690 utor
2831 649 3040 690 eorum
3066 634 3172 689 est.
3199 631 3261 692 ἲν.
3294 628 3526 701 Etpluit
3550 628 3665 686 illis
3690 643 3928 685 manna

2271 723 2349 781 ad
2378 722 2891 794 manducandum,
2923 727 2981 779 et
3004 736 3223 795 panem
3249 718 3381 775 coeli
3409 717 3573 775 dedit
3601 718 3708 774 eis.

2339 813 2664 868 Canticum.
2709 810 3062 868 Benedictus
3087 825 3150 866 es
3174 807 3424 867 Domine
3455 808 3609 864 Deus
3637 809 3913 879 patrum.

2263 899 2375 968 fol.
2405 903 2456 955 6.

2339 988 2568 1046 Lauda.
2595 987 2734 1046 Coeli
2758 988 3064 1058 caelorum,
3081 990 3137 1044 et
3155 1002 3348 1059 aquae,
3367 1001 3505 1058 quae
3527 1000 3714 1058 supra
3729 984 3921 1043 caelos

2265 1081 2420 1148 sunt,
2443 1076 2690 1133 laudent
2709 1091 2930 1132 nomen
2957 1074 3209 1132 Domini.
3238 1074 3512 1131 Psalmus
3541 1088 3764 1131 chvm.

2617 1164 2812 1221 Lectio
2845 1165 2987 1220 libri
3020 1163 3219 1220 Exodi
3249 1162 3415 1234 (Cap.
3444 1161 3548 1233 ιχ).

2334 1261 2403 1322 Ir.
2443 1255 2561 1308 Deo
2582 1252 2825 1322 gratias.

2333 1342 2396 1394 In
2417 1338 2529 1395 illis
2541 1338 2753 1396 diebus
2776 1357 2790 1395 :
2809 1339 3024 1396 Videns
3037 1339 3270 1396 Pharao
3285 1337 3454 1411 quod
3469 1343 3767 1396 cessasset
3778 1341 3922 1413 plu-

2259 1426 2379 1497 via,
2412 1431 2466 1484 et
2495 1427 2747 1498 grando,
2773 1431 2831 1484 et
2852 1427 3126 1493 tonitrua,
3161 1426 3326 1484 auxit
3357 1430 3709 1500 peccatum:
3739 1432 3799 1485 et
3823 1429 3922 1486 in-

2261 1519 2574 1585 gravatum
2613 1519 2704 1572 est
2727 1532 2828 1573 cor
2848 1516 3197 1586 Pharaonis,
3227 1519 3284 1573 et
3311 1531 3624 1572 servorum
3652 1515 3828 1582 illius,
3864 1533 3899 1574 e

2258 1603 2604 1661 induratum
2616 1604 2793 1660 nimis
2808 1621 2821 1660 :
2849 1620 2960 1661 nec
2979 1603 3370 1661 dimisitﬁlios
3383 1604 3586 1673 lsrael,
3601 1604 3752 1662 sicut
3763 1621 3918 1678 pras-

2259 1698 2496 1766 ceperat
2516 1692 2801 1750 Dominus
2822 1709 2922 1766 per
2949 1709 3200 1751 manum
3237 1692 3452 1765 Moysi.
3507 1693 3671 1765 (Cap.
3726 1695 3813 1765 x.)
3846 1697 3917 1752 Et

2257 1779 2404 1836 dixit
2415 1781 2700 1838 Dominus
2712 1781 2790 1838 ad
2802 1783 3040 1853 Moysen
3055 1798 3068 1837 :
3084 1784 3144 1837 In
3151 1780 3397 1851 gredere
3410 1780 3489 1838 ad
3499 1781 3879 1838 Pharaonem
3895 1798 3909 1836 :

579 1873 879 1930 Hereditas
905 1877 1115 1932 nostra
1153 1888 1445 1932 conversa
1491 1879 1578 1932 est
1619 1873 1843 1948 alienis,
1875 1876 1892 1894 '
1929 1873 2148 1934 domus
2174 1887 2220 1943 Β
2257 1884 2367 1940 ego
2390 1869 2551 1926 enim
2578 1869 2857 1927 induravi
2888 1885 2989 1926 cor
3017 1870 3163 1941 ejus,
3185 1871 3245 1928 et
3270 1884 3584 1927 servorum
3614 1868 3772 1926 illius
3799 1886 3817 1926 :
3843 1874 3913 1928 ut

504 1965 709 2018 nostra
738 1961 1064 2034 peregrinis
1081 2004 1094 2018 .

576 2048 786 2121 Pupilli
811 2049 950 2106 facti
974 2065 1182 2107 sumus
1195 2048 1355 2107 velut
1384 2064 1510 2109 non
1531 2049 1825 2110 habentes
1852 2055 2105 2125 patrem,
2129 2052 2147 2071 "

501 2143 721 2194 matres
763 2141 979 2194 nostra:
1011 2137 1183 2210 quasi
1212 2138 1428 2195 viduae.

572 2235 771 2297 Aquas
796 2230 1028 2282 nostras
1057 2224 1310 2298 pecunia
1329 2225 1597 2284 bibimus
1623 2245 1641 2282 :
1671 2228 1693 2251 θ
1723 2231 1780 2286 et
1813 2226 1977 2300 ligna
2004 2240 2145 2285 nos-

502 2317 590 2370 tra
620 2314 806 2385 pretio
828 2313 1334 2385 comparavimus.

571 2400 908 2459 Cervicibus
935 2401 1336 2468 minabamur,
1365 2401 1552 2476 lapsis
1580 2405 1595 2422 '
1623 2415 1747 2461 non
1771 2401 2027 2462 dabatur
2053 2417 2142 2460 re-

499 2488 690 2560 quies.

569 2579 819 2650 {Egypto
843 2577 1121 2636 dedimus
1150 2592 1420 2646 manum,
1456 2582 1474 2604 ‘
1506 2582 1563 2637 et
1585 2580 1840 2652 Assyriis
1859 2584 1925 2639 ut
1972 2578 2139 2638 satie-

499 2681 635 2721 mur
658 2681 840 2738 pane.

566 2755 766 2811 Patres
815 2755 1004 2812 nostri
1041 2759 1459 2828 peccaverunt,
1503 2760 1558 2814 et
1594 2772 1717 2814 non
1771 2761 1955 2816 sunt:
1985 2758 2001 2776 ·
2027 2771 2137 2816 nos

495 2845 695 2899 autem
725 2843 1066 2916 iniquitates
1093 2857 1302 2901 eorum
1332 2844 1684 2903 exolvimus.

567 2930 726 2986 Servi
746 2931 1037 2988 dominati
1057 2937 1192 2989 sunt
1218 2933 1430 2990 nobis:
1461 2935 1476 2952 '
1504 2947 1614 2991 nec
1643 2936 1730 2991 est
1751 2933 1856 3006 qui
1881 2933 2137 2992 redimat

494 3033 604 3075 nos
633 3020 706 3075 de
728 3019 1008 3076 manibus
1039 3036 1271 3077 eorum.

565 3109 628 3162 ln
657 3109 939 3164 manibus
988 3109 1205 3165 nostris
1256 3110 1684 3182 acquisivimus
1732 3123 1954 3182 panem
1995 3124 2134 3170 nos-

493 3201 672 3265 trum,
706 3196 910 3253 afacie
939 3195 1140 3266 gladii,
1175 3202 1231 3254 et
1247 3197 1608 3255 solitudinis.

563 3282 729 3339 Pellis
757 3288 1059 3354 nostra,ut
1083 3284 1356 3343 clibanus
1386 3285 1569 3344 livida
1583 3285 1739 3344 facta
1763 3290 1851 3344 est
1879 3285 1896 3304 ‘
1924 3302 1961 3346 a
1979 3287 2131 3345 facie

489 3371 803 3444 plagarum
833 3378 890 3430 et
917 3373 1103 3430 fame.

560 3461 824 3517 Mulieres
848 3462 914 3517 in
945 3461 1079 3518 Sion
1107 3460 1434 3519 humiliatos
1474 3465 1630 3532 sunt,
1658 3465 1752 3520 ’et
1769 3461 2015 3534 virginis
2067 3463 2130 3522 in

488 3548 824 3606 civitatibus
847 3547 1020 3606 Juda.

557 3637 859 3710 Principes
879 3635 940 3693 in
965 3634 1245 3694 manibus
1270 3637 1392 3693 suis
1413 3637 1689 3710 suspensi
1713 3643 1851 3696 sunt
1879 3657 1892 3696 :
1924 3641 1941 3659 '
1969 3643 2026 3698 et
2044 3639 2128 3698 fa-

486 3725 605 3782 cies
645 3741 853 3781 senum
881 3741 1005 3782 non
1035 3725 1536 3795 gloriﬁcaverunt.

557 3814 735 3871 Electi
765 3814 956 3872 moles
975 3813 1310 3884 volvebant,
1334 3816 1352 3834 '
1371 3815 1689 3886 etjuvenes
1721 3811 1784 3872 in
1797 3815 1961 3889 ligno
1990 3831 2126 3876 con-

481 3904 586 3960 ﬁxi
623 3909 779 3959 sunt.

556 3995 735 4049 Senes
765 3991 844 4049 ad
887 3994 1122 4064 portam
1151 3989 1512 4060 defecerunt,
1547 3993 1562 4013 '
1588 3995 1645 4051 et
1682 3992 1848 4052 electi
1891 4009 1928 4052 a
1967 3994 2125 4068 psal-

482 4079 599 4138 mis
627 4084 1032 4138 cessaverunt.

551 4167 913 4227 Dissolutum
939 4170 1028 4227 est
1061 4167 1349 4241 gaudium
1387 4165 1583 4229 cordis
1612 4171 1799 4230 nOstri
1832 4187 1844 4228 :
1878 4174 1897 4197 ⁶
1917 4185 2124 4230 versus

479 4260 568 4315 est
596 4259 658 4315 in
679 4257 906 4315 luctum
935 4257 1154 4315 chorus
1178 4262 1402 4317 noster.

553 4344 772 4404 Cecidit
812 4362 1035 4404 corona
1065 4343 1276 4419 capitis
1303 4342 1493 4406 nostri
1522 4366 1535 4405 :
1566 4350 1580 4367 '
1610 4366 1694 4406 vae
1729 4364 1889 4406 nunc
1923 4349 2116 4421 nobis,

480 4435 762 4508 quoniam
794 4434 1192 4506 peccavimus.

549 4517 793 4596 Propter
807 4521 923 4580 hoc
943 4522 1166 4580 factum
1195 4527 1287 4580 est
1309 4522 1372 4581 in
1387 4520 1591 4582 dolore
1619 4539 1722 4581 cor
1740 4530 2033 4591 nostrum,
2063 4529 2120 4584 et

478 4611 777 4669 obscurati
803 4616 942 4668 sunt
963 4610 1334 4683 oculinostri,
1361 4611 1382 4633 *
1406 4628 1482 4669 ne
1493 4612 1737 4670 videant
1755 4629 1937 4687 super
1952 4629 2118 4670 mon-

477 4704 596 4758 tem
635 4699 776 4758 Sion
800 4699 1088 4772 quoniam
1113 4699 1540 4759 exterminatus
1576 4704 1682 4771 est,
1726 4701 1937 4774 vulpes
1961 4705 2119 4759 tran-

477 4787 702 4845 sierunt
727 4804 833 4860 per
857 4804 1017 4846 eum.

545 4875 629 4932 Tu
658 4881 860 4934 autem
884 4873 1133 4935 Domine
1152 4873 1215 4934 in
1233 4880 1519 4934 aeternum
1543 4891 1879 4950 permanes,
1913 4878 1932 4899 '
1964 4880 2019 4934 et
2034 4889 2118 4934 se-

475 4962 581 5022 des
617 4966 721 5021 tua
746 4965 808 5020 in
839 4964 1124 5022 saeculum
1155 4964 1376 5022 saeculi.

549 5052 719 5122 207
741 5053 963 5124 thuid
984 5049 1044 5108 in
1061 5051 1436 5110 contentione
1463 5051 1828 5110 Oblivisceris
1851 5050 2082 5110 nostri?
2101 5055 2117 5072 '

476 5138 841 5212 derelinquis
869 5156 982 5197 nos
1024 5141 1084 5195 in
1113 5138 1547 5210 longitudinem
1585 5140 1817 5198 dierum
1842 5142 1870 5196 7

548 5229 829 5284 Converte
855 5242 966 5283 nos
996 5226 1150 5283 Deus
1176 5224 1256 5284 ad
1287 5231 1362 5293 te,
1405 5232 1463 5284 et
1494 5229 1909 5285 convertamur
1936 5245 1948 5284 :
1981 5231 2001 5252 '
2033 5243 2119 5287 re-

472 5331 634 5375 nova
662 5315 790 5373 dies
817 5319 1075 5381 nostros,
1118 5312 1267 5371 sicut
1294 5319 1492 5372 antea.

543 5405 688 5472 Quia
733 5403 1026 5476 repellens
1077 5403 1341 5475 repulisti
1379 5418 1513 5467 nos,
1541 5399 1767 5461 ‘iratus
1804 5419 1867 5461 es
1910 5405 2116 5464 contra

469 5509 580 5553 nos
606 5491 784 5551 nimis
811 5489 1006 5550 valde.

1045 5575 1534 5637 Matutinarium.

537 5673 634 5731 Ad
648 5665 1748 5746 Benedictus.Antiphona.,Vigilabant
1759 5670 1896 5730 ante
1906 5667 2114 5742 lucem,

2253 1957 2472 2015 faciam
2499 1958 2673 2028 signa
2707 1974 2846 2016 mea
2877 1958 3006 2014 haec
3029 1957 3092 2014 in
3119 1973 3210 2023 eo,
3245 1961 3300 2014 et
3319 1973 3533 2015 narres
3561 1957 3625 2014 in
3655 1958 3907 2015 auribus

2252 2045 2514 2103 ﬁliorum
2526 2050 2785 2109 tuorum,
2801 2050 3156 2118 etnepotum
3177 2049 3441 2113 tuorum,
3465 2046 3741 2118 quotiens
3763 2062 3906 2104 con-

2254 2135 2513 2192 triverim
2526 2135 2851 2207 zEgyptios,
2874 2139 2931 2192 et
2943 2135 3116 2204 signa
3131 2150 3268 2192 mea
3279 2150 3416 2207 quae
3433 2134 3673 2191 fecerim
3699 2135 3760 2191 in
3772 2135 3858 2193 eis
3881 2150 3895 2188 :

2253 2226 2309 2280 et
2325 2223 2520 2280 sciatis
2540 2223 2684 2296 quia
2694 2239 2806 2295 ego
2816 2223 3123 2280 Dominus.
3148 2224 3507 2280 Introierunt
3517 2238 3660 2295 ergo
3671 2224 3902 2294 Moyses

2252 2315 2309 2368 et
2329 2312 2527 2368 Aaron
2551 2312 2629 2369 ad
2644 2312 3036 2380 Pharaonem,
3063 2311 3410 2369 etdixerunt
3425 2311 3480 2369 ei
3510 2329 3524 2368 :
3548 2311 3784 2368 Dimitte
3802 2326 3907 2384 po-

2249 2399 2463 2472 pulum
2479 2415 2702 2464 meum,
2733 2404 2799 2456 ut
2819 2399 3108 2457 sacriﬁcet
3125 2399 3273 2457 mihi
3285 2442 3298 2457 .
3331 2400 3432 2457 Sin
3450 2407 3656 2458 autem
3675 2415 3799 2458 non
3815 2399 3906 2456 vis

2249 2487 2542 2546 dimittere
2563 2504 2703 2545 eum
2731 2505 2745 2545 :
2770 2503 2904 2545 ecce
2928 2504 3040 2560 ego
3055 2488 3342 2546 inducam
3373 2505 3506 2547 cras
3525 2488 3822 2547 locustam
3837 2489 3902 2545 in

2246 2575 2397 2633 ﬁnes
2422 2580 2576 2647 tuos,
2607 2581 2664 2634 et
2679 2577 3240 2649 cooperientfaciem
3258 2581 3447 2650 terras,
3462 2593 3538 2635 ne
3559 2578 3901 2651 quidquam

2247 2665 2299 2736 ej
2309 2681 2376 2722 us
2393 2666 2591 2722 virens
2603 2670 2909 2740 appareat,
2929 2666 3032 2724 sed
3049 2667 3401 2725 comedatur
3410 2667 3578 2741 quod
3587 2666 3895 2724 residuum

2245 2752 2418 2810 fuerit
2433 2754 2706 2825 grandini
2729 2775 2742 2814 :
2759 2754 3031 2812 corrodet
3047 2755 3204 2812 enim
3219 2756 3425 2813 omnia
3433 2755 3596 2827 ligna
3609 2771 3747 2828 quae
3763 2769 3899 2825 ger-

2244 2840 2476 2898 minant
2501 2841 2565 2898 in
2585 2841 2741 2914 agris
2755 2885 2768 2897 .
2801 2843 2870 2898 Et
2895 2841 3233 2914 implebunt
3252 2843 3469 2900 domos
3486 2847 3640 2908 tuas,
3686 2845 3742 2899 et
3771 2857 3894 2898 ser-

2242 2944 2457 2986 vorum
2474 2934 2733 2998 tuorum,
2750 2935 2806 2988 et
2819 2931 3091 2988 omnium
3107 2930 3526 3004 Egyptiorum
3548 2946 3560 2988 :
3597 2934 3894 3003 quantam

2242 3031 2364 3074 non
2386 3018 2663 3076 viderunt
2678 3022 2876 3091 patres
2896 3019 2999 3084 tui,
3014 3034 3051 3076 a
3063 3017 3182 3085 die,
3201 3035 3273 3076 ex
3289 3034 3412 3092 quo
3429 3019 3542 3078 orti
3552 3022 3689 3075 sunt
3708 3033 3897 3090 super

2243 3110 2480 3173 terram,
2503 3121 2696 3178 usque
2717 3107 2778 3162 in
2799 3109 3151 3179 praesentem
3172 3107 3353 3164 diem.
3376 3107 3714 3180 Avertitque
3738 3122 3824 3176 se,
3838 3109 3900 3164 et

2241 3208 2508 3265 egressus
2519 3199 2605 3251 est
2616 3210 2650 3251 a
2662 3194 3302 3268 Pharaone.Dixeruntq
3310 3212 3378 3252 ue
3391 3195 3547 3253 servi
3567 3195 3899 3253 Pharaonis

2239 3281 2318 3338 ad
2330 3297 2468 3339 eum
2485 3299 2498 3340 :
2515 3285 2834 3356 Usquequo
2852 3284 3143 3356 patiemur
3154 3283 3270 3341 hoc
3284 3283 3631 3344 scandalum
3647 3302 3660 3344 :
3676 3283 3900 3342 dimitte

2239 3371 2553 3443 populum,
2571 3375 2638 3428 ut
2662 3371 2992 3429 sacriﬁcent
3017 3371 3271 3431 Domino
3289 3374 3409 3431 Deo
3423 3389 3560 3431 suo:
3584 3389 3788 3431 nonne
3806 3373 3898 3430 vi-

2239 3459 2339 3515 des
2353 3460 2504 3530 quod
2514 3459 2748 3530 perierit
2758 3461 3032 3534 Egyptus
3045 3461 3074 3518 ‘I
3085 3464 3633 3536 Revocaveruntque
3645 3464 3898 3535 Moysen

2238 3553 2296 3604 et
2319 3550 2517 3605 Aaron
2543 3549 2621 3605 ad
2640 3549 3015 3606 Pharaonem
3041 3569 3053 3610 :
3077 3550 3184 3624 qui
3215 3550 3365 3609 dixit
3385 3551 3470 3608 eis
3500 3570 3514 3612 :
3539 3555 3640 3619 Ite,
3665 3551 3893 3609 sacriﬁ-

2237 3639 2363 3694 cate
2380 3637 2633 3694 Domino
2645 3638 2763 3695 Deo
2775 3642 2972 3696 vestro
2988 3655 3000 3695 :
3021 3641 3274 3712 quinam
3287 3645 3427 3698 sunt
3437 3641 3691 3714 quijturi
3706 3641 3894 3698 sunt?

2235 3725 2328 3798 Ait
2345 3727 2606 3797 Moyses:
2629 3727 2776 3783 Cum
2801 3727 3066 3799 parvulis
3086 3729 3310 3786 nostris
3337 3731 3394 3787 et
3413 3728 3660 3786 senibus
3678 3744 3895 3802 perge-

2234 3828 2393 3882 mus,
2412 3829 2552 3870 cum
2566 3813 2701 3870 ﬁliis
2724 3819 2780 3871 et
2802 3813 3062 3882 ﬁliabus,
3085 3832 3223 3873 cum
3245 3816 3456 3874 ovibus
3475 3820 3536 3874 et
3549 3817 3842 3874 armentis
3872 3832 3889 3875 :

2234 3905 2321 3958 est
2336 3901 2495 3958 enim
2513 3900 2862 3959 solemnitas
2881 3900 3120 3961 Domini
3141 3904 3243 3960 Dei
3256 3904 3464 3961 nostri.
3489 3907 3556 3962 Et
3574 3905 3895 3978 respondit

2234 3990 2463 4047 Pharao
2491 4008 2504 4043 :
2535 3989 2628 4046 Sic
2657 3990 2943 4048 Dominus
2973 3991 3047 4049 sit
3066 3991 3402 4063 vobiscum,
3434 3993 3745 4066 quomodo
3771 4008 3893 4065 ego

2232 4077 2532 4135 dimittam
2556 4095 2688 4150 vos,
2704 4084 2760 4138 et
2785 4079 3070 4152 parvulos
3094 4086 3322 4139 vestros
3351 4099 3364 4138 :
3401 4081 3499 4138 cui
3518 4081 3775 4138 dubium
3794 4085 3896 4140 est

2231 4165 2398 4239 quod
2415 4167 2675 4239 pessime
2692 4167 2957 4238 cogitetis
2977 4168 3006 4224 ‘i
3023 4171 3150 4226 Non
3171 4168 3387 4239 ﬁetita,
3418 4169 3523 4227 sed
3543 4169 3621 4227 ite
3645 4171 3892 4227 tantum

2229 4255 2360 4321 viri,
2390 4259 2446 4310 et
2467 4254 2789 4312 sacriﬁcate
2809 4254 3062 4314 Domino
3082 4274 3095 4313 :
3114 4257 3229 4315 hoc
3246 4257 3406 4314 enim
3427 4261 3482 4316 et
3496 4257 3612 4330 ipsi
3631 4258 3890 4331 petistis.

2234 4341 2559 4415 Statimque
2590 4343 2757 4414 ejecti
2784 4345 2974 4401 sunta
2991 4351 3316 4418 conspectu
3341 4345 3696 4405 Pharaonis.
3730 4346 3894 4405 Dixit

2230 4433 2432 4486 autem
2449 4429 2736 4488 Dominus
2755 4431 2833 4487 ad
2849 4431 3094 4504 Moysen
3117 4451 3130 4490 :
3155 4433 3416 4492 Extende
3441 4449 3697 4492 manum
3716 4439 3890 4493 tuam

2230 4534 2412 4591 super
2425 4523 2640 4576 terram
2657 4519 2889 4592 IEgypti
2901 4519 2979 4577 ad
2990 4520 3303 4592 locustam,
3323 4527 3389 4580 ut
3404 4523 3694 4582 ascendat
3705 4539 3892 4596 super

2229 4620 2383 4677 eam,
2414 4612 2470 4664 et
2499 4607 2740 4665 devoret
2762 4623 3004 4666 omnem
3023 4609 3274 4669 herbam
3291 4626 3428 4684 quae
3449 4611 3686 4671 residua
3704 4611 3892 4672 fuerit

2227 4692 2521 4768 grandini.
2540 4696 2809 4754 Extendit
2820 4699 3049 4771 Moyses
3059 4699 3282 4771 virgam
3295 4716 3458 4760 suam
3471 4718 3498 4757 s
3508 4717 3655 4774 uper
3667 4703 3887 4759 terram

2226 4783 2460 4859 Aigypti
2487 4803 2499 4841 :
2529 4791 2586 4843 et
2617 4785 3153 4845 Dominusinduxit
3179 4793 3427 4847 ventum
3455 4794 3724 4848 arentem
3750 4793 3889 4850 tota

2225 4873 2320 4931 die
2342 4872 2442 4931 illa
2467 4887 2537 4931 ac
2566 4878 2738 4932 nocte
2763 4888 2775 4930 :
2810 4879 2866 4932 et
2893 4890 3070 4933 mane
3094 4876 3270 4946 iacto,
3303 4882 3515 4936 ventus
3534 4877 3760 4936 levavit
3786 4877 3886 4937 lo-

2225 4965 2442 5019 custas.
2509 4965 2651 5028 Quae
2692 4962 3090 5022 ascenderunt
3141 4981 3320 5038 super
3357 4981 3604 5024 omnem
3654 4971 3888 5026 terram

2227 5049 2461 5122 /Egypti
2481 5069 2492 5108 :
2514 5055 2571 5107 et
2595 5051 2872 5110 sederunt
2893 5053 2956 5109 in
2974 5055 3200 5111 cunctis
3219 5053 3443 5112 ﬁnibus
3461 5055 3889 5130 Egyptiorum

2225 5139 2917 5214 innumerabiles,quales
2931 5148 3066 5201 ante
3077 5145 3223 5201 illud
3235 5147 3457 5218 tempus
3475 5143 3600 5203 nOn
3611 5144 3887 5218 fuerunt,

2226 5244 2334 5286 nec
2359 5231 2569 5301 postea
2599 5229 2815 5287 futurae
2840 5235 3026 5290 erant.
3075 5235 3567 5308 Operueruntque
3595 5234 3892 5295 universa

2226 5331 2404 5390 super
2433 5316 2646 5374 faciem
2671 5322 2859 5387 terrae,
2892 5325 3190 5379 vastantes
3209 5321 3440 5380 omnia.
3465 5324 3766 5382 Devorata
3791 5329 3896 5382 est

2223 5407 2404 5478 igitur
2434 5401 2622 5464 herba
2643 5412 2829 5476 terrae,
2861 5414 2917 5466 et
2940 5411 3238 5484 quidquid
3262 5426 3586 5485 pomorum
3610 5413 3673 5470 in
3699 5413 3892 5473 arbo-

2223 5491 2388 5551 ribus
2415 5494 2544 5567 fuit,
2575 5510 2711 5569 quae
2743 5498 2973 5568 grando
3003 5498 3350 5560 dimiserat:
3382 5499 3652 5574 nihilque
3677 5501 3892 5561 virens

2224 5583 2474 5641 omnino
2510 5584 2780 5644 relictum
2824 5591 2914 5644 est
2955 5587 3018 5643 in
3035 5583 3233 5659 lignis,
3266 5592 3322 5645 et
3360 5589 3422 5646 in
3444 5588 3648 5648 herbis
3682 5594 3888 5663 terrae,

2224 5671 2288 5730 in
2315 5676 2529 5734 cuncta
2555 5675 2830 5748 (Egypto.
2859 5675 3262 5741 Quamobrem
3289 5675 3578 5738 festinans
3613 5679 3884 5753 Pharao,
