4192 6448
283 321 396 378 369

1431 320 1782 381 DOMINICA
1823 319 1872 374 II
1915 316 2521 386 QUADRAGESIM/E.

3610 332 3719 392 370

278 442 528 501 vocavit
555 445 794 515 Moysen
836 447 891 499 et
926 445 1142 510 Aaron,
1175 447 1232 502 et
1274 446 1420 503 dixit
1443 447 1526 502 eis
1559 465 1572 502 :
1615 445 1860 502 Peccavi
1887 444 1948 498 in
1975 445 2022 500 A
2053 443 2156 501 lux
2186 451 2327 504 erat.
2357 448 2717 520 Vocavitque
2746 448 2977 508 Pharao
3009 452 3255 524 Moysen
3290 455 3346 509 et
3393 453 3614 523 Aaron,
3657 464 3714 514 et

283 531 618 588 Dominum
651 534 836 587 Deum
869 537 1155 604 vestrum,
1196 537 1252 589 et
1288 535 1348 590 in
1374 551 1500 591 vos.
1531 535 1643 590 Sed
1669 549 1830 590 nunc
1860 532 1945 588 di-

279 620 500 676 mittite
532 624 846 691 peccatum
873 620 1016 676 mihi
1056 622 1234 678 etiam
1264 623 1376 679 hac
1407 623 1549 686 vice,
1583 625 1638 678 et
1666 625 1828 677 orate
1867 621 1945 675 ad

281 706 616 765 Dominum
647 710 836 763 Deum
861 713 1147 776 vestrum,
1177 714 1240 764 ut
1260 709 1488 766 auferat
1516 726 1551 765 a
1573 725 1668 766 me
1692 714 1944 764 mortem

279 798 485 854 istam.
516 799 803 867 Egressus
835 801 1064 870 Moyses
1106 798 1179 854 de
1223 803 1548 871 conspectu
1597 797 1940 860 Pharaonis,

281 885 480 943 oravit
503 885 583 941 ad
614 885 956 941 Dominum.
979 887 1090 952 Qui
1113 887 1255 942 flare
1272 887 1409 944 fecit
1429 891 1671 943 ventum
1690 886 1766 941 ab
1789 886 1942 941 occi-

280 975 462 1030 dente
500 973 1098 1030 vehementissimum
1120 979 1175 1031 et
1198 979 1468 1047 areptam
1484 975 1778 1030 locustam
1807 989 1942 1045 pro-

275 1063 424 1134 jecit
462 1063 525 1118 in
560 1078 727 1118 mare
752 1063 1042 1119 Rubrum.
1085 1075 1150 1133 liv.
1177 1067 1387 1120 Amen.

355 1152 650 1222 Hymnus.
683 1150 917 1206 Eterne
936 1151 1084 1207 lucis
1102 1153 1400 1208 Conditor.
1419 1150 1939 1222 QuoerefolioJ’lO.

357 1240 668 1308 Capitula.
696 1240 868 1303 Deus,
893 1239 996 1312 qui
1013 1255 1233 1311 panem
1248 1241 1380 1296 coeli
1396 1240 1529 1296 ﬁliis
1551 1239 1824 1296 omnium
1839 1238 1944 1294 ho-

276 1328 499 1384 minum
513 1327 1155 1400 tribuis,terrenumque
1168 1329 1384 1386 animal
1395 1329 1758 1400 Angelorum
1776 1327 1942 1398 adipe

275 1417 508 1490 pascis;
533 1416 1060 1474 frumentationem
1078 1418 1242 1474 verbi
1264 1418 1347 1474 tui
1369 1417 1545 1474 nobis
1561 1417 1621 1472 in
1635 1415 1942 1472 abundan-

275 1505 358 1561 tia
387 1505 583 1561 tribue
617 1520 830 1576 :eoque
843 1521 954 1561 nos
970 1506 1220 1578 spiritali
1231 1506 1406 1563 reﬁce
1429 1505 1582 1571 cibo,
1604 1520 1726 1577 quo
1743 1507 1942 1576 patres

273 1598 518 1651 nostros
546 1593 814 1649 allevasti
843 1595 906 1650 in
940 1610 1160 1652 eremo.

348 1684 526 1738 Pater
556 1686 777 1739 noster.

2056 533 2313 606 dixitque
2328 537 2410 592 eis
2431 555 2442 592 :
2463 537 2898 601 Ite,sacrificate
2913 540 3162 596 Domino
3179 558 3192 596 :
3209 557 3351 596 oves
3369 545 3601 599 tantum
3619 560 3712 600 ve-

2056 626 2189 677 strae
2208 628 2263 677 et
2288 630 2558 681 armenta
2585 632 2956 691 remaneant,
2990 628 3221 699 parvuli
3243 631 3425 684 vestri
3457 636 3592 687 eant
3611 649 3707 688 vo-

2052 709 2307 767 biscum.
2340 712 2430 768 Ait
2456 715 2681 784 Moyses
2707 732 2718 767 :
2745 715 2978 770 Hostias
3004 730 3247 786 quoque
3280 721 3334 770 et
3358 716 3708 775 holocausta

2054 797 2227 853 dabis
2273 800 2470 866 nobis,
2515 817 2651 872 quae
2677 801 3000 858 offeramus
3034 803 3286 860 Domino
3310 804 3429 861 Deo
3467 809 3697 864 nostro.

2056 883 2376 957 Cunctique
2390 904 2597 958 greges
2613 894 2856 960 pergent
2869 889 3184 946 nobiscum
3211 911 3221 948 :
3248 905 3370 947 non
3389 892 3708 948 remanebit

2055 988 2126 1028 ex
2151 975 2236 1029 eis
2265 976 2508 1045 ungula,
2543 993 2677 1048 quae
2707 979 3049 1036 necessaria
3087 979 3307 1034 suntin
3339 978 3567 1035 cultum
3598 984 3708 1036 Do-

2053 1061 2201 1117 mini
2217 1065 2403 1120 nostri
2432 1081 2442 1119 :
2469 1065 2799 1137 praesertim
2819 1083 2955 1122 cum
2973 1068 3318 1137 ignoremus
3335 1068 3478 1140 quid
3492 1068 3707 1126 debeat

2052 1151 2371 1222 immolari,
2400 1153 2590 1210 donec
2617 1155 2695 1211 ad
2724 1156 2925 1228 ipsum
2954 1156 3154 1212 locum
3172 1157 3705 1228 perveniamus.ln-

2053 1238 2503 1298 duravitautem
2534 1243 2824 1299 Dominus
2853 1259 2954 1298 cor
2981 1244 3392 1310 Pharaonis,et
3413 1245 3704 1301 noluitdi-

2052 1328 2281 1384 mittere
2313 1344 2435 1386 eos.
2457 1331 2727 1403 Dixitque
2750 1332 2979 1387 Pharao
2993 1332 3069 1387 ad
3083 1349 3220 1388 eum
3242 1352 3254 1388 :
3279 1333 3504 1390 Recede
3527 1350 3562 1389 a
3582 1350 3700 1402 me,

2052 1431 2196 1472 cave
2216 1431 2291 1472 ne
2318 1417 2473 1474 ultra
2496 1419 2697 1474 videas
2717 1419 2928 1476 faciem
2950 1435 3150 1477 meam
3175 1439 3187 1476 :
3207 1437 3589 1495 quocumque
3606 1423 3700 1478 die

2051 1506 2400 1575 apparueris
2418 1507 2778 1575 mihi,morte
2795 1507 3416 1582 morieris.Respondit
3433 1512 3657 1582 Moyses
3682 1527 3696 1564 :

2051 1595 2133 1646 Ita
2151 1591 2248 1647 ﬁet
2280 1597 2342 1648 ut
2365 1593 2691 1662 locutuses,
2720 1611 2843 1650 non
2875 1596 3088 1652 videbo
3112 1597 3263 1653 ultra
3281 1597 3492 1653 faciem
3511 1602 3696 1654 tuam.

2051 1680 2218 1750 (Cap.
2243 1681 2346 1752 xx.)
2368 1684 2433 1737 Et
2461 1682 2605 1737 dixit
2626 1683 2914 1740 Dominus
2932 1684 3012 1740 ad
3030 1687 3270 1758 Moysen
3299 1702 3312 1739 :
3341 1685 3549 1742 Adhuc
3575 1702 3699 1742 una

346 1773 579 1828 Lauda.
605 1775 668 1827 In
690 1776 811 1829 toto
841 1772 1020 1829 corde
1055 1789 1210 1840 meo,
1242 1775 1419 1842 Deus,
1444 1771 1727 1845 exquisivi
1748 1774 1799 1828 te
1827 1787 1837 1826 :
1862 1771 1933 1826 P.
1970 1789 2015 1844 Β
2036 1767 2230 1852 plaga
2258 1772 2487 1824 tantum
2518 1769 2728 1826 feriam
2755 1770 3126 1828 Pharaonem
3171 1778 3228 1828 et
3272 1774 3608 1844 .Egyptum,
3643 1779 3700 1830 et

277 1865 360 1919 Ne
400 1861 658 1933 repellas
689 1878 784 1916 me
813 1877 849 1917 a
886 1861 1192 1918 mandatis
1221 1862 1356 1918 tuis.
1399 1862 1461 1922 ἲν.
1516 1866 1582 1917 ln
1611 1864 1734 1916 toto
1761 1859 1937 1915 corde

279 1965 416 2006 meo
445 1949 742 2005 abscondi
778 1950 1018 2022 eloquia
1048 1953 1185 2006 tua:
1210 1954 1417 2006 utnon
1442 1965 1688 2023 peccem
1707 1947 1838 2018 tibi.
1870 1947 1934 2002 P.

275 2041 356 2095 Ne
395 2037 652 2110 repellas
682 2053 800 2094 me.
834 2038 895 2099 ἲν.
938 2037 1152 2110 Gloria,
1198 2042 1254 2096 et
1285 2039 1479 2096 honor
1509 2037 1691 2105 Patri,
1722 2040 1828 2093 etc.
1863 2040 1928 2092 P.

274 2129 360 2183 Ne
389 2126 648 2199 repellas
678 2143 796 2182 me.

349 2215 578 2272 Oratio.
614 2217 677 2270 In
722 2215 824 2270 via
856 2214 1332 2272 testimoniorum
1371 2219 1630 2280 tuorum,
1665 2214 1930 2280 Domine,

275 2303 458 2376 quasi
487 2303 550 2358 in
581 2303 867 2359 omnibus
889 2303 1106 2360 divitiis
1136 2303 1518 2369 delectamur,
1547 2303 1724 2374 208
1741 2319 1934 2375 neque

269 2393 436 2448 enim
457 2391 793 2464 quidquam
817 2392 995 2448 nobis
1009 2393 1214 2449 deesse
1247 2394 1708 2459 credimus,cum
1733 2397 1785 2447 te
1800 2409 1928 2464 pro-

267 2481 489 2553 pitium
525 2481 736 2537 adesse
767 2482 1208 2552 cognoscimus.
1234 2494 1298 2552 Ri.
1327 2484 1537 2539 Amen.
1569 2485 1674 2538 Per
1703 2481 1933 2538 miseri—

271 2569 552 2627 cordiam
582 2574 769 2641 tuam,
814 2573 969 2626 Deus
998 2574 1220 2636 noster,
1258 2575 1370 2628 etc.

905 2660 1002 2715 Ad
1035 2660 1315 2716 Tertiam.

602 2748 916 2818 Sapientia
945 2748 1285 2805 Salomonis
1309 2747 1470 2818 (Cap.
1507 2747 1610 2818 ιιι).

339 2850 406 2908 ﬁ.
438 2837 560 2893 Deo
593 2837 839 2907 gratias.

342 2925 466 2992 Fili,
497 2924 857 2997 sapientiam
887 2925 1070 2995 enim,
1095 2928 1150 2980 et
1182 2925 1564 2997 disciplinam
1590 2924 1694 2996 qui
1733 2922 1936 2994 abjicit

264 3005 474 3072 infelix
497 3018 588 3070 est
612 3032 623 3069 :
650 3019 706 3070 et
734 3030 925 3070 vacua
949 3018 1188 3086 estspes
1206 3014 1527 3083 illorum,et
1541 3013 1777 3069 labores
1805 3013 1932 3068 sine

265 3103 550 3173 fructu,et
572 3102 994 3174 inutiliaopera
1019 3118 1228 3158 eorum
1261 3106 1415 3157 sunt.
1436 3101 1700 3158 Mulieres
1723 3116 1930 3156 eorum
1962 3135 2002 3190 ε

271 3191 594 3247 insensataa
611 3195 769 3256 sunt,
795 3195 851 3247 et
866 3188 1932 3258 nequissimiﬁliiillorum.MaIedicta

272 3279 1089 3352 creaturaillorum,quoniam
1103 3280 1238 3336 felix
1250 3277 1926 3350 sterilisincoinquinata,

269 3385 409 3442 quae
452 3370 643 3426 nescit
681 3370 921 3426 thorum
950 3369 1011 3425 in
1039 3369 1276 3438 delicto,
1309 3368 1558 3424 habebit
1581 3367 1840 3424 fructum
1870 3366 1930 3420 in

269 3458 640 3530 respectione
672 3458 1015 3514 animarum
1051 3462 1394 3514 sanctarum
1425 3476 1437 3512 :
1473 3461 1528 3512 et
1570 3457 1780 3529 spado,
1826 3454 1931 3526 qui

268 3560 395 3602 non
421 3551 701 3617 operatus
715 3550 804 3602 est
832 3562 934 3616 per
954 3562 1175 3603 manus
1200 3562 1340 3601 suas
1363 3545 1611 3615 malum,
1635 3560 1746 3600 nec
1771 3542 1930 3613 cogi-

270 3634 716 3690 tavitadversus
732 3633 1050 3689 Dominum
1073 3633 1447 3705 nequissima
1473 3654 1486 3689 :
1509 3633 1748 3688 dabitur
1769 3633 1929 3687 enim

268 3721 351 3778 illi
377 3721 517 3777 ﬁdei
538 3722 768 3777 donum
802 3721 1075 3785 electum,
1109 3727 1166 3777 et
1193 3737 1322 3776 sors
1355 3722 1414 3775 in
1436 3721 1660 3794 templo
1695 3720 1930 3777 Domini

271 3808 712 3878 acceptissima.
743 3810 1043 3862 Bonorum
1056 3807 1507 3862 enimlaborum
1531 3807 1822 3876 gloriosus
1845 3810 1933 3862 est

278 3897 527 3959 fructus,
557 3897 614 3949 et
643 3909 777 3964 quae
807 3909 929 3948 non
959 3893 1190 3948 excidet
1218 3894 1389 3948 radix
1451 3895 1784 3965 sapientiae.
1824 3894 1932 3950 Fili

278 3985 482 4039 autem
505 3981 915 4038 adulterorum
944 3981 1004 4036 in
1036 3981 1556 4036 consummatione
1573 3987 1826 4051 erunt,et
1853 3981 1930 4037 ab

267 4069 480 4141 iniquo
531 4070 701 4126 thoro
734 4085 939 4125 semen
968 4068 1485 4124 exterminabitur.
1524 4072 1587 4124 Et
1637 4069 1931 4141 siquidem

269 4159 469 4228 longae
494 4157 624 4214 vitm
643 4157 900 4217 erunt.in
919 4157 1175 4213 nihilum
1193 4157 1784 4229 computabuntur,et
1807 4157 1931 4211 sine

266 4247 497 4304 honore
527 4247 637 4301 erit
666 4245 999 4303 novissima
1026 4250 1304 4301 senectus
1345 4261 1573 4300 eorum.
1606 4247 1670 4301 Et
1699 4245 1747 4299 si
1780 4244 1931 4300 cele-

269 4337 394 4394 rius
433 4335 700 4391 defuncti
728 4333 966 4399 fuerint,
999 4351 1122 4390 non
1151 4334 1468 4390 habebunt
1498 4348 1689 4406 spem,
1729 4349 1838 4389 nec
1869 4334 1930 4389 in

263 4424 366 4482 die
389 4423 822 4494 magnitudinis
845 4423 1293 4480 allocutionem.
1310 4422 1486 4495 (Cap.
1509 4427 1604 4483 1v.)
1627 4423 1825 4479 Melior
1844 4426 1932 4478 est

263 4513 431 4571 enim
459 4512 761 4583 generatio
783 4528 921 4568 cum
943 4512 1206 4568 claritate
1241 4529 1252 4567 :
1278 4511 1630 4567 immortalis
1657 4512 1816 4566 enim
1844 4517 1930 4568 est
1965 4485 2008 4539 D

262 4602 564 4660 memoria
592 4601 747 4656 illius
778 4617 790 4656 :
824 4601 1110 4672 quoniam
1142 4603 1197 4656 et
1224 4601 1388 4671 apud
1421 4603 1608 4655 Deum
1639 4605 1782 4657 nota
1816 4605 1925 4664 est,

264 4695 325 4748 et
364 4690 525 4763 apud
549 4689 842 4761 homines,
865 4694 920 4746 et
949 4689 1009 4744 in
1038 4693 1401 4761 perpetuum
1420 4694 1706 4745 coronata
1726 4689 1932 4745 trium-

266 4780 443 4854 phat.
497 4791 559 4848 ἢ.
588 4782 798 4833 Amen.

651 4868 845 4923 Lectio
889 4867 1031 4922 libri
1047 4866 1247 4922 Exodi
1267 4866 1436 4935 (Cap.
1465 4866 1555 4933 χ).

345 4968 410 5026 ξφ.
441 4957 557 5011 Deo
590 4955 813 5025 gratias
826 4999 838 5011 .

345 5047 411 5100 In
438 5043 550 5099 illis
571 5043 824 5099 diebus:
860 5043 1012 5099 Dixit
1051 5042 1337 5098 Dominus
1379 5043 1457 5098 ad
1503 5046 1743 5115 Moysen
1775 5062 1787 5099 :
1832 5047 1935 5099 Ex-

274 5133 453 5192 tende
467 5149 718 5188 manum
743 5137 905 5189 tuam
921 5133 981 5188 in
996 5131 1210 5188 coelum
1237 5150 1247 5187 :
1270 5137 1322 5187 et
1338 5132 1451 5186 sint
1474 5132 1731 5188 tenebrae
1756 5148 1935 5204 super

274 5229 498 5279 terram
526 5221 780 5293 Egypti,
805 5225 929 5277 tam
955 5221 1157 5276 densae
1186 5226 1248 5276 ut
1279 5221 1506 5292 palpari
1546 5225 1794 5292 queant.
1830 5224 1936 5276 Ex-

273 5313 466 5369 tendit
483 5313 710 5381 Moyses
728 5327 975 5367 manum
993 5309 1052 5364 in
1075 5309 1296 5364 cmlum
1329 5326 1338 5362 :
1367 5314 1420 5363 et
1435 5309 1600 5364 facta:
1618 5315 1756 5364 sunt
1780 5314 1937 5364 tene-

275 5401 398 5458 brae
413 5399 770 5456 terribilesin
787 5399 1067 5456 universa
1081 5397 1482 5470 terrailigypti
1497 5399 1684 5453 tribus
1701 5398 1932 5453 diebus.

274 5494 390 5547 Nec
416 5489 596 5545 frater
622 5488 766 5543 vidit
795 5489 1039 5544 fratrem
1058 5503 1257 5550 suum,
1276 5503 1384 5542 nec
1408 5487 1594 5543 movit
1617 5502 1677 5541 se
1710 5486 1782 5541 de
1804 5485 1936 5542 loco

276 5583 337 5663 in
351 5597 473 5654 quo
487 5583 641 5636 erat:
661 5578 1025 5650 ubicumque
1041 5582 1239 5663 autem
1251 5575 1719 5635 habitabantﬁlii
1737 5575 1933 5641 Israel,

2048 1859 2186 1928 post
2213 1856 2341 1912 haec
2378 1857 2631 1914 dimittet
2672 1874 2800 1930 vos,
2857 1864 2914 1916 et
2949 1859 3105 1915 exire
3149 1860 3480 1932 compellet.
3531 1861 3698 1918 Dices

2047 1960 2188 2014 ergo
2219 1946 2386 2001 omni
2415 1945 2595 2018 plebi,
2629 1951 2694 2002 ut
2722 1947 2980 2018 postulet
3021 1948 3102 2002 vir
3142 1948 3220 2004 ab
3253 1949 3446 2003 amico
3475 1965 3602 2012 suo,
3642 1953 3700 2004 et.

2046 2033 2250 2089 mulier
2277 2050 2314 2090 a
2341 2033 2536 2090 vicina
2562 2050 2690 2099 sua,
2719 2050 2867 2091 vasa
2894 2041 3178 2104 argentea
3216 2038 3272 2092 et
3295 2051 3500 2093 aurea.
3525 2036 3696 2092 Dabit

2045 2127 2248 2178 autem
2274 2123 2562 2179 Dominus
2593 2123 2850 2192 gratiam
2873 2123 3100 2195 populo
3149 2139 3353 2181 coram
3384 2125 3691 2197 Aigyptiis.

2042 2209 2291 2282 Fuitque
2322 2214 2549 2282 Moyses
2579 2211 2668 2266 vir
2694 2226 2952 2280 magnus
2978 2212 3148 2268 valde
3173 2213 3232 2268 in
3274 2217 3428 2269 terra
3456 2212 3695 2286 .Egypti

2044 2314 2248 2356 coram
2271 2299 2454 2355 servis
2475 2301 2798 2356 Pharaonis
2816 2302 3050 2357 etomni
3077 2302 3326 2373 populo.
3360 2306 3425 2358 Et
3444 2303 3525 2358 ait
3540 2305 3696 2375 Moy-

2042 2404 2134 2445 ses
2166 2407 2178 2444 :
2215 2392 2348 2446 Haec
2375 2389 2518 2446 dicit
2554 2389 2845 2446 Dominus
2876 2407 2887 2444 :
2919 2391 3106 2448 Media
3121 2392 3605 2462 nocteingrediar
3634 2394 3694 2450 in

2041 2481 2361 2551 ngyptum
2383 2495 2394 2533 :
2413 2482 2466 2534 et
2482 2479 2766 2535 morietur
2781 2496 2960 2538 omne
2975 2481 3439 2552 primogenitum
3459 2481 3517 2536 in
3544 2486 3696 2538 terra

2041 2567 2472 2638 ngypliorum,
2492 2583 2528 2623 a
2542 2568 2942 2638 primogenito
2963 2570 3288 2625 Pharaonis
3309 2570 3412 2641 qui
3435 2571 3599 2626 sedet
3635 2572 3693 2625 in

2042 2654 2189 2711 solio
2216 2655 2366 2724 ejus,
2390 2671 2579 2727 usque
2604 2657 2682 2713 ad
2703 2658 3170 2729 primogenitum
3195 2659 3585 2730 ancillze,quae
3611 2664 3697 2714 est

2042 2743 2123 2799 ad
2152 2743 2464 2814 molam,et
2486 2745 2694 2801 omnia
2711 2746 3106 2818 primogenita
3118 2747 3698 2817 jumentorum.Erit—

2041 2847 2158 2904 que
2172 2831 2747 2902 clamormagnusin
2768 2835 3212 2890 universaterra
3240 2837 3694 2906 Aigypti,qualis

2040 2935 2150 2977 nec
2181 2925 2358 2976 antea
2385 2920 2518 2985 fuit,
2552 2937 2660 2977 nec
2678 2925 2887 2994 postea
2908 2922 3141 2978 futurus
3163 2927 3268 2979 est.
3293 2924 3467 2994 Apud
3484 2939 3694 2979 omnes

2042 3013 2241 3064 autem
2258 3008 2410 3065 ﬁlios
2426 3010 2601 3066 Israel
2620 3026 2741 3067 non
2755 3012 3140 3067 mutietcanis
3154 3011 3230 3066 ab
3244 3010 3486 3067 homine
3501 3028 3691 3083 usque

2040 3097 2119 3152 ad
2146 3112 2330 3168 pecus
2360 3118 2370 3156 :
2408 3101 2474 3153 ut
2494 3099 2692 3154 sciatis
2721 3105 2946 3171 quanto
2969 3099 3256 3154 miraculo
3294 3099 3521 3156 dividat
3539 3100 3691 3157 inter

2039 3187 2345 3257 ngyptios
2372 3190 2428 3241 et
2451 3187 2649 3244 Israel.
2675 3188 3163 3259 Descendentque
3184 3204 3393 3244 omnes
3421 3190 3574 3244 servi
3608 3191 3690 3246 tui

2040 3274 2120 3330 ad
2140 3290 2256 3340 me,
2290 3277 2345 3329 et
2367 3274 2708 3331 adorabunt
2737 3291 2856 3342 me,
2885 3276 3146 3332 dicentes
3175 3288 3190 3336 ζ
3221 3277 3505 3345 Egredere
3526 3282 3609 3342 tu,
3639 3283 3696 3333 et

2039 3363 2236 3420 omnis
2255 3364 2514 3436 pOpulus
2535 3365 2639 3436 qui
2658 3365 2961 3435 subjectus
2979 3370 3067 3420 est
3084 3365 3182 3420 tibi
3206 3382 3218 3420 :
3239 3365 3516 3436 posthaec
3533 3380 3694 3435 egre-

2038 3451 2294 3508 diemur.
2318 3456 2384 3508 Et
2402 3453 2581 3508 exivit
2605 3469 2640 3508 a
2669 3453 2980 3509 Pharaone
3003 3453 3188 3509 iratus
3210 3453 3568 3510 nimis.Dixit
3587 3470 3693 3510 au-

2039 3545 2154 3597 tem
2190 3542 2478 3597 Dominus
2517 3541 2596 3597 ad
2626 3545 2863 3613 Moysen
2899 3562 2910 3600 :
2942 3546 3063 3598 Non
3083 3542 3284 3597 audiet
3309 3558 3415 3597 vos
3438 3543 3689 3608 Pharao,

2038 3635 2103 3685 ut
2131 3630 2322 3686 multa
2352 3630 2524 3701 signa
2536 3630 2685 3686 ﬁant
2712 3630 2773 3685 in
2795 3637 2950 3686 terra
2966 3631 3219 3702 Egypti.
3238 3634 3466 3701 Moyses
3490 3637 3691 3686 autem

2038 3724 2093 3772 et
2113 3722 2310 3773 Aaron
2339 3717 2606 3774 fecerunt
2630 3718 2831 3774 omnia
2875 3723 3110 3774 ostenta
3137 3734 3273 3790 quae
3290 3718 3513 3789 scripta
3554 3723 3694 3773 sunt

2040 3821 2243 3862 coram
2258 3806 2582 3863 Pharaone.
2619 3810 2685 3862 Et
2709 3807 3009 3862 induravit
3024 3806 3313 3862 Dominus
3326 3823 3427 3863 cor
3441 3806 3694 3862 Pharae-

2039 3893 2154 3961 nis,
2183 3910 2291 3949 nec
2321 3894 2548 3951 dimisit
2572 3895 2726 3950 ﬁlios
2751 3895 2928 3952 Israel
2951 3895 3025 3950 de
3053 3899 3207 3951 terra
3232 3911 3340 3951 sua
3358 3897 3536 3964 (Cap.
3563 3897 3693 3966 xu).

2041 3985 2286 4038 Factum
2317 3987 2403 4036 est
2433 3983 2706 4038 autemin
2723 3983 2918 4038 noctis
2938 3983 3158 4049 medio,
3183 3985 3478 4053 percussit
3497 3983 3690 4038 Domi-

2040 4086 2153 4126 nus
2174 4086 2344 4124 omne
2363 4070 2812 4141 primogenitum
2832 4072 2891 4124 in
2915 4075 3067 4126 terra
3084 4072 3383 4141 ngypti,a
3412 4073 3696 4142 primoge-

2040 4157 2164 4214 nito
2193 4157 2655 4229 Pharaonis,qui
2686 4158 2934 4214 sedebat
2962 4159 3022 4212 in
3046 4157 3193 4212 solio
3226 4162 3377 4226 ejus,
3403 4174 3594 4228 usque
3617 4159 3696 4214 ad

2039 4246 2507 4318 primogenitum
2552 4246 2986 4316 jumentorum.
3044 4246 3427 4318 Surrexitque
3468 4246 3695 4303 Pharao

2040 4338 2302 4401 nocte,et
2326 4350 2537 4390 omnes
2568 4335 2720 4390 servi
2753 4336 2901 4406 ejus,
2927 4340 3262 4406 cunctaque
3283 4339 3606 4407 Egyptus:
3642 4341 3697 4392 et

2039 4429 2204 4481 ortus
2219 4428 2304 4479 est
2321 4422 2550 4478 clamor
2571 4439 2832 4493 magnus
2853 4424 2914 4478 in
2932 4425 3181 4496 .‘Egypto
3205 4443 3215 4482 :
3234 4440 3428 4496 neque
3461 4424 3697 4480 eratdo—

2038 4529 2174 4568 mus
2193 4512 2254 4568 in
2275 4528 2397 4584 qua
2423 4527 2544 4567 non
2563 4512 3100 4581 jaceretmortuus.
3130 4513 3479 4584 Vocatisque
3499 4515 3695 4583 Moyse

2039 4607 2096 4659 et
2123 4603 2340 4668 Aaron,
2371 4601 2451 4657 ait
2482 4621 2495 4656 :
2540 4601 2786 4671 Surgite,
2817 4601 3166 4672 egredimini
3226 4618 3261 4656 a
3288 4601 3510 4672 popqu
3547 4618 3692 4666 meo,

2037 4707 2147 4747 vos
2168 4690 2339 4747 etfilii
2368 4691 2549 4746 vestri
2573 4708 2583 4744 :
2603 4690 2696 4760 ite,
2714 4690 3019 4746 immolate
3043 4691 3295 4746 Domino
3310 4689 3462 4745 sicut
3484 4690 3694 4745 dicitis.

2042 4782 2192 4837 Oves
2221 4785 2472 4844 vestras,
2500 4784 2559 4836 et
2584 4783 2854 4834 armenta
2885 4778 3170 4834 assumite
3205 4785 3269 4832 ut
3301 4777 3621 4848 petieratis,
3644 4783 3700 4833 et

2041 4865 2330 4923 abeuntes
2346 4865 2684 4922 benedicito
2701 4866 2874 4921 mihi.
2893 4865 3313 4936 Urgebantque
3342 4865 3592 4936 xligyptii
3605 4881 3700 4936 po-

2043 4953 2253 5026 pulum
2280 4953 2354 5008 de
2394 4958 2550 5008 terra
2588 4953 2748 5008 exire
2799 4952 3095 5020 velociter,
3142 4952 3403 5008 dicentes
3438 4970 3449 5008 :
3482 4955 3698 5009 Omnes

2043 5043 2391 5098 moriemur.
2405 5041 2744 5111 'I‘ulitigitur
2764 5041 3023 5113 populus
3038 5057 3430 5113 consparsam
3446 5041 3700 5098 farinam

2042 5135 2368 5204 antequam
2397 5129 2850 5186 fermentaretur
2883 5149 2894 5185 :
2923 5135 2978 5186 et
3003 5129 3200 5199 ligans
3218 5130 3470 5201 209m
3489 5130 3701 5202 palliis,

2042 5221 2242 5293 posuit
2262 5237 2441 5292 super
2458 5221 2744 5275 humeros
2770 5222 3224 5275 suos.Fecerunt
3242 5218 3342 5273 filii
3367 5218 3706 5273 Israelsicut

2044 5313 2406 5382 praeceperat
2429 5308 2720 5364 Dominus
2744 5309 2929 5380 Moysi
2956 5328 2971 5363 :
3005 5313 3058 5364 et
3085 5309 3381 5380 petierunt
3410 5307 3486 5361 ab
3529 5309 3704 5374 XEgy-

2043 5399 2179 5471 ptiis
2209 5414 2355 5454 vasa
2377 5403 2657 5467 argentea
2680 5402 2954 5459 etaurea,
2979 5402 3328 5466 vestemque
3362 5394 3698 5463 plurimam.

2047 5486 2214 5542 Dedit
2242 5490 2443 5542 autem
2466 5486 2750 5541 Dominus
2775 5485 3030 5555 gratiam
3050 5484 3276 5555 popqu
3311 5495 3513 5536 coram
3535 5479 3705 5547 ngy-

2049 5575 2187 5648 ptiis
2205 5573 2872 5635 utcommodarcnteis:
2901 5579 2958 5628 et
3007 5570 3418 5644 spoliaverunt
3449 5563 3704 5636 zEgytios
