4192 6468
509 369 608 426 3³71

1759 353 2213 417 BREVIARIUM
2251 351 2644 415 GOTHICUM.

3823 347 3937 408 3‘12

509 487 876 560 Profectique
901 489 1038 542 sunt
1065 486 1169 542 ﬁlii
1209 485 1384 542 Israel
1407 486 1482 542 de
1506 487 1785 543 Ramesse
1822 485 1884 541 in
1916 481 2149 548 Socoth,
2181 479 2228 536 A
2260 479 2318 536 in
2348 480 2544 549 laude,
2567 483 2624 537 et
2639 481 3027 539 conﬁteamur
3047 480 3107 536 in
3121 478 3366 535 nomine
3393 493 3408 529 :
3431 490 3544 532 nos
3564 487 3828 548 quoque
3851 473 3937 530 ad

513 580 789 633 sexcenta
813 571 934 630 fere
954 573 1136 630 millia
1155 573 1422 645 peditum
1453 575 1738 638 virorum,
1771 572 2001 644 absque
2025 585 2155 641 par-

510 665 682 720 vulis.
693 663 800 720 Sed
813 668 868 718 et
878 663 1091 733 vulgus
1106 661 1497 732 promiscuum
1511 660 1940 717 innumerabile
1953 672 2153 716 ascen-

514 754 599 809 dit
636 768 776 808 cum
805 751 913 816 eis,
940 767 1077 806 oves
1110 753 1166 806 et
1188 753 1457 807 armenta
1495 754 1552 806 et
1581 751 1910 806 animantia
1938 746 2156 804 diversi

516 842 750 912 generis
785 839 970 896 multa
999 839 1194 894 nimis.
1223 840 1631 912 Coxeruntque
1662 839 1938 908 farinam,
1969 851 2155 909 quam

514 929 750 986 dudum
763 943 1147 1000 consparsam
1165 926 1238 981 de
1252 927 1502 998 Egypto
1517 927 1776 983 tulerunt
1795 947 1809 986 :
1825 926 2156 983 ett'ecerunt

519 1016 942 1072 subcinericios
973 1030 1157 1087 panes
1179 1030 1428 1085 axymos
1453 1032 1465 1069 :
1489 1031 1684 1087 neque
1705 1016 1864 1071 enim
1879 1016 2156 1087 poterant

518 1100 854 1157 fermentari
883 1099 1224 1169 cogentibus
1245 1098 1399 1152 exire
1417 1099 1723 1170 .Egyptiis,
1749 1105 1802 1154 et
1822 1097 2049 1154 nullam
2070 1096 2157 1152 fa-

519 1203 649 1244 cere
667 1186 992 1241 sinentibus
1010 1201 1239 1241 moram
1263 1203 1276 1240 :
1293 1201 1402 1241 nec
1422 1186 2050 1258 pulmentiquicquam
2063 1199 2157 1238 oc-

520 1279 781 1330 currerat
791 1289 1178 1344 praeparasse.
1193 1273 1484 1329 Habitatio
1501 1277 1700 1329 autem
1712 1274 1970 1329 ﬁliorum
1983 1270 2159 1327 Israel

518 1377 638 1435 qua
651 1360 2042 1434 mansueruntinzEgyptoJuitquadragintorum
2064 1359 2159 1416 tri-

519 1451 679 1521 ginta
697 1464 1013 1504 annorum.
1031 1449 1255 1513 Quibus
1272 1449 1748 1520 expletis,eadem
1765 1449 1862 1504 die
1881 1463 2158 1517 egressus

521 1543 607 1593 est
643 1536 840 1593 omnis
871 1537 1160 1591 exercitus
1205 1536 1440 1592 Domini
1477 1537 1552 1592 de
1590 1540 1745 1594 terra
1783 1536 2032 1610 zEgypti.
2081 1547 2150 1607 13;.

521 1630 726 1681 Amen.

591 1713 928 1783 Antiphona
961 1717 1009 1768 ί.
1032 1712 1266 1784 Adjuva
1288 1728 1400 1768 nos
1433 1712 1588 1768 Deus
1613 1713 1887 1770 salutaris
1920 1715 2157 1770 noster:

521 1806 751 1873 propter
763 1801 1004 1870 gloriam
1015 1800 1265 1856 nominis
1283 1801 1367 1855 tui
1387 1801 1841 1857 D0mine.Psalm
1851 1817 1916 1857 us
1931 1817 2164 1859 Lxxvm.
2196 1819 2240 1876 Β

597 1890 821 1946 Oratio.
852 1889 1144 1960 Propitius
1173 1892 1298 1944 esto
1333 1889 1590 1959 peccatis
1628 1889 1848 1945 nostris
1876 1889 2124 1945 Domine
2149 1907 2164 1955 ;

526 1982 582 2032 et
609 1983 851 2049 propter
874 1977 1164 2033 honorem
1183 1977 1442 2033 nominis
1466 1977 1550 2033 tui
1567 1977 1826 2048 perfecta
1840 1993 1950 2033 nos
1966 1993 2168 2035 recrea

524 2065 791 2121 libertate
816 2083 828 2120 :
859 2080 986 2130 nec,
1014 2064 1158 2120 dum
1181 2068 1382 2120 nostro
1398 2069 1780 2137 peccatorum
1802 2065 1992 2135 elogio
2011 2067 2169 2122 adte-

525 2153 730 2224 rimur,
751 2154 812 2208 in
827 2150 1217 2224 opprobrium
1235 2151 1501 2221 gentium
1520 2153 1867 2223 redigamur
1897 2196 1911 2207 .
1935 2155 2086 2224 Ergo
2105 2159 2168 2209 ut

526 2257 637 2297 nos
651 2240 956 2296 severitate
973 2256 1093 2296 non
1109 2240 1326 2311 punias
1345 2255 1569 2311 poenae;
1593 2256 1842 2296 causam
1858 2241 2031 2296 nobis
2049 2256 2168 2296 sce-

526 2331 716 2386 lerum
742 2329 915 2384 ablue
950 2346 961 2383 :
991 2333 1167 2401 atque
1185 2329 1246 2384 in
1273 2333 1600 2400 conspectu
1612 2334 1716 2386 tuo
1737 2330 1992 2401 gemitus
2008 2346 2165 2386 com-

527 2418 862 2489 peditorum
885 2418 1138 2473 introeat
1163 2433 1176 2483 ;
1206 2420 1270 2473 ut
1289 2417 1362 2472 de
1388 2416 1619 2473 occulto
1639 2420 1743 2474 tuo
1768 2418 1831 2472 in
1849 2418 2167 2474 manifesto

526 2509 732 2560 nostro
765 2504 1195 2573 gratiaindulta
1223 2504 1516 2576 procedat.
1542 2515 1609 2574 Βι.
1649 2507 1856 2562 Amen.

599 2595 703 2648 Per
731 2593 1197 2649 misericordiam
1222 2595 1411 2649 tuam.

601 2681 941 2750 Antiphona
962 2685 1016 2737 2.
1038 2680 1247 2736 Libera
1284 2696 1396 2736 nos
1424 2680 1671 2737 Domine
1691 2685 1932 2753 propter
1947 2697 2168 2738 nomen

536 2775 706 2826 tuum
737 2788 747 2825 :
772 2774 828 2826 et
856 2773 1058 2827 notam
1088 2769 1182 2826 fac
1206 2768 1381 2826 nobis
1427 2769 1753 2840 potentiam
1783 2775 1969 2826 tuam.
2004 2771 2169 2827 Psal-

529 2874 658 2915 mus
686 2873 784 2915 CV.

601 2948 823 3004 Oratio.
857 2946 1031 3003 Salva
1056 2960 1184 3016 nos,
1220 2945 1487 3013 Domine,
1510 2947 1616 3018 qui
1637 2950 1843 3004 auctor
1869 2963 1931 3003 es
1952 2951 2168 3004 nostrae

531 3036 740 3093 salutis
771 3051 784 3089 :
813 3038 870 3090 et
907 3049 1205 3104 congrega
1233 3050 1343 3090 nos
1391 3035 1465 3090 de
1516 3034 1897 3103 nationibus;
1945 3037 2049 3108 qui
2083 3051 2170 3092 re-

531 3123 788 3195 demptis
813 3121 1073 3186 libertas,
1101 3127 1157 3178 et
1184 3121 1514 3192 redemptio
1551 3121 1744 3178 factus
1772 3138 1834 3178 es
1862 3123 2125 3180 liberatis
2154 3142 2166 3179 :
2203 3155 2239 3195 ρ

533 3211 799 3267 Concede
824 3211 1020 3281 itaque
1033 3208 1226 3273 nobis,
1245 3213 1307 3264 ut
1323 3209 1425 3280 qui
1441 3225 1601 3264 nunc
1614 3210 1909 3266 malorum
1922 3214 2171 3283 permix-

532 3301 688 3356 tione
720 3297 1099 3367 gemimus,te
1120 3299 1462 3368 protegente
1475 3312 1544 3351 ac
1555 3296 1926 3360 decernente,
1944 3300 2004 3355 in
2017 3305 2173 3356 tran-

532 3387 838 3460 quillitate,
887 3401 1008 3457 qua
1049 3386 1296 3441 Sanctos
1346 3383 1622 3456 suscipis,
1674 3386 2068 3454 gaudeamus.
2103 3399 2169 3459 ἢ.

532 3480 741 3531 Amen.

607 3563 737 3617 Per.

606 3649 955 3716 Antiphonti.
977 3648 1028 3701 3.
1063 3646 1242 3702 Visita
1279 3659 1408 3711 nos,
1441 3646 1708 3713 Domine,
1744 3648 1804 3705 in
1836 3650 2021 3708 salute
2051 3656 2170 3709 tua.

536 3738 817 3793 Psalmus
848 3751 938 3790 cv.

608 3836 671 3893 ἢ.
693 3823 979 3890 Miserere,
1005 3825 1059 3878 et
1077 3837 1252 3894 parce
1270 3821 1464 3887 nobis,
1488 3823 1754 3892 Domine,
1775 3827 1878 3898 qui
1900 3829 2177 3900 pietatem

536 3913 672 3985 plus
696 3912 906 3981 diligis,
941 3927 1119 3983 quam
1139 3910 1429 3980 judicium
1449 3911 1702 3983 requiris
1727 3931 1740 3982 ;
1770 3918 1826 3971 et
1845 3915 1977 3972 ideo
2003 3918 2176 3973 dissi-

538 4001 732 4057 mulas
754 4005 998 4072 peceata
1023 4019 1035 4067 ;
1066 4001 1136 4054 P.
1162 4001 1230 4055 Ut
1249 3998 1475 4056 habeas
1495 4000 1716 4072 quibus
1738 4003 2092 4062 miserearis.
2113 4006 2173 4066 ἲν.

539 4089 834 4152 Confusio,
859 4095 913 4143 et
939 4087 1329 4159 opprobrium
1362 4087 1494 4142 facti
1525 4105 1733 4144 sumus
1759 4093 2054 4161 omnibus,
2077 4095 2179 4167 qui

537 4179 874 4236 colebantte
892 4194 903 4232 :
919 4192 1011 4240 ne,
1029 4193 1402 4248 quaesumus,
1419 4177 1617 4232 tradas
1633 4194 1740 4235 nos
1757 4181 1816 4236 in
1835 4189 2178 4256 perpetuum

536 4283 731 4339 neque
753 4266 985 4322 auferas
1012 4264 1480 4320 misericordiam
1510 4269 1695 4322 tuam.
1732 4271 1788 4323 P.
1833 4273 1900 4326 Ut
1928 4271 2176 4328 habeas.

537 4357 782 4412 Reiteret
793 4370 864 4408 ur
887 4365 957 4414 ἢ.

610 4444 840 4498 Preces.
869 4441 1150 4496 Dicamus
1179 4456 1415 4496 omnes:
1468 4443 1732 4500 Miserere
1774 4445 1971 4513 nobis,
2002 4449 2176 4515 Deus,

2261 567 2612 640 videndum,
2629 569 2948 626 electorum
2964 573 3205 625 tuorum
3217 565 3429 622 excitet
3449 564 3699 621 bonitas
3727 578 3741 628 ;
3768 565 3830 620 et
3852 562 3936 619 ad

2261 655 2653 722 laudandum,
2679 660 2844 730 regni
2870 660 2954 715 tui
2983 657 3233 714 acciscat
3261 653 3584 711 hereditas.

2333 747 2499 800 Pater
2535 750 2753 803 noster.

2897 869 2996 924 Ad
3017 869 3274 924 Sextum.

2333 983 2661 1056 Prophetia.
2693 985 2904 1053 Qua’re
2935 961 3046 1053 .fol.
3081 986 3199 1038 133.

2332 1072 2681 1142 Antiphona
2713 1077 2761 1126 1.
2784 1073 2872 1127 Ad
2901 1075 2958 1126 te
2987 1071 3256 1126 levamus
3285 1067 3496 1126 oculos
3518 1070 3791 1134 nostros,
3819 1066 3931 1140 qui

2261 1159 2497 1216 habitas
2523 1159 2584 1214 in
2605 1159 2790 1215 acetis.
2818 1159 3088 1216 Psalmus
3112 1173 3280 1214 cxxu.

2337 1249 2561 1304 Oratio.
2593 1247 2752 1303 Sicut
2795 1262 3102 1303 servorum
3128 1248 3192 1302 in
3215 1244 3497 1302 manibus
3527 1244 3931 1301 Dominorum

2265 1350 2512 1391 suorum
2547 1341 2683 1390 sunt
2701 1335 2858 1391 oculi
2887 1335 3199 1402 ;itanostri
3225 1333 3304 1390 ad
3325 1333 3928 1404 te,Domine,quou-

2265 1439 2381 1496 que
2398 1428 2453 1479 et
2476 1424 2863 1495 peccantibus
2878 1439 3102 1480 noxam
3119 1423 3406 1486 dimittas,
3425 1425 3482 1477 et
3497 1421 3930 1493 vapulantium

2265 1511 2476 1582 plagas
2485 1511 2753 1567 eminuas
2771 1528 2782 1577 ;
2797 1512 3099 1583 impertias
3112 1511 3398 1567 alimenta
3407 1508 3631 1580 egenis;
3647 1513 3704 1566 et
3721 1507 3929 1565 mede-

2269 1598 2391 1654 lam
2419 1599 2645 1654 tribuas
2664 1599 3014 1656 vulneratis.
3057 1611 3126 1668 ἢ.
3168 1601 3382 1654 Amen.

2341 1687 2449 1741 Per
2477 1687 2974 1742 misericordiam.

2340 1775 2690 1843 Antiphona
2717 1779 2769 1830 2.
2795 1777 3076 1832 Converte
3108 1777 3355 1831 Domine
3385 1772 3797 1845 captivitatem
3822 1789 3928 1830 no-

2273 1865 2477 1930 stram,
2509 1863 2658 1919 sicut
2688 1868 2917 1920 torrens
2947 1863 3006 1918 in
3046 1868 3267 1919 austro.
3302 1863 3574 1918 Psalmus
3601 1877 3773 1918 cxxv.

2349 1951 2570 2006 Oratio.
2597 1953 2950 2008 Convertere
2967 1953 3212 2008 Domine
3230 1951 3634 2023 captivitatem
3653 1954 3921 2006 nostram

2270 2040 2350 2095 ab
2370 2040 2984 2096 inlecebrosisinimici
2999 2041 3444 2096 seductionibus
3459 2039 3807 2095 redimendo
3828 2055 3842 2094 :
3861 2041 3917 2094 et

2273 2129 2435 2199 reple
2456 2129 2863 2185 consolatione
2879 2128 3281 2199 indulgentiae,
3304 2144 3460 2201 quos
3476 2126 3772 2183 desolatas
3789 2141 3916 2198 pro-

2273 2217 2446 2287 spicis
2457 2216 2530 2272 ob
2556 2217 2964 2273 admissionem
2977 2217 3248 2288 nequitias
3263 2236 3274 2275 :
3291 2217 3365 2272 da
3377 2215 3917 2287 nobis,qu£esumus,

2273 2305 2504 2360 contriti
2518 2306 2708 2360 cordis
2721 2305 3096 2360 humilitatem
3115 2319 3372 2376 quaerere
3385 2323 3403 2375 ;
3420 2304 3925 2374 etinquinamenta

2273 2406 2409 2462 quae
2424 2407 2532 2447 nos
2553 2392 3078 2463 polluunt,ﬂuentis
3090 2393 3537 2464 lachrymarum
3549 2391 3791 2448 abluere
3805 2406 3818 2447 :
3845 2390 3925 2446 sic

2275 2479 2443 2534 etiam
2460 2481 2848 2536 confessionis
2868 2481 3126 2536 remedia
3147 2496 3422 2536 seramus
3442 2480 3505 2535 in
3521 2479 3928 2551 lachrymismt

2275 2566 2656 2636 indulgentiae
2690 2568 2912 2623 fructus
2935 2571 3231 2624 metamus
3251 2568 3312 2624 in
3338 2567 3594 2638 gaudiis.
3628 2579 3693 2637 1y.
3716 2571 3929 2623 Amen.

2347 2658 2450 2710 Per
2476 2656 2969 2712 misericordiam.

2347 2744 2685 2813 A-ntiphona
2707 2749 2758 2800 3.
2776 2744 3113 2801 Benedictio
3135 2744 3370 2800 Domini
3387 2759 3566 2816 super
3579 2759 3686 2799 vos
3712 2743 3925 2800 :bene-

2278 2831 2550 2887 dicamus
2581 2849 2690 2888 vos
2738 2833 2797 2887 in
2819 2833 3062 2888 nomine
3095 2832 3348 2888 Domini.
3377 2833 3654 2889 Psalmus
3682 2847 3919 2888 cxxvnl.

2351 2920 2527 2990 210
2558 2919 2618 2978 Ψ.
2653 2923 2897 2976 Peccata
2925 2925 3133 2977 nostra
3157 2919 3544 2976 dominantur
3568 2919 3759 2985 nobis,
3785 2924 3843 2975 et
3861 2919 3923 2974 in

2277 3007 2656 3063 tribulatione
2672 3023 2896 3076 magna
2916 3024 3144 3064 sumus.
3159 3009 3219 3065 P.
3237 3008 3474 3064 Placare
3490 3009 3638 3078 jam,
3657 3007 3924 3071 Domine,

2279 3099 2334 3151 et
2359 3095 2546 3152 libera
2565 3111 2696 3151 nos.
2725 3095 3185 3156 ll’.Peccavimus
3211 3113 3350 3152 cum
3376 3096 3651 3169 patribus
3665 3095 3924 3152 nostris:

2277 3183 2494 3254 injuste
2507 3184 3133 3256 egimus,iniquitatem
3155 3184 3424 3241 fecimus.
3450 3185 3513 3240 P.
3536 3185 3930 3242 Placare.Rei-

2281 3277 2502 3328 teretur
2531 3284 2593 3340 av.

2349 3361 2582 3417 Preces.
2616 3360 2836 3416 Exaudi
2856 3375 2984 3425 nos,
3008 3362 3277 3430 Domine,
3301 3361 3556 3419 exaudi:
3583 3363 3641 3418 P.
3667 3365 3737 3418 Et
3759 3361 3932 3418 mise-

2279 3453 2442 3505 ratus
2473 3448 2634 3505 dona
2659 3448 2835 3504 nobis
2855 3451 3507 3510 veniam.Y.Altissime
3519 3450 3709 3508 factor
3725 3451 3860 3506 cceli
3877 3454 3934 3506 et

2282 3542 2471 3606 terrae,
2503 3542 2815 3607 peccatum
2843 3544 3113 3594 nostrum
3135 3539 3382 3595 dimitte.
3407 3540 3471 3593 P.
3501 3537 3570 3595 Et
3594 3539 3932 3596 miseratus.

2281 3623 2344 3682 ἲν.
2378 3623 2518 3679 Vide
2545 3624 2790 3679 Domine
2828 3625 3018 3696 plebis
3049 3630 3165 3681 tuae
3195 3625 3458 3682 lamenta
3487 3645 3499 3682 :
3535 3626 3781 3683 etfunde
3807 3627 3937 3699 plu-

2283 3711 2442 3768 viam
2471 3712 2719 3780 largam.
2749 3715 2808 3767 P.
2843 3716 2908 3768 Et
2937 3713 3269 3769 miseratus.
3293 3715 3352 3774 ππ.
3390 3715 3650 3784 Dimitte,
3681 3730 3822 3788 quas
3842 3729 3938 3785 ge-

2285 3803 2512 3855 mentes
2537 3799 2811 3866 fatemur,
2845 3805 2902 3856 et
2930 3806 3146 3871 presta,
3183 3818 3317 3875 quae
3347 3802 3750 3873 postulamus.
3780 3802 3840 3857 P.
3873 3803 3937 3856 Et

2286 3887 2626 3946 miseratus.
2665 3889 2731 3947 ἲν.
2772 3891 3197 3959 Succurrejam
3218 3889 3933 3962 pmnitentibus,Christe,

2289 3991 2356 4031 ac
2377 3993 2581 4047 preces
2610 3977 2882 4034 omnium
2924 3977 3082 4033 audi.
3120 3981 3176 4032 P.
3210 3981 3274 4034 Et
3304 3979 3642 4034 miseratus.

2357 4067 2643 4136 Hymnus.
2678 4070 2719 4123 Ο
2749 4071 3060 4132 Nazarene,
3085 4067 3205 4122 lux.
3241 4068 3448 4134 Quaere
3466 4069 3579 4137 fol.
3612 4069 3738 4124 144.
3765 4069 3942 4137 Capi-

2289 4155 2441 4212 tula.
2493 4154 2738 4211 Domine
2783 4158 2922 4210 Jesu
2967 4155 3208 4221 Christe,
3251 4156 3348 4227 qui
3390 4171 3500 4228 pro
3537 4160 3778 4213 nostrae.
3829 4156 3942 4228 fol.

2294 4245 2410 4297 160.

2877 4348 2969 4403 Ad
2999 4351 3330 4419 Vesperum.

2361 4453 2582 4508 Lauda.
2621 4452 2714 4508 Sol
2746 4452 2988 4521 agnovit
3021 4469 3303 4510 occasum
3335 4470 3533 4510 suum.
3588 4455 3846 4513 Posuisti
3875 4460 3950 4512 te-

539 4535 596 4587 P.
627 4531 892 4587 Miserere
915 4530 1104 4584 nobis.
1137 4530 1202 4587 ῒν.
1259 4530 1453 4585 Mundi
1502 4537 1692 4588 rector
1738 4539 1794 4588 et
1843 4536 2183 4609 redemptor
2222 4607 2242 4609 _
2291 4539 2531 4604 nebras,
2574 4544 2630 4594 et
2649 4538 2802 4594 facta
2831 4544 2914 4594 est
2943 4556 3082 4596 nox.

539 4623 676 4675 Jesu
707 4619 945 4688 Christe,
993 4633 1190 4673 rerum
1235 4624 1416 4687 actor,
1467 4621 1528 4676 P.
1573 4622 1836 4678 Miserere
1892 4607 2084 4679 nobis.
2118 4624 2178 4684 ἲν.
2217 4607 2260 4661 D
2365 4629 2651 4682 Dominus
2703 4627 2773 4682 sit
2801 4643 3034 4698 semper
3067 4629 3396 4686 vobiscum.
3446 4642 3508 4699 11v.
3543 4634 3607 4686 Et
3652 4646 3793 4688 cum
3833 4631 3948 4705 spi-

542 4709 649 4774 Qui
680 4707 930 4764 exaudis
971 4705 1374 4770 obsecrantes,
1415 4715 1471 4765 et
1501 4715 1803 4779 gementes
1830 4711 2092 4767 intueris.
2123 4715 2179 4768 P.

541 4798 804 4852 Miserere
826 4795 1022 4852 nobis.
1051 4795 1110 4854 72’.
1132 4796 1306 4851 Parce
1331 4798 1551 4853 nostris
1570 4799 1698 4869 jam
1721 4799 2183 4864 delictis,favens

540 4882 770 4938 vultum
801 4883 1054 4954 pietatis.
1078 4883 1138 4936 P.
1173 4883 1439 4939 Miserere
1459 4885 1652 4940 nobis.
1683 4885 1743 4944 Ψ.
1774 4888 1958 4957 Hujus
1990 4889 2178 4955 urbis,

542 4977 717 5042 atque
732 4970 921 5041 plebis
945 4975 1320 5027 conservator
1337 4977 1463 5029 esto
1480 4973 1641 5044 vigil.
1675 4975 1736 5028 P.
1785 4976 2047 5031 Miserere
2082 4993 2185 5033 no-

541 5059 634 5114 bis
649 5101 661 5114 .
707 5058 767 5115 Y.
801 5057 1182 5112 Peccavimus
1197 5059 1318 5124 tibi,
1335 5061 1487 5116 Deus
1512 5077 1521 5115 :
1539 5061 1971 5132 indulgentiam
1985 5071 2184 5135 postu-

541 5148 757 5202 lamus.
791 5146 851 5198 P.
888 5145 1153 5200 Miserere
1183 5147 1382 5202 nobis.

613 5236 902 5303 Hymnus.
933 5234 975 5289 Ο
993 5235 1309 5303 Nazarene,
1332 5235 1433 5290 lux
1457 5236 1808 5293 Bethlehem.
1843 5239 2048 5305 Quave
2068 5242 2176 5310 fol.

550 5328 665 5380 144.

612 5412 913 5482 Capitula.
951 5411 1156 5466 Salvos
1174 5425 1282 5466 nos
1305 5411 1419 5477 fac,
1444 5413 1689 5469 Domine
1717 5415 1872 5470 Deus
1898 5420 2180 5483 noster,et

538 5504 595 5560 in
612 5502 796 5558 salute
811 5507 913 5556 tua
934 5499 1106 5555 visita
1131 5517 1142 5553 :
1161 5515 1268 5555 nec
1290 5501 1614 5572 iniquitatis
1626 5509 1844 5560 nostrae
1862 5508 2176 5576 pmna,sed

540 5591 765 5648 timoris
784 5589 867 5648 tui
888 5605 997 5647 nos
1016 5588 1607 5661 humilietdisciplina
1626 5609 1640 5659 ;
1661 5596 1722 5648 ut
1742 5596 1841 5650 tua
1857 5591 2180 5663 gloriemur

2291 4718 2407 4774 ritu
2439 4721 2562 4771 tuo.

2362 4806 2730 4873 Antiphona.
2756 4806 2908 4860 Deus
2951 4809 3012 4860 tu
3037 4812 3390 4863 convertens
3418 4808 3757 4865 viviﬁcabis
3781 4825 3898 4866 nos
3931 4828 3942 4861 :

2293 4899 2345 4949 et
2374 4894 2541 4964 plebs
2566 4898 2668 4948 tua
2690 4892 2982 4949 laetabitur
3011 4895 3068 4949 in
3104 4900 3176 4950 te.
3209 4896 3480 4952 Psalmus
3508 4914 3744 4953 Lxxxw.

2362 4983 2579 5038 Lauda.
2615 4982 2818 5036 Veniat
2850 4999 3027 5053 super
3047 5000 3174 5047 nos,
3223 4985 3489 5048 Domine,
3525 4986 3945 5042 misericordia

2293 5075 2389 5126 tua
2429 5070 2529 5124 :P.
2566 5067 2826 5124 Salutare
2875 5075 3062 5139 tuum,
3103 5077 3158 5127 et
3207 5073 3513 5144 eloquium
3556 5077 3748 5130 tuum.
3783 5076 3848 5134 ΐτ.
3885 5079 3948 5130 Et

2290 5156 2670 5229 respondebo
2683 5157 3177 5228 exprobrantibus
3191 5160 3336 5215 mihi
3353 5161 3604 5217 verbum
3629 5179 3640 5216 :
3657 5163 3806 5234 quia
3819 5179 3949 5236 spe-

2289 5247 2413 5301 ravi
2437 5247 2492 5300 in
2527 5246 2900 5299 sermonibus
2935 5247 3069 5303 tuis.
3100 5249 3160 5304 P.
3192 5248 3453 5304 Salutare
3486 5253 3677 5305 tuum.
3707 5251 3772 5310 Υ.
3817 5252 3946 5309 Glo-

2289 5335 2394 5399 ria,
2416 5337 2470 5388 ct
2513 5333 2723 5389 honor.
2758 5335 2813 5388 P.
2846 5335 3133 5390 Salutare.

2359 5425 2656 5491 Hymnus.
2694 5421 2914 5476 Christe
2938 5439 3262 5493 precamur.
3304 5425 3381 5479 Et
3413 5425 3712 5494 Capitula.
3744 5429 3943 5483 Nona-

2289 5526 2420 5564 rum
2474 5512 2758 5563 Horarum
2807 5511 3030 5580 spatiis.
3073 5512 3220 5580 folio
3274 5516 3384 5566 175.
3430 5514 3660 5571 Lauda.
3712 5517 3777 5569 ln
3821 5520 3941 5572 toto

2288 5597 2456 5653 corde
2485 5613 2619 5652 meo
2650 5597 2964 5665 Deus.fol.
3003 5601 3126 5652 207.
