4192 6442
313 356 425 416 373

1074 504 1341 547 εΔΒΒΑΤο.

893 576 978 632 Ad
1004 578 1388 636 Matutinum.

390 662 833 731 Antiphona.Tu
858 669 1057 722 autem
1086 669 1647 725 Domine.Psalmus
1665 664 1974 722 111.0ratio.

315 749 605 815 Quamvis
638 754 905 809 Domine.
942 755 1146 821 Quaere
1166 757 1279 825 fol.
1304 762 1421 814 141.

384 839 735 910 Antiphona
762 845 808 897 l.
832 844 1234 901 Conﬂteamur
1255 846 1507 903 Domino
1536 840 1975 902 misericordias

312 926 474 998 ejus:
505 933 561 985 et
586 930 886 989 mirabilia
900 931 1034 989 ﬁliis
1066 933 1403 993 hominum.
1450 936 1723 992 Psalmus
1752 946 1864 987 cvr.

387 1017 622 1076 Oratio.
653 1019 1054 1077 Conﬁteamur
1073 1021 1199 1087 tibi,
1229 1023 1497 1095 Domine,
1530 1018 1972 1079 misericordias

1476 361 1828 424 DOMINICA
1864 358 1916 415 II
1954 352 2565 427 QUADRAGESIM/E.

2014 479 2062 535 Α
2163 488 2284 559 Ego
2315 497 2516 552 autem
2540 495 2699 568 quis,
2729 496 2747 516 '
2777 498 2834 553 et
2855 497 3117 569 populus
3138 512 3299 554 meus
3327 497 3561 569 quia,ut
3587 510 3731 570 pos-

3631 374 3736 433 3³74

2092 572 2281 633 simus
2309 581 2439 638 haec
2458 585 2571 642 tibi
2600 585 2884 641 universa
2906 584 3246 655 promittere
3272 586 3300 642 ‘2

2157 666 2278 722 Tua
2304 677 2443 725 sunt
2470 673 2716 728 omnia:
2755 676 2975 745 etquae
3003 672 3077 728 de
3121 687 3310 730 manu
3356 676 3459 731 tua
3499 674 3723 746 accepi-

2084 764 2241 820 mus,
2274 756 2551 815 dedimus
2578 760 2707 816 tibi.

2154 839 2455 912 Peregrini
2486 848 2645 904 enim
2677 864 2887 905 sumus
2918 863 3122 906 coram
3136 848 3245 914 te,‘
3264 850 3323 905 et
3340 848 3721 913 advenae,sic-

2080 929 2146 983 ut
2172 943 2384 988 omnes
2415 939 2613 1005 patres
2636 937 2840 993 nostri.

2153 1018 2205 1087 2
2220 1021 2261 1090 ι
2282 1023 2323 1090 1
2356 1023 2488 1080 Dies
2503 1026 2694 1083 nostri
2713 1026 2886 1099 quasi
2915 1026 3147 1084 umbrae
3173 1040 3353 1099 super
3367 1028 3608 1093 terram,
3628 1027 3649 1051 θ
3669 1028 3727 1083 et

307 1108 445 1161 tuas
476 1122 491 1173 ;
520 1107 745 1179 quibus
775 1123 886 1165 nos
916 1110 991 1165 de
1016 1110 1253 1168 interitu
1280 1112 1558 1180 redimis;
1590 1115 1647 1168 et
1674 1112 1749 1167 de
1781 1107 1970 1179 regio-
2075 1105 2246 1163 nulla
2266 1114 2359 1166 est
2386 1128 2581 1170 mora.

314 1193 499 1250 nibus
519 1200 913 1268 congregatos
927 1213 1517 1273 errorum,compage
1555 1198 1876 1261 charitatis,
1890 1194 1967 1250 ﬁ-

300 1280 399 1338 dei
420 1286 770 1341 assensione
800 1287 1136 1357 conjungis.
1154 1299 1219 1360 11'.
1246 1292 1434 1346 Amen
1448 1334 1461 1347 .

378 1374 489 1429 Per
528 1374 1004 1432 misericordiam
1038 1384 1222 1434 tuam.

373 1463 737 1532 Antiphona
760 1466 899 1521 2.De
918 1468 1369 1525 necessitatibus
1386 1467 1607 1525 nostris
1624 1465 1811 1522 libera
1825 1479 1956 1530 nos,

299 1549 579 1606 Domine.
610 1554 905 1611 Psalmus.
935 1569 1055 1610 cvr.

376 1639 595 1695 Oratio.
626 1641 707 1696 De
753 1642 1205 1698 necessitatibus
1250 1644 1467 1699 nostris
1492 1642 1679 1699 libera
1705 1656 1818 1697 nos
1850 1642 1959 1696 Do-

2146 1193 2398 1256 Domine
2415 1203 2569 1257 Deus
2582 1203 2977 1271 meus,omnis
2987 1204 3117 1260 haec
3145 1203 3532 1276 copia,quam
3553 1218 3719 1261 com-

2071 1286 2283 1352 paravi
2311 1290 2376 1343 ut
2391 1288 2714 1347 aediﬁcetur
2742 1292 3196 1349 domusnomini
3223 1296 3429 1349 sancto
3459 1294 3582 1356 tuo,
3606 1290 3622 1310 '
3641 1290 3717 1347 de

2068 1384 2255 1427 manu
2291 1378 2395 1431 tua
2422 1382 2525 1434 est.

2138 1460 2271 1517 Scio
2296 1463 2453 1519 Deus
2477 1482 2651 1523 meus
2681 1468 2848 1540 quod
2876 1468 3103 1540 probas
3127 1469 3333 1535 corda,
3362 1469 3379 1487 '
3400 1471 3455 1525 et
3486 1468 3715 1541 simpli-

2068 1545 2304 1607 citatem
2342 1552 2560 1622 diligis.

2140 1638 2303 1694 Unde
2325 1643 2380 1696 et
2391 1656 2503 1711 ego
2515 1642 2579 1699 in
2594 1644 2971 1715 simplicitate
2987 1646 3182 1702 cordis
3198 1646 3317 1702 mei
3326 1644 3497 1702 laetus
3521 1644 3710 1702 obtuli

301 1726 467 1782 mine
493 1745 507 1781 :
536 1732 594 1784 et
622 1729 962 1787 animarum
1015 1735 1357 1788 nostrarum
1400 1732 1658 1788 inediam
1686 1730 1851 1787 verbi
1872 1729 1957 1785 tui
1983 1800 2017 1805 _
2064 1725 2346 1784 universa
2372 1728 2533 1786 haec:
2566 1733 2588 1754 '
2620 1738 2677 1787 et
2706 1734 3219 1805 populumztuum,
3252 1734 3357 1805 qui
3386 1733 3485 1790 hic
3512 1748 3710 1805 reper-

305 1815 487 1887 adipe
531 1831 753 1890 pasce;
802 1820 1195 1893 sedentesque
1248 1821 1309 1876 in
1347 1820 1604 1876 tenebris
1642 1824 1698 1876 et
1746 1818 1957 1875 umbra
1983 1800 2025 1856 Β
2064 1815 2158 1869 tus
2181 1818 2292 1882 est,
2320 1818 2443 1874 vidi
2467 1834 2607 1876 cum
2645 1800 2870 1891 ingenti
2914 1822 3137 1892 gaudio
3177 1800 3293 1878 tibi
3332 1822 3545 1879 offerre
3579 1800 3705 1880 ’ἀο-

302 1904 535 1971 mortis,
564 1905 711 1962 lucis
740 1911 855 1963 tum
878 1908 1131 1965 inlustra
1159 1909 1499 1966 serenitate.
1539 1920 1603 1979 Br.
1637 1912 1845 1963 Amen.

371 1992 484 2048 Per
508 1995 978 2053 misericordiam
1008 2002 1195 2064 tuam,
1223 1998 1380 2053 Deus
1412 2002 1633 2062 noster,
1662 2000 1771 2053 etc.

366 2081 728 2152 Antiphona
745 2086 951 2141 3.Mitte
969 2086 1218 2143 verbum
1239 2091 1426 2149 tuum,
1458 2089 1517 2142 et
1545 2099 1692 2141 sana
1718 2098 1829 2140 nos
1840 2086 1953 2139 Do-

294 2167 477 2225 mine.
515 2172 814 2227 Psalmus.
837 2189 951 2231 cvr.

367 2256 591 2315 Oratio.
608 2261 763 2316 Mitte
774 2262 1027 2317 verbum
1051 2268 1220 2319 tuum
1242 2260 1491 2319 Domine
1514 2261 1591 2319 ad
1606 2260 1947 2318 sanandum

282 2356 401 2401 nos
432 2349 527 2404 :et
558 2348 632 2403 de
684 2348 939 2415 interitu,
980 2364 1102 2423 quo
1132 2355 1337 2407 nostro
1390 2351 1656 2422 pondere
1680 2347 1947 2421 procelli-

280 2447 447 2501 mur,
480 2451 620 2491 erue
651 2441 747 2492 :ut
776 2437 921 2509 quia
941 2454 1071 2509 nos,
1109 2439 1691 2504 meminimus,Verbi
1719 2438 1804 2493 tui
1832 2437 1946 2493 for-

279 2527 485 2580 matos
520 2525 787 2596 opiﬁcio:
813 2528 945 2597 ejus
974 2542 1219 2583 rursum
1248 2529 1642 2584 reformemur
1666 2526 1943 2597 imperio.

279 2613 367 2666 Tu
385 2626 521 2681 nos,
550 2613 697 2669 dum
720 2614 1097 2682 tribulamur,
1127 2616 1455 2672 clamantes
1489 2615 1707 2671 exaudi
1736 2630 1844 2681 ;ac
1868 2614 1945 2670 de

278 2700 512 2757 infestis
532 2703 1030 2760 neccessitatibus
1058 2705 1250 2761 tribue
1294 2704 1621 2760 libertatem
1664 2721 1679 2755 :
1713 2708 1776 2759 ut
1790 2704 1868 2758 ad
1888 2705 1942 2758 te

275 2788 359 2845 de
383 2790 757 2847 confessione
783 2796 987 2848 nostra
1003 2792 1267 2849 laudatio
1296 2792 1583 2864 procedat
1611 2809 1624 2860 ;
1661 2796 1717 2847 et
1737 2805 1939 2846 coram

272 2878 421 2934 ﬁliis
450 2879 758 2934 hominum
777 2881 1165 2952 pronuntiata
1193 2896 1305 2937 nos
1335 2880 1668 2952 gratiﬁcent
1694 2878 1938 2935 mirabi-

272 2965 360 3024 lia
382 2971 506 3023 tua.
539 2978 609 3039 BI.
646 2972 854 3024 Amen.

352 3059 460 3111 Per
481 3056 952 3114 misericordiam
982 3061 1168 3125 tuam,
1196 3059 1352 3113 Deus
1377 3061 1596 3114 noster.

2060 1917 2250 1959 naria.

2131 1993 2380 2050 Domine
2419 1995 2576 2052 Deus
2607 1997 2932 2064 Abraham,
2949 2001 3138 2065 Isaac,
3155 2000 3212 2055 et
3237 1997 3438 2064 Israel,
3461 2001 3705 2068 patrum

2056 2084 2423 2147 nostrorum,
2455 2085 2475 2105 ‘
2506 2086 2741 2141 custodi
2759 2087 2821 2142 in
2849 2090 3142 2141 aeternum
3159 2087 3316 2142 hanc
3335 2084 3705 2142 voluntatem

2057 2167 2253 2223 cordis
2282 2184 2511 2237 eorum,
2537 2178 2594 2229 et
2638 2188 2877 2246 semper
2896 2174 2957 2230 in
2986 2174 3369 2231 veneratione
3407 2176 3509 2231 tua
3530 2188 3704 2231 mens

2050 2255 2169 2313 ista
2192 2265 2561 2328 permaneat.

2126 2346 2348 2406 Oratio.
2373 2351 2446 2405 Te
2477 2351 2870 2423 amplissimas
2908 2351 3197 2421 largitatis
3246 2350 3571 2407 Dominum
3599 2351 3699 2407 de-

2051 2448 2389 2507 precamur,
2405 2443 2467 2494 ut
2479 2440 2778 2496 donorum
2798 2440 3129 2496 caelestium
3145 2440 3382 2512 copiam
3412 2440 3486 2497 de
3514 2454 3703 2497 manu

2051 2524 2154 2578 tua
2178 2525 2567 2596 accipiamus,
2605 2544 2790 2601 quam
2818 2529 2925 2585 tibi
2971 2528 3051 2585 ob
3080 2528 3563 2585 constituendam
3592 2528 3700 2584 do-

2049 2625 2221 2667 mum
2254 2616 2419 2669 tuam
2450 2616 2508 2671 in
2540 2619 2755 2672 nostris
2776 2616 3057 2673 cordibus
3080 2631 3531 2688 praeparemus:
3568 2616 3702 2673 tibi-

2047 2714 2166 2770 que
2196 2702 2343 2757 votis
2369 2704 2768 2775 simplicibus,
2795 2722 2931 2778 quas
2947 2710 3047 2763 tua
3077 2710 3214 2762 sunt
3236 2704 3599 2766 offeramus:
3627 2721 3701 2763 ac

2048 2800 2270 2844 nomen
2288 2794 2459 2847 tuum
2490 2792 2782 2863 inclytum
2817 2793 3177 2851 multimoda
3192 2793 3700 2853 confessionelau-

2048 2873 2279 2933 demus.
2303 2887 2367 2948 ﬁ.
2392 2883 2601 2936 Amen.

2117 2963 2227 3018 Per
2264 2965 2737 3024 misericordiam
2764 2972 2955 3026 tuam.
2986 2971 3161 3035 Deus,
3191 2972 3300 3025 etc.

2114 3049 2209 3107 Ad
2230 3052 2603 3111 Benedictus.
2642 3057 2997 3128 Antiphonti.
3018 3057 3115 3128 |Sit
3146 3057 3432 3129 splendor
3458 3058 3697 3115 Domini

350 3156 418 3213 13,.
444 3146 696 3210 Quaerite
717 3148 891 3203 mein
915 3146 1419 3217 angusuavestm,
1448 3146 1589 3203 dicit
1618 3146 1930 3204 Dominus,
1967 3143 2010 3201 C
2043 3139 2145 3195 Dei
2167 3144 2687 3215 nostrisupernos.
2710 3148 2789 3203 P.
2823 3147 3015 3216 Opera
3029 3160 3326 3202 manuum
3350 3150 3694 3203 nostrarum

264 3236 345 3291 P.
385 3237 747 3306 Exurgentes
769 3241 904 3293 ante
934 3238 1130 3293 lucem
1161 3238 1573 3294 convertimini
1602 3242 1686 3294 :et
1724 3237 1928 3309 dicite;

265 3326 665 3381 Revertamur
703 3326 782 3382 ad
813 3326 1002 3383 Deum
1041 3331 1335 3383 nostrum.
1358 3327 1423 3387 ἡ.
1453 3327 1709 3392 Quaarite
1732 3327 1930 3382 Domi-

261 3427 425 3469 num
456 3414 599 3471 dum
613 3415 867 3471 inveniri
881 3420 1075 3487 potest
1098 3433 1111 3469 :
1134 3417 1410 3473 invocate
1429 3432 1567 3473 eum
1578 3416 1725 3472 dum
1738 3430 1926 3488 prope

262 3505 380 3558 est.
416 3503 480 3558 P.
514 3504 879 3574 Exurgentes
902 3510 1059 3561 ante.

338 3586 345 3593 ’
884 3594 956 3648 In
981 3594 1310 3650 Laudibus.

344 3679 708 3751 Antiphona.
742 3683 852 3737 Cor
882 3682 1201 3738 contritum
1227 3684 1283 3738 et
1333 3681 1715 3740 humiliatum
1770 3684 1927 3738 Deus

260 3781 351 3823 ne
386 3766 709 3838 despicias.
734 3770 1015 3825 Psalmus
1042 3786 1089 3823 L.

350 3854 578 3909 Oratio.
608 3855 811 3910 Cordis
833 3856 1022 3910 nostri
1040 3859 1285 3921 secreta,
1326 3871 1461 3927 qum
1474 3857 1738 3928 quotidie
1772 3857 1928 3913 curis

266 3939 621 3997 carnalibus
644 3941 1051 4011 sordidantur,
1076 3943 1331 4013 hyssopi
1361 3944 1527 3998 verbi
1544 3944 1928 4016 tui,omnipo-

270 4032 406 4084 tens
425 4029 1002 4100 Deus,adsparsione
1025 4033 1423 4085 mundentur:
1447 4031 1686 4086 recedat
1702 4032 1925 4087 anobis

262 4116 525 4173 callidus
582 4119 951 4175 seminator:
986 4124 1049 4174 ut
1076 4117 1342 4175 Christus
1379 4119 1440 4175 in
1462 4117 1641 4175 nobis
1682 4124 1925 4177 maneat

261 4204 634 4263 consolator.
664 4218 729 4277 Ri.
761 4211 970 4264 Amen.

340 4294 453 4349 Per
468 4296 945 4353 misericordiam
967 4302 1152 4354 tuam.

339 4383 842 4453 Antiphona.Tua
868 4402 933 4442 es
954 4388 1205 4442 Domine
1232 4385 1704 4456 magniﬁcentia,
1736 4389 1793 4444 et
1819 4402 1924 4459 po-

260 4472 474 4540 tentia,
502 4478 557 4529 et
586 4474 811 4544 gloria:
846 4480 903 4531 et
929 4473 1032 4531 tibi
1064 4473 1219 4529 laus.

416 4564 727 4620 Canticum
752 4564 1289 4635 (Paralipomenon
1309 4563 1352 4627 Ι,
1380 4577 1516 4631 cap.
1557 4564 1741 4634 xxix).

339 4653 691 4711 Benedictus
723 4668 784 4707 es
802 4654 1051 4709 Domine
1098 4655 1252 4708 Deus
1281 4652 1458 4709 lsrael
1490 4652 1677 4724 patris
1704 4654 1923 4710 nostri'

261 4745 345 4802 ab
377 4748 598 4800 interno
624 4744 684 4797 in
710 4746 1017 4797 aeternum.

336 4836 463 4890 Tua
482 4830 741 4887 estenim
760 4831 1008 4886 Domine
1040 4828 1504 4899 magniﬁcentia,
1539 4833 1595 4886 et
1633 4832 1918 4902 potentia,

260 4925 320 4978 et
348 4921 559 4991 gloria,
586 4924 765 4991 atque
789 4920 1069 4975 victoria:
1104 4923 1160 4974 et
1182 4918 1280 4973 tibi
1300 4918 1465 4974 laus:

335 5010 565 5065 Cuncta
591 5010 752 5064 enim
783 5024 918 5079 quae
962 5009 1018 5062 in
1051 5006 1201 5063 caelo
1233 5011 1392 5072 sunt,
1427 5011 1482 5062 et
1513 5023 1648 5079 qum
1670 5009 1730 5064 in
1767 5014 1922 5065 terra

264 5098 410 5150 sunt
442 5111 455 5148 :
495 5096 516 5115 '
548 5099 721 5149 tuum
758 5092 1005 5147 Domine
1036 5106 1312 5161 regnum,
1338 5095 1394 5149 et
1412 5096 1476 5149 tu
1506 5107 1567 5148 es
1599 5108 1779 5165 super
1794 5110 1920 5149 om-

261 5199 374 5238 nes
415 5181 739 5255 principes.

332 5274 469 5327 Tuae
494 5274 631 5325 sunt
662 5269 905 5331 divitias,
954 5273 1012 5323 et
1049 5273 1151 5324 tua
1180 5273 1270 5324 est
1295 5269 1520 5338 gloria:
1556 5271 1571 5288 '
1628 5270 1687 5325 in
1733 5286 1916 5325 manu

256 5364 364 5415 tua
392 5360 574 5414 virtus
607 5357 946 5428 etpotentia
980 5357 1074 5411 :in
1102 5372 1287 5412 manu
1331 5364 1435 5413 tua
1455 5359 1827 5429 magnitudo,
1861 5363 1917 5414 et

259 5448 583 5520 imperium
605 5448 940 5502 hominum.

331 5541 496 5593 Nunc
522 5537 702 5608 igitur
749 5536 1167 5593 conﬁtebimur
1196 5536 1323 5603 tibi,
1362 5538 1393 5572 ’⁸⁸
1421 5544 1475 5594 et
1528 5537 1914 5595 laudabimus

260 5640 485 5684 nomen
520 5630 685 5683 tuum
714 5624 1024 5696 inclytum.

2041 3226 2229 3299 dirige
2276 3246 2459 3302 super
2486 3248 2619 3290 nos.
2651 3233 2712 3293 ἡ.
2752 3234 2996 3305 Respice
3040 3234 3102 3288 in
3129 3249 3333 3291 servos
3370 3238 3523 3304 tuos,
3556 3235 3689 3291 etin

2041 3331 2226 3388 opera
2248 3321 2371 3388 tua,
2399 3324 2456 3375 et
2480 3320 2669 3392 dirige
2696 3321 2852 3378 ﬁlios
2876 3338 3110 3379 eorum.
3150 3323 3216 3378 P.
3244 3326 3306 3381 Et
3350 3337 3537 3395 opera
3564 3337 3691 3380 ma—

2040 3420 2231 3462 nuum
2263 3413 2605 3465 nostrarum
2619 3452 2631 3464 .

2112 3494 2443 3554 Canticum.
2473 3499 2822 3555 Benedictus
2844 3514 2906 3555 es
2935 3500 3202 3556 Domine.
3234 3499 3336 3571 fol.
3369 3502 3427 3555 6.
3452 3500 3685 3557 Lauda.

2109 3585 2173 3638 In
2196 3586 2417 3641 sanctis
2440 3588 2569 3657 ejus
2622 3588 2864 3644 laudate
2898 3588 3244 3644 Dominum.
3266 3591 3338 3644 P.
3403 3588 3685 3646 Laudate.

2378 3676 2573 3733 Lectio
2603 3677 2751 3732 libri
2774 3676 2963 3733 Exodi
2979 3676 3151 3748 (Cap.
3180 3677 3347 3749 xvu).

2106 3769 2176 3829 Bg.
2206 3760 2328 3819 Deo
2356 3764 2595 3833 gratias.

2108 3851 2173 3903 In
2196 3847 2308 3905 illis
2330 3850 2542 3907 diebus
2562 3869 2574 3907 :
2604 3853 2869 3911 Profecta
2888 3856 3085 3911 omnis
3099 3855 3419 3912 multitudo
3429 3854 3689 3913 ﬁliorum

2034 3935 2213 3991 Israel
2240 3936 2315 3993 de
2333 3937 2570 3996 deserto
2584 3940 2683 3998 Sin
2714 3956 2815 4012 per
2827 3943 3180 4000 mansiones
3202 3959 3366 4011 suas,
3379 3944 3556 4016 juxta
3569 3959 3689 4000 ser-

2033 4036 2280 4078 monem
2310 4025 3127 4095 Domini,castrametatisunt
3155 4031 3218 4086 in
3232 4031 3687 4103 Raphidim,ubi

2034 4124 2157 4166 non
2169 4115 2293 4167 erat
2312 4127 2477 4183 aqua
2493 4114 2570 4170 ad
2582 4114 2917 4172 bibendum
2931 4117 3296 4187 populo.0ui
3307 4119 3327 4187 j
3338 4119 3532 4189 urgati
3546 4124 3685 4176 sunt

2034 4202 2242 4254 contra
2260 4201 2584 4270 Moysen,et
2606 4201 2912 4261 dixerunt:
2935 4206 3022 4261 Da
3036 4204 3228 4261 ’nobis
3244 4210 3561 4276 aquam,ut
3595 4206 3686 4263 bi-

2030 4286 2267 4343 bamus.
2301 4288 2531 4353 Quibus
2557 4291 3155 4364 responditMoyses:
3189 4293 3683 4364 Quidjurgamini

2031 4379 2239 4432 contra
2254 4377 2389 4433 me?
2410 4392 2515 4434 cur
2544 4381 2782 4437 tentatis
2798 4381 3121 4438 Dominum
3142 4383 3170 4439 ‘2
3202 4381 3391 4440 Sitivit
3414 4398 3558 4454 ergo
3583 4400 3685 4457 po-

1950 4486 1999 4542 Β
2031 4463 2208 4537 pulus
2234 4464 2318 4521 ibi
2356 4481 2466 4538 pro
2490 4484 2666 4541 aqua;
2686 4471 2952 4542 penuria,
2972 4477 3030 4528 et
3052 4473 3453 4530 murmuravit
3474 4476 3683 4531 contra

2029 4558 2270 4628 Moysen
2303 4576 2316 4617 :
2353 4560 2468 4615 Cur
2495 4574 2607 4615 nos
2635 4560 2795 4616 exire
2823 4560 3013 4617 fecisti
3030 4560 3103 4616 de
3134 4561 3409 4634 Egypto,
3440 4564 3505 4619 ut
3523 4560 3682 4619 occi-

2029 4645 2202 4702 deres
2228 4664 2359 4713 nos,
2382 4652 2439 4704 et
2466 4647 2619 4705 ﬁlios
2638 4652 2968 4715 nostros,ac
2989 4650 3265 4721 jumenta
3286 4649 3424 4708 siti?
3446 4650 3682 4707 Clama-

2027 4736 2107 4791 vit
2123 4741 2321 4792 autem
2348 4738 2582 4809 Moyses
2594 4738 2671 4793 ad
2686 4737 3271 4808 Dominum,dicens.
3296 4738 3449 4803 Quid
3460 4738 3680 4795 faciam

2027 4824 2253 4895 populo
2268 4825 2407 4881 huic
2419 4827 2447 4881 ?
2460 4826 2658 4881 adhuc
2672 4826 2975 4896 pusillum,
3008 4832 3065 4883 et
3078 4826 3435 4898 lapidabunt
3461 4827 3681 4884 me.Ait

2028 4912 2317 4968 Dominus
2347 4914 2423 4969 ad
2446 4916 2720 4984 Moysen:
2743 4914 3040 4971 Antecede
3064 4915 3374 4986 populum,
3423 4919 3478 4972 et
3507 4932 3677 4973 sume

2029 5003 2227 5057 tecum
2257 5003 2332 5058 de
2364 5004 2697 5060 senioribus
2712 5004 2887 5059 Israel
2913 5022 2925 5060 :
2959 5009 3016 5060 et
3044 5005 3277 5074 virgam
3308 5021 3678 5078 quapercus—

2027 5090 2151 5146 sisti
2170 5091 2444 5157 ﬂuvium,
2474 5092 2611 5147 tolle
2650 5092 2712 5148 in
2741 5109 2928 5149 manu
2960 5098 3081 5161 tua,
3104 5094 3355 5150 etvade.
3390 5098 3537 5151 Ecce
3564 5111 3677 5165 ego

2025 5180 2199 5236 stabo
2231 5195 2435 5236 coram
2453 5184 2525 5249 te,
2560 5197 2741 5253 supra
2754 5187 2983 5255 petram
3002 5183 3196 5239 Horeb
3227 5184 3677 5256 :percutiesque

2024 5274 2279 5339 petram,
2306 5274 2361 5325 et
2384 5270 2566 5326 exibit
2596 5287 2668 5326 ex
2696 5288 2876 5343 aqua,
2906 5277 2969 5327 ut
3005 5273 3170 5328 bibat
3215 5274 3495 5345 populus.
3522 5273 3677 5329 Fecit

2024 5360 2250 5428 Moyses
2279 5358 2360 5413 ita
2390 5375 2593 5414 coram
2619 5360 2952 5416 senioribus
2978 5360 3152 5418 Israel
3189 5380 3201 5415 :
3232 5365 3289 5417 et
3312 5361 3544 5416 vocavit
3570 5376 3675 5414 no—

2021 5461 2161 5499 men
2182 5445 2294 5501 loci
2340 5446 2519 5501 illius.
2549 5447 2835 5518 Tentatio,
2864 5454 3106 5519 propter
3122 5449 3390 5518 jurgium
3415 5448 3676 5502 ﬁliorum

2024 5534 2223 5600 Israel,
2254 5538 2312 5589 et
2340 5535 2485 5605 quia
2514 5539 2889 5593 tentaverunt
2936 5539 3146 5607 Deum,
3171 5537 3435 5592 dicentes
3466 5534 3674 5588 :Estne

2026 5622 2180 5678 Deus
2206 5622 2268 5678 in
2296 5622 2491 5691 nobis,
2516 5639 2595 5680 an
2619 5640 2742 5682 non
2771 5626 2800 5681 ?
2825 5624 2992 5691 Venit
3010 5627 3207 5682 autem
3222 5621 3546 5685 Amalec,et
3564 5631 3673 5688 pu-
