4192 6466
503 364 609 421 375

1739 350 2191 414 BREVIARIUM
2230 351 2624 410 GOTHICUM.

3807 349 3916 406 376

509 485 734 557 gnabat
747 486 955 541 contra
969 482 1124 539 ﬁlios
1166 483 1343 542 Israel
1375 483 1437 540 in
1485 480 1823 554 Baphidim.
1880 477 2151 549 Dixitque
2181 477 2227 531 A
2257 479 2316 533 et
2344 475 2542 533 Israeli
2570 476 2792 549 populo
2824 491 2953 541 suo,
2983 489 3053 532 eo
3081 473 3241 546 quod
3269 471 3572 529 eduxisset
3624 469 3918 528 Dominus

509 577 736 644 Moyses
759 571 838 629 ad
865 573 1044 628 Josue
1065 590 1077 629 :
1095 570 1252 641 Elige
1271 571 1432 626 viros
1461 587 1472 626 :
1499 574 1556 626 et
1583 584 1883 638 egressus,
1945 581 2153 639 pugna

512 663 720 716 contra
733 659 977 714 Amalec
991 674 1121 714 cras
1138 674 1148 710 :
1171 663 1226 714 et
1254 671 1366 726 ego
1389 657 1562 713 stabo
1587 656 1650 711 in
1667 656 1948 711 verticem
1965 652 2150 721 collis,

509 747 742 803 habens
769 746 1002 815 virgam
1027 746 1129 801 Dei
1156 745 1217 800 in
1240 760 1428 801 manu
1446 759 1608 799 mea.
1624 744 1968 799 FecitJosue
1991 747 2054 796 ut
2073 740 2155 796 lo-

516 840 688 891 cutus
713 835 901 890 fuerat
928 837 1178 905 Moyses,
1224 838 1281 888 et
1308 833 1596 905 pugnavit
1626 837 1834 888 contra
1887 829 2154 886 Amalec:

521 925 744 994 Moyses
767 927 966 979 autem
991 929 1048 978 et
1067 922 1266 978 Aaron
1300 925 1356 977 et
1385 923 1505 976 liur
1534 919 1931 976 ascenderunt
1981 931 2160 988 super

519 1011 797 1066 verticem
823 1010 1004 1066 collis.
1044 1010 1307 1081 Cumque
1356 1008 1639 1064 elevasset
1667 1010 1896 1080 Moyses
1917 1021 2156 1074 manus,

528 1098 806 1154 vincebat
820 1097 997 1154 Israel
1013 1114 1024 1151 :
1043 1097 1133 1153 sin
1175 1101 1374 1153 autem
1386 1095 1703 1169 paululum
1719 1095 2158 1160 remisisset,su-

525 1185 782 1258 perabat
809 1184 1067 1241 Amalec.
1082 1187 1284 1242 Manus
1311 1187 1509 1240 autem
1536 1184 1718 1254 Moysi
1734 1188 2156 1252 erantgraves:

523 1277 794 1328 sumente
806 1289 834 1327 s
859 1274 1036 1342 igitur
1058 1272 1346 1344 lapidem,
1374 1275 1702 1344 posuerunt
1721 1271 1923 1326 subter
1937 1269 2163 1335 eum,in

523 1376 645 1432 quo
658 1360 807 1415 sedit
829 1376 841 1414 :
866 1362 1060 1415 Aaron
1092 1365 1292 1416 autem
1309 1365 1366 1416 et
1392 1363 1433 1415 Η
1443 1375 1509 1414 ur
1523 1358 1939 1415 sustentabant
1950 1373 2164 1414 manus

521 1447 652 1518 ejus
680 1462 753 1502 ex
779 1453 1030 1519 utraque
1047 1453 1232 1519 parte.
1259 1451 1326 1504 Et
1346 1447 1567 1504 factum
1599 1451 1688 1502 est
1708 1452 1773 1504 ut
1795 1462 2013 1503 manus
2039 1447 2166 1516 ejus

525 1551 646 1591 non
657 1537 1020 1592 lassarentur
1045 1551 1236 1608 usque
1254 1536 1331 1592 ad
1343 1551 1626 1592 occasum
1640 1535 2167 1606 solis.Fugavitque

523 1622 701 1679 Josue
738 1622 998 1692 Amalec,
1021 1627 1076 1678 et
1103 1623 1394 1696 populum
1425 1624 1553 1694 ejus
1582 1624 1643 1679 in
1664 1639 1765 1680 ore
1795 1622 2170 1692 gladii.Dixit

527 1715 727 1772 autem
763 1710 1052 1766 Dominus
1080 1711 1159 1766 ad
1189 1711 1437 1782 Moysen
1461 1727 1472 1766 :
1508 1711 1711 1767 Scribe
1735 1710 1926 1767 hocin
1953 1725 2168 1766 monu-

2261 564 2439 620 Israel
2467 565 2541 620 de
2574 566 2825 636 Egypto
2853 580 2868 620 :
2903 563 3031 619 tulit
3064 563 3385 634 Sephoram
3426 575 3686 616 uxorem
3724 558 3913 631 Moysi

2261 663 2434 720 quam
2459 649 2798 703 remiserat:
2826 652 2880 703 et
2903 647 3056 702 duos
3085 645 3239 702 ﬁlios
3263 648 3412 715 ejus,
3434 659 3697 715 quorum
3753 657 3916 698 unus

2261 735 2589 790 vocabatur
2618 737 2879 803 Gersam,
2904 735 3134 789 dicente
3182 739 3348 804 patre
3378 732 3663 797 ;Advena
3703 731 3785 786 fui
3853 730 3915 786 in

2263 827 2417 878 terra
2445 821 2660 881 aliena.
2704 823 2859 878 Alter
2903 838 3042 878 vero
3068 822 3323 878 Eliezer:
3380 820 3673 876 Dominus
3732 818 3909 882 enim,

2265 910 2368 975 ait,
2396 911 2580 982 patris
2606 911 2723 966 mei
2752 911 2989 981 adjutor
3017 926 3205 975 meus,
3228 914 3284 964 et
3313 908 3463 964 eruit
3490 923 3588 964 me
3613 907 3689 963 de
3718 921 3912 964 manu

2265 1000 2607 1056 Pharaonis.
2641 1000 2805 1056 Venit
2838 1015 2978 1071 ergo
3010 999 3212 1056 Jetbro
3251 1002 3545 1068 cognatus
3590 997 3804 1069 Moysi,
3859 1001 3919 1053 et

2268 1103 2417 1144 uxor
2440 1088 2592 1158 ejus,
2619 1092 2676 1144 et
2693 1087 2796 1143 ﬁlii
2827 1087 2954 1158 ejus
2971 1087 3049 1143 ad
3078 1090 3316 1159 Moysen
3345 1087 3408 1142 in
3438 1086 3756 1150 desertum,
3808 1083 3920 1141 ubi

2267 1180 2393 1232 erat
2419 1179 2865 1232 castrametatus
2889 1175 3062 1246 juxta
3080 1177 3338 1230 montem
3366 1173 3492 1230 Dei.
3525 1177 3591 1229 Et
3608 1173 3921 1230 mandavit

2269 1265 2468 1335 Moysi,
2503 1264 2741 1319 dicens:
2778 1266 2898 1333 Ego
2927 1269 3218 1335 cognatus
3241 1267 3378 1318 tuus
3406 1262 3605 1318 Jethro
3642 1262 3821 1317 venio
3838 1261 3923 1317 ad

2272 1357 2346 1415 te,
2374 1356 2429 1407 et
2451 1356 2792 1422 uxortua,et
2825 1352 2946 1406 duo
2974 1351 3076 1407 ﬁlii
3107 1351 3189 1407 tui
3219 1367 3356 1406 cum
3387 1366 3477 1406 ea.
3509 1350 3618 1416 Qui
3637 1365 3922 1420 egressus

2269 1439 2331 1496 in
2359 1455 2671 1496 occursum
2691 1440 2923 1510 cognati
2957 1439 3070 1506 sui,
3099 1438 3394 1506 adoravit,
3414 1443 3470 1494 et
3495 1438 3805 1495 osculatus
3827 1442 3928 1494 est

2273 1543 2443 1584 eum:
2487 1527 3013 1601 salutaveruntque
3045 1543 3106 1582 se
3135 1533 3344 1583 mutuo
3375 1526 3575 1582 verbis
3624 1525 3923 1598 paciﬁcis.

2275 1617 2538 1688 Cumque
2565 1616 2882 1672 intrassent
2912 1615 3383 1681 tabernaculum,
3408 1613 3926 1686 narravitMoyses

2275 1711 2529 1774 cognato
2543 1722 2650 1761 suo
2672 1711 2886 1762 cuncta
2905 1721 3041 1777 quae
3059 1705 3276 1761 fecerat
3289 1704 3580 1761 Dominus
3598 1703 3926 1773 Pharaoni,

525 1803 796 1855 mentum
823 1799 884 1854 in
912 1797 1086 1864 libro,
1136 1805 1192 1854 et
1214 1798 1381 1856 trade
1417 1799 1666 1855 auribus
1706 1801 1882 1854 Josue
1915 1817 1928 1855 :
1957 1797 2168 1854 delebo
2194 1813 2239 1868 Β
2276 1799 2332 1850 et
2371 1794 2660 1865 {Egyptiis
2674 1799 2912 1865 propter
2939 1793 3114 1849 Israel
3142 1791 3926 1864 ;universumquelaborem

538 1887 698 1942 enim
735 1886 1091 1942 memoriam
1111 1887 1353 1943 Amalec
1393 1887 1506 1942 sub
1535 1885 2170 1957 caeloJEdiﬁcavitque

529 1977 757 2046 Moyses
784 1973 967 2031 altare
1007 1975 1254 2031 Domino
1291 1995 1302 2035 :
1335 1975 1634 2032 etvocavit
1661 1991 1882 2037 nomen
1907 1974 2171 2046 ejus,Do-

530 2062 731 2118 minus
755 2061 1031 2118 exaltatio
1069 2078 1226 2119 mea.

599 2151 887 2220 Hymnus.
919 2151 1074 2206 Deus
1093 2153 1324 2206 creator
1360 2151 1652 2207 omnium.
1675 2151 1794 2221 fol.
1849 2155 1968 2205 175.

603 2237 900 2306 Capitula.
931 2237 1010 2293 Sit
1040 2237 1318 2309 splendor
1331 2242 1487 2308 tuus,
1535 2239 1803 2305 Domine,
1826 2252 2005 2310 super
2023 2252 2167 2294 nos:

531 2329 590 2383 et
607 2329 944 2381 nostrarum
969 2340 1154 2397 opera
1177 2341 1470 2382 manuum
1482 2331 1550 2383 tu
1563 2326 1772 2397 dirige,
1797 2330 1860 2382 tu
1880 2327 2166 2382 concede:

529 2419 708 2486 atque
732 2413 794 2468 in
820 2428 1022 2468 servos
1062 2417 1194 2470 tuos
1214 2415 1505 2486 prapitius
1530 2415 1756 2487 respice
1791 2431 1806 2481 ;
1833 2418 1890 2470 et
1916 2413 2048 2470 luce
2069 2417 2172 2471 tua

528 2503 829 2560 bonorum
852 2503 915 2559 in
943 2519 1054 2561 nos
1081 2519 1332 2577 operum
1365 2505 1636 2576 germina
1657 2505 1858 2576 dirige.

601 2593 774 2648 Pater
787 2596 1006 2649 noster.
1040 2595 1105 2649 Et
1133 2608 1229 2650 ne.

600 2681 831 2739 Lauda.
868 2681 1139 2738 Retribue
1167 2697 1339 2738 servo
1372 2687 1495 2749 tuo,
1529 2681 1767 2739 vivam:
1799 2682 1865 2738 P.
1891 2684 1957 2739 Et
1979 2685 2173 2738 custo-

525 2764 716 2833 diam,
737 2764 1005 2836 Domine,
1037 2780 1352 2835 ,sermones
1376 2770 1534 2822 tuos.
1592 2765 1656 2826 γ.
1712 2765 1926 2822 Revela
1967 2765 2172 2821 oculos

529 2868 698 2910 meos
727 2871 741 2908 :
777 2853 1241 2910 etconsiderabo
1267 2853 1566 2910 mirabilia
1595 2853 1670 2909 de
1697 2854 1828 2924 lege
1854 2857 1973 2912 tua.
2007 2853 2071 2908 P.
2105 2855 2172 2909 Et

527 2941 878 2999 custodiam.
918 2940 978 3002 γ.
1005 2941 1216 2998 Gloria.
1250 2945 1310 3000 P.
1333 2945 1416 2999 Et.

595 3030 823 3088 Oratio.
855 3031 1245 3101 Concupiscat
1260 3031 1466 3088 anima
1485 3035 1712 3100 nostra,
1736 3028 2168 3096 Domine,desi-

523 3119 730 3212 derare
747 3117 1095 3212 judiciatua
1119 3118 1180 3174 in
1201 3119 1368 3174 omni
1410 3124 1678 3212 tempore
1708 3133 1719 3171 :
1754 3122 1810 3174 et
1837 3118 1952 3174 hoc
1992 3117 2167 3172 nobis
2202 3155 2242 3212 Ο

523 3206 717 3263 solum
745 3206 944 3276 vigeat
972 3205 1034 3261 in
1061 3221 1287 3272 amore,
1317 3206 1483 3278 quod
1505 3210 1729 3261 reterno
1747 3209 1848 3261 tuo
1874 3217 2167 3276 praepara

522 3299 617 3351 tur
643 3295 703 3350 in
724 3305 1085 3365 munerem
1122 3299 1332 3350 Amen.
1361 3297 1468 3349 Per
1493 3292 1986 3350 misericordiam.

1130 3381 1224 3438 Ad
1247 3383 1528 3438 Tertiam.

696 3469 1156 3527 Proverbiorum
1186 3469 1515 3526 Salomonis
1556 3469 1728 3539 (Cap.
1757 3467 1948 3537 xxvu).

590 3569 654 3628 ιν.
688 3561 807 3614 Deo
848 3557 1088 3627 gratias.

595 3645 713 3710 Fili,
747 3645 902 3704 sicut,
920 3644 1046 3700 avis
1072 3643 1505 3714 transmigrans
1547 3645 1621 3700 de
1643 3644 1777 3701 loco
1793 3660 1923 3710 suo,
1969 3644 2052 3700 sic
2079 3644 2165 3700 vir

520 3733 622 3806 qui
654 3731 1218 3803 derelinquitlocum
1232 3734 1745 3804 suum.Unguento
1765 3732 2012 3789 etvariis
2022 3731 2165 3789 odo-

519 3820 686 3876 ribus
709 3819 1034 3876 delectatur
1061 3835 1191 3875 cor:
1214 3824 1272 3876 et
1284 3820 1461 3877 bonis
1475 3821 1653 3878 amici
1682 3821 1940 3877 consiliis
1963 3821 2167 3876 anima

522 3907 888 3965 dulcoratur.
907 3906 1180 3964 Amicum
1210 3913 1380 3964 tuum
1406 3914 1463 3966 et
1489 3909 1752 3965 amicum
1784 3909 1970 3981 patris
1997 3908 2166 3966 tuine

521 3995 818 4052 dimiseris
845 3996 1019 4066 212
1051 3995 1114 4051 in
1153 3995 1248 4052 die
1273 3995 1611 4054 aﬁlictionis
1644 4001 1759 4053 tuas
1794 4013 1806 4051 :
1832 4001 1889 4054 et
1914 3997 2167 4054 domum

523 4083 721 4142 fratris
751 4083 834 4140 tui
854 4099 928 4140 ne
956 4083 1309 4154 ingrediaris
1337 4085 1399 4142 in
1427 4085 1523 4142 die
1549 4084 1884 4142 aﬁlictionis
1901 4087 2166 4143 tum.Me-

524 4172 636 4231 lior
663 4175 750 4230 est
779 4170 1014 4228 vicinus
1033 4172 1420 4245 juxta,quam
1447 4172 1627 4231 frater
1643 4173 2167 4245 procul.Studesa-

523 4260 831 4336 pientiam,
860 4258 945 4316 ﬁli
971 4261 1074 4323 mi,
1115 4265 1172 4317 et
1198 4259 1437 4318 letiﬁca
1463 4277 1566 4318 cor
1587 4277 1810 4332 meum,
1843 4265 1910 4318 ut
1973 4261 2166 4333 possis

524 4347 876 4421 exprobanti
901 4349 1262 4420 respondere
1289 4365 1646 4407 sermonem.
1680 4352 1922 4406 Astutus
1959 4350 2170 4406 videns

527 4435 778 4496 malum,
807 4435 1176 4492 absconditis
1200 4442 1287 4494 est
1320 4454 1334 4494 :
1369 4437 1983 4509 parvulitranseuntes
1997 4437 2172 4492 susti-

529 4522 1268 4597 nebuntdispendia.’l‘olle
1283 4495 1706 4582 vestimentum
1718 4524 1976 4596 ejus,qui
1990 4525 2173 4580 ﬁdem
2206 4495 2250 4550 θ

529 4611 671 4670 facit
689 4627 796 4683 pro
813 4616 1093 4669 extraneo
1117 4629 1129 4668 :
1157 4618 1213 4669 et
1245 4629 1356 4684 pro
1415 4612 1644 4677 alienis,
1665 4612 1833 4668 aufer
1859 4612 1910 4667 ei
1935 4611 2171 4683 pignus.

532 4700 643 4768 Qui
668 4699 972 4758 benedixit
997 4700 1274 4773 proximo
1298 4715 1408 4755 suo
1454 4716 1596 4756 voce
1625 4699 1856 4770 grandi,
1901 4699 1974 4755 de
2005 4704 2176 4756 nocte

531 4804 903 4860 consurgens
930 4787 1311 4846 maledicenti
1334 4788 1542 4844 similis
1577 4789 1701 4844 erit.
1745 4791 1984 4844 Ferrum
2023 4789 2175 4844 ferro

535 4877 788 4944 acuitur,
815 4881 873 4933 et
899 4877 1084 4936 homo
1104 4876 1564 4933 exacuittaciem
1577 4876 1877 4932 amicisui.
1907 4876 2175 4933 Infernus

535 4968 595 5020 et
621 4963 874 5035 perditio
895 4979 1232 5036 numquam
1249 4963 1553 5036 replentur
1574 4981 1586 5020 :
1641 4963 1908 5020 similiter
1929 4969 1988 5021 et
2023 4965 2178 5022 oculi

537 5052 852 5108 hominum
891 5068 1229 5125 numquam
1268 5054 1580 5111 satiantur.
1616 5055 1726 5110 Cor
1750 5053 1938 5126 iniqui
1977 5055 2179 5125 exqui-

538 5141 613 5196 rit
646 5140 826 5208 mala,
886 5156 987 5198 cor
1024 5146 1224 5198 autem
1255 5146 1482 5198 rectum
1511 5141 2177 5214 exquiritscientiamn.

539 5231 742 5286 Amen.

868 5317 1061 5374 Lectio
1106 5319 1243 5374 libri
1276 5319 1472 5375 Emdi
1485 5319 1650 5390 (Cap.
1669 5319 1858 5389 xviii).

611 5417 675 5474 ﬂ.
714 5405 834 5462 Deo
858 5406 1098 5476 gratias.

615 5497 680 5550 In
703 5492 816 5550 illis
836 5493 1049 5551 diebus
1073 5511 1085 5551 :
1103 5496 1253 5552 Cum
1265 5495 1532 5554 audisset
1550 5497 1578 5550 J
1588 5496 1752 5553 ethro
1779 5495 2058 5553 sacerdos
2072 5499 2182 5554 Ma-

543 5583 1005 5668 dian,cognatus
1016 5584 1573 5659 Moysi,omniaqua2
1586 5585 1966 5646 feceratDeus
1978 5587 2181 5658 Moysi,

2275 1882 2380 1954 qui
2405 1881 2809 1938 accidisseteis
2841 1882 2902 1937 in
2929 1881 3153 1948 itinere,
3185 1898 3308 1953 quo
3331 1881 3684 1937 liberaverat
3700 1895 3801 1936 eos
3815 1881 3925 1936 Do-

2276 1970 2492 2026 minus.
2537 1972 2910 2042 Laetatusque
2927 1975 3014 2025 est
3040 1971 3238 2026 Jethro
3269 1984 3450 2041 super
3475 1968 3920 2040 omnibus,quae

2276 2059 2494 2116 fecerat
2507 2060 2661 2113 Deus
2681 2057 2894 2125 Israeli,
2927 2074 2997 2113 eo
3022 2058 3185 2130 quod
3223 2058 3475 2113 eruisset
3490 2073 3629 2113 eum
3643 2056 3718 2112 de
3733 2071 3918 2114 manu

2276 2146 2706 2218 Egyptiorum,
2734 2151 2791 2202 et
2817 2146 2930 2202 ait:
2967 2145 3309 2201 Benedictus
3322 2145 3637 2211 Dominus,
3665 2145 3764 2216 qui
3778 2144 3920 2200 libe-

2275 2234 2431 2291 ravit
2454 2249 2564 2289 nos
2583 2234 2658 2290 de
2695 2249 2882 2290 manu
2921 2233 3351 2305 rEgyptiorum,
3373 2238 3430 2290 et
3451 2233 3525 2289 de
3566 2232 3924 2289 manuPha—

2276 2322 2499 2387 raonis,
2523 2322 2626 2393 qui
2655 2322 2803 2378 eruit
2824 2322 3116 2394 populum
3133 2338 3312 2379 suum
3335 2322 3410 2377 de
3444 2337 3634 2378 manu
3669 2319 3922 2393 Egypti.

2279 2413 2443 2467 Nunc
2473 2410 2898 2482 cognovi,quia
2919 2425 3176 2480 magnus
3193 2415 3280 2466 est
3301 2410 3592 2466 Dominus
3606 2425 3788 2482 super
3802 2424 3930 2465 om-

2277 2514 2384 2558 nes
2396 2498 2561 2554 deos:
2580 2514 2651 2554 eo
2667 2498 2828 2571 quod
2847 2499 3101 2571 superbe
3118 2498 3342 2569 egerint
3357 2502 3566 2556 contra
3578 2497 3934 2556 eos.0btulit

2278 2602 2420 2657 ergo
2449 2587 2644 2642 Jetbro
2690 2591 2980 2657 cognatus
3011 2587 3195 2660 Moysi
3223 2587 3577 2644 holocausta
3603 2591 3660 2644 et
3705 2586 3936 2643 hostias

2279 2675 2399 2731 Deo
2424 2693 2439 2734 ξ
2471 2679 2876 2747 veneruntque
2904 2675 3099 2731 Aaron
3120 2680 3176 2731 et
3204 2691 3418 2731 omnes
3442 2691 3614 2732 senes
3643 2674 3850 2741 Israel,
3875 2678 3934 2730 et

2277 2763 2666 2820 comederunt
2687 2777 2906 2834 panem
2928 2778 3068 2818 cum
3088 2779 3159 2818 eo
3189 2779 3394 2819 coram
3421 2763 3698 2821 Domino.
3725 2762 3926 2820 Altera

2277 2857 2479 2908 autem
2508 2851 2603 2907 die
2625 2851 2776 2907 sedit
2803 2854 3033 2922 Moyses
3058 2858 3122 2907 ut
3147 2850 3444 2923 judicaret
3482 2851 3794 2924 populum,
3819 2851 3929 2923 qui

2277 2939 2588 2996 assistebat
2606 2939 2792 3010 Moysi
2813 2939 2886 2994 de
2905 2955 3080 2994 mane
3103 2955 3291 3012 usque
3304 2940 3382 2996 ad
3406 2939 3928 3013 vesperum.Quod

2276 3043 2412 3083 cum
2441 3027 2688 3084 vidisset
2716 3032 3004 3096 cognatus
3025 3028 3225 3099 Moysi,
3261 3027 3470 3084 omnia
3511 3027 3732 3083 scilicet
3787 3043 3929 3100 quae

2275 3115 2570 3186 agebatin
2609 3114 2854 3187 populo,
2877 3114 2961 3170 ait
2986 3131 2997 3170 :
3021 3115 3173 3180 Quid
3194 3121 3283 3172 est
3319 3117 3434 3172 hoc
3465 3116 3633 3188 quod
3680 3115 3833 3172 facis
3865 3114 3932 3171 in

2271 3204 2444 3277 plebe
2459 3203 2606 3259 ?cur
2618 3202 2780 3258 solus
2793 3203 3049 3269 sedes,et
3067 3203 3262 3258 omnis
3275 3204 3536 3276 populus
3550 3204 3933 3276 praestolatur

2272 3291 2346 3348 de
2361 3307 2538 3348 mane
2555 3305 2743 3362 usque
2757 3291 2818 3345 in
2831 3306 3149 3362 vesperum
3170 3292 3198 3347 ‘?
3212 3292 3315 3346 Cui
3336 3292 3641 3364 respondit
3663 3295 3896 3363 Moyses
3911 3309 3929 3346 .-

2273 3379 2437 3435 Venit
2453 3378 2531 3435 ad
2552 3394 2646 3435 me
2675 3378 2936 3450 populus
2950 3395 3226 3451 quaerens
3239 3383 3598 3437 sententiam
3617 3379 3933 3437 Dei.Cum-

2272 3483 2389 3540 que
2421 3465 2700 3522 acciderit
2727 3466 2810 3520 eis
2839 3465 3042 3539 aliqua
3060 3467 3438 3540 disceptatio,
3468 3468 3935 3538 veniuntadme

2274 3558 2338 3612 ut
2361 3555 2624 3626 judicem
2663 3555 2810 3610 inter
2835 3571 2957 3626 eos,
2987 3560 3043 3612 et
3061 3556 3377 3612 ostendam
3399 3564 3700 3629 praecepta
3743 3556 3938 3622 Dei,et

2270 3643 2464 3713 legem
2479 3641 2624 3712 ejus.
2645 3645 2712 3698 Et
2726 3641 2821 3698 ille
2850 3661 2863 3699 :
2896 3645 3024 3699 Non
3047 3643 3296 3710 bonam,
3320 3645 3535 3717 inquit,
3581 3660 3711 3700 rem
3745 3644 3934 3700 facis:

2274 3730 2454 3788 stulto
2479 3729 2681 3786 labore
2710 3731 3077 3786 consumeris
3107 3735 3163 3787 et
3200 3736 3281 3796 tu,
3315 3737 3372 3788 et
3395 3732 3661 3805 populus
3695 3732 3808 3789 iste
3825 3733 3940 3806 qui

2273 3826 2468 3876 tecum
2488 3822 2608 3876 est:
2644 3817 2798 3875 ultra
2817 3819 2971 3874 vires
2995 3824 3129 3874 tuas
3153 3825 3241 3876 est
3263 3820 3939 3890 negotium,solusillud

2273 3924 2395 3964 non
2419 3907 2640 3980 poteris
2665 3909 2982 3964 sustinere.
3029 3908 3141 3964 Sed
3178 3908 3321 3964 audi
3351 3909 3534 3966 verba
3565 3926 3705 3968 mea
3744 3915 3939 3983 atque

2275 3995 3095 4063 consilium,eteritDominus
3109 4001 3322 4052 tecum.
3342 3999 3478 4053 Esto
3520 4003 3584 4054 tu
3615 3999 3845 4071 populo
3867 4000 3936 4055 in

2275 4085 2364 4141 bis
2378 4101 2514 4157 quas
2526 4084 2604 4140 ad
2623 4085 2808 4139 Deum
2827 4085 3135 4156 pertinent,
3152 4090 3216 4141 ut
3227 4085 3451 4141 referas
3479 4103 3616 4158 quae
3638 4087 3937 4144 dicuntur

2279 4174 2356 4229 ad
2381 4188 2551 4229 eum:
2585 4172 2986 4244 ostendasque
3016 4173 3236 4245 populo
3269 4175 3629 4231 cerimonias
3666 4177 3938 4235 etritum

2279 4261 2530 4326 colendi,
2554 4262 2828 4332 viamque
2850 4277 3149 4334 perquam
3166 4263 3397 4332 ingredi
3416 4263 3938 4338 debeant,etopus

2279 4349 2445 4421 quod
2467 4347 2663 4405 facere
2687 4347 2964 4406 debeant.
2996 4351 3243 4406 Provide
3255 4356 3457 4407 autem
3470 4351 3544 4408 de
3575 4355 3744 4409 omni
3757 4353 3940 4425 plebe

2281 4437 2438 4493 viros
2467 4442 2756 4509 potentes,
2791 4442 2847 4492 et
2876 4438 3147 4494 timentes
3161 4440 3668 4512 Deum,inquibus
3693 4443 3948 4500 sitveri-

2282 4531 2392 4590 tas,
2423 4531 2481 4581 et
2508 4525 2612 4596 qui
2637 4526 2892 4582 oderunt
2924 4527 3254 4594 avaritiam,
3309 4536 3364 4584 et
3401 4529 3696 4586 constitue
3723 4546 3796 4586 ex
3848 4532 3947 4588 eis

2281 4615 2571 4684 tribunos,
2587 4621 2642 4669 et
2673 4616 3065 4679 centuriones,
3082 4622 3136 4672 et
3179 4618 3815 4690 quinquagenarios,et
3831 4620 3948 4676 de-

2284 4701 2616 4773 canos,quij
2629 4702 3152 4773 udicentpopulum
3165 4705 3635 4776 omnitempore:
3655 4708 3943 4779 quicquid

2287 4797 2483 4849 autem
2512 4792 2707 4862 majus
2734 4791 2924 4860 fuerit,
2949 4792 3206 4850 referant
3233 4793 3311 4848 ad
3341 4799 3413 4860 te,
3457 4800 3513 4850 et
3537 4796 3648 4867 ipsi
3697 4797 3948 4855 minora

2284 4879 2976 4950 tantummodojudicent
3003 4896 3016 4934 :
3048 4879 3358 4954 leviusque
3375 4882 3453 4938 sit
3484 4883 3607 4949 tibi,
3641 4886 3858 4956 partito
3877 4887 3948 4944 in

2284 4969 2690 5026 alioslionore.
2720 4968 2776 5024 Si
2796 4969 2909 5024 hoc
2924 4967 3150 5036 feceris,
3168 4969 3443 5041 implebis
3469 4971 3792 5043 imperium
3826 4975 3919 5032 Do
3936 5006 3956 5018 -

2286 5058 2448 5123 mini,
2483 5061 2850 5129 etpruacepta
2879 5058 3006 5127 ejus
3039 5059 3259 5129 poteris
3291 5065 3619 5116 sustentare
3641 5079 3654 5129 ;
3679 5066 3737 5116 et
3765 5065 3948 5120 omni

2287 5148 2377 5202 hic
2407 5144 2996 5217 populusrevertctur
3012 5162 3146 5200 cum
3167 5162 3312 5217 pace
3331 5146 3408 5200 ad
3425 5147 3554 5202 loca
3567 5151 3952 5214 sua.Quibus

2288 5234 2526 5296 auditis,
2549 5235 2778 5305 Moyses
2809 5233 2944 5288 fecit
2974 5234 3180 5290 omnia
3200 5250 3335 5306 quas
3388 5234 3483 5290 ille
3505 5238 3834 5308 suggessit.
3876 5243 3950 5297 Et

2289 5320 2638 5379 electisviris
2661 5322 2910 5376 strenuis
2927 5321 3000 5377 de
3021 5327 3233 5378 cuncto
3267 5323 3470 5391 Israel,
3486 5324 3801 5382 constituit
3831 5342 3946 5383 eos

2290 5408 2590 5483 principes
2615 5424 2792 5481 super
2822 5409 3015 5476 Israel,
3039 5409 3331 5474 tribunos,
3356 5414 3412 5464 et
3436 5411 3843 5481 centuriones,
3891 5421 3954 5471 et

2291 5497 3323 5570 quinquagenarios,etdecanos.Qui
3348 5497 3702 5566 judicabant
3715 5500 3950 5572 plebem

2293 5586 2527 5660 Domini
2540 5587 2706 5652 omni
2726 5590 2980 5660 tempore
3000 5603 3013 5643 :
3029 5585 3319 5666 quicquid
3342 5591 3544 5666 autem
3557 5590 3801 5661 gravius
3817 5599 3957 5664 erat

2067 6397 2315 6416 ,._.___..
