4192 6412
250 343 360 400 377

1434 336 1783 395 DOMINICA
1822 334 1871 392 II
1911 333 2526 403 QUADRAGESIMlE.

3564 343 3673 399 378

245 465 590 525 referebant
615 463 697 522 ad
731 463 1163 535 eum,faciliora
1190 464 1611 521 tantummodo
1638 461 1907 535 judican-
1937 462 1983 516 A
2014 460 2205 534 pietas
2227 462 2537 537 impiinon
2562 462 2800 520 nocebit
2822 463 2895 533 ei,
2918 463 2980 519 in
3008 479 3393 539 quacumque
3417 465 3509 524 die
3530 482 3673 526 con-

245 561 355 613 tes.
393 553 740 625 Dimisitque
772 556 1095 624 cognatum
1115 569 1321 611 suum:
1347 553 1450 625 qui
1465 568 1736 608 reversus
1763 552 1908 608 abiit

245 644 309 700 in
341 644 595 699 domum
618 657 818 697 suam.
852 653 916 711 8;.
942 645 1151 699 Amen.

320 731 668 801 Antiphona
704 736 750 786 l.
776 730 1121 794 Misericors,
1153 734 1209 787 et
1252 730 1581 793 miserator,
1634 732 1689 785 et
1712 730 1907 799 justus

250 822 568 879 Dominus.
601 820 900 889 Benignus
930 820 1135 888 homo,
1160 820 1268 893 qui
1286 820 1614 877 miseretur.
1633 819 1907 875 Psalmus

252 927 366 969 CXI.

330 1000 561 1056 Oratio.
592 996 921 1053 Misericors
951 997 1199 1054 Domine
1230 1002 1287 1054 et
1304 999 1483 1069 juste,
1505 998 1598 1055 fac
1617 1012 1729 1054 nos
1759 1012 1909 1052 sem-

253 1105 362 1162 per
388 1104 521 1145 esse
544 1086 961 1144 misericordes
988 1087 1764 1157 ;etcommoditatijalternse
1786 1090 1911 1143 tota

250 1177 469 1234 adesse
492 1176 768 1234 facilitate
790 1192 801 1231 :
820 1191 927 1232 nec
944 1175 1022 1232 ob
1049 1176 1258 1232 auditu
1277 1176 1437 1232 malo
1456 1175 1772 1246 nos,dumj
1786 1173 1910 1229 udi-

252 1265 509 1333 caveris,
542 1268 763 1323 terreas
788 1283 801 1332 ;
834 1265 939 1319 sed
958 1269 1124 1321 tuam
1150 1265 1228 1321 ad
1247 1265 1549 1321 dexteram
1573 1263 1909 1335 glorifican-

251 1356 365 1411 dos
396 1359 646 1411 statuas.
669 1365 730 1424 Βι.
760 1356 970 1409 Amen.

320 1447 428 1499 Per
463 1441 941 1498 misericordiam
964 1446 1127 1498 tuam
1142 1482 1155 1496 .

319 1531 667 1601 Antiphona
704 1534 761 1585 2.
802 1531 929 1602 Ego
960 1529 1234 1599 cognovi,
1276 1544 1460 1601 quam
1514 1543 1773 1600 magnus
1818 1532 1910 1585 est

249 1621 430 1691 213
468 1619 777 1683 Dominus,
799 1622 857 1674 et
882 1621 1036 1675 Deus
1065 1622 1267 1675 noster
1294 1633 1417 1689 prae
1465 1616 1751 1673 omnibus
1773 1616 1905 1672 diis.

248 1708 530 1764 Psalmus
552 1722 783 1763 cxxxrv.

2013 567 2219 607 versus
2244 552 2415 608 fuerit
2442 552 2519 608 ab
2548 552 2857 624 iniquitate
2879 568 3021 619 sua;
3055 558 3110 609 et
3129 555 3324 625 justus
3353 572 3475 612 non
3501 562 3669 629 pote-

2014 639 2090 695 rit
2116 641 2308 696 vivere
2333 641 2392 695 in
2400 641 2421 710 j
2434 641 2629 696 ustitia
2648 656 2776 706 sua,
2802 641 2862 696 in
2875 656 3258 713 quacumque
3279 643 3373 698 die
3388 660 3669 713 peccave-

2014 727 2115 785 rit.
2158 727 2348 784 Etiam
2379 728 2427 783 si
2456 729 2658 785 dixero
2680 730 2841 799 justo
2857 730 3023 803 quod
3052 730 3195 786 vitat
3224 732 3463 797 vivat,et
3489 734 3672 791 confi-

2017 833 2117 871 sus
2146 817 2206 872 in
2232 818 2464 888 justitia
2488 835 2599 875 sua
2620 819 2820 875 fecerit
2842 820 3243 893 iniquitatem:
3280 836 3490 877 omnes
3500 822 3671 892 justi-

2015 905 2109 963 tiee
2125 906 2174 976 ej
2187 923 2255 961 us
2272 907 2557 963 oblivioni
2584 908 2911 975 tradentur,
2927 912 2984 963 et
3011 908 3322 981 iniquitate
3346 925 3669 982 sua,quam

2016 998 2297 1065 operatus
2337 999 2444 1062 est,
2488 996 2550 1051 in
2587 996 2720 1068 ipsa
2773 996 3075 1053 morietur.
3132 997 3189 1054 Si
3237 1000 3440 1054 autem
3466 998 3672 1056 dixero

2017 1081 2239 1156 impio:
2294 1086 2471 1140 Morte
2514 1085 2818 1142 morieris:
2857 1089 2913 1141 et
2955 1086 3139 1155 egerit
3172 1087 3585 1157 paenitentiam
3631 1104 3668 1145 a

2017 1176 2264 1243 peccato
2296 1188 2425 1237 suo,
2450 1172 2769 1246 feceritque
2819 1172 3116 1243 judicium
3144 1177 3200 1231 et
3237 1174 3554 1245 justitiam,
3586 1177 3672 1249 pi-

2018 1273 2172 1328 gnus
2195 1261 2509 1317 restituerit
2526 1261 2621 1316 ille
2646 1262 3293 1334 impius,rapinamque
3322 1263 3667 1333 reddiderit,

2016 1347 2078 1403 in
2118 1349 2417 1405 mandatis
2442 1350 2577 1407 vites
2627 1349 3043 1421 ambulaverit,
3096 1366 3206 1406 nec
3258 1351 3459 1409 fecerit
3507 1353 3671 1425 quic-

2017 1452 2201 1508 quam
2220 1437 2546 1508 injustum:
2603 1440 2723 1495 vita
2753 1440 2931 1509 vivet,
2971 1444 3027 1495 et
3076 1455 3200 1496 non
3235 1441 3537 1499 morietur.
3580 1442 3674 1499 Ait

2018 1526 2293 1582 Dominus
2320 1528 2472 1583 Deus
2503 1529 2906 1601 omnipotens.
2938 1540 3001 1601 ﬁ.
3045 1534 3242 1587 Amen.

2089 1614 2437 1684 Antiphona
2462 1620 2514 1673 1.
2558 1617 2667 1683 Qui
2697 1617 2870 1687 erigit
2899 1617 3075 1675 elisos
3108 1638 3120 1675 :
3153 1619 3441 1675 Dominus
3486 1620 3675 1678 solvet

2019 1704 2411 1776 compeditos.
2468 1706 2754 1761 Dominus
2782 1706 3079 1765 illuminat
3115 1724 3325 1776 caseos,
3388 1710 3671 1766 Dominus

320 1796 554 1852 Oratio.
593 1794 864 1859 Domine,
887 1794 991 1867 qui
1022 1793 1281 1849 educens
1315 1792 1507 1850 nubes
1534 1792 1611 1849 ab
1644 1796 1909 1848 extremo
1942 1808 1986 1864 Β
2018 1790 2210 1861 diligit
2225 1793 2445 1863 justos.
2472 1794 2742 1850 Psalmus
2772 1810 2941 1851 cxcv.

244 1884 661 1951 terraa,orbem
681 1883 1024 1938 universum
1044 1882 1262 1939 sanctis
1279 1882 1515 1954 replesti
1528 1880 1873 1937 doctoribus
1893 1899 1905 1949 ;

251 1974 491 2044 fulgura
521 1972 583 2027 in
612 1970 880 2043 pluviam
906 1974 1183 2027 converte
1212 1970 1576 2040 misericors;
1604 1974 1665 2025 ut
1690 1984 1909 2041 praece-

249 2062 370 2136 ptis
408 2061 550 2126 tuis,
586 2060 809 2132 quibus
852 2058 1114 2116 famulos
1156 2063 1311 2121 tuos,
1358 2059 1642 2129 corrigas,
1693 2062 1904 2114 terres:

248 2148 665 2208 benedicendo
694 2148 960 2205 reﬁcias:
994 2153 1216 2221 tuaque
1256 2147 1513 2221 repletos
1556 2146 1749 2219 gratia
1769 2147 1910 2202 ube-

246 2240 376 2296 rius
400 2237 751 2295 benedicas.
779 2250 844 2307 Βι.
864 2238 1073 2293 Amen.

313 2331 427 2387 Per
457 2327 933 2384 misericordiam
952 2328 1106 2381 Deus
1136 2329 1358 2382 noster.

313 2417 673 2487 Antiphona
688 2415 1101 2473 3.Conﬁtemini
1114 2413 1664 2487 Domino,quoniam
1675 2414 1903 2470 bonus:

238 2507 504 2580 quoniam
516 2505 571 2559 in
585 2504 847 2560 saeculum
862 2503 1239 2559 misericordia
1250 2503 1296 2574 ej
1306 2504 1669 2560 us.Psalmus
1681 2520 1903 2559 cxxxv1.

310 2607 377 2667 ﬁ.
425 2593 822 2652 Peccavimus
852 2592 961 2649 tibi
980 2594 1135 2647 Deus
1160 2609 1174 2647 :
1204 2592 1295 2649 fac
1326 2591 1903 2648 misericordiam.P.

238 2686 309 2743 Et
337 2687 668 2756 antequam
698 2697 1017 2754 pereamus
1037 2681 1243 2737 liberet
1270 2696 1382 2736 nos
1416 2695 1635 2736 manus
1682 2684 1803 2736 tua.
1842 2680 1904 2741 tr.

241 2775 443 2840 Quare
463 2772 526 2827 in
546 2774 904 2843 perpetuum
937 2770 1303 2826 Oblivisceris
1332 2768 1907 2841 nostri,derelinquis

238 2878 356 2919 nos
382 2862 444 2917 in
471 2859 914 2930 longitudinem
946 2859 1200 2915 dierum.
1236 2860 1305 2915 P.
1341 2860 1407 2913 Et
1429 2862 1777 2929 antequam.

316 2951 546 3007 Preces.
562 2948 993 3019 Indulgentiam
1015 2946 1902 3019 postulamus,Christe,exaudi.

244 3042 318 3100 P.
368 3039 627 3107 Placare,
654 3042 711 3094 et
738 3037 1041 3094 miserere.
1074 3036 1134 3096 ἣν.
1164 3038 1191 3091 J
1202 3052 1307 3092 esu
1332 3035 1631 3106 unigenite
1663 3036 1761 3091 Dei
1806 3038 1905 3092 Pa-

248 3129 356 3186 tris
387 3128 567 3184 Filius
593 3145 605 3193 ;
635 3128 741 3201 qui
779 3128 1177 3184 esimmensae
1207 3124 1797 3194 bonitatis,Domine.
1828 3126 1904 3184 P.

248 3218 507 3277 Placare.
523 3216 864 3277 V.Cunctite
881 3216 1202 3288 gemitibus
1220 3215 1902 3285 exorantes,poscimus;

250 3307 569 3378 cunctique
592 3305 770 3362 simul
798 3306 1205 3378 deprecantes,
1245 3320 1614 3377 quzesumus.
1666 3306 1745 3361 P.
1778 3304 1903 3360 Pla-

251 3410 409 3453 care.
430 3394 495 3456 ἡ.
523 3395 646 3450 Tua
669 3395 798 3465 jam
828 3394 1141 3451 clementia
1190 3393 1348 3451 mala
1387 3397 1596 3451 nostra
1625 3398 1863 3465 superet
1888 3413 1899 3452 :

248 3488 354 3544 tuo
379 3485 509 3555 jam
531 3498 743 3540 sereno
771 3483 938 3540 vultu
959 3485 1021 3539 in
1048 3498 1161 3539 nos
1191 3482 1439 3555 respice.
1477 3484 1552 3539 P.
1570 3482 1901 3543 PlacareJlt.

244 3572 680 3632 Remissionem
693 3573 966 3629 omnium
985 3576 1367 3644 peccatorum
1380 3587 1733 3644 quaesumus
1769 3588 1781 3627 :
1818 3571 1902 3627 in-

244 3662 448 3732 dulge,
482 3677 853 3733 quaesumus,
900 3660 1182 3726 clemens,
1218 3662 1378 3720 mala
1407 3676 1542 3731 qum
1573 3659 1902 3718 commissi-

245 3767 387 3807 mus
418 3751 483 3804 P.
516 3749 775 3812 Placare,
799 3755 856 3804 et
889 3750 1190 3805 miserere.

324 3839 627 3905 Hymnus.
662 3838 706 3891 0
728 3839 1046 3902 Nazarene,
1072 3836 1194 3890 lux.
1226 3837 1435 3903 Quaere
1451 3838 1564 3905 fol.
1599 3839 1724 3892 144.

327 3923 617 3991 Capitula.
660 3922 807 3991 Tibi,
843 3923 1107 3986 Domine,
1162 3923 1536 3986 conﬁtemur,
1577 3923 1685 3993 qui
1725 3923 1907 3978 caelos

244 4010 743 4070 intellectufecisti
765 4027 778 4077 ;
801 4014 858 4065 et
878 4010 1140 4066 eruditos
1160 4010 1454 4066 sublimas
1467 4011 1785 4080 sapientia:
1804 4012 1907 4082 qui

244 4099 517 4159 fundasti
548 4105 766 4155 terram
793 4114 972 4170 super
1008 4115 1273 4171 aquam;
1309 4104 1364 4154 et
1386 4114 1571 4170 supra
1620 4099 1907 4155 saeculum

241 4187 429 4247 labile
469 4188 703 4243 erexisti
737 4187 1057 4244 Ecclesiam
1092 4195 1259 4244 tuam
1280 4206 1294 4256 ;
1330 4186 1442 4251 fac,
1480 4192 1541 4241 ut
1571 4202 1682 4241 nos
1722 4186 1908 4243 ﬂuida

248 4276 468 4334 mundi
498 4275 930 4332 delectamenta
958 4292 1078 4331 non
1109 4276 1386 4345 obruant,
1418 4275 1522 4332 sed
1546 4275 1785 4331 virtutes
1817 4292 1909 4331 ac-

248 4369 436 4437 ceptas
463 4365 537 4420 ad
564 4379 825 4436 superna
853 4364 1186 4421 sustollant.

324 4457 499 4511 Pater
520 4458 737 4510 noster.
764 4456 830 4511 Et
858 4454 931 4509 de
959 4469 1089 4510 nos.

887 4544 985 4599 Ad.
1022 4545 1289 4599 Sectam.

322 4631 511 4687 Lectio
543 4632 679 4687 libri
703 4631 1029 4689 Ezechietz's
1059 4631 1577 4703 Prophetce(0ap.
1616 4632 1836 4701 xxxm).

324 4732 395 4789 Βι.
440 4721 559 4776 Deo
593 4721 838 4790 gratias.

326 4811 535 4865 Factus
561 4814 652 4865 est
715 4825 912 4865 sermo
968 4809 1201 4865 Domini
1248 4808 1326 4864 ad
1361 4825 1474 4873 me,
1520 4808 1752 4864 dicens:
1806 4809 1910 4864 Fiii

244 4897 512 4956 hominis
541 4897 636 4953 dic
652 4897 731 4953 ad
761 4897 1013 4953 domum
1037 4896 1247 4952 Israel:
1295 4896 1386 4952 Sic
1420 4896 1602 4952 locuti
1636 4896 1795 4962 estis,
1825 4896 1911 4952 di-

252 4990 455 5044 centes
479 5004 492 5042 :
521 4987 861 5059 iniquitates
888 4990 1127 5050 nostrae,
1160 4990 1215 5041 et
1240 4989 1481 5056 peccata
1509 4989 1713 5041 nostra
1733 5000 1913 5057 super

254 5092 367 5132 nos
384 5079 539 5141 sunt,
571 5080 627 5130 et
655 5074 717 5129 in
742 5073 887 5147 ipsis
918 5073 1306 5129 tabescimus:
1328 5072 1637 5145 quomodo
1665 5088 1807 5143 ergo
1828 5074 1911 5129 vi-

252 5178 394 5221 vere
421 5163 808 5236 posterimus?
834 5162 935 5217 Dic
950 5162 1027 5218 ad
1056 5177 1190 5218 eos:
1226 5162 1375 5218 Vivo
1407 5162 1687 5232 ego,dicit
1713 5162 1909 5217 Domi-

258 5269 410 5309 nus:
440 5251 581 5309 nolo
601 5251 1058 5323 mortemimpii,
1082 5250 1185 5305 sed
1208 5255 1270 5306 ut
1289 5251 1849 5322 revertaturimpius
1875 5268 1911 5308 δ.

258 5341 359 5398 via
388 5357 515 5407 sua,
545 5346 603 5397 et
628 5341 807 5397 vivat.
842 5339 1267 5397 Convertimini
1293 5356 1330 5397 a
1358 5339 1472 5395 viis
1493 5340 1707 5396 vestris
1727 5336 1913 5412 pessi-

262 5430 415 5487 mis:
448 5434 507 5487 et
529 5445 716 5503 quare
731 5428 1058 5485 moriemini
1092 5428 1313 5485 domus
1338 5428 1552 5486 Israel?
1580 5432 1664 5485 Tu
1714 5429 1912 5501 itaque

262 5518 352 5575 ﬁli
380 5518 644 5576 hominis
654 5518 749 5575 dic
760 5518 837 5576 ad
853 5518 1005 5575 ﬁlios
1018 5518 1226 5590 populi
1242 5518 1324 5575 tui
1347 5535 1359 5574 :
1382 5519 1646 5591 Justitiaj
1658 5518 1769 5575 usti
1788 5533 1912 5574 non

252 5608 532 5691 liberabit
556 5624 696 5673 eum
726 5608 790 5687 in
818 5622 1213 5689 quacumque
1239 5606 1337 5664 die
1357 5608 1713 5686 peccaverit:
1731 5612 1788 5671 et
1805 5608 1911 5673 im-

2092 1880 2318 1938 Oratio.
2342 1882 2613 1951 Domine,
2652 1883 2757 1955 qui
2785 1884 2960 1954 erigis
3000 1883 3196 1949 elisos,
3223 1888 3279 1942 et
3309 1884 3670 1943 solviscom-

2017 1968 2268 2039 peditos,
2295 1974 2473 2042 atque
2503 1970 2808 2026 illuminas
2850 1987 3040 2027 caecos
3066 1993 3079 2028 :
3103 1988 3214 2028 nos
3233 1988 3475 2046 quoque
3501 1974 3662 2044 erige

2018 2071 2157 2111 cum
2198 2056 2407 2129 lapsus
2446 2058 2768 2124 inclinant;
2803 2062 2860 2115 et
2888 2059 3072 2125 solve,
3124 2076 3261 2115 cum
3277 2066 3526 2132 peccata
3567 2062 3672 2118 cir-

2018 2144 2349 2215 cumligant
2371 2163 2384 2202 :
2416 2152 2595 2219 atque
2616 2146 3054 2218 illumina,cum
3074 2163 3185 2204 nos
3213 2148 3565 2219 ignorantia:
3579 2166 3675 2207 ca-

2016 2231 2137 2302 ligo
2163 2233 2536 2302 circumdat;
2595 2239 2658 2291 ut
2690 2236 2883 2293 anima
2923 2240 3123 2293 nostra
3173 2240 3227 2292 te
3275 2253 3510 2310 semper
3550 2238 3673 2295 lau-

2017 2328 2135 2392 det:
2170 2331 2227 2384 et
2250 2325 2373 2381 vita
2401 2328 2608 2380 nostra
2630 2323 2794 2380 ﬁdeli
2836 2324 3147 2381 devotione
3193 2325 3267 2381 sit
3313 2326 3584 2383 humilis:
3616 2332 3671 2383 et

2017 2416 2162 2490 quia
2182 2415 2264 2472 tui
2288 2413 2556 2470 muneris
2583 2417 2669 2469 est
2698 2413 2865 2486 quod
2882 2414 3228 2485 sumus,tibi
3252 2414 3469 2473 serviat
3491 2430 3669 2473 omne

2017 2504 2183 2579 quod
2218 2502 2498 2560 vivimus.
2528 2513 2594 2570 Βι.
2618 2502 2827 2557 Amen.

2091 2597 2214 2649 Per.

2086 2680 2424 2752 Antiphone
2447 2683 2500 2735 2.
2534 2678 2643 2744 Qui
2663 2682 2835 2735 sanat
2856 2681 3142 2737 contritos
3166 2681 3364 2751 corde,
3387 2684 3442 2738 et
3470 2681 3673 2753 alligat

2016 2770 2402 2827 contritiones
2432 2782 2662 2824 eorum.
2707 2770 2951 2837 Magnus
3001 2769 3311 2833 Dominus,
3338 2775 3394 2828 et
3442 2786 3668 2842 magna

2012 2860 2198 2915 virtus
2226 2857 2380 2927 ejus.
2404 2856 2679 2911 Psalmus
2711 2870 2897 2911 CXLVI.

2087 2946 2311 3002 Oratio.
2341 2947 2514 3011 Deus,
2552 2943 2657 3015 qui
2704 2947 2879 3000 sanat
2905 2944 3192 3001 contritos
3226 2944 3444 3010 corde;
3478 2945 3668 3018 plagas

2012 3039 2230 3093 nostras
2256 3032 2553 3089 medelam
2584 3032 2866 3104 impende
2891 3050 2904 3099 ;
2928 3036 2985 3089 et
3007 3034 3113 3105 qui
3139 3033 3443 3091 stellarum
3465 3050 3673 3090 nume-

2010 3140 2111 3184 ras
2137 3120 2535 3179 multudinem
2558 3137 2577 3189 ;
2600 3136 2710 3176 nos
2749 3120 2827 3176 ad
2866 3121 3052 3177 vitam
3097 3122 3533 3194 praedestinatis
3563 3123 3671 3179 ad-

2009 3216 2194 3287 junge
2224 3216 2289 3267 ut
2314 3210 2760 3282 beneplacitum
2802 3210 2907 3266 tibi
2939 3211 3012 3266 sit
3058 3211 3120 3266 in
3144 3211 3359 3284 nobis;
3386 3215 3442 3269 et
3491 3213 3553 3268 in
3580 3228 3674 3268 sa-

2010 3303 2133 3359 lute
2160 3317 2270 3357 nos
2301 3305 2523 3356 aeterna
2547 3299 2765 3369 jubess
2786 3298 3051 3357 exaltari.
3072 3311 3136 3371 BI.

2089 3393 2213 3446 Per.

2084 3480 2437 3550 Antz'phona
2484 3481 2536 3534 3.
2591 3476 2756 3534 Oculi
2804 3478 2989 3535 nostri
3018 3478 3097 3536 ad
3144 3479 3463 3536 Dominum
3485 3481 3674 3537 Deum

2011 3576 2309 3639 nostrum,
2332 3569 2523 3625 donec
2534 3567 2885 3625 misereatur
2899 3568 3100 3626 nobis.
3127 3569 3401 3626 Psalmus
3425 3587 3599 3626 cxxu.

2087 3672 2148 3731 ἢ.
2179 3659 2473 3723 Miserere,
2507 3655 2651 3728 quia
2676 3657 2831 3712 Deus
2862 3672 2945 3713 es.
3011 3655 3074 3712 P.
3134 3657 3458 3714 Misericors
3492 3658 3670 3715 mise-

2011 3764 2160 3819 rere,
2187 3747 2332 3820 quia
2360 3744 2749 3818 peccavimus
2775 3745 2899 3801 tibi.
2924 3745 2992 3806 ἵ.
3027 3746 3117 3802 Ad
3154 3751 3208 3803 te
3233 3747 3505 3804 levamus
3537 3764 3675 3804 ocu-

2012 3837 2102 3893 los
2118 3832 2712 3905 nostros,quihabitas
2724 3833 2781 3888 in
2794 3833 3373 3891 coelis.P.Misericors
3385 3835 3674 3891 miserere.

2086 3924 2307 3979 Preces.
2341 3920 2657 3977 Subveniat
2681 3921 2882 3987 nobis,
2940 3922 3212 3986 Domine,
3245 3923 3667 3980 misericordia.

2016 4017 2143 4069 tua.
2179 4008 2639 4068 P.Velociter.v.
2668 4008 2891 4080 lnclyte
2929 4013 3105 4075 Deus,
3156 4013 3391 4081 patiens
3447 4013 3669 4068 clamo-

2015 4116 2143 4157 rem
2183 4102 2454 4155 nostrum
2483 4097 2767 4166 intellige.
2796 4099 2859 4152 P.
2882 4098 3186 4153 Velociter.
3204 4099 3267 4159 v.
3289 4102 3511 4156 Nostris
3532 4102 3678 4156 ade-

2019 4194 2109 4245 sto
2138 4188 2437 4261 precibus,
2464 4190 2521 4241 et
2540 4186 2702 4241 dona
2726 4186 2923 4251 nobis,
2948 4202 3084 4258 quae
3107 4188 3388 4260 petimus.
3415 4189 3476 4243 P.
3511 4190 3676 4246 Velo-

2018 4280 2176 4334 citer.
2203 4276 2262 4338 ἵ.
2287 4279 2409 4331 Tua
2430 4289 2560 4339 nos,
2594 4276 2777 4333 Pater.
2804 4274 3049 4331 dextera
3099 4291 3136 4332 a
3173 4276 3348 4333 malis
3391 4278 3674 4335 omnibus

2015 4366 2224 4422 libera.
2260 4367 2318 4420 P.
2350 4362 2652 4419 Velociter.
2677 4362 2739 4421 )7.
2769 4362 3093 4420 Humilium
3137 4380 3366 4437 preces,
3397 4367 3666 4435 Domine,

2020 4454 2198 4526 214
2232 4451 2509 4521 benignis
2560 4451 2807 4507 auribus
2838 4452 3098 4524 percipe.
3143 4456 3209 4509 P.
3275 4454 3577 4512 Velociter.
3610 4455 3672 4516 ἡ.

1942 4531 1984 4585 Ι)
2016 4544 2302 4611 Absterge
2329 4556 2365 4596 a
2390 4540 2607 4595 nostris
2635 4540 2912 4596 sensibus
2942 4540 3133 4597 zelum
3154 4544 3397 4614 peccati,
3428 4548 3486 4600 et
3525 4543 3668 4599 odii.

2019 4636 2077 4688 P.
2113 4629 2418 4687 Velociter.
2448 4628 2508 4687 v.
2543 4628 2787 4685 Remitte
2818 4630 3025 4685 omnia
3046 4632 3411 4699 discrimina,
3434 4648 3665 4705 nosque

2019 4721 2292 4794 placatus
2315 4717 2594 4789 justitica.
2638 4718 2704 4771 P-
2756 4718 3053 4775 Velociter.
3096 4720 3158 4781 Ψ.
3210 4720 3450 4775 Intende
3509 4720 3671 4776 beni-

2021 4823 2195 4878 gnus,
2246 4806 2541 4877 supplices
2571 4806 2828 4875 gemitus
2881 4808 3154 4863 omnium
3187 4807 3445 4880 suscipe.
3490 4811 3674 4865 P.Ve-

2020 4896 2241 4953 lociter.
2302 4894 2361 4953 ἵ.
2411 4896 2557 4949 Cum
2586 4894 2819 4950 veneris
2846 4895 3033 4964 judex
3075 4896 3367 4963 omnium,
3401 4896 3673 4971 redemp-

2019 4983 2094 5040 tis
2132 4988 2257 5039 esto
2289 4981 2663 5052 suﬂ‘ragium.
2689 4986 2747 5038 P.
2789 4983 3092 5041 Velociter.

2089 5073 2390 5143 Hymnus.
2424 5072 2467 5127 Ο
2510 5074 2826 5139 Nazarene,
2850 5071 2970 5127 lux.
2997 5074 3101 5143 fol.
3127 5076 3242 5129 144.

2092 5161 2401 5231 Capitula.
2426 5160 2590 5215 Sicut
2614 5161 2801 5216 occuli
2834 5178 3137 5219 servorum
3161 5164 3223 5219 in
3252 5164 3539 5221 manibus
3562 5166 3675 5221 Do-

2018 5250 2324 5307 minorum
2346 5265 2598 5306 suorum
2629 5255 2791 5306 sunt:
2828 5251 2911 5307 ita
2948 5253 3134 5308 nostri
3163 5254 3241 5309 ad
3268 5258 3339 5316 te,
3375 5253 3624 5310 Domine
3660 5270 3673 5307 :

2019 5354 2339 5412 quousque
2361 5342 2420 5394 et
2443 5340 2831 5411 peccantibus
2866 5355 3091 5397 noxam
3128 5342 3415 5407 dimittas,
3476 5346 3533 5396 et
3569 5356 3671 5396 va-

2018 5426 2359 5500 pulantium
2387 5427 2595 5499 plagas
2630 5428 2905 5486 eminuas
2937 5446 2950 5495 ;
3000 5430 3309 5503 impertias
3349 5430 3668 5492 alimenta;

2022 5516 2227 5588 egenis
2258 5521 2315 5572 et
2353 5516 2655 5575 medelam
2692 5517 2879 5587 tribus
2909 5517 3249 5587 vulneratis.

2092 5606 2261 5674 Pater
2270 5609 2494 5677 noster.
