4192 6418
517 25 570 36 ...-
639 23 730 36 ιιι-...-
743 23 1178 36 .m--.-,.———-—_—'
1185 23 1706 36 -.I———-—'-—'-—-———
1721 34 1740 36 νν

496 383 605 445 379

620 503 693 563 IN
727 502 976 561 TERTIO
1015 499 1354 562 DOMINICO
1395 498 1986 572 QUADRAGESIME.

1103 592 1198 648 Ad
1243 593 1554 663 Vesperum

569 681 797 738 Lauda.
847 680 1181 738 Sacriﬁcate
1247 681 1604 737 sacriﬁcium
1641 673 2040 750 vespertinum
2072 673 2136 730 P.

1752 360 2207 432 BREVIARIUM
2245 369 2634 435 GOTHICUM.

3795 371 3906 433 880

2173 489 2219 550 Α
2249 499 2410 556 mitis
2439 500 2626 571 dirige
2658 515 2673 559 :
2719 515 2826 574 per
2866 503 2924 559 te
2959 499 3107 558 lucis
3139 499 3518 557 inveniamus
3554 500 3759 568 viam;
3794 511 3904 572 per

2249 588 2300 641 te
2321 585 2621 644 luminosa
2661 589 2881 644 amoris
2925 589 3009 644 tui
3050 587 3364 660 capiamus
3391 589 3704 645 incendia:
3728 593 3796 644 tu
3820 587 3904 644 la-

2245 673 2492 730 boribus
2513 677 2798 748 requiem,
2827 681 2888 732 tu
2933 677 3349 732 laborantibus
3397 676 3589 732 tribue
3635 677 3901 733 mansio-

500 773 566 827 Et
595 775 826 842 sperate
845 769 949 825 ﬁlii
964 769 1277 826 hominum
1303 769 1364 825 in
1386 770 1657 826 Domino.
1686 767 1747 827 νῖν.
1765 760 2140 821 Contitemini
2245 776 2384 818 nem
2409 781 2422 830 ;
2453 767 2514 818 ut
2537 765 2754 820 horum
2772 765 3006 821 dierum
3031 765 3451 821 observatione
3489 765 3596 821 tibi
3656 765 3898 838 placen-

499 858 776 929 Domino,
803 863 860 914 et
883 861 1151 915 invocata
1168 873 1388 915 nomen
1405 857 1454 929 ej
1465 873 1556 913 us.
1582 855 1648 912 P.
1673 855 1738 911 Et
1764 856 2019 927 sperate.

570 947 857 1002 Dominus
878 946 966 1001 sit.
996 957 1064 1018 ﬁ.
1100 947 1164 1002 Et
1201 962 1357 1002 cum.

571 1035 940 1104 Antiphone.
980 1037 1420 1091 Perscrutemur
1445 1035 1574 1089 vias
1598 1029 1850 1098 Domini,
1881 1032 1939 1085 et
1966 1029 2134 1084 inter-

496 1136 777 1192 rogemus
797 1121 976 1178 corda
1003 1126 1226 1190 nostra,
1255 1122 1305 1178 si
1334 1137 1456 1178 non
1487 1123 1623 1176 sunt
1648 1117 1930 1190 duplicia.
1959 1117 2039 1173 P.
2071 1117 2137 1170 Et

498 1209 584 1264 sic
597 1214 818 1265 stemus
864 1216 1000 1265 ante
1025 1209 1239 1266 faciem
1272 1211 1368 1266 Dei
1401 1209 1626 1265 mundo
1681 1207 1878 1271 corde,
1908 1209 1964 1262 et
2010 1215 2134 1260 non

2244 852 2351 918 tes,
2394 851 2597 921 gloriae
2623 855 2738 910 tua;
2762 867 3102 910 mereamur
3125 868 3252 910 esse
3276 853 3622 926 participes.

2315 939 2485 995 Pater
2499 945 2718 997 noster.

2315 1028 2635 1086 Humiliate
2660 1045 2768 1086 vos
2787 1029 3208 1088 benedictioni.

2314 1117 2600 1173 Dominus
2631 1117 2720 1174 sit.
2755 1129 2818 1188 Bp.
2852 1121 2915 1175 Et
2942 1133 3076 1174 cum
3111 1119 3321 1192 spiritu
3343 1121 3466 1174 tuo.

2316 1203 2660 1261 Benedictio.
2685 1206 2944 1262 Christus
2960 1205 3062 1261 Dei
3079 1206 3238 1262 ﬁlius
3256 1206 3491 1263 labores
3505 1207 3742 1262 vestros
3759 1219 3899 1278 pro-

494 1296 809 1367 bilingues.
848 1297 913 1359 ἲν.
946 1299 1095 1364 Quia
1140 1314 1263 1355 non
1308 1298 1547 1370 repellet
1575 1297 1863 1353 Dominus
1895 1293 2133 1367 plebem
2240 1290 2481 1363 pitiatus
2508 1293 2773 1365 aspiciat,
2803 1299 2858 1350 et
2887 1295 3080 1351 cordis
3130 1295 3314 1351 vestri
3350 1294 3628 1351 tenebras
3681 1293 3901 1350 illumi-

498 1400 706 1451 suam;
741 1389 797 1440 et
837 1385 1225 1443 hereditatem
1270 1403 1442 1444 suam
1495 1400 1619 1442 non
1646 1384 2032 1456 derelinquet.
2062 1381 2130 1440 P.

495 1471 560 1529 Et
588 1472 669 1528 sic
700 1477 924 1528 stemus
937 1515 949 1528 .

566 1560 853 1615 Dominus
884 1559 976 1616 sit.
1010 1571 1074 1631 ἢ.
1101 1564 1341 1617 Etcum.

563 1648 789 1705 Lauda.
810 1651 1038 1706 Bonum
1054 1650 1196 1705 mihi
1208 1649 1470 1723 estquod
1485 1647 1808 1705 humiliasti
1822 1662 1938 1713 me,
1955 1649 2130 1713 Deus,

493 1739 557 1790 ut
593 1735 825 1792 discam
849 1737 1304 1807 justiﬁcationes
1334 1741 1486 1794 tuas.
1518 1737 1589 1792 P.
1611 1738 1838 1791 Bonum
1868 1733 2014 1789 mihi
2035 1732 2129 1788 lex

2239 1379 2444 1435 nando
2471 1382 2842 1439 submoveat.
2877 1395 2940 1453 ιτς.
2969 1389 3178 1438 Amen.
3225 1386 3288 1438 ln
3311 1383 3612 1439 mandatis
3649 1396 3899 1455 quoque

2238 1467 2392 1522 illius
2413 1470 2493 1526 ita
2513 1470 2622 1525 vias
2651 1477 2855 1527 vestrae
2877 1471 3117 1528 feliciter
3138 1471 3490 1541 dirigantur,
3519 1475 3583 1526 ut
3607 1471 3899 1542 justiﬂca-

2241 1554 2470 1611 tionum
2486 1558 2536 1628 ej
2547 1575 2614 1612 us
2627 1564 2965 1615 mereantur
2986 1574 3220 1631 semper
3249 1559 3517 1616 obtinere
3531 1564 3898 1630 proventum

2241 1655 2303 1712 ﬂ.
2337 1647 2545 1702 Amen.
2578 1648 2704 1711 Quo
2741 1651 2798 1702 et
2841 1663 3085 1703 cursum
3115 1648 3292 1703 vestri
3327 1646 3552 1704 laboris
3589 1643 3892 1718 propitius

2239 1732 2498 1802 adjuvet,
2521 1737 2577 1788 et
2606 1734 2886 1791 caecitatis
2913 1740 3129 1791 vestros
3158 1734 3436 1792 tenebras
3483 1734 3801 1790 miseratus
3829 1733 3898 1790 il-

493 1824 613 1879 oris
645 1823 746 1889 tui,
789 1839 968 1896 super
987 1825 1153 1882 milia
1180 1825 1309 1881 auri
1339 1829 1396 1880 et
1433 1822 1679 1894 argenti.
1706 1823 1768 1883 Ἑν.
1805 1822 2128 1877 Bonitatem
2164 1839 2209 1897 Β
2237 1819 2458 1875 lustret.
2490 1832 2554 1890 ﬁ.
2583 1824 2788 1878 Amen.

491 1909 678 1967 fecisti
701 1927 839 1967 cum
875 1929 1044 1969 servo
1073 1918 1176 1970 tuo
1210 1913 1498 1974 Domine:
1535 1911 1865 1968 secundum
1881 1911 2131 1966 verbum

492 2001 683 2056 tuum.
709 2001 775 2056 P.
815 1999 1070 2057 Bonum.

1161 2089 1457 2160 Hymnus.

739 2175 958 2233 Christe
978 2177 1287 2243 immense,
1317 2177 1666 2234 Dominator
1693 2178 1914 2242 sancte,

668 2264 909 2321 Custodi
936 2265 1192 2338 plebem,
1219 2282 1406 2338 quam
1427 2273 1490 2322 tu
1510 2264 1811 2322 redemisti

667 2353 964 2424 Sanguine
995 2370 1162 2411 sacro
1191 2359 1297 2410 tuo
1320 2355 1610 2426 pretioso;

975 2446 1106 2514 Ipse
1131 2443 1401 2500 salvasti.

737 2529 981 2586 Claritas
1008 2531 1208 2603 fulget,
1244 2531 1650 2603 Dominusque
1672 2528 1824 2596 fecit,

667 2620 732 2673 In
753 2619 1032 2674 Bethania
1061 2619 1139 2676 ad
1170 2621 1460 2675 Lazarum
1490 2619 1667 2683 venit,

667 2706 853 2770 Quem
884 2707 1203 2776 suscitavit,
1230 2712 1287 2763 et
1326 2707 1582 2777 gloriam
1603 2721 1777 2764 suam

980 2795 1385 2852 Manifestavit.

733 2883 909 2938 Maria
937 2889 1137 2939 autem
1157 2885 1320 2941 domi
1342 2886 1588 2950 retenta,

669 2969 859 3034 Quem
885 2971 1274 3043 expectabat:
1303 2972 1486 3043 pietas
1507 2971 1801 3027 immensa

663 3057 750 3113 Illi
768 3061 1041 3126 occurrit,
1074 3064 1129 3115 et
1149 3060 1541 3116 annuntiavit.

987 3149 1280 3220 Sororque
1303 3148 1542 3204 Martha.

734 3232 1006 3302 Magister
1029 3237 1217 3293 adest.
1259 3237 1589 3291 Occurrunt
1625 3245 1881 3302 sorores,

664 3323 730 3377 Et
747 3319 1214 3393 lachrymantes,
1241 3323 1538 3380 Christum
1559 3321 1903 3377 conﬁtentes

661 3407 759 3464 Sic
792 3416 1152 3479 meruerunt,
1180 3416 1245 3466 ut
1273 3409 1542 3465 viderent
1560 3409 1805 3465 fratrem

986 3499 1170 3554 Suum
1197 3500 1626 3566 resurgentem.

732 3582 823 3638 Ad
847 3589 1304 3640 monumentum
1335 3584 1706 3642 exclamabat
1724 3587 1922 3641 Iesus:

666 3673 876 3726 Lazare
903 3672 1056 3744 veni,
1089 3672 1494 3745 Dominusque
1517 3676 1730 3730 tecum.

662 3756 760 3814 ille
797 3759 1065 3824 surrexit,
1093 3763 1148 3814 et
1175 3761 1373 3814 omnis
1390 3763 1625 3815 caterva

983 3846 1068 3902 Ibi
1091 3847 1450 3903 convertitur

747 3936 809 3989 In
843 3935 1110 3991 Samaria
1130 3939 1193 3991 ut
1217 3935 1398 3991 homo
1431 3933 1628 3999 sitivit,

665 4024 731 4076 Et
752 4022 982 4078 mulieri
1004 4027 1250 4094 peccata
1270 4022 1508 4088 dimisit,

662 4110 865 4166 Caicus
891 4111 1050 4166 enim
1080 4115 1256 4168 natus
1279 4111 1483 4167 lumen
1513 4126 1805 4182 magnum

977 4199 1131 4255 Vidit
1152 4200 1211 4256 in
1243 4199 1418 4255 Siloe.

729 4290 794 4342 In
835 4287 1107 4344 Samaria
1127 4287 1262 4343 fecit
1291 4288 1660 4351 conﬁtentes,

660 4374 725 4428 In
773 4375 1054 4431 Bethania
1075 4377 1357 4431 Lazarum
1385 4381 1747 4447 surgentem,

661 4460 882 4516 Surdos
913 4461 1242 4527 audientes,
1267 4468 1322 4518 et
1350 4468 1548 4519 mutos
1577 4464 1910 4535 loquentes,

984 4551 1141 4614 Quos
1172 4551 1450 4607 visitavit.

724 4637 917 4693 Gloria
947 4641 1016 4692 Pe
1031 4639 1120 4708 tri,
1147 4639 1318 4694 Trino
1347 4639 1721 4711 Sempiterno

659 4725 851 4782 Gloria
880 4726 1128 4792 Christo,
1163 4726 1520 4798 Spirituique
1555 4729 1802 4783 Sancto:

655 4813 936 4870 Prasdicet
952 4815 1190 4870 Trinum
1219 4814 1318 4886 pia
1343 4829 1487 4870 voce
1505 4830 1727 4871 nomen

991 4905 1178 4960 Omne
1207 4919 1314 4975 per
1343 4919 1556 4960 avum.

551 5001 615 5052 1y.
637 4991 842 5046 Amen.

554 5078 1652 5150 Supplicatio.0remusRedemptorem
1683 5079 1913 5144 mundi,
1943 5087 2051 5137 etc.

553 5164 846 5233 Capitula.
864 5166 1066 5229 Quarti
1087 5181 1245 5222 nunc
1263 5173 1317 5221 et
1331 5167 1544 5221 decimi
1563 5168 1675 5222 diei
1691 5169 1765 5222 de
1780 5171 2123 5224 nostrorum

478 5253 715 5308 dierum
728 5252 973 5308 decimis
986 5254 1274 5309 curriculo
1283 5255 1409 5324 jam
1425 5261 1681 5325 peracto,
1693 5255 1767 5310 ad
1784 5261 1837 5311 te
1851 5256 2121 5313 levamus

478 5341 685 5398 oculos
706 5345 958 5406 nostros,
994 5341 1254 5406 Domine,
1285 5343 1385 5412 qui
1419 5342 1653 5397 habites
1678 5344 1736 5398 in
1783 5344 1983 5410 caelis;
2015 5346 2122 5402 im-

477 5427 819 5502 pendejam
843 5433 898 5483 et
941 5429 1414 5484 misericordiam
1442 5432 1688 5494 miseris,
1729 5437 1785 5486 et
1826 5433 2122 5489 medelam

478 5518 708 5589 porrige
723 5516 1149 5572 vulneratis.Tu
1162 5518 1333 5574 nobis
1348 5518 1697 5586 adgressum
1713 5520 1818 5576 iter
1830 5521 2122 5592 placidum

480 5605 674 5662 efﬁce:
712 5610 776 5663 tu
805 5619 906 5663 cor
930 5609 1200 5662 nostrum
1216 5606 1278 5663 in
1305 5605 1728 5665 mandatorum
1769 5612 2005 5666 tuorum
2031 5626 2120 5667 se-

2307 1907 2428 1962 Per.

2308 1995 2596 2050 Dominus
2623 1997 2713 2052 sit.
2749 2007 2812 2066 ﬁt.
2854 1999 2919 2053 Et
2939 2012 3076 2053 cum
3095 1997 3324 2069 spiruto
3355 2001 3481 2054 tuo.

2306 2083 2536 2139 Lauda.
2564 2084 2860 2141 Defecitin
2889 2086 3130 2143 salutari
3151 2091 3253 2142 tuo
3283 2087 3491 2143 anima
3515 2099 3678 2142 mea:
3711 2085 3776 2141 P.
3821 2086 3887 2143 Et

2235 2171 2297 2226 in
2321 2171 2502 2228 verbo
2540 2177 2641 2228 tuo
2673 2174 2935 2244 speravi,
2959 2174 3224 2231 Domine.
3255 2174 3325 2235 tr.
3359 2173 3709 2230 Defecerunt
3732 2173 3890 2230 oculi

2236 2259 2355 2314 mei
2383 2261 2444 2314 in
2467 2261 2767 2333 eloquium
2794 2268 2984 2327 tuum,
3003 2263 3268 2319 dicentes
3301 2282 3315 2332 ;
3341 2262 3599 2330 Quando
3611 2262 3886 2319 consola-

2235 2346 2391 2402 beris
2415 2349 2623 2404 melP.
2649 2352 2714 2405 Et
2744 2351 2803 2406 in
2833 2350 3014 2406 verbo
3031 2351 3093 2412 tr.
3124 2349 3338 2415 Gloria,
3366 2355 3424 2408 et
3471 2351 3668 2408 honor
3713 2349 3886 2418 Patri,

2236 2439 2344 2490 etc.
2377 2438 2454 2493 P.
2490 2439 2554 2492 Et
2578 2439 2638 2493 in
2663 2438 2867 2494 verbo.

2308 2523 2531 2581 Oratio.
2565 2526 2778 2582 Defecit
2797 2527 2856 2581 in
2883 2526 3128 2583 salutari
3158 2531 3260 2582 tuo
3289 2528 3497 2584 anima
3515 2531 3742 2596 nostra,
3765 2526 3894 2588 lDo-

2234 2611 2422 2668 mine:
2449 2613 2745 2670 desiderio
2775 2614 3077 2670 indefesso
3125 2615 3398 2686 proﬁciat
3439 2617 3616 2687 215
3666 2615 3892 2671 exube-

2235 2700 2418 2754 rantis
2439 2701 2642 2770 gratias
2689 2701 2872 2770 dono,
2901 2707 3254 2775 perceptura
3300 2703 3766 2760 censolationem
3823 2703 3890 2759 in

2235 2789 2502 2859 praemio.
2533 2801 2594 2859 ﬁ.
2620 2792 2827 2846 Amen.

2305 2876 2413 2932 Per
2433 2877 2900 2934 misericordiam
2922 2881 3105 2934 tuam.

2304 2965 2510 3021 Lauda
2538 2970 2590 3020 2.
2625 2966 2952 3022 Bonitatem
2985 2965 3169 3022 fecisti
3189 2981 3326 3022 eum
3353 2981 3527 3023 servo
3555 2967 3658 3023 tuo
3687 2968 3890 3023 Domi-

2235 3053 2428 3116 ne;P.
2487 3053 2828 3109 Secundum
2861 3054 3108 3110 verbum
3139 3059 3307 3110 tuum
3346 3055 3611 3126 justiﬁca
3653 3070 3771 3110 me.
3823 3055 3892 3114 ῒ.

2167 3179 2207 3236 C
2236 3139 2563 3196 Bonitatem
2590 3141 2775 3196 fecisti
2791 3158 2928 3197 cum
2943 3157 3110 3198 servo
3129 3148 3251 3208 tuo,
3263 3143 3506 3198 Domine
3528 3159 3540 3198 :
3561 3144 3705 3216 quia
3718 3158 3896 3199 man-

2238 3229 2512 3286 datistuis
2526 3231 3768 3292 credidi.P.Secundum.v.Gloria.P.Secund
3779 3250 3892 3288 um.

2309 3317 2527 3374 Oratio.
2587 3319 2910 3374 Bonitatem
2957 3324 3015 3376 et
3055 3320 3434 3391 disciplinam
3480 3325 3538 3376 et
3572 3321 3891 3377 scientiam

2238 3405 2386 3461 doce
2414 3421 2524 3461 nos
2548 3407 2791 3462 Domine
2813 3413 2906 3462 :ut
2930 3423 3040 3463 nec
3062 3409 3286 3464 malitia
3306 3424 3553 3482 asperos
3578 3428 3590 3467 :
3612 3425 3722 3465 nec
3739 3409 3893 3465 desi-

2238 3492 2338 3548 dia
2365 3493 2675 3550 remissos:
2710 3510 2820 3549 nec
2836 3495 3299 3552 stultitiareddat
3318 3496 3888 3567 ignavos.n.Amen.

2306 3580 2593 3637 Psalmus.
2626 3582 2892 3639 Miserere
2919 3583 3036 3639 mei
3067 3585 3219 3639 Deus
3278 3584 3450 3640 Totus
3499 3599 3634 3641 cum
3665 3585 3890 3643 Gloria.

2235 3669 2314 3724 Et
2343 3670 2538 3740 Kyrie,
2569 3670 2807 3727 eleison.
2836 3671 3082 3741 Christe,
3111 3671 3354 3729 eleison.
3392 3673 3592 3744 Kyrie,
3634 3673 3885 3731 eleison.

2306 3759 2478 3813 Pater
2499 3763 2725 3814 noster.
2757 3762 2822 3814 Et
2851 3759 2923 3814 de
2945 3775 3076 3816 nos.

2305 3847 2535 3902 Preces.
2568 3848 2811 3903 Domine
2839 3848 3400 3918 misericordiarum,
3430 3849 3493 3904 P.
3525 3850 3890 3907 Obliviscere

2234 3940 2482 4006 peccata
2496 3936 2796 3995 nostrai.
2831 3937 2938 4002 Qui
2965 3936 3152 3993 vitam
3174 3937 3632 4001 mortuis,coecis
3654 3939 3889 4009 lumen,

2235 4023 2507 4079 auditum
2531 4024 2723 4079 surdis
2753 4025 2992 4080 dedisti.
3034 4028 3090 4080 Ρ.
3122 4026 3496 4082 Obliviscere.
3527 4027 3591 4086 ν.
3633 4029 3744 4093 Qui
3774 4045 3894 4085 mu-

2234 4111 2306 4166 tis
2333 4111 2658 4182 eloquium,
2686 4113 2917 4168 claudis
2939 4128 3230 4182 gressum,
3262 4113 3516 4185 leprosis
3565 4117 3893 4173 sanitatem

2233 4199 2465 4256 dedisti.
2489 4200 2549 4253 P.
2570 4199 2946 4256 Obliviscere.
2970 4201 3032 4260 Ψ.
3063 4203 3170 4266 Qui
3197 4203 3446 4272 injurias
3485 4204 3690 4260 carnis
3751 4219 3895 4262 nos-

2233 4292 2336 4343 trae
2361 4289 2421 4342 in
2455 4292 2556 4343 tuo
2585 4303 2830 4359 corpore
2845 4289 3156 4360 pertulisti.
3193 4292 3254 4345 P.
3285 4291 3662 4348 Obliviscere.

2307 4376 2529 4431 Oratio.
2553 4376 2774 4431 Exaudi
2791 4378 3122 4433 orationem
3139 4383 3418 4434 nostram.
3448 4380 3557 4448 fol.
3593 4385 3712 4437 138.

2807 4465 2902 4520 Ad
2926 4466 3313 4522 Matutinum.

2155 4519 2202 4576 θ
2303 4551 2590 4621 Hymnus.
2639 4519 3115 4609 Eterneﬁrer‘um
3134 4519 3445 4611 Conditor.
3485 4557 3598 4625 fol.
3629 4561 3684 4613 3.

2306 4640 2834 4695 Oratio/uernum
2848 4646 2902 4696 te
2915 4642 3586 4716 Dominum,rerumque
3603 4645 3893 4702 omnium

2233 4727 2622 4789 conditorem,
2654 4733 3006 4783 cunctorum
3027 4745 3144 4784 vox
3173 4731 3332 4786 canit
3360 4731 3647 4802 ﬁdelium,
3681 4733 3789 4804 qui
3833 4740 3895 4790 et

2233 4819 2426 4869 certos
2455 4813 2670 4868 limites
2690 4814 2846 4884 figis,
2881 4821 2937 4870 et
2958 4822 3163 4888 metas,
3188 4818 3411 4889 quibus
3456 4834 3577 4875 nox
3610 4834 3892 4878 secerna-

2232 4906 2328 4957 tur
2356 4907 2411 4957 et
2430 4901 2576 4966 dies,
2599 4907 2818 4957 aeterna
2845 4903 2973 4973 lege
2993 4906 3332 4960 constituis:
3373 4906 3634 4977 abyssus
3664 4910 3897 4967 etenim

2233 4991 2531 5062 sapientiae
2575 4995 2707 5059 tuae,
2741 4996 2804 5046 ut
2832 4993 3174 5049 mortalium
3223 4994 3500 5052 allevaret
3550 4996 3894 5065 fastidium,

2234 5078 2397 5133 aliud
2428 5079 2617 5133 labori
2645 5081 2954 5148 concessit,
2989 5081 3149 5136 aliud
3179 5083 3361 5154 quieti
3380 5085 3662 5140 servavit:
3705 5089 3897 5143 Praes-

2232 5171 2308 5231 ta,
2342 5182 2503 5235 ergo,
2529 5167 2910 5238 omnipotens
2939 5169 3110 5235 Deus,
3141 5176 3204 5224 ut
3232 5183 3402 5224 mens
3449 5186 3611 5240 aegra
3639 5187 3898 5245 sopore,

2230 5256 2374 5309 dum
2401 5254 2556 5323 gallo
2582 5262 2844 5321 canente,
2879 5257 3250 5322 admonetur,
3300 5258 3572 5314 alacriter
3613 5275 3899 5331 currens,

2232 5345 2305 5400 ad
2331 5360 2496 5414 spem
2511 5345 2706 5399 redeat
2731 5344 2896 5408 lucis,
2925 5353 2980 5400 et
3009 5347 3298 5417 primitias
3350 5347 3798 5406 diurnilaboris
3835 5353 3904 5410 in

2231 5435 2345 5488 tuis
2377 5448 2611 5502 semper
2633 5434 2939 5503 impendat
2965 5435 3204 5491 ofﬁciis.
3243 5446 3304 5494 Ri.
3333 5440 3548 5491 Amen.

2309 5523 2413 5576 Per
2437 5521 2924 5577 misericordiam.

2304 5609 2651 5676 Antiphona
2677 5609 2990 5667 l.l)omine
3027 5611 3132 5682 qui
3171 5609 3548 5682 multiplicati
3594 5619 3756 5685 sunt,
3787 5620 3904 5691 qui
