4192 6404
232 358 337 417 381

1388 360 1748 422 DOMIMICA
1785 359 1860 419 III
1900 359 2509 431 QUADRAGESIMXE.

3538 358 3649 416 382

225 481 518 541 tribulant
537 497 634 540 me
650 482 681 538 7
699 486 783 541 Tu
800 488 1002 542 autem
1020 484 1272 545 Domine
1292 491 1602 561 susceptor
1613 502 1784 544 meus
1802 500 1886 543 es.
1923 486 1972 545 A
2076 502 2139 563 It.
2173 492 2313 559 Quis
2333 495 2391 549 te
2408 488 2814 548 consolabitur
2830 488 3001 559 virgo
3025 486 3149 544 ﬁlia
3175 487 3336 559 Sion,
3366 485 3509 560 quia
3529 496 3662 543 ma-

228 573 514 629 Psalmus
544 589 631 631 ιιι.

298 662 345 717 Α
358 661 657 731 ntiphona
674 666 727 718 2.
749 662 883 719 Dele
899 664 1147 720 Domine
1162 665 1505 739 iniquitates
1520 681 1708 723 meas.
1730 666 1893 722 Psal-

233 766 363 807 mus
383 766 437 805 L.
471 749 821 821 Antiphona
839 756 975 809 3.1n
998 757 1051 810 te
1077 754 1323 812 conﬁdit
1342 756 1546 813 anima
1564 770 1701 812 mea
1729 756 1893 811 Psal-

235 855 368 896 mus
398 854 510 895 LV].

310 928 541 985 Oratio.
566 930 815 986 Domine
827 932 1005 999 Deus,
1030 933 1194 1005 apud
1210 948 1391 1006 quem
1408 933 1757 990 conﬁtentes
1773 947 1894 989 me-

234 1018 441 1074 delam
477 1018 687 1075 salutis
713 1020 1209 1092 inveniunt;dele
1234 1022 1610 1096 piaculorum
1648 1023 1896 1079 vulnera

238 1106 314 1163 de
345 1106 632 1163 cordibus
664 1108 985 1166 hominum
1010 1129 1023 1177 ;
1053 1115 1109 1167 et
1130 1111 1375 1167 ostende
1421 1127 1600 1183 super
1635 1126 1747 1167 nos
1774 1109 1894 1167 cle-

236 1197 481 1251 mentim
500 1201 615 1252 tum
629 1195 1031 1255 clarissimum
1048 1199 1277 1256 vultum
1296 1218 1309 1267 ;
1324 1204 1611 1272 tuumque
1624 1197 1896 1255 clamori-

235 1282 353 1341 bus
386 1285 732 1358 supplicum
758 1286 985 1343 inclina
1006 1293 1281 1344 sanctum
1309 1289 1620 1345 auditum:
1648 1287 1895 1343 Effunde

234 1375 542 1432 mentibus
558 1377 776 1432 nostris
792 1382 906 1433 tum
921 1379 1123 1447 gratim
1145 1379 1373 1435 donum
1394 1398 1413 1451 λ
1431 1385 1486 1435 et
1511 1379 1771 1435 concede
1793 1394 1897 1451 po-

231 1464 601 1522 stulantibus
615 1465 948 1521 remedium
963 1467 1312 1538 qumsitum:
1334 1484 1403 1524 ac
1415 1467 1557 1540 quia
1571 1467 1648 1523 ad
1660 1467 1893 1539 impen-

230 1552 395 1609 dend
409 1570 512 1608 um
545 1552 813 1610 debitum
856 1560 1074 1611 nostrm
1106 1555 1399 1611 servitutis
1429 1555 1848 1625 consurgimus
1876 1571 1891 1623 ;

236 1641 484 1698 effunde
500 1642 935 1699 benedictionis
959 1647 1015 1699 et
1034 1644 1238 1701 salutis
1265 1644 1692 1701 abundantiam
1716 1660 1895 1717 super

235 1730 539 1805 populum
570 1734 741 1787 tuum
779 1748 791 1786 :
828 1746 898 1787 ac
928 1730 1058 1787 dele
1089 1732 1421 1789 misericors
1448 1732 1638 1789 scelus
1662 1736 1893 1788 contra-

232 1822 396 1875 ctum
426 1835 440 1885 ;
475 1821 531 1873 et
561 1816 654 1875 fac
684 1834 797 1873 nos
843 1834 971 1875 esse
1001 1819 1220 1875 liberos
1252 1836 1287 1876 a
1315 1826 1483 1877 reatu
1510 1820 1839 1877 facinorum
1877 1839 1889 1876 :
1923 1842 1969 1898 Β

234 1906 375 1964 audi
408 1906 667 1977 gemitus
699 1908 1065 1980 petentium;
1093 1908 1310 1979 largire
1356 1909 1741 1979 indulgentim
1778 1909 1895 1965 fru-

241 2000 399 2051 ctum
424 2013 438 2063 ;
473 2000 531 2051 et
560 1995 926 2051 clamoribus
956 1997 1306 2069 pulsantum
1336 1997 1605 2053 ﬁdelium
1633 1997 1892 2054 concede

237 2082 489 2153 singulis
525 2083 883 2154 suffragium
910 2085 1301 2158 postulatum.
1331 2097 1401 2157 13;.
1439 2086 1648 2142 Amen.

305 2171 415 2228 Per
452 2172 946 2229 misericordiam.

303 2260 659 2331 Antiphona
680 2266 727 2316 1.
751 2264 1032 2319 Converte
1053 2278 1165 2318 nos
1182 2264 1335 2319 Deus
1359 2261 1632 2320 salutaris
1649 2266 1847 2320 noster
1874 2283 1886 2320 :

231 2347 303 2405 P.
340 2351 408 2405 Et
434 2354 633 2405 averte
661 2350 814 2406 iram
864 2354 1032 2406 tuam
1078 2366 1114 2407 a
1143 2350 1337 2407 nobis.
1370 2354 1450 2407 Ne
1488 2352 1550 2407 in
1602 2356 1891 2408 mternum

229 2436 510 2494 irascaris
540 2437 738 2494 nobis.
770 2437 837 2498 )7.
885 2440 1038 2494 Deus
1082 2443 1143 2496 tu
1174 2445 1525 2497 convertens
1554 2440 1889 2497 viviﬁcabis

226 2540 343 2582 nos
376 2542 387 2581 :
418 2531 473 2582 et
495 2525 665 2598 plebs
688 2532 789 2583 tua
812 2526 1111 2584 lmtabitur
1138 2526 1198 2584 in
1230 2532 1309 2585 te.
1357 2529 1422 2585 P.
1470 2532 1535 2586 Et
1575 2534 1791 2586 averte.
1824 2529 1888 2589 Ψ.

229 2613 452 2681 Gloria,
483 2618 539 2670 et
567 2615 781 2671 honor.

303 2703 541 2759 Oratio.
578 2703 860 2760 Converte
876 2719 988 2760 nos
1012 2704 1169 2761 Deus
1197 2705 1473 2762 salutaris
1496 2708 1693 2762 noster
1714 2705 1791 2762 ad
1813 2709 1885 2775 te,

228 2794 294 2847 ut
327 2796 565 2848 avertas
592 2791 743 2848 iram
771 2797 937 2849 tuam
964 2809 999 2849 a
1020 2793 1196 2849 nobis
1224 2810 1238 2861 ;
1263 2794 1404 2866 quia
1434 2794 1617 2850 aderit
1644 2794 1893 2866 respira-

226 2894 394 2947 men,
436 2879 482 2934 si
517 2879 899 2952 suspenderis
926 2880 1189 2937 furorem
1224 2897 1236 2936 :
1264 2882 1336 2938 sit
1365 2881 1679 2937 clementia
1697 2881 1893 2953 proxi-

228 2984 355 3034 ma,
388 2972 456 3023 ut
475 2968 683 3040 procul
707 2969 783 3025 sit
815 2968 903 3024 ira
939 2973 1253 3025 :converte
1283 2985 1415 3038 nos,
1459 2973 1522 3025 ut
1548 2969 1890 3025 miserando

229 3056 487 3113 vulnera
507 3062 711 3114 nostra
724 3073 899 3113 sanes
929 3074 941 3113 :
972 3073 1046 3113 ne
1060 3074 1301 3114 aversus
1316 3059 1470 3130 juste
1492 3074 1600 3131 pro
1622 3064 1888 3130 peccato,

231 3145 449 3218 plagas
467 3145 664 3218 potius
684 3146 1059 3219 multiplices.
1090 3148 1241 3216 Ergo
1262 3162 1568 3216 rogamus,
1592 3150 1657 3202 ut
1670 3161 1891 3218 prmve-

236 3233 365 3289 niat
389 3233 684 3304 justitiam
703 3235 916 3309 pietas,
945 3239 1000 3291 et
1024 3241 1401 3308 prmoccupet
1425 3251 1671 3308 poenam
1698 3233 1891 3290 indul-

236 3320 437 3392 gentia
461 3338 474 3390 ;
493 3337 603 3377 nos
624 3338 861 3395 quoque
884 3322 962 3379 ad
982 3326 1037 3379 te
1059 3327 1331 3379 converte
1356 3340 1368 3389 ;
1400 3326 1465 3379 ut
1486 3323 1713 3379 tribuas
1737 3322 1890 3380 salu-

234 3414 379 3479 tem,
422 3414 478 3466 et
508 3410 828 3468 subtrahas
851 3412 1159 3469 ultionem.
1191 3423 1256 3483 Rt.
1294 3417 1495 3470 Amen.

304 3498 417 3554 Per
445 3499 941 3557 misericordiam.

305 3587 657 3656 Antiphona
681 3593 740 3646 2.
777 3589 1044 3646 Judicate
1068 3588 1319 3662 pupillo,
1352 3594 1408 3645 et
1431 3604 1621 3658 egeno
1654 3587 1754 3644 :P.
1782 3588 1892 3643 Hu-

225 3674 458 3743 milem,
476 3680 531 3731 et
548 3692 876 3750 pauperem
894 3679 1215 3749 justiﬁcate
1227 3721 1239 3732 .
1264 3678 1475 3751 Eripite
1492 3692 1821 3750 pauperem
1835 3680 1892 3732 et

227 3778 495 3835 egenum
526 3783 538 3822 :
564 3765 637 3820 de
659 3781 845 3820 manu
877 3767 1207 3837 peccatoris
1242 3766 1489 3822 liberate
1518 3782 1678 3822 eum.
1722 3767 1783 3820 P.
1826 3766 1893 3821 Et

223 3865 584 3924 pauperem.
615 3851 677 3909 V.
712 3850 925 3917 Gloria,
970 3857 1024 3907 et
1051 3852 1272 3908 honor.

311 3937 536 3992 Oratio.
572 3938 821 4006 Exurge,
852 3939 1121 4007 Domine,
1148 3938 1253 4010 qui
1271 3938 1508 4009 judicas
1546 3942 1803 3994 terram:
1837 3943 1893 3995 et

232 4025 341 4099 qui
372 4022 551 4081 ﬁdem
582 4025 855 4081 omnium
898 4027 1165 4096 gentium
1195 4026 1331 4099 pius
1366 4042 1681 4098 possessor
1717 4026 1893 4083 inha-

229 4114 411 4177 bitas,
433 4128 506 4169 ne
531 4114 777 4185 patiaris
805 4130 915 4170 nos
942 4114 1278 4170 intenebris
1303 4128 1651 4180 remanere;
1678 4115 1781 4171 sed
1800 4114 1892 4170 fac

232 4218 351 4259 nos
381 4202 585 4258 lumen
613 4209 729 4258 tum
766 4204 1031 4259 veritatis
1072 4203 1335 4276 aspicere
1369 4223 1380 4262 :
1406 4206 1470 4259 ut
1500 4202 1893 4260 fundamenta

230 4291 375 4348 ﬁdei
414 4300 633 4347 nostrm
666 4307 789 4348 non
821 4308 1002 4365 super
1030 4308 1298 4362 arenam,
1338 4308 1526 4365 quam
1562 4291 1736 4348 turbo
1788 4293 1891 4348 de-

223 4380 416 4451 jiciat,
450 4380 798 4436 ediﬁcemus
826 4401 839 4449 ;
865 4382 968 4438 sed
996 4397 1182 4455 supra
1232 4386 1484 4454 petram,
1518 4382 1688 4453 cujus
1727 4385 1789 4438 tu
1825 4397 1889 4438 es

226 4470 498 4535 ﬁrmitas,
537 4472 945 4528 conlocemus.
975 4483 1039 4541 1y.
1072 4476 1283 4527 Amen.

302 4563 408 4617 Per
443 4560 918 4617 misericordiam
946 4565 1137 4618 tuam.

303 4651 650 4718 Antiphona
678 4654 729 4706 3.
762 4653 844 4705 Tu
870 4650 1044 4706 nobis
1082 4667 1163 4716 es,
1207 4649 1478 4715 Domine,
1525 4649 1823 4719 refugium
1855 4667 1890 4709 a

225 4755 537 4813 pressura,
556 4755 690 4811 qum
716 4740 1255 4797 circumdeditnos.
1282 4740 1346 4794 P.
1366 4738 1541 4795 Multa
1565 4742 1703 4794 sunt
1730 4740 1888 4796 enim

226 4827 471 4898 ﬂagella
501 4834 884 4899 peccatorum
911 4832 1278 4884 nostrorum.
1308 4827 1369 4888 V.
1402 4828 1514 4883 Pro
1545 4828 1658 4883 hac
1697 4829 1893 4884 orabit

228 4916 311 4972 ad
334 4921 387 4971 te
409 4916 607 4971 omnis
630 4922 872 4971 sanctus
906 4917 964 4971 in
996 4921 1262 4988 tempore
1284 4921 1647 4989 opportuno.
1675 4919 1733 4971 P.
1753 4916 1890 4973 Mul-

228 5012 311 5063 ta.
344 5006 405 5065 V.
441 5004 655 5073 Gloria,
686 5010 742 5060 et
770 5004 985 5061 honor.

308 5095 533 5155 Oratio.
568 5096 652 5149 Da
681 5093 857 5149 nobis
885 5094 1135 5149 Domine
1155 5096 1540 5166 peccatorum
1586 5095 1888 5151 remissio-

225 5199 393 5248 nem,
419 5184 524 5256 qui
540 5183 809 5255 purgatis
826 5186 1043 5254 prmsta
1064 5182 1499 5238 beatitudinem
1527 5199 1540 5238 :
1568 5184 1618 5253 2
1635 5184 1745 5255 16
1763 5188 1888 5240 esto

222 5274 529 5343 refugium
562 5288 596 5328 a
628 5287 902 5343 pressura
927 5270 1352 5339 damnationis,
1395 5272 1497 5343 qui
1531 5272 1793 5328 indultor
1822 5288 1886 5327 es

220 5361 512 5418 libertatis
547 5379 558 5419 :
595 5363 650 5415 et
670 5362 773 5432 qui
792 5359 982 5415 multa
1011 5359 1247 5426 ﬂagella
1278 5364 1663 5431 peccatorum
1696 5360 1757 5416 in
1783 5376 1888 5415 no-

218 5450 316 5509 bis
344 5450 529 5525 plaga
560 5449 829 5504 inruente
871 5450 1180 5517 sentimus,
1212 5449 1272 5503 in
1304 5453 1357 5504 te
1392 5448 1749 5511 conﬁtendo,
1782 5449 1886 5505 cir-

219 5539 498 5597 cumdari
522 5552 627 5592 nos
650 5541 753 5592 tua
775 5534 1183 5594 misericordia
1205 5538 1555 5602 sentiamus,
1579 5548 1641 5608 ἣν.
1671 5536 1881 5594 Amen.

290 5632 405 5686 Per
435 5624 935 5683 misericordiam.

2003 594 2123 650 gna
2169 586 2260 637 est
2299 582 2452 637 sicut
2495 594 2661 636 mare
2716 578 2989 635 contritio
3038 577 3188 632 tua?
3216 576 3462 631 Effunde
3508 575 3660 631 sicut

2002 684 2153 740 aqua
2185 685 2288 725 cor
2316 673 2512 725 tuum.
2553 671 2611 724 P.
2650 668 2714 722 In
2744 669 3064 738 conspectu
3083 663 3323 720 Domini
3344 663 3553 718 extolle
3580 662 3658 719 ad

2002 773 2141 813 eum
2173 774 2390 814 manus
2419 762 2550 814 tuas
2576 772 2685 830 pro
2705 755 2973 811 remedio
2992 755 3379 825 peccatorum
3397 755 3654 805 tuorum.

1999 845 2068 906 it.
2109 845 2309 902 Deduc
2347 847 2523 920 quasi
2557 848 2881 901 torrentem
2910 841 3255 912 lachrymas
3274 854 3380 911 per
3401 839 3579 902 diem,
3603 841 3661 893 et

1999 937 2260 1003 noctem,
2284 938 2340 991 et
2368 949 2490 990 non
2517 936 2753 991 taceant
2773 930 3018 1004 pupillm
3048 928 3206 986 oculi
3220 927 3323 985 tui.
3354 926 3415 981 P.
3435 926 3500 981 In
3520 939 3659 981 con-

2004 1027 2228 1096 spectu.
2260 1022 2321 1084 ἲν.
2349 1023 2563 1092 Gloria,
2587 1026 2643 1079 et
2665 1021 2880 1078 honor.

2078 1112 2303 1168 Oratio.
2339 1112 2663 1168 Consolare
2692 1126 2825 1175 nos,
2870 1107 3139 1178 Domine,
3175 1106 3239 1161 in
3280 1102 3659 1161 tribulatione

2003 1204 2226 1265 nostra,
2261 1200 2642 1273 quiquotidie
2672 1198 2929 1271 peccatis
2948 1196 3387 1258 contristamur,
3416 1196 3473 1247 et
3493 1207 3658 1248 com-

2001 1304 2203 1361 punge
2230 1305 2332 1345 cor
2342 1293 2610 1345 nostrum
2626 1289 2703 1344 ad
2716 1286 3113 1344 efi‘undendas
3136 1283 3493 1354 lachrymas,
3509 1281 3659 1337 sicut

2004 1393 2164 1451 aqua
2188 1378 2248 1434 in
2270 1382 2712 1450 conspectutuo
2746 1393 2759 1432 :
2796 1380 2858 1431 ut
2887 1373 3237 1430 extollentes
3261 1370 3338 1428 ad
3357 1374 3415 1426 te
3442 1385 3658 1425 manus

2002 1471 2255 1531 nostras,
2288 1482 2624 1539 numquam
2651 1464 2936 1521 humanis
2980 1462 3335 1531 dejiciamur
3365 1458 3426 1513 in
3469 1458 3658 1513 laudi-

2000 1554 2117 1611 bus
2138 1572 2152 1623 ;
2186 1556 2291 1610 sed
2320 1560 2395 1620 te,
2418 1556 2477 1610 in
2494 1570 2616 1627 quo
2632 1568 2875 1608 summa
2891 1555 2978 1607 est
2998 1548 3291 1621 gloriatio,
3318 1547 3403 1603 tui
3423 1560 3653 1603 memo-

2000 1658 2114 1710 res,
2147 1642 2526 1699 delectemur.
2562 1654 2625 1712 Βι.
2650 1642 2857 1697 Amen.

2072 1733 2179 1786 Per
2202 1729 2691 1786 misericordiam.

2607 1819 2678 1873 In
2708 1815 3033 1873 Laudibus.

2070 1907 2171 1963 Ad
2201 1907 2535 1964 Canticum.
2564 1906 2923 1975 Antiphona.
2960 1903 3119 1959 Sicut
3158 1898 3494 1972 parturiens
3519 1912 3654 1969 pro-

1999 1996 2163 2052 xima
2193 1999 2283 2052 est
2310 1996 2530 2069 partui,
2554 1999 2611 2051 et
2634 1995 2696 2049 in
2718 1993 2923 2049 dolore
2963 2007 3071 2047 suo
3102 1989 3322 2045 clamat
3353 2002 3366 2042 :
3405 1987 3484 2042 ita
3514 1985 3654 2040 facti

2002 2100 2210 2140 sumus
2235 2084 2468 2140 dilecto.
2502 2084 2747 2156 Propter
2772 2082 3047 2137 timorem
3082 2083 3251 2134 tuum
3292 2074 3562 2138 Domine,
3591 2072 3654 2128 in

2000 2178 2167 2230 utero
2197 2174 2561 2246 accepimus,
2587 2176 2642 2228 et
2662 2170 3089 2244 parturivimus
3116 2166 3393 2239 spiritum
3421 2161 3648 2231 salutis,

2000 2276 2181 2334 quem
2208 2261 2390 2317 fecisti
2422 2276 2602 2333 super
2626 2264 2867 2316 terram.

2072 2351 2405 2407 Canticum.
2439 2350 2519 2405 De
2548 2353 2721 2405 nocte
2746 2345 2971 2416 vigilat.
2997 2344 3113 2415 fol.
3138 2345 3225 2399 64.

2069 2440 2168 2495 Ad
2177 2439 2554 2495 Benedictus.
2568 2436 2936 2506 Antiphona.
2951 2436 3114 2490 Mane
3128 2430 3341 2487 astabo
3355 2426 3480 2491 tibi,
3497 2428 3555 2481 et
3569 2424 3655 2481 vi-

1999 2527 2156 2584 debo
2179 2532 2231 2584 te
2259 2545 2275 2581 :
2305 2527 2594 2599 quoniam
2617 2530 2679 2581 tu
2709 2541 2770 2580 es
2798 2526 2970 2588 Deus,
2999 2520 3209 2577 nolens
3242 2517 3647 2589 iniquitatem.

1996 2615 2059 2673 ῒ.
2101 2614 2293 2671 Verba
2322 2630 2457 2670 mea
2490 2614 2740 2669 auribus
2793 2611 3031 2684 percipe
3072 2608 3342 2675 Domine,
3396 2601 3653 2672 iutellige

2000 2702 2323 2759 clamorem
2355 2718 2577 2758 meum.
2613 2699 2854 2756 intende
2884 2699 3019 2754 voci
3041 2694 3325 2753 orationis
3352 2708 3521 2762 mem,
3550 2706 3655 2746 rex

1999 2802 2171 2846 meus
2196 2794 2251 2846 et
2284 2793 2435 2846 Deus
2464 2805 2652 2845 meus.
2674 2789 2968 2855 Quoniam
2992 2785 3068 2841 ad
3096 2788 3149 2839 te
3172 2781 3359 2839 orabo
3383 2779 3651 2835 Domine.

2074 2880 2402 2936 Canticum.
2428 2876 2776 2934 Benedictus
2796 2893 2858 2931 es
2877 2874 3146 2929 Domine.
3167 2872 3376 2939 Quaere
3390 2869 3501 2936 fol.
3527 2871 3579 2922 6.

2071 2967 2295 3023 Lauda.
2328 2967 2585 3023 Laudate
2613 2964 2936 3020 Dominum
2954 2961 3027 3017 de
3046 2961 3210 3015 cmlis
3235 2972 3448 3014 omnes
3468 2952 3652 3010 stellm

2001 3060 2056 3113 et
2074 3055 2299 3112 lumen.
2333 3056 2473 3111 Caeli
2506 3055 2814 3120 caelorum,
2838 3056 2894 3108 et
2925 3067 3121 3124 aqum,
3149 3065 3284 3121 qum
3308 3050 3447 3102 sunt
3472 3059 3655 3117 supra

2001 3145 2203 3211 caelos,
2226 3145 2284 3200 P.
2320 3143 2587 3199 Laudent
2611 3157 2832 3199 nomen
2862 3140 3094 3195 Dimini.
3128 3137 3190 3199 ιῑν.
3223 3140 3410 3206 Reges
3460 3136 3649 3199 terrm,

2001 3239 2057 3290 et
2076 3249 2286 3291 omnes
2302 3232 2509 3305 populi
2538 3249 2550 3286 :
2575 3231 2893 3304 principes,
2915 3233 2969 3285 et
2986 3243 3195 3285 omnes
3208 3224 3442 3297 judices
3462 3226 3650 3279 terrm.

2001 3324 2058 3378 P.
2093 3322 2375 3379 Laudent.

2320 3409 2515 3466 Lectio
2538 3408 2681 3465 libri
2706 3407 2963 3464 Numeri
2981 3406 3155 3479 (Cap.
3187 3409 3332 3467 χιιι).

2072 3513 2138 3571 Ην.
2162 3502 2281 3556 Deo
2305 3500 2549 3569 gratias.

2072 3591 2135 3644 In
2164 3587 2278 3644 illis
2308 3587 2523 3644 diebus
2548 3602 2560 3640 ε
2588 3588 2840 3641 Locutus
2862 3587 2952 3641 est
2978 3581 3266 3639 Dominus
3285 3578 3364 3636 ad
3391 3580 3655 3649 Moysen,

2000 3677 2206 3734 dicens
2243 3694 2254 3733 :
2298 3678 2447 3733 Mitte
2476 3675 2660 3743 viros,
2692 3675 2789 3747 qui
2839 3672 3221 3729 conciderent
3254 3674 3472 3726 terram
3505 3666 3655 3721 Cha-

1999 3782 2179 3832 naan,
2206 3781 2391 3837 quam
2415 3765 2662 3820 daturus
2702 3779 2835 3819 sum
2866 3761 3000 3817 ﬁliis
3031 3759 3231 3823 Israel,
3283 3754 3552 3827 singulos
3582 3752 3657 3810 de

2002 3854 2248 3924 singulis
2264 3853 2561 3918 tribubus,
2577 3868 2648 3908 ex
2664 3847 3221 3923 principibus.Fecit
3242 3850 3467 3918 Moyses
3490 3843 3658 3917 quod

2000 3942 2292 3999 Dominus
2307 3940 2962 4013 imperaverat.mittens
2984 3937 3280 4009 principes
3293 3934 3451 3990 viros
3464 3934 3537 3988 de
3554 3932 3657 3987 de-

2002 4036 2155 4087 serto
2180 4032 2436 4097 Pharan,
2463 4045 2720 4102 quorum
2758 4028 2869 4083 ista
2900 4033 3039 4082 sunt
3067 4027 3339 4082 nomina.
3390 4025 3469 4078 De
3500 4022 3660 4077 tribu

2002 4119 2233 4188 Ruben,
2266 4121 2549 4175 Semmua
2576 4116 2766 4171 ﬁlium
2798 4116 3039 4171 Zechur.
3090 4117 3167 4169 De
3203 4112 3361 4168 tribu
3394 4112 3655 4175 Simeon,

2005 4206 2229 4280 Saphat
2247 4206 2438 4261 ﬁlium
2464 4203 2622 4260 Huri.
2646 4205 2725 4259 De
2749 4204 2904 4259 tribu
2932 4201 3100 4266 Juda,
3132 4199 3311 4257 Caleb
3336 4198 3527 4253 filium
3565 4198 3659 4251 Je-

2002 4297 2221 4369 phone.
2253 4295 2332 4350 De
2364 4293 2519 4350 tribu
2559 4291 2846 4356 lssachar,
2900 4290 3023 4361 Igal
3065 4289 3257 4345 ﬁlium
3288 4287 3528 4359 Joseph.
3578 4287 3659 4341 De

2001 4384 2155 4442 tribu
2170 4381 2474 4456 Ephraim,
2496 4383 2641 4439 Osee
2659 4380 2843 4436 ﬁlium
2866 4384 3018 4436 Nun.
3039 4379 3120 4435 De
3139 4377 3299 4434 tribu
3316 4374 3654 4447 Benjamin,

2003 4472 2191 4529 Phalti
2208 4472 2397 4528 ﬁlium
2420 4471 2734 4544 Raphu.De
2753 4469 2912 4526 tribu
2928 4463 3657 4531 Zabulon,Geddielﬁlium

1922 4536 1967 4591 Β
2000 4561 2162 4617 Sodi.
2186 4562 2266 4617 De
2296 4560 2454 4617 tribu
2479 4536 2716 4630 Joseph,
2762 4556 2981 4629 sceptri
3021 4559 3310 4620 Manasse,
3363 4552 3550 4610 Gaddi
3588 4551 3659 4605 ti-

1998 4649 2147 4706 lium
2165 4648 2318 4705 Susi.
2338 4648 2417 4702 De
2441 4648 2596 4703 tribu
2616 4650 2761 4712 Dan,
2786 4643 3038 4700 Ammiel
3068 4643 3258 4697 ﬁlium
3283 4640 3551 4696 Gemalli.
3578 4640 3657 4692 De

2000 4738 2157 4796 tribu
2184 4738 2345 4804 Aser,
2379 4737 2556 4791 Sthur
2571 4735 2761 4790 ﬁlium
2787 4734 3048 4791 Michael.
3085 4734 3163 4785 De
3191 4731 3346 4786 tribu
3364 4728 3658 4799 Nephtali,

2001 4826 2229 4883 Nahabi
2282 4825 2472 4880 ﬁlium
2526 4822 2724 4895 Vapsi.
2766 4823 2846 4876 De
2876 4821 3033 4877 tribu
3083 4818 3228 4883 Gad,
3280 4817 3422 4873 Guel
3464 4816 3659 4871 ﬁlium

2001 4913 2257 4970 Maarchi
2292 4930 2302 4969 :
2332 4914 2460 4968 hmc
2497 4916 2636 4967 sunt
2667 4910 2916 4966 nomina
2970 4908 3260 4974 virorum,
3313 4922 3467 4980 quos
3502 4905 3662 4961 misit

1999 5004 2230 5075 Moyses
2270 5001 2347 5057 ad
2367 4998 2869 5056 considerandam
2894 5002 3110 5053 terram
3147 5012 3158 5051 :
3192 4995 3544 5067 vocavitque
3569 4995 3663 5048 Jo-

2001 5106 2108 5147 sue
2140 5090 2331 5146 ﬁlium
2363 5092 2494 5145 Nun
2528 5104 2539 5144 :
2573 5088 2885 5156 misitergo
2919 5101 3022 5141 eos
3046 5084 3125 5140 ad
3158 5082 3660 5141 considerandam

1999 5182 2217 5235 terram
2263 5178 2569 5241 Chanaan,
2606 5180 2661 5231 et
2707 5174 2853 5230 dixit
2882 5174 2960 5230 ad
3008 5190 3110 5229 eos
3164 5188 3176 5227 :
3220 5172 3526 5227 Ascendite
3556 5184 3662 5241 per

1997 5268 2391 5323 meridianam
2414 5265 2679 5338 plagam.
2708 5266 2975 5335 Cumque
2999 5261 3273 5317 veneritis
3296 5260 3373 5315 ad
3399 5263 3653 5319 montes,

1997 5355 2367 5411 considerate
2397 5360 2633 5418 terram,
2658 5351 2851 5424 qualis
2878 5350 2953 5406 sit
2987 5368 2999 5405 :
3035 5354 3089 5405 et
3118 5349 3411 5421 populum
3438 5345 3541 5417 qui
3564 5344 3663 5398 ha-

1996 5444 2213 5501 bitator
2241 5451 2330 5499 est
2383 5445 2511 5515 ejus
2535 5447 2734 5498 utrum
2758 5441 2921 5496 fortis
2949 5440 3021 5493 sit
3042 5454 3120 5493 an
3142 5437 3416 5492 inﬁrmus
3448 5450 3459 5486 :
3484 5430 3662 5502 pauci

1997 5549 2250 5588 numero
2272 5547 2350 5587 an
2372 5532 2571 5603 plures
2596 5547 2607 5584 :
2632 5530 2765 5602 ipsa
2790 5535 2960 5594 terra,
2984 5527 3147 5582 bona
3170 5540 3245 5579 an
3268 5522 3458 5577 mala:
3483 5515 3661 5603 urbes

1998 5620 2230 5695 quales,
2257 5602 2508 5678 muratm
2536 5633 2615 5676 an
2637 5617 2867 5689 absque
2896 5613 3120 5672 muris:
3148 5611 3394 5675 humus,
3419 5602 3662 5677 pinguis
