4192 6420
1441 28 1618 38 ..υτ-.-
1631 30 1820 38 ...μ-π...
1841 36 1949 38 __.__

546 365 654 420 383

1817 345 2270 406 BHEVIARIUM
2309 348 2706 412 GOTHICUM.

3849 354 3958 410 384

547 501 628 544 an
655 481 1216 550 sterilis,nemorosa
1243 494 1325 536 au
1343 477 1574 551 absque
1587 474 1922 534 arboribus.
1951 471 2193 530 Confor-
2222 477 2267 534 A
2304 473 2538 533 Domini
2565 492 2744 550 super
2762 479 2982 535 tectum
2993 475 3235 535 foederis
3254 475 3480 533 cunctis
3498 475 3636 533 ﬁliis
3658 474 3863 533 Israel.
3897 479 3966 534 Et

549 571 779 635 tamini,
816 572 872 626 et
904 569 1105 625 afferte
1151 567 1328 624 nobis
1369 566 1444 623 de
1487 565 1775 622 fructibus
1792 568 1962 619 terrm
2010 560 2190 618 illius.

551 664 684 717 Erat
704 662 908 716 autem
925 663 1158 728 tempus
1190 655 1350 728 quod
1376 654 1501 728 jam
1524 668 1860 728 praecoqua:
1883 666 2013 708 uvae
2034 648 2194 706 vesci

547 751 826 823 possunt.
847 749 1109 817 Cumque
1128 743 1562 812 ascendissent,
1601 741 2059 814 exploraverunt
2085 741 2192 794 ter-

551 853 683 895 ram
699 852 736 893 a
752 835 984 892 deserto
1006 834 1126 897 Sin,
1151 847 1340 904 usque
1363 830 1571 887 Rohob
1590 828 1936 887 intrantibus
1960 826 2192 883 Emath.

549 923 1067 996 Ascenderuntque
1088 921 1165 978 ad
1179 919 1491 991 meridiem,
1511 919 1922 975 etveneruntin
1942 915 2190 981 Hebron,

551 1014 657 1070 ubi
683 1016 848 1069 erant
875 1010 1165 1067 Achiman
1205 1013 1260 1066 et
1289 1008 1438 1066 Sisai
1481 1012 1536 1064 et
1571 1005 1794 1064 Tolmai
1845 1004 1949 1061 ﬁlii
1986 1003 2147 1059 Enac
2179 1020 2192 1056 :

553 1117 697 1160 nam
710 1100 942 1156 Hebron
957 1103 1180 1171 septem
1195 1097 1371 1154 annis
1389 1100 1523 1153 ante
1543 1095 1751 1152 Tanim
1777 1092 1989 1150 urbem
2029 1093 2198 1163 Egy-

553 1190 638 1262 pti
667 1189 906 1245 condita
931 1194 1032 1244 est.
1063 1189 1494 1259 Pergentesque
1525 1200 1713 1258 usque
1749 1183 1829 1241 ad
1855 1184 2196 1239 Torrentem

552 1276 726 1344 botri,
781 1276 1164 1332 absciderunt
1193 1275 1494 1347 palmitem
1533 1289 1670 1330 cum
1703 1287 1822 1329 uva
1851 1287 1980 1336 sua,
2013 1284 2195 1343 quem

553 1369 938 1437 portaverunt
959 1364 1019 1419 in
1044 1363 1208 1432 virga
1227 1363 1348 1418 duo
1372 1362 1497 1418 viri.
1517 1364 1594 1418 De
1615 1359 1787 1417 malis
1803 1373 2044 1432 quoque
2065 1373 2197 1428 gra-

551 1452 704 1511 natis
728 1457 784 1508 et
811 1452 886 1507 de
913 1450 1038 1506 ﬁcis
1066 1450 1181 1506 loci
1209 1450 1366 1506 illius
1393 1450 1654 1506 tulerunt
1686 1466 1697 1505 :
1732 1448 1836 1521 qui
1866 1445 2195 1520 appellatus

554 1543 640 1597 est
667 1539 829 1596 locus
857 1538 950 1594 ille
975 1537 1380 1608 Neheleschol,
1406 1537 1466 1593 id
1499 1542 1604 1603 est,
1634 1540 1880 1592 Torrens
1908 1535 2084 1603 botri,
2125 1549 2194 1591 eo

553 1627 717 1701 quod
731 1627 971 1683 botrum
989 1627 1126 1682 inde
1149 1629 1486 1698 portassent
1501 1624 1605 1682 ﬁili
1620 1624 1818 1682 Israel.
1840 1624 2195 1695 Reversique

555 1714 951 1786 exploratores
971 1718 1138 1770 terrae
1161 1718 1300 1786 post
1317 1713 1719 1786 quadraginta
1767 1711 1911 1776 dies,
1931 1710 2095 1767 omni
2109 1725 2196 1765 re-

553 1804 726 1874 gione
756 1801 1376 1868 circumita,venerunt
1397 1800 1476 1857 ad
1496 1804 1733 1872 Moysen
1754 1803 2020 1855 etAaron
2046 1797 2195 1854 etad
2226 1827 2272 1882 Β

553 1906 796 1950 omnem
817 1894 1037 1946 emtum
1055 1889 1318 1946 ﬁliorum
1341 1889 1519 1946 Israel
1540 1889 1600 1945 in
1620 1889 1917 1945 desertum
1940 1887 2190 1956 Pharan,

553 1978 719 2052 quod
747 1982 836 2034 est
857 1977 917 2035 in
948 1977 1150 2034 Cades.
1185 1977 1502 2053 Locutique
1539 1981 1676 2033 sunt
1700 1975 1779 2032 ad
1808 1991 1911 2032 eos
1946 1979 2003 2031 et
2028 1973 2194 2030 omni

553 2064 916 2122 multitudini
939 2065 1322 2120 ostenderunt
1346 2064 1573 2121 fructus
1602 2068 1766 2120 terrae
1797 2067 1887 2122 :et
1916 2077 2192 2119 narrave-

553 2157 710 2222 runt,
737 2152 1001 2208 dicentes
1034 2167 1046 2208 :
1095 2152 1370 2209 Venimus
1399 2152 1462 2208 in
1488 2146 1726 2215 terram,
1757 2150 1835 2208 ad
1863 2166 2050 2223 quam
2079 2149 2194 2205 mi-

555 2240 712 2296 sistis
742 2255 872 2308 nos,
902 2256 1036 2312 quae
1061 2255 1267 2297 revera
1293 2239 1426 2297 ﬂuit
1452 2239 1600 2296 lacte
1627 2245 1683 2297 et
1712 2239 1902 2304 melle,
1935 2238 2098 2312 quod
2125 2254 2198 2295 ex

553 2327 645 2384 his
673 2327 960 2384 fructibus
988 2328 1268 2398 cognosci
1296 2333 1526 2400 potest:
1553 2328 1660 2384 sed
1681 2327 1935 2384 cultores
1958 2327 2196 2384 fortissi-

551 2432 687 2476 mos
716 2417 914 2488 habet,
939 2421 996 2472 et
1015 2415 1194 2473 urbes
1225 2415 1503 2487 grandes,
1533 2421 1712 2489 atque
1737 2419 2032 2475 muratas.
2065 2415 2197 2472 Stir-

552 2518 693 2578 pem
712 2505 868 2561 Enac
893 2505 1154 2561 vidimus
1179 2504 1281 2560 ibi.
1309 2504 1548 2562 Amalec
1576 2504 1804 2561 habitat
1827 2504 1890 2558 in
1932 2503 2195 2572 meridie,

553 2595 610 2648 et
633 2591 906 2648 Hethaeus
923 2596 978 2648 et
992 2591 1300 2648 Jebusaeus
1318 2592 1767 2649 etAmorrhaeus
1786 2591 1848 2646 in
1866 2589 2194 2647 montanis:

555 2679 924 2737 Chananteus
936 2695 1074 2736 vero
1086 2684 1350 2736 moratur
1355 2681 1376 2752 j
1389 2686 1528 2737 uxta
1540 2695 1704 2736 mare
1729 2684 1786 2736 et
1807 2679 1962 2738 circa
1973 2678 2197 2734 ﬂuenta

549 2767 578 2842 _J
585 2768 1002 2826 ordanianter
1011 2769 1139 2824 haec
1154 2769 1205 2839 2
1220 2770 1262 2840 ι
1274 2770 1323 2840 7
1336 2769 1516 2827 Caleb
1528 2783 1912 2842 compescens
1925 2781 2198 2825 murmur

551 2856 775 2928 populi,
797 2857 899 2930 qui
927 2855 1218 2913 oriebatur
1245 2864 1451 2914 contra
1472 2860 1730 2930 Moysen,
1760 2856 1840 2913 ait
1863 2874 1874 2913 :
1896 2854 2196 2912 Ascenda-

2301 563 2448 619 dixit
2470 565 2758 622 Dominus
2784 566 2861 623 ad
2881 569 3119 638 Moysen
3143 581 3154 621 :
3184 567 3506 638 Usquequo
3527 564 3790 622 detrahit
3812 564 3962 622 mihi

2299 651 2555 724 populus
2585 654 2695 710 iste
2714 655 2742 710 ?
2755 656 3075 726 Quousque
3092 669 3214 709 non
3231 652 3654 722 credentmihi,
3676 654 3742 709 in
3764 654 3963 710 omni-

2300 739 2416 796 bus
2437 741 2622 811 signis
2651 757 2786 816 qua:
2811 741 2922 798 feci
2965 757 3169 799 coram
3200 742 3284 798 eis
3307 742 3335 798 ?
3363 743 3591 799 Feriam
3633 741 3821 812 igitur
3859 756 3962 798 eos

2302 829 2654 900 pestilentia,
2673 835 2851 903 atque
2868 845 3246 886 consumam:
3271 833 3323 886 te
3341 835 3538 887 autem
3562 829 3787 887 faciam
3802 830 3963 902 prin-

2303 917 2496 989 cipem
2527 933 2705 991 super
2733 922 2971 988 gentem
3005 933 3311 989 magnam,
3345 922 3402 974 et
3439 917 3749 975 fortiorem
3770 933 3959 990 quam

2303 1005 2432 1063 haec
2470 1009 2574 1063 est.
2618 1009 2684 1063 Et
2711 1006 2791 1062 ait
2819 1009 3043 1079 Moyses
3072 1006 3150 1062 ad
3185 1005 3508 1063 Dominum
3541 1023 3552 1062 :
3592 1009 3662 1063 Ut
3702 1005 3959 1063 audiant

2304 1093 2654 1165 Egyptii,de
2673 1110 2932 1167 quorum
2945 1093 3143 1150 medio
3165 1093 3419 1150 eduxisti
3436 1093 3721 1165 populum
3748 1093 3954 1161 istum,

2303 1185 2359 1237 et
2381 1180 2742 1238 habitatores
2772 1187 2940 1239 terra:
2982 1181 3183 1252 hujus,
3214 1181 3319 1254 qui
3351 1181 3669 1237 audierunt
3697 1180 3868 1255 quod
3893 1184 3958 1238 tu

2304 1269 2551 1326 Domine
2579 1269 2638 1325 in
2677 1269 2900 1342 populo
2929 1270 3039 1326 isto
3056 1269 3157 1335 sis,
3176 1273 3232 1325 et
3246 1268 3395 1325 facie
3411 1268 3490 1324 ad
3511 1268 3727 1326 faciem
3747 1267 3957 1324 videa-

2301 1357 2399 1421 ris,
2417 1359 2474 1414 et
2501 1357 2692 1412 nubes
2710 1360 2815 1414 tua
2834 1360 3105 1430 protegat
3136 1357 3290 1423 illos,
3311 1360 3366 1413 et
3385 1355 3446 1412 in
3474 1356 3756 1413 columna
3769 1355 3957 1414 nubis

2303 1445 2609 1518 praecedas
2629 1461 2736 1502 eos
2763 1461 2869 1518 per
2891 1446 3068 1516 diem,
3091 1449 3148 1502 et
3168 1445 3227 1502 in
3245 1445 3528 1502 columna
3543 1444 3697 1515 ignis
3719 1459 3829 1518 per
3845 1460 3957 1502 no-

2303 1538 2456 1590 ctem
2491 1551 2502 1587 :
2540 1534 2704 1606 quod
2737 1535 3024 1590 occideris
3046 1538 3275 1591 tantam
3300 1532 3743 1590 multitudinem
3774 1532 3953 1605 quasi

2301 1635 2491 1678 unum
2513 1622 2837 1688 hominem,
2855 1627 2910 1679 et
2930 1622 3163 1679 dicant:
3193 1625 3320 1680 Non
3334 1621 3956 1694 poteratintroducere

2301 1709 2595 1785 papulum
2620 1711 2797 1768 istum
2828 1712 2890 1766 in
2919 1715 3160 1779 terram,
3188 1726 3296 1782 pro
3327 1725 3450 1782 qua
3473 1710 3783 1780 juraverat
3815 1727 3828 1764 :
3859 1707 3954 1765 id-

2302 1799 2457 1855 circo
2509 1798 2724 1854 occidit
2759 1813 2863 1854 eos
2899 1798 2960 1855 in
2998 1797 3334 1854 solitudine.
3371 1796 3778 1868 Magniﬁcetur
3813 1812 3953 1867 ergo

2301 1885 2584 1942 fortitudo
2604 1885 2839 1942 Domini
2859 1886 3008 1942 sicut
3019 1886 3255 1957 jurasti,
3282 1885 3488 1942 dicens
3511 1901 3521 1938 :
3544 1885 3831 1941 Dominus
3850 1900 3956 1958 pa-

2302 1974 2453 2032 tiens
2482 1977 2538 2030 et
2565 1974 2761 2030 multae
2780 1974 3218 2044 misericordiae,
3243 1973 3520 2030 auferens
3536 1973 3872 2046 iniquitates
3894 1977 3950 2029 et

2302 2061 2710 2132 scelera,nullu
2719 2077 2883 2134 mque
2895 2061 3186 2118 innoxium
3199 2061 3628 2134 derelinquens,
3647 2061 3740 2133 qui
3749 2059 3943 2116 visitas

2301 2157 2546 2222 peccata
2569 2154 2809 2222 patrum
2838 2151 2900 2204 in
2922 2149 3055 2205 ﬁliis
3082 2151 3142 2204 in
3159 2149 3392 2206 tertiam
3406 2157 3461 2205 et
3478 2153 3753 2222 quartam
3773 2162 3940 2219 gene-

2302 2238 2614 2296 rationem.
2645 2238 3414 2309 Dimitte,obsecro,peccata
3435 2237 3643 2312 populi
3664 2237 3840 2308 hujus
3863 2250 3946 2291 se-

2304 2327 2570 2383 cundum
2583 2327 3054 2398 magnitudinem
3073 2325 3495 2384 misericordia
3509 2330 3647 2390 tum,
3662 2324 3809 2380 sicut
3819 2338 3948 2396 pro-

2303 2415 2482 2488 pitius
2494 2414 2652 2470 fuisti
2667 2414 2740 2472 de
2758 2414 3198 2484 egredientibus
3212 2429 3283 2472 ex
3298 2415 3543 2487 Egypto
3579 2428 3767 2488 usque
3784 2412 3850 2470 ad
3867 2410 3947 2470 lo-

2304 2519 2442 2561 cum
2467 2503 2665 2560 istum.
2722 2503 2983 2576 Dixitque
3021 2503 3308 2560 Dominus
3342 2520 3355 2559 :
3387 2502 3595 2559 Dimisi
3627 2501 3948 2558 secundum

2301 2591 2553 2649 verbum
2569 2596 2755 2647 tuum.
2778 2592 2919 2647 Vivo
2931 2606 3064 2661 ego,
3087 2591 3231 2647 dixit
3249 2591 3541 2647 Dominus
3571 2607 3583 2647 :
3605 2595 3660 2647 et
3678 2589 3952 2662 impletur

2304 2679 2490 2752 gloria
2506 2679 2739 2736 Domini
2757 2680 3033 2736 universa
3047 2685 3218 2735 terra.
3238 2680 3512 2736 Attamen
3541 2694 3749 2736 omnes
3768 2677 3954 2736 homi-

2301 2783 2409 2826 nes
2436 2769 2541 2842 qui
2564 2769 2833 2825 viderunt
2861 2769 3238 2838 majestatent
3267 2783 3491 2838 meam,
3530 2771 3585 2824 et
3613 2767 3782 2837 signa
3819 2782 3952 2840 qum

2302 2857 2412 2914 feci
2441 2857 2501 2912 in
2531 2859 2780 2930 Egypto
2807 2864 2862 2912 et
2899 2856 2961 2912 in
2991 2855 3326 2922 solitudine,
3369 2860 3426 2912 et
3455 2859 3821 2913 tentaverunt
3841 2859 3952 2926 {me

548 2960 704 3009 mus,
737 2950 792 3002 et
819 2946 1237 3019 possideamus
1271 2950 1503 3010 terram,
1544 2945 1836 3021 quoniam
1868 2944 2196 3018 poterimus
2297 2945 2426 3016 jam
2455 2961 2561 3017 per
2587 2945 2796 3002 decem
2811 2944 3114 3016 vices,nec
3128 2944 3812 3014 obedieruntvocimem,
3834 2958 3952 3000 non

550 3033 812 3090 obtinere
841 3050 995 3090 eam.
1026 3033 1135 3089 Alii
1160 3050 1300 3090 vero
1325 3035 1431 3107 qui
1477 3034 1710 3090 fuerant
1746 3049 1886 3090 cum
1917 3049 2010 3104 eo,
2041 3032 2196 3089 dice-

2301 3033 2586 3091 videbunt
2623 3035 2862 3090 Terram
2887 3049 3065 3105 quam
3083 3033 3273 3104 juravi
3305 3032 3576 3105 patribus
3602 3045 3952 3098 eorum,nec

550 3119 696 3227 bant
715 3137 728 3179 :
748 3123 1128 3193 Nequaquam
1142 3121 1220 3177 ad
1235 3122 1394 3176 hunc
1410 3122 1693 3193 populum
1711 3121 1973 3177 valemus
1991 3134 2196 3178 ascen-
2229 3171 2270 3227 Ο
2304 3123 2626 3196 quisquam
2647 3137 2719 3177 ex
2749 3121 2859 3177 illis
2876 3121 2978 3194 qui
2995 3120 3250 3177 detraxit
3264 3120 3433 3186 mihi,
3459 3120 3783 3177 intuebitur
3797 3135 3946 3175 eam.

550 3207 856 3280 dere,quia
876 3209 1079 3265 fortior
1102 3208 1275 3265 nobis
1291 3213 1397 3264 est.
1417 3211 1932 3281 Detraxeruntque
1953 3213 2192 3276 terram,

549 3310 732 3367 quam
759 3296 1142 3368 inspexerant
1166 3297 1332 3368 apud
1352 3296 1506 3352 ﬁlios
1529 3297 1708 3352 Israel
1734 3296 1994 3352 dicentes
2027 3312 2038 3352 :
2068 3298 2196 3352 Ter-

547 3399 615 3441 ra
661 3399 846 3456 quam
873 3384 1280 3450 lustravimus,
1311 3384 1560 3441 devorat
1587 3383 1956 3441 habitatores
2001 3400 2146 3440 suos
2176 3402 2193 3455 ;

548 3472 827 3545 populus,
845 3490 1026 3546 quem
1043 3473 1410 3544 aspeximus,
1443 3487 1705 3544 procerae
1723 3476 1960 3529 staturae
1977 3476 2085 3528 est.
2114 3472 2198 3528 lbi

551 3561 809 3618 vidimus
840 3564 1108 3617 monstra
1135 3560 1416 3633 quaedam
1435 3559 1695 3616 ﬁliorum
1720 3562 1878 3616 Enac
1899 3559 1972 3617 de
1986 3576 2198 3631 genere

549 3648 848 3719 giganteo,
880 3648 1102 3719 quibus
1122 3649 1471 3721 comparati,
1495 3649 1668 3720 quasi
1685 3648 1932 3705 locustae
1962 3648 2200 3705 videba-

553 3751 697 3790 mur.
717 3737 897 3806 (Cap.
917 3735 1064 3806 xiv.)
1087 3736 1268 3808 Igitur
1289 3736 1604 3793 vociferans
1617 3736 1803 3792 omnis
1822 3736 1996 3792 turba
2016 3736 2200 3793 ﬂevit-

552 3824 860 3890 nocteilla,
901 3825 1307 3882 etmurmurati
1354 3829 1484 3882 sunt
1511 3829 1713 3882 contra
1741 3828 1978 3898 Moysen
2016 3825 2201 3882 cuncti

551 3910 952 3976 ﬁlii,dicentes
981 3931 992 3972 :
1026 3912 1258 3969 Utinam
1289 3913 1508 3969 mortui
1551 3928 1818 3969 essemus
1855 3934 1866 3966 :
1900 3916 1957 3969 et
1987 3927 2110 3969 non
2139 3912 2199 3968 in

551 3998 666 4056 hac
694 4005 862 4057 vasta
883 4000 1198 4057 solitudine
1221 4004 1234 4056 ι
1270 4001 1499 4058 utinam
1523 4016 1872 4074 pereamus:
1893 4005 2084 4057 etnon
2111 4001 2200 4056 in-

552 4088 858 4145 ducatnos
879 4090 1168 4146 Dominus
1185 4090 1262 4146 ad
1281 4095 1498 4146 terram
1534 4091 1731 4158 istam,
1777 4105 1852 4144 ne
1905 4089 2200 4146 cadamus

550 4176 768 4246 gladio,
792 4182 849 4234 et
871 4193 1084 4234 uxores
1110 4193 1180 4235 ac
1203 4177 1372 4234 liberi
1397 4179 1580 4234 nostri
1612 4178 1909 4234 ducantur
1938 4177 2191 4250 captivi.

551 4268 754 4322 Nonne
783 4266 992 4322 melius
1017 4269 1103 4322 est
1125 4267 1333 4322 reverti
1359 4266 1420 4322 in
1447 4267 1722 4338 zEgytum
1748 4266 1775 4322 ‘I
1798 4266 2202 4338 Dixeruntque

552 4352 698 4408 alter
717 4353 795 4408 ad
815 4353 1096 4409 alterum:
1119 4356 1559 4411 Constituamus
1581 4354 1756 4410 nobis
1778 4355 2014 4420 ducem,
2037 4358 2093 4411 et
2113 4369 2204 4410 re-

553 4441 930 4496 vertamurin
944 4442 1277 4514 zEgyptum.
1299 4444 1424 4508 Quo
1441 4442 1645 4498 audito
1661 4443 1900 4513 Moyses
1917 4447 1974 4498 et
2005 4447 2202 4498 Aaron

2307 3213 2555 3269 Servum
2580 3213 2781 3266 autem
2795 3225 2998 3266 meum
3024 3209 3221 3274 Caleb,
3239 3210 3342 3282 qui
3371 3209 3585 3283 plenus
3599 3207 3716 3266 alio
3745 3207 3950 3280 spiritu

2306 3303 2546 3355 secutus
2577 3302 2663 3354 est
2690 3313 2806 3364 me,
2825 3297 3108 3355 inducam
3120 3297 3182 3354 in
3201 3301 3440 3354 Terram
3456 3297 3830 3369 hanc,quam
3845 3295 3950 3352 cir-

2305 3387 2550 3445 cumivit
2588 3403 2602 3442 :
2638 3390 2696 3442 et
2732 3401 2935 3442 semen
2957 3388 3086 3458 ejus
3111 3386 3446 3459 possidebit
3466 3402 3622 3444 eam.
3648 3398 3715 3458 Βρ.
3745 3387 3948 3442 Amen.

2376 3477 2671 3545 Hymnus.
2713 3475 2936 3532 Christe
2974 3474 3290 3546 immense,
3320 3474 3666 3532 dominator
3713 3477 3941 3533 Sancte.

2303 3563 2419 3634 fol.
2453 3566 2584 3618 214.

2379 3650 2676 3720 Capitula.
2708 3649 2991 3706 Clamoris
3021 3650 3208 3706 nostri
3245 3649 3578 3721 intelligens
3602 3650 3950 3719 orationem,

2307 3739 2563 3795 clariﬁca
2581 3738 2731 3794 lucis
2761 3743 2996 3794 aeternae
3025 3739 3340 3811 praesentia
3370 3753 3551 3795 mane
3574 3739 3688 3796 tibi
3717 3737 3955 3795 adstan-

2308 3827 2456 3884 tium
2477 3831 2613 3884 vota
2646 3844 2660 3893 ;
2694 3826 2932 3899 dieique
2957 3829 3237 3899 perennis
3267 3827 3348 3884 ita
3373 3827 3638 3899 praecipe
3693 3827 3756 3884 in
3787 3825 3954 3883 nobis

2309 3916 2630 3974 candorem
2654 3916 2954 3986 effulgere,
2987 3921 3052 3971 ut
3095 3921 3254 3973 tetras
3291 3917 3481 3973 noctis
3511 3917 3872 3986 crassitudo,
3905 3918 3955 3971 et

2309 4003 2525 4061 erroris
2548 4005 2743 4061 amica
2763 4004 2952 4074 caligo
2966 4004 3260 4074 aufugiat;
3285 4003 3380 4061 Sol
3395 4019 3642 4077 quoque
3663 4021 3835 4062 verus
3853 4017 3956 4059 suo

2307 4109 2420 4150 nos
2441 4092 2608 4149 radio
2632 4091 2942 4148 lustrando
2983 4090 3297 4148 custodiat.

2379 4182 2546 4237 Pater
2574 4185 2798 4236 noster.

2380 4269 2610 4325 Lauda.
2646 4269 2797 4324 Laus
2830 4267 2978 4338 ejus.
3011 4267 3088 4323 Et
3117 4268 3341 4325 Oratio.
3369 4270 3521 4326 Laus
3554 4272 3682 4327 tua.
3715 4267 3954 4341 Require

2305 4357 2414 4427 fol.
2453 4357 2571 4413 181.

2769 4443 2842 4497 In
2873 4443 3144 4500 secundis
3209 4445 3494 4516 Vesperz's.

555 4503 1337 4600 cecideruntpro'ni-terram
1388 4546 1593 4586 coram
1638 4503 2018 4586 multitudine
2061 4530 2205 4586 ﬁlio-
2232 4503 2278 4559 θ
2381 4531 2614 4588 Lauda.
2648 4533 2710 4586 In
2739 4530 3016 4588 noctibus
3057 4503 3327 4590 extollite.
3360 4549 3579 4590 manus
3615 4537 3851 4591 vestras
3897 4531 3956 4588 in

555 4631 689 4673 rum
716 4616 912 4672 Israel.
939 4618 1008 4672 At
1034 4633 1168 4673 vero
1193 4620 1374 4674 Josue
1404 4617 1566 4673 ﬁlius
1590 4621 1721 4674 Nun
1766 4623 1822 4673 et
1845 4617 2014 4674 Caleb
2043 4618 2202 4674 ﬁlius

553 4702 840 4776 Jephone,
895 4705 996 4776 qui
1028 4710 1082 4762 et
1121 4706 1231 4778 ipsi
1269 4705 1663 4762 lustraverant
1705 4710 1946 4768 terram,
1979 4705 2204 4763 scinde-

553 4797 693 4848 runt
754 4794 1106 4851 vestimenta
1159 4809 1290 4860 sua,
1355 4801 1410 4850 et
1467 4793 1545 4850 ad
1606 4809 1850 4850 omnem
1879 4793 2202 4851 multitudi-

556 4896 694 4936 nem
723 4881 982 4938 tiliorum
1012 4882 1193 4939 Israel
1219 4882 1401 4939 locuti
1433 4886 1573 4938 sunt
1604 4899 1618 4938 :
1652 4885 1848 4949 Terra,
1880 4899 2064 4955 quam
2097 4883 2205 4939 cir-

557 4968 871 5035 cuivimus,
902 4969 1076 5026 valde
1095 4970 1259 5028 bona
1274 4974 1366 5028 est
1394 4988 1406 5026 :
1436 4971 1481 5026 si
1499 4970 1794 5042 propitius
1811 4970 1982 5028 fuerit
2011 4972 2208 5028 Domi-

556 5071 692 5122 nus,
726 5056 965 5114 inducet
991 5074 1102 5115 nos
1117 5059 1178 5114 in
1196 5063 1428 5128 eam,et
1455 5058 1650 5115 tradet
1691 5059 1948 5116 humum
1975 5060 2124 5116 lacte
2154 5065 2210 5117 et

557 5143 731 5200 melle
761 5151 1127 5202 manantem.
1160 5147 1342 5204 Nolite
1361 5145 1610 5203 rebelles
1642 5162 1771 5202 esse
1795 5152 2003 5204 contra
2017 5149 2209 5206 Domi-

555 5247 704 5288 num
737 5249 750 5287 :
784 5248 977 5305 neque
1012 5233 1265 5290 timeatis
1295 5234 1589 5306 populum
1614 5238 1786 5290 terrae
1826 5235 2028 5306 hujus,
2060 5237 2207 5308 quia

557 5322 704 5378 sicut
729 5337 946 5394 panem
978 5323 1060 5378 ita
1085 5326 1144 5378 et
1167 5338 1488 5393 possumus
1509 5339 1645 5378 eum
1671 5323 1957 5381 devorare
1991 5341 2208 5382 :reces-

557 5413 633 5468 sit
659 5411 738 5468 ab
768 5411 880 5466 illis
904 5427 1090 5468 omne
1131 5412 1478 5483 praesidium
1511 5430 1528 5466 ι
1557 5413 1848 5469 Dominus
1896 5413 2209 5474 vobiscum

554 5499 848 5567 est,nolite
863 5498 1280 5572 timere.Cumq
1289 5516 1359 5556 ue
1374 5500 1649 5558 clamaret
1661 5500 1858 5558 omnis
1873 5503 2205 5582 multitudo,

554 5596 611 5662 et
648 5589 950 5668 lapidibus
982 5604 1087 5652 eos
1129 5588 1302 5648 vellet
1326 5589 1685 5686 opprimere,
1715 5591 1996 5672 apparuit
2019 5593 2210 5672 gloria

2310 4625 2540 4684 sancta,
2598 4623 2654 4675 et
2707 4618 2982 4676 benedite
3032 4621 3372 4678 Dominum.
3425 4621 3488 4681 tif.
3526 4623 3644 4688 Qui
3692 4621 3860 4679 statis
3900 4619 3960 4676 in

2311 4709 2494 4766 domo
2524 4707 2778 4775 Domini,
2807 4707 2869 4764 in
2895 4708 3054 4764 atriis
3092 4709 3310 4766 domus
3332 4711 3431 4766 Dei
3462 4711 3674 4767 nostri.

2384 4797 2615 4854 Oratio.
2664 4799 2728 4852 In
2756 4795 3026 4852 noctibus
3056 4813 3273 4855 manus
3294 4803 3530 4855 nostras
3551 4798 3635 4855 ad
3665 4801 3719 4855 te
3743 4795 3959 4856 extolli-

2313 4902 2447 4943 mus
2468 4884 2798 4954 Domine,ut
2821 4900 2932 4941 nos
2953 4885 3015 4941 in
3027 4886 3285 4943 Ecclesia
3305 4890 3406 4943 tua
3418 4887 3568 4944 ﬁxos
3593 4891 3861 4951 statuas;
3891 4899 3957 4942 ac

2313 4975 2460 5031 dum
2475 4972 2884 5029 mundialibus
2901 4975 3305 5046 imprimimur
3321 4974 3812 5041 sarcinis,nostra
3829 4973 3953 5031 lau-

2314 5062 2443 5120 dari
2472 5066 2528 5118 te
2557 5061 2792 5118 actione
2823 5061 3136 5119 concedas.
3172 5075 3241 5134 B'.
3263 5067 3475 5120 Amen.

2385 5149 2737 5219 Antiphona.
2752 5149 3018 5206 Miserere
3031 5151 3223 5217 nobis,
3236 5152 3388 5208 Deus
3403 5167 3645 5222 magne,
3671 5148 3956 5218 terribilis,

2316 5239 2417 5312 qui
2433 5238 2696 5294 custodis
2712 5242 2974 5310 pactum,
2989 5245 3044 5296 et
3058 5239 3530 5297 misericordiam
3545 5239 3961 5296 invocantibus

2316 5328 2466 5394 te,P.
2512 5330 2576 5382 Et
2606 5326 3080 5384 custodientibus
3118 5328 3406 5385 mandata
3439 5333 3563 5384 tua.
3603 5328 3667 5388 ἲν.
3704 5331 3850 5384 Ecce
3880 5325 3958 5380 sic

2315 5416 2696 5472 benedicetur
2715 5415 2919 5482 homo,
2938 5417 3042 5488 qui
3061 5415 3228 5473 timet
3255 5416 3595 5472 Dominum.
3619 5416 3680 5470 P.
3701 5418 3965 5471 Etcusto—

2317 5503 2638 5560 dientibus.
2678 5503 2855 5575 218
2897 5503 2958 5565 ﬁ.
3010 5503 3226 5570 Gloria,
3262 5508 3318 5560 et
3345 5503 3559 5562 honor.
3591 5505 3648 5559 P.
3681 5507 3747 5560 Et
3779 5505 3965 5560 cust0°

2317 5589 2640 5646 dientibus.
2920 5587 2923 5592 ’
3042 5587 3044 5590 ’

2317 5589 2640 5651 dientibus.
2920 5587 2923 5592 ’
3042 5587 3044 5590 ’
