4192 6410
183 340 288 394 385

253 461 548 517 Dominus
578 461 649 516 sit
679 477 940 534 semper.
983 475 1044 533 Ην,
1071 465 1137 520 Et
1174 480 1339 521 cum.

252 549 478 606 Lauda.
509 550 721 606 Revela
733 551 938 607 oculos
959 567 1157 609 meos:
1180 553 1642 610 etconsiderabo
1661 553 1840 610 mira-

187 637 332 695 bilia
353 638 430 694 de
459 638 588 709 lege
621 642 736 696 tua.
786 640 984 697 Incola
1010 656 1121 712 ego
1155 659 1279 698 sum
1329 643 1389 699 in
1421 647 1590 700 terra.
1648 645 1722 700 P.
1761 645 1839 698 Ne

189 727 532 784 abscondas
549 744 582 785 a
609 744 704 784 me
721 729 1008 787 mandata
1025 734 1144 787 tua.
1160 731 1202 792 ἲν
1223 731 1498 788 Retribue
1519 747 1692 788 servo
1715 736 1835 797 tuo,

188 815 385 872 vivam
421 832 432 871 :
466 821 522 873 et
542 817 876 873 custodiam
928 835 1236 877 sermones
1295 824 1449 878 tuos.
1484 823 1544 875 P.
1597 824 1676 876 Ne
1706 819 1840 876 abs-

188 903 432 962 condas.
467 905 527 965 t’.
573 906 786 974 Gloria,
821 913 878 966 et
915 909 1127 966 honor.

868 1016 1151 1087 Hymnus.

399 1120 624 1184 Quarto
655 1119 752 1176 die
779 1120 907 1191 jam
957 1122 1199 1179 foetidus

323 1207 520 1263 Vitam
547 1209 771 1280 recepit
820 1213 1091 1276 Lazarus,

324 1297 643 1368 Mortisque
669 1297 821 1354 liber
844 1298 1094 1355 vinculis

322 1386 543 1442 Factus
577 1393 876 1458 superstes
926 1393 1015 1445 est
1063 1384 1194 1446 sibi.

389 1475 574 1532 Rivos
603 1477 834 1532 cruoris
887 1478 1090 1534 torridi

319 1565 615 1622 Contacta
659 1566 842 1622 vestis
889 1567 1160 1633 obstruit,

319 1652 492 1709 Fletu
545 1653 780 1724 rigante
834 1656 1126 1728 supplicis

314 1742 751 1799 Arentﬂuenta
793 1745 1102 1813 sanguinis
1117 1787 1130 1801 .

389 1831 673 1887 Solutum
700 1832 867 1888 omni
897 1837 1133 1905 torpore

310 1920 506 1976 Jussit
529 1926 774 1993 repente
794 1937 1038 1992 surgere
1073 1940 1084 1978 :

311 2009 443 2066 Suis
487 2009 752 2066 vicissim
785 2012 1089 2082 gressibus

312 2099 494 2168 [Eger
518 2098 776 2154 vehebat
829 2099 1133 2157 lectulum.

381 2188 516 2243 Deo
540 2186 693 2243 Patri
724 2187 798 2244 sit
833 2188 1047 2254 Gloria,

309 2275 585 2347 Ejusque
618 2275 726 2332 soli
756 2276 916 2340 Filio,

310 2366 471 2422 Cum
501 2363 721 2435 Spiritu
748 2364 1066 2436 Paraclito,

310 2455 510 2517 Nunc,
536 2456 592 2507 et
622 2467 728 2524 per
766 2468 944 2509 omne
991 2453 1304 2511 saeculum.
1336 2456 1545 2514 Amen.

240 2557 641 2628 Supplicatio.
675 2560 925 2615 Oremus
965 2561 1440 2633 Redemptorem.

245 2665 558 2736 Capitula.
585 2666 626 2722 Ο
649 2664 807 2721 bone
828 2665 989 2730 Jesu,
1021 2666 1319 2732 amabilis,
1347 2672 1402 2724 et
1459 2667 1832 2726 admirabilis

176 2757 395 2820 auctor,
461 2753 665 2826 accipe
687 2753 1052 2810 sacriﬁcium
1104 2771 1414 2812 servorum
1458 2761 1734 2814 tuorum:
1779 2760 1836 2814 et

176 2843 274 2915 qui
305 2843 604 2915 praetitisti
632 2846 867 2913 Lazaro,
892 2848 956 2900 ut
994 2844 1245 2900 audiens
1268 2861 1481 2902 vocem
1512 2850 1676 2903 tuam
1709 2863 1834 2903 sur-

176 2936 416 3001 geretex
430 2933 748 3004 sepulchro
767 2950 778 2987 :
799 2938 1018 3005 praesta
1031 2933 1363 3001 nobis,utet
1377 2935 1585 2992 auditu
1599 2937 1832 3008 capien-

177 3025 255 3076 tes
287 3021 552 3090 interno,
601 3037 1009 3093 resurgamus,
1054 3038 1162 3094 per
1203 3024 1458 3094 gratiam
1513 3040 1549 3081 a
1590 3027 1832 3098 proprio

174 3109 407 3166 sceleris
439 3111 627 3167 nostri
645 3110 944 3183 profundo
970 3129 982 3166 :
1013 3127 1354 3184 quovocem
1375 3114 1486 3185 piae
1518 3114 1823 3180 orationis,

175 3215 293 3271 qua
305 3217 413 3255 nos
432 3204 491 3256 te
518 3216 763 3257 exorare
785 3200 1044 3257 docuisti
1069 3202 1128 3258 in
1153 3203 1496 3271 terris,sicut
1522 3220 1655 3262 eam
1670 3220 1831 3261 nunc

176 3303 378 3344 coram
396 3292 453 3344 te
465 3287 816 3346 ﬁducialiter
837 3291 1421 3362 prompserimus,ita
1434 3309 1676 3366 quoque
1695 3293 1829 3350 effe-

178 3376 555 3449 ctumipsius
594 3378 892 3448 petitionis
943 3383 1053 3436 ate
1111 3382 1447 3454 percepisse
1495 3397 1605 3438 nos
1632 3387 1831 3452 gratu-

176 3462 388 3521 lemur.

247 3555 424 3611 Pater
475 3559 695 3613 noster.

248 3643 568 3701 Humiliate
593 3661 703 3702 vos
733 3646 1149 3703 benedictioni.

244 3731 548 3787 Dominus
572 3734 644 3789 sit
669 3748 923 3805 semper.
959 3747 1022 3804 13:.
1049 3738 1116 3791 Et
1157 3752 1298 3791 cum
1327 3738 1537 3808 spiritu
1567 3742 1687 3796 tuo.

243 3837 616 3893 Benedictio.
643 3839 814 3893 Jesus
845 3839 1108 3895 Christus
1149 3841 1307 3896 ﬁlius
1332 3843 1455 3910 Dei,
1479 3845 1583 3914 qui
1615 3847 1837 3902 mortu-

172 3938 281 3978 um
310 3924 606 3980 Lazarum
627 3925 756 3980 vitae
789 3925 1044 3981 reddidit
1090 3927 1358 3998 pristinae
1393 3931 1555 4000 :ipse
1603 3948 1713 3988 nos
1735 3948 1840 3989 nos

173 4025 262 4066 vas
281 4009 426 4066 vitae
445 4011 917 4068 sanctiﬁcatione
961 4013 1295 4084 perlustret.
1323 4027 1386 4085 [ιτ.
1409 4020 1616 4073 Amen.
1663 4020 1840 4092 thui

169 4098 343 4156 illum
363 4100 577 4157 solutis
605 4117 898 4158 manuum
920 4119 987 4159 ac
1000 4103 1225 4175 pedum
1243 4105 1498 4161 nexibus
1517 4105 1680 4162 abire
1694 4123 1844 4179 prae-

172 4187 366 4262 cepit:
395 4189 549 4263 ipse,
570 4195 898 4247 vestrorum
927 4193 1290 4264 compedum
1311 4194 1571 4251 resoluto
1608 4195 1842 4267 ligami-

175 4294 271 4345 ne,
296 4278 475 4334 rectis
504 4295 612 4335 vos
634 4295 870 4352 semper
902 4282 1123 4338 semitis
1176 4281 1356 4340 faciat
1407 4283 1740 4343 ambulare.
1777 4297 1840 4356 ην.

181 4371 390 4423 Amen.
427 4367 657 4439 Quique
688 4384 795 4441 per
819 4373 994 4426 tantae
1033 4369 1116 4426 rei
1147 4371 1527 4439 miraculum,
1560 4373 1843 4430 manifes-

185 4460 308 4513 tam
338 4455 479 4513 fecit
507 4457 747 4530 populis
779 4457 1032 4530 gloriam
1071 4476 1278 4516 suam:
1306 4460 1432 4533 ipse
1457 4462 1846 4522 vosintrodu—

189 4549 284 4602 cat
303 4545 384 4603 ad
414 4546 637 4616 gaudia
660 4547 1042 4620 sempiterna.
1090 4560 1152 4619 av.
1181 4553 1394 4607 Amen.

262 4636 368 4690 Per
395 4633 872 4692 misericordiam
922 4635 1130 4708 ipsius.

264 4721 558 4780 Dominus
577 4722 650 4780 sit
680 4739 916 4797 semper
946 4724 1282 4783 vobiscum.
1317 4737 1378 4796 ἢ.
1420 4728 1485 4783 Et
1514 4741 1652 4784 cum
1682 4729 1849 4802 spiri-

197 4813 255 4868 tu
277 4815 398 4869 tuo.

264 4900 491 4959 Lauda.
546 4899 831 4958 Mirabilia
888 4903 1221 4959 testimonia
1260 4906 1380 4970 tua,
1430 4905 1718 4962 Domine:
1771 4908 1843 4964 P.

195 4985 327 5047 Ideo
351 4992 620 5047 scrutata
646 4993 732 5046 est
762 4990 966 5046 anima
999 5007 1152 5047 mea.
1177 4989 1241 5050 37.
1275 4992 1596 5050 Declaratio
1628 5011 1846 5052 sermo-

192 5089 332 5136 num
358 5085 604 5136 tuorum
620 5078 921 5136 illuminat
943 5097 1038 5136 me
1074 5097 1084 5135 :
1106 5085 1161 5136 et
1187 5080 1549 5140 intellectum
1582 5084 1686 5142 dat
1709 5102 1846 5158 par-

193 5165 360 5224 vulis.
399 5169 479 5226 P.
515 5168 652 5225 Ideo
676 5173 958 5225 scrutata.
994 5168 1052 5229 tr.
1116 5169 1314 5227 Gloria
1343 5177 1399 5228 et
1423 5172 1634 5230 honor.

255 5257 473 5316 Oratio.
504 5259 867 5325 Scrutantes,
893 5257 1161 5324 Domine,
1191 5259 1671 5320 testimoniorum
1718 5268 1842 5321 tuo»

189 5358 318 5404 rum
339 5347 658 5414 mirabilia,
696 5347 1153 5404 illuminationis
1193 5353 1305 5404 tuae
1353 5350 1714 5409 intellectum
1745 5353 1846 5410 de-

195 5432 348 5494 clara
368 5455 381 5494 :
404 5437 621 5508 quique
636 5440 840 5508 aperto
861 5453 960 5492 ore
983 5434 1220 5492 vitalem
1253 5437 1525 5509 spiritum
1558 5442 1845 5499 traximus

197 5525 247 5578 et
271 5525 691 5596 pinguedinem
717 5526 908 5582 sancti
943 5524 1225 5582 Sacriﬁcii
1249 5527 1507 5597 saginati
1538 5536 1846 5588 ructamus

200 5608 256 5666 in
278 5613 487 5673 timore
521 5628 759 5686 semper
778 5613 1153 5688 eloquiorum
1213 5616 1450 5675 tuorum
1500 5634 1845 5681 crescamus

1341 340 1689 399 DOMINICA
1729 335 1804 395 III
1845 337 2450 407 ΟΗΑΒΡιΑῦΕΞΙΜλΕ.

1869 464 1916 518 Α
1952 466 2130 536 atque
2142 464 2383 535 gloriam
2399 467 2675 538 aspectus
2690 464 2772 519 tui
2787 463 3126 520 ostensione
3140 466 3394 536 paciﬁca
3405 467 3606 524 videa-

3498 345 3604 399 386

1951 567 2103 607 mus.
2125 564 2187 622 ἢ.
2217 555 2424 608 Amen.

2017 642 2161 696 Atia
2183 642 2413 698 Lauda.
2447 646 2498 696 2.
2528 639 2615 695 Ab
2638 639 2896 696 omnivia
2910 639 3092 698 mala.
3122 642 3194 696 P.
3225 641 3476 698 Prohibe
3498 658 3605 715 pe-

1948 730 2132 801 pedes
2146 746 2329 794 meos,
2341 730 2586 786 Domine
2601 747 2615 783 :
2631 728 3011 794 inQuomodo
3025 729 3403 800 dilexilegem
3417 737 3600 802 tuam,

1951 817 2199 873 Domine
2221 819 2248 872 ?
2278 823 2398 875 tota
2418 819 2512 874 die
2543 818 2852 875 meditatio
2898 833 3033 873 mea
3080 821 3184 872 est.
3218 819 3291 875 P.
3333 819 3600 873 Prohibe.

2021 906 2244 962 Oratio.
2278 907 2367 963 Ab
2397 907 2670 964 omnivia
2685 906 2847 963 mala
2868 906 3122 978 prohibe
3143 907 3328 978 pedes
3347 912 3604 969 nostros,

1952 996 2197 1052 Domine
2230 1014 2242 1052 :
2278 995 2655 1068 Verbumque
2690 1000 2859 1051 tuum
2885 1000 3010 1052 tota
3058 1011 3366 1051 servemus
3421 999 3605 1051 atten-

1950 1084 2106 1140 tione
2131 1103 2143 1153 ;
2165 1087 2351 1156 atque
2368 1102 2404 1140 a
2430 1085 2590 1141 malo
2617 1085 2912 1148 recedere,
2942 1087 2998 1140 et
3026 1084 3130 1140 tibi
3154 1099 3267 1140 nos
3314 1083 3606 1156 perpetim

1950 1173 2134 1229 facias
2156 1173 2548 1245 complacere.
2599 1186 2660 1243 Bg.
2708 1178 2918 1230 Amen.

2019 1261 2229 1317 Lauda
2250 1267 2308 1317 3.
2335 1261 2620 1318 Fundasti
2637 1267 2874 1327 terram,
2909 1266 2964 1318 et
2984 1265 3315 1334 permanet.
3364 1261 3607 1317 Ordina-

1951 1349 2107 1406 tione
2130 1353 2231 1406 tua
2254 1355 2637 1421 perseverant
2658 1351 2778 1406 dies
2808 1369 2820 1406 :
2848 1350 2915 1406 P.
2939 1351 3239 1416 Quoniam
3259 1349 3464 1406 omnia
3482 1364 3597 1405 ser-

1949 1439 2252 1494 viunttibi.
2280 1439 2340 1498 V.
2359 1442 2416 1495 In
2433 1444 2722 1495 aeternum
2748 1439 2998 1496 Domine
3030 1438 3604 1512 permanetverbum

1949 1530 2119 1583 tuum
2143 1529 2204 1582 in
2235 1529 2405 1585 coelo.
2425 1528 2484 1581 P.
2521 1529 2815 1593 Quoniam
2838 1529 3060 1584 omnia.

2021 1616 2244 1672 Oratio.
2270 1620 2330 1671 In
2358 1621 2642 1671 aeternum
2678 1617 2920 1672 Domine
2954 1617 3210 1672 Verbum
3235 1621 3405 1673 tuum
3439 1615 3605 1689 quod

1949 1709 2248 1775 permanet
2272 1705 2331 1759 in
2364 1703 2533 1767 coelo,
2570 1704 2629 1760 in
2654 1704 2929 1761 Ecclesiae
2958 1709 3073 1761 tuae
3104 1721 3340 1777 semper
3371 1705 3604 1760 inhabi-

1871 1812 1912 1866 Β
1950 1799 2027 1849 tet
2047 1793 2310 1865 templo:
2349 1798 2410 1848 ut
2438 1792 2852 1848 inhabitatoris
2894 1793 3216 1866 praesentia
3241 1791 3604 1849 habitaculis

1948 1882 2020 1938 sit
2045 1881 2280 1938 claritas
2308 1881 2627 1937 indefessa.
2662 1893 2723 1951 ni.
2773 1883 2980 1937 Amen.

2016 1971 2221 2026 Lauda
2247 1973 2296 2024 4.
2325 1971 2636 2035 Quomodo
2674 1970 2849 2025 dilexi
2868 1970 3062 2041 legem
3085 1974 3250 2025 tuam
3309 1967 3555 2023 Domine
3576 1968 3604 2022 ‘I

1946 2058 2007 2111 P.
2035 2061 2176 2114 Tota
2196 2058 2293 2114 die
2321 2057 2630 2114 meditatio
2661 2075 2799 2115 mea
2823 2062 2938 2114 est.
2978 2058 3038 2118 ἲν.
3079 2060 3267 2129 Super
3324 2056 3602 2111 inimicos

1946 2163 2111 2203 meos
2131 2147 2480 2219 prudentem
2507 2163 2603 2203 me
2633 2146 2820 2203 fecisti
2847 2146 3135 2203 mandato
3160 2150 3297 2202 tuo:
3365 2144 3509 2217 quia
3540 2145 3602 2200 in

1944 2238 2233 2291 aeternum
2265 2235 2412 2290 mihi
2456 2239 2559 2290 est.
2609 2238 2668 2289 P.
2702 2237 2844 2290 Tota
2873 2234 2990 2290 die.

2018 2325 2323 2381 0ratio.Da
2345 2323 2907 2391 nobis,Domine,sic
2921 2323 3163 2395 diligere
3189 2323 3564 2394 legemtuam
3587 2339 3600 2388 ;

1943 2417 2007 2468 ut
2064 2429 2200 2469 eam
2230 2413 2452 2484 jugiter
2501 2413 2858 2469 meditemur
2907 2414 2969 2468 in
3027 2412 3225 2478 corde,
3249 2416 3305 2468 et
3358 2415 3602 2484 accepto

1942 2501 2047 2558 tibi
2077 2502 2460 2574 perﬁciamur
2477 2504 2538 2558 in
2576 2518 2774 2574 opere.
2803 2513 2869 2574 Βρ.
2902 2506 3114 2560 Amen.

2013 2592 2158 2650 Alia
2187 2591 2393 2648 Lauda
2411 2593 2466 2647 5.
2497 2595 2701 2648 Manus
2730 2596 2845 2648 tuae
2901 2591 3165 2648 fecerunt
3205 2605 3323 2655 me,
3349 2594 3405 2647 et
3449 2590 3604 2663 plas-

1943 2687 2260 2738 maverunt
2287 2697 2380 2738 me
2415 2683 2511 2737 :P.
2544 2683 2629 2737 Da
2646 2681 3183 2737 mihiintellectum.
3231 2681 3489 2743 Domine,
3535 2680 3596 2739 tr.

1945 2771 2055 2837 Qui
2086 2771 2292 2827 timent
2311 2776 2362 2827 te
2382 2770 2670 2826 videbunt
2695 2785 2808 2833 me,
2843 2775 2898 2826 et
2919 2769 3282 2826 laetabuntur
3318 2789 3330 2828 :
3365 2769 3510 2841 quia
3535 2768 3597 2824 in

1941 2860 2245 2916 verbotuo
2277 2859 2527 2931 speravi.
2559 2861 2620 2912 P.
2648 2860 2733 2914 Da
2762 2857 2930 2913 mihi.

2015 2949 2232 3004 Oratio.
2267 2948 2355 3003 Ad
2386 2953 2441 3004 te
2471 2946 2722 3003 Domine
2756 2947 2964 3003 oculos
3004 2949 3245 3002 nostros
3275 2945 3597 3016 erigimus;

1941 3038 2084 3110 quia
2101 3052 2355 3092 manum
2388 3041 2626 3092 tuarum
2656 3035 2973 3091 artiﬁcium
3007 3050 3214 3090 sumus
3250 3053 3261 3088 :
3304 3034 3383 3090 da
3423 3034 3600 3090 nobis

1861 3161 1902 3218 α
1940 3127 2302 3218 intellectum
2338 3125 2605 3218 discendi
2641 3124 3074 3218 mandata-tua
3106 3141 3118 3190 ;
3154 3129 3208 3180 et
3238 3124 3511 3218 timentes
3549 3128 3602 3218 te

1941 3217 2101 3289 reple
2141 3215 2344 3272 laetitia
2377 3215 2612 3271 :veniat
2638 3215 2699 3269 in
2759 3213 3221 3270 consolationem
3273 3213 3462 3269 nostri
3496 3213 3602 3269 mi-

1942 3305 2384 3362 sericordiatua
2412 3321 2423 3370 ;
2462 3305 2638 3375 219
2670 3318 2806 3375 quas
2841 3306 3023 3359 noset
3061 3318 3098 3359 a
3123 3301 3298 3358 malis
3322 3300 3603 3356 omnibus

1941 3400 2126 3461 eruat,
2157 3398 2484 3466 etoperum
2509 3391 2865 3462 dignitatem
2910 3390 3014 3447 tibi
3050 3390 3286 3463 placere
3323 3388 3596 3448 edoceat.

1941 3497 2002 3557 1y.
2017 3487 2225 3541 Amen.

2015 3573 2221 3631 Lauda
2245 3577 2295 3629 6.
2313 3572 2424 3638 Qui
2441 3571 2650 3628 timent
2679 3574 2731 3627 te
2756 3568 3051 3626 videbunt
3069 3583 3186 3635 me,
3219 3571 3275 3624 et
3311 3566 3602 3623 laetabun-

1945 3669 2039 3721 tur
2069 3662 2334 3727 :P.Quia
2362 3661 2424 3716 in
2480 3661 2666 3717 verbo
2702 3663 2827 3727 tuo,
2862 3659 3132 3728 Domine,
3182 3672 3291 3727 ego
3345 3656 3604 3729 speravi.

1945 3754 2005 3813 V.
2035 3750 2296 3821 Cognovi
2328 3749 2596 3816 Domine,
2630 3749 2773 3822 quia
2809 3748 3059 3821 aequitas
3110 3747 3336 3819 judicia
3362 3752 3463 3802 tua
3495 3763 3507 3800 :
3544 3746 3606 3803 et

1947 3841 2008 3896 in
2031 3839 2272 3896 veritate
2303 3843 2406 3894 tua
2421 3837 2768 3893 humiliasli.
2813 3838 2875 3890 P.
2911 3836 3061 3901 Quia
3091 3836 3152 3892 in
3192 3835 3396 3891 verbo.

2021 3929 2241 3984 Oratio.
2275 3926 2676 3982 Praestanobis
2694 3924 2942 3980 Domine
2977 3923 3342 3980 intellectum
3377 3923 3604 3978 discen-

1951 4017 2010 4073 di
2031 4015 2320 4072 mandata
2351 4019 2450 4070 tua
2481 4031 2496 4067 :
2529 4017 2750 4070 instrue
2777 4028 2889 4068 nos
2917 4011 3291 4068 meditatione
3338 4011 3604 4073 assidua,

1953 4110 2018 4162 ut
2046 4104 2119 4161 ab
2142 4102 2309 4160 omni
2351 4102 2545 4158 ofﬁcio
2590 4116 2702 4157 nos
2730 4116 2852 4156 non
2890 4100 3154 4156 retrahat
3186 4099 3452 4168 desidia;
3501 4098 3610 4154 sed

1956 4193 2032 4250 ad
2055 4190 2493 4248 consolandum
2507 4193 2735 4245 nostua
2757 4187 2857 4244 ﬁat
2872 4186 3298 4244 misericordia.
3317 4197 3380 4256 ηε.
3397 4187 3607 4241 Amen.

2028 4285 2132 4338 Per
2159 4278 2649 4336 misericordiam.

2027 4373 2250 4428 Preces.
2282 4371 2510 4439 Averte,
2540 4367 2807 4431 Domine,
2830 4366 2984 4423 iram
3015 4369 3171 4421 tuam
3225 4381 3261 4422 a
3301 4364 3495 4421 nobis.
3530 4365 3609 4420 Et

1957 4463 2178 4519 Oratio.
2212 4464 2420 4517 Averte
2458 4457 2700 4516 Domine
2726 4455 2940 4514 faciem
2995 4460 3182 4513 tuam.
3253 4454 3462 4522 Quaere
3492 4454 3608 4524 fol.

1958 4557 2078 4611 130.

2548 4651 2708 4693 FERlA
2740 4651 3010 4693 SECUNDA.

2523 4727 2621 4782 Ad
2649 4725 3042 4782 Matutinum.

2027 4818 2399 4888 Antiphona.
2429 4818 2512 4871 Tu
2537 4819 2738 4871 autem
2791 4812 3062 4869 Domine.
3101 4809 3368 4867 Psatmus
3417 4824 3499 4864 ui.
3531 4808 3612 4866 Et

1961 4910 2179 4966 Oratio.
2209 4906 2484 4973 Quamvis
2520 4904 2789 4960 Domine.
2837 4903 2950 4972 fol.
2990 4904 3107 4957 141.

2027 4996 2394 5067 Antiphona.
2415 4994 2634 5050 Delicta
2647 4993 2752 5064 qui
2766 4991 2930 5048 solus
2949 4988 3248 5059 intelligis,
3284 5004 3321 5045 a
3348 4988 3610 5061 peccatis

1955 5086 2174 5144 nostris
2205 5084 2433 5141 munda
2474 5097 2609 5148 nos,
2643 5081 2910 5136 Domine.
2950 5079 3213 5135 Psalmus
3236 5093 3392 5132 xvm.

2028 5176 2247 5232 Oratio.
2282 5172 2365 5229 Ab
2390 5171 2635 5229 occultis
2682 5169 2900 5226 nostris
2927 5167 3158 5224 munda
3195 5181 3307 5223 nos
3362 5163 3611 5220 Domine

1953 5264 2272 5337 purgando
2306 5261 2752 5324 conscientiam,
2791 5275 2926 5331 quas
2953 5256 3196 5313 internis
3236 5271 3306 5312 ac
3352 5252 3610 5326 propriis

1953 5353 2212 5410 inﬁcitur
2242 5351 2494 5408 maculis
2526 5366 2537 5406 :
2580 5349 2658 5405 ab
2704 5347 2912 5404 alienis
2933 5361 3169 5419 quoque
3213 5359 3392 5416 parce
3420 5340 3606 5395 servis

1956 5443 2091 5510 tuis,
2119 5447 2184 5498 ut
2215 5457 2284 5498 ea
2305 5439 2641 5508 indulgeas,
2675 5453 2810 5510 quae
2844 5435 2938 5491 vel
2978 5435 3274 5491 malorum
3325 5426 3609 5496 exemplis

1955 5531 2344 5594 addiscimus,
2357 5529 2451 5587 vel
2463 5529 2662 5600 parvis
2678 5526 2873 5583 inlecti
2905 5520 3394 5597 persuasionibus
3406 5523 3610 5610 perpe-

1956 5625 2215 5680 tramus:
2236 5624 2300 5678 ut
2327 5619 2432 5692 qui
2449 5622 2502 5676 te
2519 5615 2828 5690 proprium
2846 5612 3234 5685 agnoscimus
3259 5607 3604 5666 Dominum,
