4192 6440
899 19 922 26 -ιι
947 20 1316 32 ——-——-—_
1333 20 1858 30 -m—n-——-—&—,
1881 28 1900 29 η
1955 28 1958 29 ,

490 347 596 411 387

1761 333 2213 403 BREVIARIUM
2253 333 2643 395 GOTHICUM.

3791 335 3900 393 388

485 481 860 552 peccatorum
888 489 1276 546 nequaquam
1305 473 1631 530 sentiamus
1659 472 1904 529 ulterius
1947 468 2135 526 domi-
2164 468 2208 520 A
2251 551 2254 552 ν
2314 463 2379 516 Et
2408 460 2820 552 derelinquam
2842 462 3086 552 vineam
3138 473 3338 552 meam
3365 461 3422 552 et
3453 471 3592 552 .non
3649 459 3902 552 putabi-

486 572 715 622 natum.
741 565 802 624 if.
836 568 1042 619 Amen.

557 654 665 709 Per
694 649 1189 707 misericordiam.

556 741 903 808 Antiphona
921 743 973 793 2.
1011 737 1234 793 Exaudi
1263 751 1374 792 nos
1397 735 1459 791 in
1488 735 1604 800 die,
1631 749 1754 808 qua
1783 734 2132 791 invocamus

492 834 566 894 te,
587 828 858 894 Domine,
881 829 1036 883 Deus
1069 831 1287 882 noster.
1317 825 1590 880 Psatmus
1617 840 1739 881 xix.

561 918 792 972 Oratio.
819 914 1000 986 lmple
1031 914 1278 970 Domine
1290 927 1500 968 omnes
1520 911 1831 984 petitiones
1855 913 2087 966 nostras
2112 926 2126 975 ;

487 1020 559 1062 ac
583 1004 747 1060 mitte
789 1003 962 1059 nobis
1021 1001 1306 1058 auxilium
1334 1000 1407 1056 de
1437 1004 1678 1055 sancto:
1729 1013 1962 1054 memor
2004 1001 2128 1053 esto

489 1092 684 1149 omnis
713 1089 984 1146 sacrificii
1011 1089 1217 1155 nostri,
1264 1088 1425 1160 quod
1446 1087 1548 1143 tibi
1569 1101 1691 1143 non
1721 1085 1917 1142 solum
1966 1085 2129 1141 obla-

488 1180 666 1244 tione,
700 1179 803 1232 sed
834 1178 1005 1232 etiam
1045 1177 1309 1233 oratione
1359 1179 1538 1247 atque
1581 1173 1898 1232 afﬂictione
1965 1173 2128 1228 dica-

489 1283 644 1331 mus,
666 1269 854 1322 utnos
869 1265 972 1321 tibi
996 1264 1251 1320 humiles
1269 1278 1506 1336 semper
1533 1262 1734 1334 facias,
1773 1267 1830 1318 et
1849 1261 2128 1318 contritos

489 1353 800 1412 adtendas.
833 1365 897 1424 at.
950 1358 1157 1409 Amen.

557 1444 666 1500 Per
692 1441 1184 1498 misericordiam.

554 1532 894 1600 Antiphona
933 1534 985 1584 3.
1023 1528 1112 1584 Ad
1176 1527 1584 1584 defensionem
1615 1531 1900 1594 nostram,
1951 1527 2128 1597 Deus,

486 1619 733 1691 respice.
767 1619 1033 1674 Psalmus
1051 1632 1169 1672 xxx.

557 1707 779 1763 Oratio.
808 1706 897 1762 Ad
923 1704 1334 1761 defensionem
1380 1707 1666 1767 nostram,
1695 1701 1942 1759 Domine
1975 1703 2129 1758 Deus

2242 551 2354 613 tur,
2380 564 2574 621 neque
2611 550 2866 606 fodiatur
2909 567 2923 605 :
2956 550 2976 571 *
3019 554 3076 604 et
3104 546 3429 603 ascendant
3449 545 3510 600 in
3547 560 3687 602 eam
3750 547 3908 607 sicut

2237 636 2300 692 in
2321 653 2523 705 agrum
2553 638 2844 694 incultum
2871 637 3059 709 spinas
3101 653 3114 690 :
3151 639 3205 691 et
3246 633 3512 693 nubibus
3576 635 3898 694 mandabo

2235 739 2311 781 ne
2341 724 2549 795 pluant
2573 741 2754 798 super
2807 741 2941 782 eam
2977 723 3267 798 pluviam.

2307 812 2488 869 Vinea
2503 813 2663 870 enim
2694 813 2930 870 Domini
2953 812 3260 870 Sabbaoth
3307 809 3528 867 domus
3549 815 3642 868 est
3662 811 3849 870 lsrael
3878 829 3892 868 :

2237 901 2257 921 ⁶
2283 904 2340 956 et
2357 901 2540 958 homo
2568 902 2748 975 Juda,
2801 901 3105 959 novellum
3136 900 3420 956 dilectum
3453 919 3466 955 :

2307 989 2566 1044 Sustinui
2594 995 2658 1046 ut
2699 990 2918 1046 faceret
2965 988 3283 1060 judicium,
3314 989 3330 1004 '
3363 987 3496 1042 fecit
3553 992 3757 1044 autem
3783 989 3892 1044 ini-

2236 1075 2514 1145 quitatem
2532 1093 2545 1141 ;
2565 1081 2620 1133 et
2636 1093 2755 1134 non
2764 1075 3191 1147 justitiam,sed
3209 1074 3553 1130 clamorem.
3577 1086 3640 1143 It.
3671 1077 3886 1132 Amen.

2309 1165 2532 1220 Oratio.
2554 1166 2820 1220 Domine.
2845 1165 2949 1236 qui
2973 1162 3354 1219 israeliticam
3368 1161 3608 1218 vineam
3630 1179 3741 1235 pro
3774 1165 3896 1220 fru-

2236 1251 2426 1306 ctibus
2453 1251 3036 1324 repulistispinarum
3063 1267 3075 1316 ;
3101 1249 3328 1322 ampliat
3352 1249 3531 1321 220
3563 1251 3895 1307 Ecclesiam

2236 1343 2443 1394 tuuam
2464 1339 2745 1396 iulatione
2766 1339 3085 1396 virtutum:
3107 1342 3168 1394 ut
3188 1339 3468 1406 maceria,
3491 1338 3707 1410 quailli
3726 1339 3898 1396 dete-

2237 1429 2314 1484 cti
2336 1433 2489 1494 sunt,
2508 1433 3058 1500 praeceptorumnos
3077 1426 3346 1483 ambias:
3383 1432 3441 1482 et
3481 1427 3891 1499 turrimregni,

2236 1515 2610 1586 torcularque
2632 1516 2850 1582 altaris,
2884 1515 3052 1588 quod
3098 1513 3210 1570 illis
3236 1513 3551 1584 imminuis,
3582 1515 3756 1571 nobis
3777 1517 3893 1571 im-

2236 1605 2455 1678 pertias
2485 1625 2497 1665 :
2533 1609 2617 1669 ut,
2643 1605 2831 1661 imbre
2848 1605 3100 1660 nubium
3130 1604 3190 1659 in
3205 1602 3474 1675 pulviam
3489 1608 3684 1675 rupta,
3718 1606 3892 1661 ﬂam-

2237 1709 2473 1749 marum
2489 1694 2718 1750 debitas
2746 1709 2951 1764 vepres
3006 1707 3127 1748 non
3169 1691 3600 1756 exhibeamus;
3636 1693 3744 1748 sed
3774 1693 3898 1749 fru-

485 1800 684 1852 noster
707 1794 1022 1864 dignanter
1041 1793 1300 1864 respice;
1355 1792 1517 1863 eripe
1562 1791 1850 1848 aframea
1895 1791 2125 1848 animas
2166 1807 2206 1862 Β
2235 1797 2338 1852 ges
2353 1779 3070 1850 ccelestesbenignusetin
3087 1778 3261 1837 nobis
3313 1779 3562 1844 nutrias,
3598 1783 3654 1836 et
3697 1795 3770 1836 ex
3793 1797 3897 1838 no-

485 1890 752 1942 nostras:
789 1889 845 1939 et
868 1899 943 1938 ne
970 1882 1241 1938 doctrina
1269 1897 1590 1952 pascamur
1617 1879 1812 1946 lmtali,
1865 1885 1966 1936 tuo
2013 1894 2125 1934 nos

485 1973 775 2030 tutamine
790 1986 955 2041 rege;
985 1969 1281 2041 simulque
1314 1969 1388 2024 de
1415 1985 1515 2024 ore
1545 1969 1752 2032 leonis,
1784 1982 1992 2040 rapere
2015 1982 2126 2023 nos

485 2060 797 2132 cupientis,
829 2059 1014 2114 libera
1041 2075 1057 2112 :
1084 2061 1139 2114 et
1159 2057 1236 2113 ob
1259 2057 1532 2114 latrantis
1581 2056 1896 2129 perfidiam
1939 2055 2122 2117 canis,

483 2149 751 2222 pervigili
775 2148 1064 2217 contuitu,
1113 2145 1337 2202 solicita
1365 2160 1478 2202 nos
1542 2150 1786 2218 protege
1827 2159 1990 2202 cura.
2058 2155 2122 2213 at.

481 2241 690 2295 Amen.

557 2327 668 2383 Per
699 2323 1188 2381 misericordiam.

552 2426 617 2485 ly.
654 2415 710 2472 Si
765 2413 1090 2469 dixerimus
1136 2411 1240 2482 qui
1275 2412 1591 2482 peccatum
1638 2424 1761 2466 non
1788 2408 2121 2477 habemus;

483 2519 596 2560 nos
638 2504 804 2574 ipsos
840 2500 1194 2564 seducimus,
1218 2503 1274 2554 et
1307 2499 1524 2554 veritas
1547 2499 1608 2554 in
1657 2497 1828 2554 nobis
1853 2512 1976 2552 non
2011 2500 2120 2553 est.

484 2591 639 2659 Quia
670 2590 718 2645 si
752 2587 1001 2645 confessi
1026 2587 1313 2642 fuerimus
1332 2586 1546 2642 delicta
1583 2590 1828 2650 nostra;
1856 2585 2046 2640 fidelis
2071 2589 2126 2640 et

481 2681 618 2753 pius
643 2682 749 2735 est.
782 2678 839 2732 P.
873 2677 983 2742 Qui
1011 2675 1187 2732 nobis
1216 2678 1463 2746 peccata
1492 2674 1768 2740 dimittat,
1809 2672 2130 2753 etmundet

480 2747 594 2826 nos
622 2768 700 2824 ab
746 2765 910 2824 omni
963 2763 1292 2836 iniquitate.
1325 2761 1386 2823 ἢν.
1413 2765 1546 2818 Haec
1599 2761 1792 2818 scribo
1837 2761 2032 2825 vobis,
2065 2747 2130 2818 ut

481 2871 603 2911 non
625 2854 898 2927 peccetis.
936 2851 1049 2910 Sed
1071 2855 1127 2907 et
1151 2852 1201 2907 si
1223 2851 1352 2922 quis
1381 2852 1729 2923 peccaverit,
1765 2851 2128 2909 advocatum

482 2944 777 3000 habemus
798 2941 962 3016 apud
1005 2943 1259 3008 Patrem,
1317 2942 1518 2996 Jesum
1568 2941 1884 2998 Christum.
1921 2942 1984 2997 P.
2018 2939 2129 3006 Qui

485 3031 680 3089 nobis.

1081 3116 1154 3172 In
1191 3114 1518 3174 Laudibus.

553 3207 924 3278 Antiphona.
958 3205 1228 3260 Miserere
1251 3204 1387 3269 mei,
1429 3205 1604 3273 Deus,
1635 3202 1968 3260 secundum
1996 3217 2126 3262 ma-

484 3304 668 3361 gnam
699 3284 1170 3344 misericordiam
1197 3289 1377 3339 tuam.
1417 3284 1683 3339 Psalmus
1712 3299 1770 3339 ιι.

551 3377 782 3434 Oratio.
818 3375 1080 3430 Miserere
1109 3369 1570 3440 nobiszDominc
1623 3368 1957 3426 secundum
2004 3386 2120 3426 ma-

481 3481 655 3538 gnam
678 3461 1146 3519 misericordiam
1175 3463 1343 3514 tuam
1376 3476 1388 3515 :
1430 3462 1495 3513 ut
1522 3457 1682 3513 unde
1721 3474 1831 3514 nos
1894 3458 2128 3515 erubes-

482 3555 695 3620 cimus,
717 3557 783 3608 tu
812 3548 1125 3618 indulgeas
1150 3563 1163 3602 :
1195 3549 1254 3602 et
1276 3561 1367 3614 ea,
1417 3561 1552 3616 quas
1581 3546 1774 3616 egisse
1792 3562 1902 3604 nos
1933 3548 2126 3620 poeni-

482 3646 582 3710 tet,
605 3647 668 3697 tu
698 3640 1015 3695 clementer
1041 3637 1344 3705 ignoscas.
1399 3646 1459 3704 Rt.
1487 3638 1697 3694 Amen.

551 3734 659 3786 Per
688 3725 1182 3784 misericordiam.

553 3818 646 3872 Ad
661 3817 995 3875 Canticum.
1026 3812 1380 3883 Antiphona.
1415 3811 1680 3869 Cantabo
1698 3813 1944 3871 Domino
1961 3830 2120 3871 nunc

481 3906 697 3964 dilecto
723 3905 1019 3962 canticum
1051 3901 1278 3958 dilectae
1307 3901 1496 3958 vineas
1549 3916 1718 3959 mets.
1762 3902 1946 3960 Vinea
1963 3903 2122 3962 facta

479 4001 568 4054 est
595 3994 806 4052 dilecto
829 3993 890 4049 in
906 3993 1037 4048 loco
1063 3990 1250 4046 uberi.

871 4081 1185 4138 Canticum
1223 4079 1412 4136 Esaia
1441 4079 1597 4150 (Cap.
1645 4078 1728 4150 v).

551 4170 813 4231 Cantabo
830 4185 990 4228 nunc
1042 4168 1256 4225 dilecto
1302 4166 1886 4224 canticum'dilectaa
1929 4168 2118 4224 vineas

478 4281 648 4323 mete.

553 4353 732 4407 Vinea
758 4349 917 4405 facta
946 4345 1262 4404 estdilecto
1290 4345 1352 4402 in
1373 4359 1581 4414 cornu,
1607 4350 1664 4402 et
1689 4345 1752 4402 in
1769 4345 1903 4402 loco
1929 4345 2114 4402 uberi.

481 4444 548 4497 Et
601 4437 861 4495 maceria
904 4433 1294 4500 circumdedi,
1335 4433 1708 4504 circumfodi,
1747 4439 1805 4490 et
1855 4433 2121 4506 plantavi

473 4529 708 4586 vineam
728 4525 951 4582 Sorelh.

549 4621 614 4674 Et
641 4613 929 4673 aediﬁcavi
990 4616 1210 4668 turrem
1251 4610 1314 4666 in
1344 4610 1543 4668 medio
1575 4611 1720 4681 ejus,
1769 4615 1827 4667 et
1864 4610 2119 4668 torcular

475 4707 599 4765 fodi
618 4707 678 4762 in
705 4721 775 4761 ea
805 4721 819 4760 :
849 4705 865 4720 '
895 4705 951 4758 et
980 4699 1229 4757 sustinui
1277 4702 1345 4755 ut
1384 4698 1602 4755 faceret
1660 4714 1826 4768 uvas,
1854 4699 1989 4755 fecit
2012 4714 2110 4756 au-

474 4803 595 4854 tem
620 4794 849 4868 spinas.

548 4887 613 4939 Et
637 4898 796 4938 nunc
816 4881 1000 4936 homo
1019 4881 1045 4934 J
1053 4878 1189 4949 uda,
1206 4881 1263 4933 et
1288 4875 1391 4948 qui
1416 4875 1698 4933 habitatis
1725 4875 2110 4944 Hierusalem,

473 4971 736 5044 judicate
759 4970 909 5024 inter
938 4981 1034 5022 me
1071 4970 1130 5022 et
1167 4965 1407 5022 vineam
1434 4980 1652 5022 meam.

549 5057 702 5124 Quid
730 5052 1156 5122 faciamvineaa
1185 5069 1352 5117 meas,
1381 5053 1544 5123 quod
1569 5053 1769 5110 adhuc
1811 5053 1864 5110 ei
1898 5067 2022 5108 non
2039 5051 2116 5108 fe-

477 5147 659 5206 cerim
677 5146 706 5202 ?
732 5145 750 5162 '
781 5158 969 5217 quam
993 5141 1246 5199 sustinui
1271 5145 1335 5198 ut
1356 5140 1577 5198 faceret
1624 5157 1792 5209 uvas,
1851 5139 1990 5196 fecit
2009 5155 2115 5197 au-

478 5241 598 5292 tem
629 5233 860 5306 spinas.

550 5327 620 5379 Et
650 5337 811 5378 nunc
832 5333 967 5376 ecce
992 5333 1099 5389 ego
1134 5315 1437 5372 annuncio
1462 5314 1633 5371 vobis
1663 5330 1797 5386 quas
1854 5313 2118 5373 facturus

480 5429 616 5469 sum
646 5411 834 5466 vineae
864 5423 1013 5462 mea;
1053 5407 1109 5461 ξ’
1166 5403 1434 5461 auferam
1484 5405 1809 5459 maceriam
1857 5404 2003 5474 ejus,
2065 5408 2122 5461 et

478 5503 589 5560 erit
608 5502 669 5558 in
695 5497 1126 5570 direptionem:
1155 5497 1212 5549 et
1249 5492 1558 5550 destruam
1589 5493 1843 5565 parietes
1883 5493 2037 5565 ejus,
2064 5497 2122 5552 et

476 5591 584 5651 erit
612 5590 675 5648 in
693 5584 1226 5649 conculcaticncm.

2232 1870 2324 1925 bis
2353 1869 2630 1940 accipias.
2656 1881 2717 1939 Βι.
2750 1875 2958 1924 Amen.

2305 1958 2759 2013 AdBenedictus.
2818 1957 3171 2028 Antiphona.
3223 1955 3431 2012 Emitte
3481 1954 3679 2012 lucem
3720 1959 3884 2012 tuam

2233 2047 2478 2102 Domine
2503 2050 2559 2100 et
2590 2046 2889 2101 veritatem
2915 2050 3078 2102 tuam
3113 2063 3124 2100 :
3159 2045 3223 2103 Ψ.
3254 2046 3392 2116 Ipsa
3464 2060 3558 2100 me
3617 2043 3876 2100 deduxe-

2231 2140 2388 2201 runt,
2429 2139 2486 2190 et
2509 2134 2888 2190 adduxerunt
2910 2134 2971 2190 in
2991 2137 3259 2190 montem
3289 2136 3570 2190 sanctum
3601 2135 3793 2203 tuum,
3825 2136 3880 2188 et

2231 2222 2290 2278 in
2314 2221 2770 2278 tabernaculum
2795 2227 2985 2277 tuum.

2303 2311 2630 2367 Canticum.
2681 2311 3025 2366 Benedictus
3047 2326 3108 2366 es
3139 2310 3408 2367 Domine.
3431 2311 3545 2381 fol.
3580 2313 3632 2367 6.

2304 2400 2528 2456 Lauda.
2550 2403 2613 2455 ln
2629 2400 2927 2473 cymbalis
2945 2400 3099 2456 bene
3119 2400 3501 2462 sonantibus,
3517 2399 3576 2454 in
3595 2398 3889 2472 cymbalis

2229 2487 2698 2558 jubilationum:
2751 2487 2945 2544 omnis
3015 2487 3256 2560 spiritus
3311 2487 3518 2544 laudet
3547 2487 3888 2544 Dominum.

2305 2577 2571 2631 Psalmus
2601 2592 2684 2632 CL.

2409 2664 2609 2721 Lectio
2631 2665 2776 2720 libri
2830 2665 3273 2721 Deuteronomii
3303 2666 3706 2736 (Cap.xxxiv).

2305 2762 2368 2820 av.
2402 2752 2522 2807 Deo
2551 2753 2793 2821 gratias.

2304 2841 2368 2895 In
2380 2839 2490 2896 illis
2509 2840 2724 2896 diebus
2750 2857 2762 2896 :
2791 2840 3073 2897 Ascendit
3096 2842 3327 2912 Moyses
3357 2841 3430 2897 de
3451 2841 3890 2912 campestribus

2235 2929 2401 2985 Moab
2425 2944 2604 3000 super
2624 2932 2888 2985 montem
2903 2928 3086 2997 Nebo,
3101 2928 3164 2984 in
3188 2929 3465 2985 verticem
3489 2928 3720 2998 Phasga
3745 2945 3891 2986 oon-

2235 3017 2570 3073 traJericho
2587 3033 2599 3070 :
2616 3016 2992 3089 ostenditque
3009 3017 3059 3072 ei
3085 3016 3375 3073 Dominus
3389 3032 3631 3073 omnem
3652 3021 3887 3073 terram

2237 3103 2460 3161 Galaad
2475 3121 2586 3176 usq
2595 3119 2664 3160 ue
2683 3105 2832 3172 Dan,
2847 3110 2905 3160 et
2920 3105 3264 3160 universum
3278 3105 3611 3176 Nephtalim
3622 3111 3892 3174 ,terram-

2235 3208 2352 3264 que
2378 3192 2658 3264 Ephraim
2679 3197 2737 3249 et
2764 3195 3050 3256 Manasse,
3081 3198 3138 3250 et
3161 3209 3405 3250 omnem
3438 3199 3656 3250 terram
3686 3209 3885 3265 usque

2235 3281 2313 3337 ad
2333 3297 2497 3338 mare
2511 3281 2924 3348 novissimum,
2943 3287 2995 3338 et
3008 3282 3328 3338 australem
3387 3287 3644 3355 partem,
3677 3287 3736 3339 et
3755 3281 3886 3338 lati-

2235 3369 2502 3426 tudinem
2523 3371 2717 3439 campi
2740 3369 2968 3426 Jericho
2995 3371 3242 3426 civitatis
3291 3370 3626 3442 palmarum
3691 3385 3890 3442 usque

2233 3458 2431 3527 Segor.
2461 3458 2731 3529 Dixitque
2761 3458 3050 3514 Dominus
3099 3459 3177 3514 ad
3215 3475 3353 3514 eum
3386 3476 3398 3514 :
3433 3461 3568 3514 Haec
3590 3464 3679 3514 est
3708 3464 3889 3524 terra,

2232 3562 2341 3618 pro
2361 3562 2482 3617 qua
2503 3547 2701 3616 juravi
2740 3545 3060 3611 Abraham,
3088 3545 3280 3612 Isaac,
3303 3551 3359 3603 et
3387 3546 3596 3608 Jacob.
3639 3547 3854 3602 dicens
3879 3563 3891 3602 :

2235 3635 2453 3691 Semini
2475 3640 2575 3690 tuo
2595 3634 2756 3690 dabo
2773 3650 2926 3690 eam.
2946 3634 3155 3691 Vidisti
3171 3651 3303 3692 eam
3319 3635 3508 3692 oculis
3529 3636 3661 3700 luis,
3681 3640 3738 3692 et
3763 3651 3896 3693 non

2234 3723 2508 3779 transibis
2535 3723 2612 3779 ad
2638 3722 2825 3780 illam.
2881 3725 3261 3795 Mortuusque
3291 3729 3380 3780 est
3401 3727 3635 3795 Moyses
3675 3740 3894 3780 servus

2230 3811 2484 3882 Domini,
2512 3811 2574 3867 in
2607 3815 2758 3868 terra
2779 3811 2966 3876 Moab,
2992 3811 3238 3882 jubente
3279 3813 3570 3869 Domino:
3617 3812 3892 3886 sepelivit

2232 3916 2368 3956 eum
2393 3901 2450 3956 in
2492 3899 2638 3956 valle
2665 3905 2830 3956 terrae
2879 3899 3070 3969 Moab,
3094 3903 3301 3956 contra
3325 3899 3559 3969 Phogor
3591 3920 3603 3958 :
3639 3905 3697 3956 et
3759 3915 3891 3958 non

2227 3987 2701 4059 cognovithomo
2731 3986 3071 4060 sepulcrum
3118 3987 3248 4058 ejus
3285 4003 3479 4060 usque
3507 3988 3569 4043 in
3611 4003 3890 4060 praesen-

2227 4080 2346 4134 tem
2376 4077 2556 4133 diem.
2585 4079 2810 4148 Moyses
2827 4081 3062 4132 centum
3095 4081 3151 4133 et
3179 4076 3383 4145 viginti
3409 4092 3711 4134 annorum
3756 4082 3895 4140 erat

2227 4166 2474 4239 quando
2494 4170 2767 4222 mortuus
2791 4169 2911 4222 est:
2936 4180 3058 4222 non
3085 4165 3360 4235 caligavit
3377 4165 3750 4236 oculus,ejus
3770 4183 3892 4224 nec

2228 4253 3517 4324 dentesilliuscommotisunt.Fleveruntque
3556 4252 3725 4308 illum
3779 4252 3894 4310 ﬁlii

2229 4342 2406 4398 Israel
2435 4342 2496 4399 in
2548 4342 2984 4414 campestribus
3039 4342 3216 4398 Moab
3271 4341 3474 4412 viginti
3525 4341 3740 4398 diebus
3777 4359 3788 4399 :
3832 4347 3896 4401 et

2230 4431 2504 4503 completi
2524 4436 2664 4487 sunt
2687 4431 2812 4486 dies
2826 4430 3100 4502 planctus
3121 4430 3452 4500 lugentium
3481 4430 3750 4502 Moysen.
3782 4433 3892 4488 Jo-

2232 4535 2337 4575 sue
2352 4535 2488 4575 vero
2500 4519 2655 4574 filius
2668 4522 2708 4575 N
2718 4535 2798 4575 un
2807 4519 3066 4591 repletus
3081 4523 3167 4575 est
3178 4519 3381 4590 spiritu
3401 4519 3897 4592 sapientiae,quia

2229 4609 2458 4679 Moyses
2488 4607 2688 4679 posuit
2719 4623 2896 4680 super
2933 4623 3071 4663 eum
3101 4623 3319 4662 manus
3349 4623 3510 4663 suae.
3545 4610 3611 4663 Et
3636 4607 3891 4664 obedie-

2227 4700 2366 4753 runt
2391 4695 2438 4751 ei
2463 4696 2564 4752 ﬁlii
2587 4695 2785 4764 Israel,
2802 4696 3182 4768 feceruntque
3200 4695 3350 4751 sicut
3376 4701 3743 4768 praeceperat
3769 4699 3891 4753 Do-

2225 4788 2429 4842 minus
2448 4785 2648 4856 Moysi.
2667 4788 2731 4840 Et
2749 4799 2869 4840 non
2885 4785 3134 4839 surrexit
3153 4784 3445 4855 propheta
3459 4784 3615 4840 ultra
3627 4784 3688 4839 in
3701 4784 3894 4843 Israel

2226 4874 2376 4930 sicut
2391 4876 2637 4946 Moyses,
2659 4889 2839 4945 quem
2853 4873 3354 4929 nossetDominus
3367 4871 3516 4929 facie
3539 4872 3617 4929 ad
3633 4872 3889 4947 faciem,

2223 4962 2287 5018 in
2311 4962 2593 5018 omnibus
2623 4961 2807 5030 signis
2860 4966 3038 5032 atque
3077 4960 3388 5032 portentis,
3423 4976 3558 5033 quae.
3589 4962 3753 5018 misit
3775 4978 3893 5035 per

2226 5056 2469 5118 eum,ut
2497 5050 2714 5107 iaceret
2739 5049 2799 5104 in
2823 5052 3075 5121 Egypto
3125 5048 3448 5114 Pharaoni,
3475 5053 3533 5106 et
3587 5050 3891 5109 omnibus

2228 5140 2431 5204 servis,
2465 5138 2876 5210 universaque
2917 5143 3082 5194 terrae
3122 5137 3299 5203 illius,
3324 5141 3380 5193 et
3429 5142 3712 5194 cunctam
3760 5156 3895 5198 ma—

2225 5243 2374 5285 num
2394 5225 2724 5291 robustam,
2778 5241 3122 5298 magnaque
3176 5222 3496 5291 mirabilia,
3553 5241 3692 5298 quae
3746 5227 3897 5286 fecit

2226 5319 2454 5388 Moyses
2487 5329 2688 5370 coram
2726 5315 2998 5370 universo
3022 5313 3218 5370 lsrael.
3249 5324 3312 5383 ιφ.
3341 5314 3551 5370 Amen.

2296 5405 2586 5472 Hymnus.
2618 5401 2908 5472 Fulgentis
2951 5406 3175 5457 auctor.
3202 5402 3319 5470 fol.
3359 5405 3444 5456 96.

2303 5492 2602 5561 Capitula.
2636 5491 2839 5547 Emitte
2864 5492 3260 5559 lucemtuam,
3291 5494 3345 5546 et
3369 5491 3678 5548 veritatem
3715 5497 3898 5554 tuam

2231 5579 2483 5640 Domine
2495 5577 3248 5652 Deusnoster,utsplendor
3277 5577 3606 5639 divinitatis
3639 5586 3759 5640 tuae
3789 5600 3895 5646 ca-
