4192 6426
556 337 654 394 391

1827 337 2275 398 BREVIARIUM
2315 339 2702 397 GOTHICUM.

3845 339 3953 396 392

555 461 1285 534 Dominum,utquomodo
1297 478 1408 534 ego
1423 465 1532 522 feci
1544 466 1858 523 vobiscum
1869 465 2196 523 misericor-
2224 466 2270 521 A
2306 465 2433 537 spei
2454 464 2767 521 succedere
2788 480 2802 528 ;
2825 466 2881 521 et
2896 461 3189 536 parilitate
3205 460 3442 529 horum,
3467 462 3692 517 aeterna
3706 476 3849 518 cum
3869 461 3955 520 eis

554 546 829 618 diam,ita
859 553 918 606 et
933 565 1043 607 vos
1086 549 1316 607 faciatis
1332 567 1470 609 cum
1487 553 1670 612 domo
1691 555 1873 627 patris
1902 554 2018 610 mei
2052 573 2064 612 :
2095 552 2194 610 de-

553 634 748 708 tisque
762 636 908 693 mihi
933 637 1250 708 signum,et
1282 639 1518 698 salvetis
1544 646 1776 714 patrem
1797 657 1988 698 meum
2002 645 2193 698 etma-

552 725 929 796 trem,fratres
945 742 1015 784 ac
1030 743 1262 784 sorores
1279 734 1533 796 meas,et
1548 731 1753 788 omnia
1772 746 1909 804 quaa
1926 746 2190 787 meorum

553 817 710 878 sunt,
742 817 800 870 et
824 815 1043 872 eruatis
1071 817 1304 874 animas
1332 822 1566 876 nostras
1592 818 1666 876 de
1718 823 1926 876 morte.
1960 819 2071 886 Qui
2097 835 2188 876 re-

552 900 922 971 sponderunt
949 918 960 957 :
981 904 1196 960 Anima
1215 910 1417 962 nostra
1432 905 1503 961 sit
1518 921 1626 978 pro
1643 906 1810 962 vobis
1826 907 1902 963 ad
1917 912 2182 972 mortem,

551 985 599 1042 si
618 1001 738 1042 non
762 991 962 1044 tamen
983 990 1314 1061 prodideris
1326 1007 1437 1048 nos
1465 1007 1751 1064 :cumque
1767 993 2061 1050 tradiderit
2075 1009 2184 1049 no-

548 1072 642 1129 bis
667 1076 950 1132 Dominus
967 1079 1418 1148 terram,faciem
1429 1096 1492 1136 us
1504 1081 1564 1136 in
1579 1085 1631 1137 te
1646 1079 2115 1138 misericordiam
2129 1085 2185 1138 et

547 1163 1122 1223 veritatem.Demisit
1147 1183 1286 1240 ergo
1303 1185 1404 1224 eos
1430 1184 1533 1240 per
1559 1169 1762 1225 funem
1784 1169 1859 1225 de
1879 1170 2136 1226 fenestra
2164 1185 2176 1226 :

546 1248 762 1306 domus
792 1253 952 1308 enim
976 1256 1104 1325 ejus
1130 1255 1394 1313 hmrebat
1422 1272 1614 1314 muro.
1647 1258 1913 1328 Dixitque
1942 1258 2019 1314 ad
2041 1273 2175 1314 eos:

541 1337 630 1393 Ad
656 1343 942 1398 montana
970 1344 1449 1411 conscendite,ne
1473 1345 1618 1402 forte
1651 1350 1967 1403 occurrant
2008 1346 2179 1403 vobis

543 1431 893 1484 revertentes
921 1446 934 1485 :
965 1430 1166 1503 ibique
1186 1432 1404 1489 latitate
1423 1433 1635 1490 diebus
1658 1435 1860 1500 tribus,
1886 1435 2075 1491 donec
2092 1451 2178 1492 re-

541 1513 740 1581 deant,
764 1521 818 1572 et
849 1517 932 1573 sic
961 1517 1121 1574 ibitis
1148 1535 1255 1592 per
1284 1521 1440 1577 viam
1464 1527 1747 1580 vestram.
1775 1523 1885 1588 Qui
1900 1522 2181 1581 dixerunt

541 1603 619 1658 ad
639 1617 774 1660 eam
795 1624 806 1664 :
832 1607 1060 1662 Innoxii
1081 1608 1302 1664 erimus
1323 1624 1357 1665 a
1371 1609 1712 1680 juramento
1732 1610 1989 1684 hoc,qud
2009 1611 2106 1682 adj
2118 1628 2179 1668 u-

539 1693 681 1748 rasti
700 1708 812 1750 nos
838 1711 850 1748 :
879 1695 925 1750 si
947 1695 1417 1765 ingredientibus
1441 1699 1615 1756 nobis
1656 1705 1892 1767 terram,
1936 1699 2176 1771 signum

2303 553 2658 610 exultatione
2683 553 2962 624 gaudere.
2991 549 3361 620 Respondeat
3386 549 3616 605 chorus.
3648 553 3863 610 Amen.

2372 642 2480 696 Per
2507 641 2974 698 misericordiam
3006 646 3172 696 tuam
3203 639 3355 694 Deus
3383 641 3607 703 noster,
3635 642 3748 695 etc.

2369 728 2732 799 Antiphona.
2765 732 2816 784 2.
2853 730 3166 800 Sperantes
3194 727 3255 782 in
3268 726 3519 783 Domino
3535 727 3950 786 misericordia

2298 813 2706 871 circumdabit.
2737 815 3007 872 Psalmus
3033 830 3198 871 χχχι.

2369 903 2590 960 Oratio.
2615 905 2858 960 Remitte
2873 903 3122 960 Domine
3139 902 3504 975 impietatem
3516 902 3716 960 cordis
3727 904 3939 970 nostri,

2294 1005 2402 1062 pro
2415 1008 2535 1064 qua
2552 997 2606 1048 te
2616 993 2811 1049 omnis
2826 994 3076 1050 Sanctus
3089 992 3146 1048 in
3162 997 3427 1063 tempore
3439 995 3783 1064 opportuno
3808 1007 3948 1049 exo-

2291 1083 2419 1148 rat;
2451 1085 2628 1152 atque
2646 1079 3008 1136 intellectum
3036 1079 3223 1135 tribue
3247 1078 3424 1135 nobis
3449 1094 3556 1150 per
3575 1079 3944 1151 operationis

2290 1168 2661 1239 suffragium,
2684 1169 2847 1242 quod
2868 1185 3212 1242 precamur:
3233 1170 3527 1226 etinstrue
3547 1184 3661 1226 nos
3677 1169 3741 1226 in
3757 1169 3942 1242 hujus

2289 1258 2420 1313 vitae
2443 1257 2623 1324 viam,
2658 1274 2780 1331 qua
2809 1257 3172 1328 gradiamur.
3206 1270 3268 1329 ni.
3296 1259 3506 1315 Amen.

2358 1348 2460 1400 Per
2495 1346 2995 1404 misericordiam.

2356 1435 2707 1503 Antiphona
2729 1439 2780 1492 3.
2799 1435 2920 1492 Fiat
2945 1436 3192 1492 Domine
3208 1433 3618 1491 misericordia
3638 1439 3743 1491 tua
3758 1451 3944 1508 super

2286 1536 2397 1578 nos
2425 1538 2435 1574 :
2467 1522 2618 1579 sicut
2642 1523 3015 1595 speravimus
3062 1523 3123 1579 in
3156 1529 3232 1581 te.
3256 1524 3556 1580 Psalmus.
3584 1539 3769 1580 χχχιι.

2357 1620 2421 1680 ny.
2450 1611 2843 1668 Misericordia
2875 1611 3109 1668 Domini
3139 1611 3298 1677 facit,
3319 1615 3384 1667 ut
3412 1627 3535 1667 non
3564 1610 3802 1668 deﬁciat
3834 1612 3933 1678 ;P.

2287 1699 2427 1764 Quia
2462 1715 2586 1755 non
2615 1704 2754 1756 sunt
2781 1705 3218 1756 consummatae
3258 1699 3675 1756 miserationes
3697 1701 3844 1772 ejus.
3870 1701 3934 1762 ἰν.

540 1779 711 1837 fuerit
738 1783 1157 1841 funiculusiste
1173 1787 1482 1844 coccineus
1501 1801 1524 1859 ;
1541 1793 1596 1845 et
1619 1789 1899 1860 ligaveris
1919 1805 2054 1846 eum
2077 1805 2177 1862 per
2207 1800 2252 1856 Β
2285 1785 2628 1859 Flagellabit
2654 1804 2765 1844 nos
2778 1789 2856 1844 ab
2886 1788 3297 1861 iniquitatibus
3319 1788 3563 1853 nostris,
3587 1793 3645 1845 et
3657 1788 3936 1846 omnium

538 1867 877 1936 fenestram,
909 1887 1030 1944 qua
1050 1888 1161 1930 nos
1204 1874 1526 1932 demisisti:
1561 1882 1618 1934 et
1645 1882 1873 1950 patrem
1922 1882 2091 1934 tuum
2121 1882 2178 1936 et

541 1955 715 2026 222
747 1959 1352 2035 matrem,fratresque
1382 1967 1437 2019 et
1461 1979 1707 2020 omnem
1755 1966 2175 2036 cognationem

538 2049 707 2102 tuam
719 2051 1167 2118 congregaveris
1181 2050 1241 2106 in
1254 2050 1503 2108 domum
1522 2055 1823 2120 tuam.Qui
1838 2055 2054 2112 ostium
2073 2055 2176 2111 do-

536 2148 673 2189 mus
693 2139 808 2191 tuae
829 2151 1102 2206 egressus
1129 2138 1574 2211 fuerit,sanguis
1616 2142 1804 2216 ipsius
1835 2143 1942 2199 erit
1997 2158 2175 2215 super

536 2227 718 2294 caput
741 2223 950 2294 ejus,et
973 2241 1083 2282 nos
1122 2227 1342 2284 erimus
1373 2228 1568 2286 alieni.
1595 2232 1954 2288 Cunctorum
1972 2235 2172 2288 autem

533 2311 906 2384 sanguis,qui
928 2317 1122 2371 tecum
1150 2315 1424 2373 fueratin
1449 2318 1653 2384 domo,
1702 2319 2061 2376 redundabit
2109 2320 2170 2376 in

530 2405 712 2471 caput
751 2406 1022 2458 nostrum
1049 2403 1098 2459 si
1126 2420 1227 2460 eos
1265 2405 1480 2478 aliquis
1530 2407 1843 2478 testigeris.
1900 2409 2071 2474 Quod
2120 2408 2170 2464 si

530 2501 639 2543 nos
657 2489 907 2559 prodere
927 2490 1263 2563 volueris,et
1288 2509 1624 2551 sermonem
1650 2496 1827 2552 istum
1842 2497 2095 2568 proferre
2108 2497 2168 2553 in

528 2575 1042 2644 medium,erimus
1065 2582 1275 2638 mundi
1290 2583 1367 2639 ab
1391 2583 1505 2640 hoc
1522 2585 1884 2655 juramento,
1917 2601 2039 2658 quo
2060 2585 2166 2642 ad-

523 2664 739 2735 jurasti
767 2671 977 2725 nos.Et
1007 2669 1106 2726 illa
1133 2673 1446 2743 respondit
1471 2691 1483 2725 :
1512 2673 1670 2729 Sicut
1693 2673 1872 2730 locuti
1899 2675 2053 2740 estis,
2086 2675 2166 2730 ita

524 2752 629 2810 fiat
651 2754 1098 2831 :dimittensque
1123 2776 1224 2817 eos
1254 2765 1317 2816 ut
1337 2767 1674 2834 pergerunt,
1701 2763 1988 2836 appendit
2016 2762 2164 2818 funi-

523 2840 722 2899 culum
747 2846 1088 2903 coccineum
1110 2849 1170 2904 in
1184 2850 1615 2907 fenestram.llli
1631 2868 1770 2908 vero
1788 2851 2164 2908 ambulantes

522 2935 1013 3001 perveneruntad
1066 2943 1372 3005 montana,
1405 2944 1459 2995 et
1488 2945 1842 2996 manserunt
1905 2939 1986 2995 ibi
2043 2945 2160 2996 tres

520 3017 665 3085 dies,
699 3020 886 3078 donec
934 3029 1363 3083 reverterentur
1427 3028 1529 3099 qui
1559 3026 1792 3084 fuerant
1815 3027 2108 3100 persecuti
2144 3044 2156 3084 :

518 3113 850 3200 quaerentes
875 3126 980 3181 per
1011 3127 1249 3168 omnem
1283 3114 1462 3181 viam,
1491 3130 1613 3170 non
1643 3121 1985 3186 repererunt
2019 3130 2150 3174 eos.
2196 3143 2236 3200 α

521 3193 742 3258 Quibus
770 3197 977 3254 urbem
1006 3200 1305 3269 ingressis,
1333 3201 1551 3257 reversi
1577 3208 1730 3267 sunt,
1763 3207 1816 3258 et
1837 3203 2158 3259 descende-

517 3284 1064 3356 runtexploratores
1086 3287 1160 3344 de
1193 3293 1395 3344 monte
1425 3305 1436 3344 :
1471 3294 1527 3345 et
1559 3291 1810 3346 Jordane
1853 3292 2157 3347 transmis-

521 3380 908 3435 so,venerunt
937 3375 1014 3432 ad
1043 3379 1216 3433 Josue
1246 3377 1431 3432 ﬁlium
1458 3381 1633 3448 Num,
1654 3386 2156 3445 narraveruntque

514 3459 722 3517 omnia
750 3478 885 3534 quae
938 3463 1282 3520 acciderant
1312 3466 1444 3534 sibi,
1491 3471 1665 3538 atque
1707 3466 2157 3526 dixeruntz'l‘ra-

512 3546 969 3606 diditDominus
1001 3551 1063 3607 in
1101 3567 1320 3608 manus
1370 3558 1600 3611 nostras
1644 3570 1887 3612 omnem
1937 3562 2151 3614 terram

509 3633 686 3706 hanc,
720 3641 777 3693 et
826 3639 1036 3696 timore
1064 3641 1341 3711 prostrati
1362 3646 1499 3698 sunt
1553 3643 1748 3700 cuncti
1782 3643 2150 3702 habitatores

511 3722 638 3793 ejus
653 3725 816 3796 (Cap.
834 3729 932 3799 ιιι).
951 3728 1313 3797 lgiturJosue
1331 3729 1404 3786 de
1425 3736 1596 3787 nocte
1616 3747 1983 3804 consurgens
2005 3750 2151 3806 prae-

510 3810 696 3867 movit
717 3818 909 3871 castra
942 3815 1460 3890 :egredientesque
1477 3817 1554 3874 ad
1573 3819 1749 3875 Setim
1761 3826 2048 3877 venerunt
2069 3821 2147 3877 ad

505 3900 1256 3976 Jordanemipseetomnes
1268 3905 1373 3962 filii
1389 3907 1584 3974 Israel,
1607 3909 1893 3965 etmorati
1916 3911 2145 3967 suntibi

507 3993 622 4045 tres
637 3989 781 4046 dies.
808 3993 1034 4059 Quibus
1051 3994 1320 4061 evolutis,
1346 3996 1701 4053 transierunt
1717 4013 2022 4070 praecones
2041 4014 2147 4071 per

503 4083 834 4138 castrorum
862 4085 1149 4149 medium,
1173 4090 1228 4142 et
1248 4085 1504 4142 clamare
1535 4093 1865 4160 coeperunt:
1892 4089 2144 4155 Quando

499 4168 760 4226 videritis
784 4187 986 4230 arcam
1009 4172 1245 4230 foederis
1273 4176 1505 4231 Domini
1524 4177 1622 4232 Dei
1655 4178 1854 4243 vestri,
1877 4181 1934 4234 et
1955 4193 2146 4234 sacer-

499 4255 668 4314 dotes
681 4260 878 4332 stirpis
892 4261 1136 4319 leviticae
1149 4269 1450 4335 portantes
1463 4281 1585 4321 eam
1601 4283 1614 4322 :
1629 4281 1738 4321 vos
1751 4281 1992 4339 quoque
2006 4282 2142 4323 con-

499 4347 740 4419 surgite,
766 4351 1080 4422 sequimini
1099 4353 1492 4424 praecedentes
1513 4371 1525 4410 :
1543 4356 1734 4427 sitque
1755 4355 1903 4411 inter
1925 4372 2051 4421 vos,
2088 4359 2146 4412 et

497 4450 699 4492 arcam
716 4440 974 4510 spatium
993 4441 1326 4498 cubitorum
1341 4443 1531 4498 duum
1556 4443 1785 4498 milium
1820 4459 1832 4498 :
1851 4449 1914 4500 ut
1934 4444 2138 4516 procul

494 4523 695 4581 videre
718 4528 970 4597 possitis,
1001 4535 1056 4585 et
1082 4545 1260 4586 nosse
1281 4546 1387 4603 per
1411 4547 1597 4603 quam
1649 4532 1810 4587 viam
1844 4531 2140 4601 ingredia-

493 4613 640 4670 mini
677 4616 849 4688 :quia
863 4618 1026 4690 prius
1039 4634 1160 4674 non
1179 4618 1531 4675 ambulastis
1553 4635 1800 4692 peream
1823 4640 1835 4674 :
1862 4625 2136 4678 etcavate

491 4715 567 4757 ne
607 4704 1102 4777 appropinquetis
1141 4706 1216 4762 ad
1262 4722 1487 4766 arcam.
1520 4707 1789 4780 Dixitque
1825 4707 2004 4763 Josue
2056 4707 2134 4764 ad

492 4791 783 4862 populum
810 4794 1298 4850 :Sanctificamini
1316 4810 1327 4848 :
1346 4810 1476 4851 cras
1491 4795 1648 4851 enim
1663 4795 2133 4852 facietDominus

491 4877 641 4934 inter
669 4895 776 4936 vos
803 4882 1118 4941 mirabilia.
1159 4884 1526 4953 Respondeat
1557 4884 1792 4940 chorus.
1815 4888 2021 4940 Amen.

562 4965 905 5036 Antiphona
926 4970 975 5025 1.
1006 4972 1158 5027 Deus
1179 4971 1332 5028 Deus
1347 4977 1564 5039 noster,
1581 4972 1803 5044 respice
1824 4988 1934 5028 nos
1969 4990 1980 5028 :
2008 4987 2131 5029 non

492 5065 600 5108 nos
621 5053 1017 5128 derelinquas,
1052 5065 1356 5130 sperantes
1382 5061 1441 5116 in
1473 5065 1546 5116 te.
1570 5061 1862 5116 Psalmus.
1893 5077 2015 5116 χχι.

563 5141 791 5200 Oratio.
829 5147 1071 5218 Respice
1104 5147 1164 5203 in
1193 5164 1326 5212 nos,
1353 5150 1601 5205 Domine
1619 5149 1774 5204 Deus
1798 5157 2032 5217 noster;
2057 5165 2129 5208 ne

489 5233 810 5290 avertendo
829 5234 1037 5290 faciem
1062 5238 1272 5308 tuamja
1293 5238 1604 5304 nobis,nos
1634 5238 2009 5310 aliquatenus
2031 5241 2128 5297 de-

412 5399 415 5402 _
488 5320 790 5393 relinquas
819 5341 831 5379 :
866 5340 1001 5380 vere
1032 5326 1190 5382 enim
1225 5326 1372 5382 salvi
1402 5327 1646 5393 erimus,
1671 5330 1717 5383 si
1745 5328 1939 5384 vultus
1970 5331 2126 5386 tuiin

484 5423 594 5466 nos
609 5416 898 5483 aspectum
913 5417 1350 5480 converteris,et
1362 5415 1615 5472 hilariter
1627 5417 1832 5472 nostris
1849 5422 1900 5472 te
1914 5419 2128 5476 anima-

482 5498 595 5555 bus
633 5501 1011 5573 conjunxeris
1043 5508 1144 5561 :ut
1167 5504 1309 5576 quia
1337 5504 1398 5561 in
1431 5510 1481 5562 te
1508 5510 1894 5578 speraverunt
1930 5513 2124 5579 patres

481 5590 687 5661 nostri,
705 5594 762 5650 et
780 5591 928 5650 salvi
945 5591 1078 5652 facti
1100 5598 1256 5665 sunt,
1277 5609 1389 5652 nos
1408 5593 1778 5653 hereditariae
1795 5594 1888 5655 fac
1908 5611 2117 5656 eorum

2282 1880 2627 1932 nostrorum
2656 1877 3050 1933 miserebitur.
3081 1877 3148 1932 P.
3178 1876 3329 1943 Quia
3353 1892 3498 1934 non.
3522 1876 3590 1938 tl.
3627 1876 3844 1948 Gloria,
3881 1885 3934 1934 et

2281 1963 2476 2020 honor
2500 1963 2678 2020 Patri.
2709 1967 3036 2022 Reiteretur
3063 1977 3127 2034 Βι.

2351 2053 2583 2109 Preces.
2616 2054 2900 2119 Miserere,
2954 2059 3010 2109 et
3053 2068 3251 2125 parce,
3297 2051 3767 2110 clementissime
3817 2055 3928 2109 Do-

2281 2139 2702 2212 mine,populo
2724 2146 2844 2197 tuo.
2867 2141 3640 2213 P.Quiapeccavimustibi.
3672 2140 3732 2202 ἲν.
3760 2141 3925 2196 Pros-

2281 2227 2415 2284 trati
2460 2243 2667 2284 omnes
2729 2228 3066 2302 lachrymas
3121 2229 3534 2301 producimus,
3598 2229 3924 2301 pandentes

2279 2315 2386 2372 tibi
2417 2316 2668 2381 occulta,
2710 2333 2844 2389 quae
2881 2317 3236 2373 admisimus
3271 2333 3283 2373 :
3317 2334 3354 2374 a
3384 2323 3459 2386 te,
3485 2318 3642 2373 Deus
3662 2316 3928 2390 exposci-

2279 2418 2431 2458 mus.
2459 2405 2529 2458 P.
2553 2404 2718 2470 Quia.
2761 2404 2828 2465 ῆν.
2871 2405 3178 2462 Orationes
3209 2405 3591 2462 sacerdotum
3617 2407 3841 2477 accipe,
3873 2409 3925 2460 et

2275 2506 2411 2563 quae
2442 2493 2746 2564 postulant
2774 2493 3084 2550 afﬂuenter
3118 2494 3309 2550 tribue
3340 2513 3352 2550 ε
3387 2509 3457 2549 ac
3482 2498 3600 2549 tuae
3631 2493 3793 2566 plebi
3824 2492 3923 2549 mi-

2278 2595 2489 2645 serere,
2504 2581 2775 2636 Domine.
2797 2581 2862 2636 P.
2879 2582 3044 2646 Quia.
3060 2581 3121 2642 ἲν.
3138 2584 3415 2637 Furorem
3436 2585 3598 2636 tuum
3620 2580 3924 2637 adduxisti

2278 2684 2458 2740 super
2477 2685 2620 2724 nos:
2645 2668 2860 2726 delicta
2890 2675 3096 2726 nostra
3116 2675 3517 2726 curvaverunt
3551 2685 3683 2738 nos,
3707 2673 3762 2726 et
3784 2669 3921 2726 abs-

2273 2772 2390 2828 que
2424 2757 2544 2813 ulla
2572 2773 2676 2829 spe
2699 2757 3046 2813 defecimus.
3090 2760 3157 2813 P.
3190 2759 3359 2823 Quia.
3395 2757 3456 2819 V.
3489 2757 3919 2814 Remissionem

2273 2851 2645 2916 peccatorum
2661 2846 2865 2914 tribue,
2887 2845 3270 2916 etlargitatem
3293 2847 3454 2903 dona
3465 2846 3638 2902 nobis
3659 2846 3872 2918 pluvias
3896 2864 3914 2902 :

2274 2937 2325 2989 te
2348 2934 2702 2990 invocamus
2735 2950 2747 2989 :
2775 2939 2836 2988 tu
2869 2934 3093 3004 adesto,
3133 2933 3405 2990 Domine.
3437 2936 3498 2988 P.
3527 2933 3692 3000 Quia.

2340 3023 2638 3092 Hymnus.
2663 3024 2706 3078 Ο
2727 3024 3040 3088 Nazarene,
3065 3021 3192 3077 lux.
3225 3023 3335 3091 fol.
3366 3026 3490 3080 144.

2341 3110 2568 3166 Oratio.
2611 3111 2732 3166 Fiat
2757 3110 3162 3166 misericordia
3183 3116 3284 3166 tua
3302 3111 3553 3168 Domine
3568 3126 3746 3182 super
3768 3125 3882 3166 nos
3905 3125 3917 3167 :

2269 3203 2332 3255 ut
2352 3199 2454 3266 qui
2473 3199 2814 3270 singillatim
2834 3199 3016 3256 corda
3027 3199 3341 3256 hominum
3357 3199 3568 3270 ﬁngis;
3606 3198 3921 3271 speciatim

2267 3304 2338 3344 ea
2362 3288 2693 3344 sanctiﬁces
2727 3309 2740 3344 :
2762 3294 2818 3344 et
2845 3289 2989 3362 quia
3018 3289 3174 3344 oculi
3201 3291 3278 3344 tui
3305 3305 3485 3361 super
3506 3305 3607 3344 eos
3628 3293 3788 3357 sunt,
3816 3289 3921 3360 qui

2265 3380 2320 3432 te
2337 3375 2658 3432 metuimus
2687 3393 2698 3431 :
2733 3377 2961 3433 timoris
2982 3377 3065 3434 tui
3085 3377 3166 3434 da
3187 3377 3366 3435 nobis
3389 3377 3721 3436 confertam
3739 3376 3918 3448 largi-

2265 3469 2468 3521 tatem.

2336 3553 2510 3610 Pater
2537 3557 2755 3610 noster.

2877 3643 2975 3698 Ad
3009 3644 3272 3700 Sextam.

2425 3730 2620 3786 Lectio
2657 3731 2927 3788 Ieremia:
2954 3733 3272 3801 Prophetas
3299 3731 3466 3802 (Cap,
3497 3732 3728 3803 χχχιιι).

2329 3827 2391 3888 Ην.
2426 3819 2546 3873 Deo
2573 3819 2810 3888 gratias.

2329 3907 2461 3961 Haec
2491 3904 2630 3961 dicit
2660 3905 2949 3962 Dominus
2974 3925 2986 3964 :
3019 3905 3224 3962 Clama
3251 3905 3327 3962 ad
3351 3921 3466 3972 me,
3499 3909 3555 3962 et
3581 3905 3915 3962 exaudiam

2257 3999 2310 4050 te
2337 4011 2353 4049 :
2391 3995 2828 4052 etannuntiabo
2848 3995 2950 4051 tibi
2967 3995 3238 4064 grandia,
3267 3999 3324 4050 et
3343 3995 3516 4050 ﬁrma
3531 4011 3669 4066 quae
3691 3996 3912 4052 nescis.

2257 4084 2404 4148 Quia
2423 4084 2548 4140 haec
2580 4083 2720 4140 dicit
2740 4083 3027 4139 Dominus
3059 4083 3426 4139 exercituum
3448 4085 3604 4138 Deus
3628 4083 3832 4149 Israel,
3858 4091 3917 4140 ct

2255 4174 2333 4228 ad
2354 4173 2568 4229 domos
2591 4172 2755 4228 urbis
2775 4172 2976 4243 hujus,
2991 4171 3137 4228 etad
3159 4172 3374 4228 domos
3395 4171 3549 4241 regis
3571 4172 3600 4225 J
3609 4172 3751 4236 uda,
3771 4189 3914 4245 quae

2254 4261 2564 4316 destructas
2591 4265 2745 4326 sunt,
2768 4259 2911 4316 etad
2928 4260 3308 4327 munitiones,
3333 4265 3389 4316 et
3411 4260 3488 4316 ad
3510 4260 3787 4328 gladium
3810 4278 3914 4318 ve-

2253 4349 2540 4404 nientium
2564 4348 3077 4404 utdimicentcum
3095 4347 3406 4416 Chaldaeis,
3429 4355 3484 4405 et
3500 4347 3911 4421 impleanteas

2253 4437 2640 4495 cadaveribus
2655 4437 2989 4503 hominum,
3012 4451 3165 4508 quos
3182 4437 3449 4508 percussi
3470 4437 3529 4492 in
3550 4436 3752 4494 furore
3775 4454 3907 4496 meo

2249 4531 2305 4583 et
2320 4526 2724 4597 indignatione
2746 4541 2900 4593 mea,
2927 4525 3305 4581 abscondens
3324 4525 3534 4582 faciem
3549 4542 3752 4582 meam
3772 4544 3809 4584 a
3828 4528 3907 4584 ci-

2246 4616 2422 4673 vitate
2440 4615 2747 4686 hac,223
2763 4621 2992 4687 propter
3004 4614 3268 4671 malitiam
3285 4631 3478 4671 eorum
3491 4616 3905 4674 omnem.Ecce

2245 4721 2355 4776 ego
2372 4705 2674 4761 obducam
2696 4705 2778 4758 eis
2805 4704 3140 4760 cicatricem
3161 4709 3216 4760 et
3234 4705 3570 4770 sanitatem,
3596 4707 3902 4763 etcurabo

2243 4811 2345 4851 eos
2375 4817 2387 4850 :
2413 4801 2468 4851 et
2490 4793 2766 4850 revelabo
2795 4794 2906 4850 illis
2929 4793 3406 4866 deprecationem
3439 4793 3600 4865 pacis
3639 4798 3695 4850 et
3741 4797 3902 4852 veri-

2242 4883 2400 4940 tatis.
2434 4883 2499 4938 Et
2519 4887 2857 4938 convertam
2881 4884 3332 4938 conversionem
3361 4883 3388 4935 J
3399 4881 3538 4952 uda,
3563 4887 3620 4938 et
3645 4898 3904 4939 conver-

2243 4972 2472 5028 sionem
2503 4970 2868 5027 Hierusalem
2893 4988 2906 5026 :
2936 4975 2992 5026 et
3015 4970 3439 5028 aediﬁcaboeos
3453 4970 3654 5027 sicuta
3681 4971 3904 5042 princi-

2242 5060 2364 5134 pio.
2395 5063 2460 5116 Et
2489 5059 2832 5115 emundabo
2859 5059 2992 5115 illos
3020 5059 3099 5115 ab
3128 5059 3294 5115 omni
3325 5059 3634 5131 iniquitate
3675 5076 3813 5126 sua,
3841 5061 3908 5117 in

2239 5164 2364 5221 qua
2384 5151 2776 5219 peccaverunt
2796 5147 2941 5202 mihi
2971 5148 2982 5203 ξ
3013 5152 3069 5203 et
3092 5146 3380 5218 propitius
3402 5161 3503 5202 ero
3529 5147 3763 5203 cunctis
3789 5147 3909 5204 ini-

2239 5237 2567 5311 quitatibus
2586 5251 2812 5299 eorum,
2836 5235 2891 5289 in
2907 5235 3130 5307 quibus
3147 5234 3654 5307 derelinquerunt,
3675 5242 3909 5308 etspre-

2238 5332 2449 5382 verunt
2470 5340 2585 5380 me.
2621 5327 2682 5378 Et
2705 5323 2812 5378 erit
2833 5324 2976 5379 mihi
3007 5324 3066 5379 in
3080 5339 3320 5394 nomen,
3347 5329 3402 5378 et
3422 5324 3480 5378 in
3498 5325 3818 5393 gaudium,
3843 5331 3902 5382 et

2239 5416 2299 5470 in
2321 5413 2582 5478 laudem,
2614 5416 2666 5466 et
2689 5412 2750 5466 in
2782 5411 3202 5467 exultationem
3226 5411 3456 5466 cunctis
3479 5411 3762 5480 gentibus
3783 5419 3901 5469 ter—

2234 5519 2334 5567 rae,
2363 5517 2492 5573 qum
2532 5501 2850 5558 audierunt
2873 5499 3078 5557 omnia
3105 5499 3288 5563 bona,
3318 5514 3454 5572 qua:
3475 5514 3590 5571 ego
3617 5501 3896 5558 facturus

2233 5607 2366 5650 sum
2396 5591 2480 5648 eis
2507 5607 2520 5646 :
2554 5594 2610 5647 et
2639 5589 2960 5660 pavebunt,
2985 5591 3041 5645 et
3069 5587 3468 5648 turbabuntur
3491 5588 3554 5646 in
3584 5589 3892 5654 universis
