4192 6454
205 427 305 484 397

1367 423 1518 476 DOM
1533 424 1596 474 [λ
1611 420 1722 475 [CA
1764 418 1837 472 ΙΙΙ
1881 418 2310 485 QUADRAGES
2327 426 2487 479 [ΜΔΕ.

3499 433 3606 488 398

207 550 449 624 quitates
469 560 677 601 eorum
694 545 1040 603 exolvimus.
1076 550 1132 602 P.
1155 551 1330 602 Parce
1348 548 1544 614 nobis,
1572 548 1840 605 Domine.
1882 546 1929 600 A
1959 552 2014 602 et
2045 548 2490 604 absconderunt
2515 549 2665 602 inter
2695 565 2839 603 vasa
2871 566 2998 604 sua.
3052 554 3166 605 Nec
3188 556 3395 623 poterit
3425 558 3606 614 Israel

210 640 267 701 ὴ.
297 636 484 694 Gloria
517 640 574 691 et
601 636 790 692 honor
824 638 997 694 Patri.
1021 641 1080 692 P.
1116 640 1294 693 Parce
1325 639 1521 695 nobis.

796 726 868 780 In
915 725 1241 781 Laudibus.

275 813 624 884 Antiphona.
671 813 1014 870 Secundum
1049 830 1338 884 magnam
1374 815 1850 872 misericordiam

213 911 389 966 tuam,
423 901 551 957 dele
575 893 826 959 Domine
849 904 1221 976 iniquitatem
1251 921 1472 962 meam.
1495 907 1765 962 Psalmus
1796 920 1846 960 L.

280 991 494 1047 Oratio.
529 991 871 1048 Secundum
912 993 1355 1050 multitudinem
1394 995 1850 1052 miserationum

212 1084 458 1137 tuarum.
493 1078 703 1146 Quaere
722 1082 838 1150 fol.
877 1085 995 1137 150.

273 1166 355 1223 Ad
371 1169 1067 1240 Canticum.Antiphona.
1086 1171 1318 1228 Directa
1333 1171 1482 1228 facte
1501 1176 1589 1228 est
1608 1171 1708 1228 via
1729 1171 1852 1243 pio-

207 1269 354 1318 rum,
392 1258 450 1309 et
478 1261 885 1326 praeparatum
919 1263 1010 1314 est
1038 1259 1147 1314 iter
1186 1264 1550 1315 sanctorum.

276 1341 598 1399 Canticum.
634 1346 779 1399 Ecce
809 1345 1014 1402 civitas
1058 1346 1268 1404 virtus.
1294 1348 1414 1417 fol.
1445 1351 1530 1403 20.

273 1428 488 1487 Oratio.
526 1431 676 1488 Urbs
701 1432 1064 1490 fortitudinis
1088 1439 1327 1504 nostrae,
1360 1435 1706 1492 salvationis
1735 1440 1853 1491 tua:

204 1533 371 1575 muro
404 1534 520 1576 nos
552 1525 816 1592 protege,
849 1537 1082 1595 nosque
1121 1528 1177 1579 et
1198 1522 1552 1579 intrinsecus
1575 1523 1654 1579 ab
1683 1523 1854 1579 hoste

207 1606 446 1664 defende
464 1625 478 1675 ;
513 1614 574 1665 et
585 1611 741 1668 intra
757 1627 830 1667 ex
843 1616 1095 1684 utraque
1117 1621 1219 1669 tua
1239 1613 1602 1684 protectione
1617 1612 1850 1681 muniti,

209 1691 266 1750 in
293 1701 388 1753 tua
416 1713 590 1769 pace,
620 1703 799 1772 atque
817 1700 1012 1773 quiete
1033 1702 1607 1773 mereamurjugiter
1625 1718 1854 1773 perma-

207 1799 359 1866 nere.
387 1797 455 1858 Iv.
497 1791 715 1844 Amen.

271 1867 376 1929 Per
402 1875 905 1934 misericordiam.

268 1961 353 2016 Ad
371 1964 760 2023 Benedictus.
789 1967 1156 2038 Antiphona.
1185 1970 1252 2024 ln
1293 1969 1568 2026 matutini
1594 1968 1851 2026 medita-

208 2047 307 2105 bor
321 2050 378 2106 in
395 2055 472 2124 te,
496 2053 645 2125 quia
661 2053 824 2110 fuisti
853 2055 1092 2127 adjutor
1113 2072 1287 2113 meus
1315 2057 1586 2114 Domine.
1605 2057 1666 2117 V.
1695 2059 1850 2113 Deus

205 2136 348 2193 Deus
371 2156 556 2197 meus
587 2142 665 2198 ad
697 2147 750 2199 te
766 2143 840 2199 de
870 2143 1001 2200 luce
1031 2145 1241 2214 vigilo.

271 2227 608 2287 Canticum.
644 2232 992 2289 Benedictus
1020 2249 1082 2290 es
1104 2235 1508 2305 Domine/“oi.
1539 2240 1595 2292 6.
1625 2235 1853 2293 Lauda.

204 2316 265 2390 In
296 2317 661 2388 jubilatione
690 2320 931 2379 laudate
963 2323 1286 2380 Dominum
1317 2342 1330 2380 :
1373 2325 1569 2381 omnis
1617 2325 1854 2395 spiritus

199 2402 386 2464 laudet
416 2423 647 2465 nomen
668 2410 923 2466 Domini.
951 2413 1241 2470 Psalmus
1264 2429 1352 2469 CL.

553 2497 754 2554 Lectio
795 2499 935 2556 libri
961 2499 1135 2558 Josue
1171 2501 1337 2572 (Cap.
1373 2501 1494 2572 vn).

268 2592 329 2651 Iv.
356 2582 478 2642 Deo
509 2586 753 2655 gratias.

265 2673 328 2726 In
358 2671 475 2728 illis
507 2673 726 2730 diebus
752 2695 765 2734 ;
801 2675 928 2734 Fuit
955 2677 1244 2734 Dominus
1288 2695 1426 2735 cum
1456 2681 1654 2747 Josue,
1677 2682 1734 2735 et
1753 2693 1858 2734 no-

202 2772 335 2814 men
367 2761 501 2833 ejus
533 2761 595 2817 in
628 2763 794 2819 omni
823 2769 978 2822 terra
1002 2766 1317 2836 vulgatum
1347 2769 1452 2822 est.
1496 2765 1622 2822 Filii
1656 2772 1857 2822 autem

197 2848 382 2905 Israel
397 2850 774 2921 praevaricati
787 2858 928 2910 sunt
945 2853 1325 2919 mandatum,
1345 2858 1400 2911 et
1416 2857 1861 2923 usurpaverunt

193 2932 262 2989 de
283 2937 508 2994 anathé
518 2940 743 2994 mate.N
752 2955 852 2997 am
868 2940 1072 2997 Achan
1083 2940 1240 2996 ﬁlius
1260 2940 1518 3004 Charmi,
1537 2939 1638 2995 ﬁlii
1653 2931 1855 3008 Zabdi,

191 3021 295 3078 ﬁlii
319 3027 463 3082 Zare
492 3025 567 3082 de
590 3026 746 3083 tribu
770 3029 796 3081 J
806 3027 944 3094 uda,
964 3028 1331 3101 tulitaliquid
1349 3029 1424 3085 de
1437 3028 1854 3086 anathemate:

192 3109 498 3186 iratusque
524 3119 615 3172 est
639 3116 932 3173 Dominus
957 3121 1166 3176 contra
1182 3116 1340 3174 ﬁlios
1365 3117 1564 3173 Israel.
1589 3119 1857 3188 Cumque

193 3199 446 3298 mitteret
463 3206 641 3298 Josue
663 3205 737 3262 de
759 3205 992 3298 Jericho
1013 3207 1172 3298 viros
1193 3211 1406 3298 contra
1426 3209 1576 3298 Hav,
1607 3209 1859 3298 quae-est
1888 3240 1930 3298 Ο

190 3287 360 3358 juxta
387 3293 712 3364 Bethaven,
744 3295 820 3351 ad
861 3295 1212 3352 orientalem
1242 3295 1488 3369 plagam
1519 3295 1594 3351 de
1620 3294 1858 3367 oppidis

188 3377 404 3447 Bethel,
462 3379 612 3438 dixit
641 3381 726 3438 eis
760 3399 772 3437 :
805 3383 1138 3452 Ascendite,
1187 3389 1243 3441 et
1273 3383 1572 3456 explorate
1604 3387 1848 3440 terram.

195 3466 626 3542 Qui‘preecepta
645 3473 1014 3545 complentes
1035 3472 1494 3545 exploraverunt
1517 3475 1664 3544 Hay.
1693 3474 1755 3529 Et
1770 3487 1859 3529 re-

198 3557 352 3612 versi
381 3559 560 3630 226
580 3558 858 3618 dixerunt
878 3562 932 3618 ei
959 3583 971 3622 :
1004 3565 1134 3619 Non
1151 3561 1647 3619 ascendatomnis
1672 3577 1860 3634 popu-

199 3641 312 3710 lus,
357 3645 470 3702 sed
507 3646 628 3704 duo
653 3647 747 3705 vel
785 3649 1372 3709 triamilliavrrorum
1394 3649 1860 3723 pergant,etde-

197 3731 360 3791 leant
389 3733 717 3793 civitatem:
741 3753 928 3809 quare
965 3739 1164 3795 omnis
1180 3739 1440 3811 populus
1455 3739 1680 3797 frustra
1695 3753 1860 3795 vexe-

201 3825 296 3877 tur
317 3828 529 3880 contra
568 3825 771 3881 hostes
809 3827 1249 3897 paucissimos?
1285 3828 1698 3884 Ascenderunt
1718 3841 1861 3898 ergo

200 3909 314 3966 tria
344 3909 533 3966 millia
562 3917 948 3981 pugnatores.
983 3913 1092 3980 Qui
1122 3915 1320 3971 statim
1348 3921 1511 3984 terga
1539 3919 1860 3981 vertentes,

195 3996 479 4068 percussi
512 4003 700 4054 sunta
730 3999 864 4054 viris
893 3999 1056 4056 urbis
1073 4003 1219 4072 Ilay,
1238 4006 1293 4058 et
1311 4007 1660 4058 corruerunt
1679 4017 1752 4057 ex
1777 4000 1863 4057 eis

197 4083 449 4156 triginta
473 4101 578 4142 sex
604 4086 880 4144 homines
926 4105 938 4144 :
974 4089 1388 4161 persecutique
1424 4105 1526 4146 eos
1569 4089 1643 4146 de
1689 4094 1865 4162 porta

193 4189 396 4246 usque
423 4174 503 4230 ad
525 4175 884 4241 Sabbarum,
918 4176 1260 4234 ceciderunt
1282 4194 1391 4250 per
1412 4192 1608 4249 prona
1627 4176 1862 4248 fugien-

195 4267 284 4319 tes
316 4279 330 4317 :
365 4262 798 4338 protimuitque
824 4280 928 4323 cor
948 4263 1175 4338 populi,
1210 4270 1265 4322 et
1291 4265 1370 4322 ad
1394 4265 1585 4322 instar
1602 4281 1775 4337 aquae
1799 4263 1865 4320 1i-

195 4348 549 4422 quefactum
579 4356 684 4408 est.
724 4351 905 4410 Josue
942 4367 1082 4409 vero
1117 4351 1275 4408 ﬁlius
1319 4356 1450 4409 Nun
1479 4351 1648 4408 scidit
1684 4352 1863 4410 vesti-

197 4438 409 4496 menta
428 4455 556 4508 sua,
576 4439 854 4498 etcecidit
876 4456 1105 4514 pronus
1117 4440 1178 4498 in
1205 4445 1423 4498 terram
1440 4457 1646 4498 coram
1661 4457 1863 4498 arcam

202 4527 446 4586 Domini
474 4543 665 4602 usque
697 4529 776 4586 ad
800 4543 1142 4602 vesperum,
1163 4535 1285 4587 tam
1301 4530 1430 4602 ipse
1457 4546 1646 4602 quam
1666 4530 1865 4588 omnis

205 4617 389 4675 Israel
419 4634 433 4674 :
468 4617 880 4691 miseruntque
896 4618 1206 4691 pulverem
1230 4635 1405 4691 super
1425 4618 1626 4691 capita
1656 4635 1786 4686 sua,
1811 4622 1867 4676 et

207 4705 356 4763 dixit
376 4708 556 4764 Josue
578 4725 592 4767 :
618 4708 742 4764 Heu
762 4707 1004 4765 Domine
1034 4709 1207 4774 Deus,
1241 4707 1388 4782 quid
1411 4707 1649 4765 voluisti
1680 4713 1867 4765 trans-

207 4793 430 4851 ducere
443 4795 744 4867 pOpulum
765 4795 951 4854 istum
966 4797 1291 4854 Iordanem
1303 4796 1556 4853 ﬂuvium
1576 4796 1776 4862 istum,
1803 4801 1868 4854 ut

209 4882 478 4940 traderes
520 4896 632 4939 nos
667 4883 732 4940 in
767 4898 988 4942 manus
1033 4884 1384 4951 Amorrhaai,
1437 4889 1496 4942 et
1535 4884 1866 4956 perderes?

208 4973 448 5030 utinam
463 4977 529 5030 ut
544 4972 862 5044 coepimus,
881 4973 1320 5030 mansissemus
1340 4978 1504 5029 trans
1518 4973 1863 5032 Iordanem.

208 5062 277 5118 Mi
306 5062 562 5119 Domine
577 5060 756 5131 Deus,
775 5060 922 5134 quid
933 5061 1154 5128 dicam,
1167 5061 1374 5119 videns
1395 5062 1575 5119 Israel
1589 5061 1868 5120 hostibus

208 5151 331 5208 suis
346 5156 518 5221 terga
545 5153 869 5208 vertentem
883 5149 912 5207 ‘1
929 5150 1184 5207 Audient
1213 5151 1550 5221 Chananaei,
1579 5156 1635 5208 et
1655 5167 1868 5208 omnes

205 5237 575 5297 habitatores
601 5244 790 5306 terrae,
823 5255 892 5295 ac
928 5241 1145 5312 pariter
1166 5239 1510 5310 conglobati
1531 5239 1870 5297 circumda-

206 5325 358 5387 bunt
374 5345 512 5400 nos,
532 5333 712 5402 atque
734 5327 1020 5385 delebunt
1043 5343 1262 5384 nomen
1279 5335 1551 5385 nostrum
1578 5328 1651 5383 de
1679 5333 1831 5385 terra
1854 5345 1867 5383 :

209 5419 426 5490 etquid
441 5417 621 5474 facies
633 5418 863 5476 nomini
880 5422 980 5475 tuo
1000 5433 1224 5487 magno
1243 5417 1270 5472 ?
1286 5416 1560 5492 Dixitque
1582 5418 1872 5474 Dominus

212 5505 291 5561 ad
318 5508 497 5563 Josue
526 5548 539 5564 .
576 5508 780 5577 Surge,
808 5522 912 5563 cur
935 5507 1102 5578 jaces
1136 5522 1358 5578 pronus
1384 5507 1444 5563 in
1471 5511 1688 5563 terram
1711 5507 1875 5561 E’Pec-

215 5593 586 5676 cavitlsrael,
605 5599 662 5649 et
671 5595 1096 5676 praevaricatus
1114 5598 1200 5651 est
1212 5598 1458 5666 pactum
1479 5610 1681 5650 meum
1702 5612 1714 5649 :
1733 5593 1877 5650 tule-

217 5672 480 5756 runtque
491 5672 567 5743 de
583 5672 982 5756 anathemate,
997 5687 1052 5745 et
1071 5681 1252 5744 furati
1273 5686 1413 5744 sunt
1428 5686 1607 5755 atque
1619 5681 1871 5754 mentiti,

1958 642 2110 692 stare
2133 644 2269 692 ante
2291 639 2492 693 hostes
2511 654 2672 703 suos,
2703 653 2927 707 eosque
2950 637 3132 705 fugiet
3156 642 3327 711 :quia
3340 645 3602 714 pollutus

1956 730 2044 781 est
2067 726 2446 781 anathemate
2476 741 2631 784 :non
2649 741 2749 780 ero
2773 724 3107 789 vobiscum,
3127 726 3316 783 donec
3339 736 3603 790 contera-

1957 815 2029 869 tis
2051 830 2190 867 eum
2211 814 2509 885 quihujus
2525 812 2757 869 sceleris
2773 829 2908 868 reus
2931 816 3041 867 est.
3064 816 3526 876 Sanctiﬁcamini
3545 822 3607 877 in

1959 901 2288 956 crastinum
2333 919 2344 956 :
2371 901 2502 957 haec
2535 901 2695 958 enim
2723 899 2866 956 dicit
2896 900 3184 958 Dominus
3200 904 3353 960 Deus
3386 907 3561 965 Israel
3590 929 3603 968 :

1958 990 2291 1046 Anathema
2309 990 2371 1045 in
2399 990 2599 1047 medio
2623 988 2704 1048 tui
2729 989 2903 1047 Israel
2920 1008 2932 1046 :
2948 1007 3070 1048 non
3093 993 3313 1063 poteris
3336 999 3490 1052 stare
3506 1013 3607 1053 c0-

1957 1095 2089 1136 ram
2135 1078 2410 1135 hostibus
2460 1080 2592 1146 tuis,
2639 1079 2830 1135 donec
2874 1079 3140 1136 deleatur
3185 1099 3258 1139 ex
3289 1087 3342 1140 te
3373 1086 3473 1156 qui
3497 1087 3609 1144 hoc

1960 1167 2402 1224 contaminatus
2413 1173 2499 1224 est
2516 1167 3184 1241 scelere.Accedetisque
3201 1169 3610 1242 singulimane

1960 1271 2067 1328 per
2097 1254 2286 1311 tribus
2319 1263 2536 1312 vestras
2561 1275 2573 1311 :
2596 1261 2650 1312 et
2671 1272 3118 1329 quamcumque
3143 1258 3360 1317 tribum
3380 1279 3505 1319 sors
3526 1264 3611 1321 in-

1961 1343 2206 1411 venerit,
2242 1344 2486 1400 accedet
2511 1360 2617 1416 per
2648 1345 3036 1414 cognationes
3059 1363 3222 1417 suas,
3249 1353 3306 1406 et
3329 1354 3608 1422 cognatio

1961 1448 2067 1505 per
2091 1432 2328 1503 domos,
2359 1432 2698 1505 domusque
2716 1449 2823 1504 per
2841 1433 3025 1490 viros.
3043 1437 3108 1492 Et
3129 1436 3498 1513 quicumque
3514 1442 3608 1500 ille

1961 1521 2022 1577 in
2038 1522 2152 1577 hoc
2168 1522 2428 1578 facinore
2446 1522 2620 1578 fuerit
2637 1521 3066 1594 deprehensus,
3085 1525 3610 1604 comburaturigni

1963 1627 2090 1666 cum
2104 1611 2258 1666 omni
2270 1608 2601 1666 substantia
2616 1627 2725 1666 sua
2750 1627 2762 1665 :
2787 1610 3074 1683 quoniam
3086 1616 3506 1685 praevaricatus
3524 1626 3612 1676 est

1962 1705 2208 1771 pactum
2257 1698 2512 1763 Domini,
2561 1703 2616 1754 et
2649 1698 2785 1754 fecit
2816 1699 2984 1756 nefas
3022 1701 3082 1756 in
3113 1703 3308 1760 Israel.
3353 1708 3612 1778 Surgens

1964 1787 2164 1860 itaque
2198 1789 2375 1842 Josue
2406 1785 3094 1858 mane,applicuitlsrael
3113 1805 3219 1862 per
3243 1792 3432 1850 tribus
3448 1813 3609 1864 suas,

1880 1889 1927 1944 Β
1965 1881 2020 1932 et
2039 1877 2282 1931 inventa
2312 1880 2399 1930 est
2423 1874 2608 1931 tribus
2633 1876 2662 1929 J
2671 1878 2808 1931 uda.
2837 1875 2978 1941 Quae
3007 1893 3146 1932 cum
3155 1879 3327 1948 juxta
3350 1881 3611 1941 familias

1964 1981 2104 2020 suas
2133 1965 2290 2019 esset
2319 1961 2538 2028 oblata,
2586 1961 2831 2019 inventa
2865 1967 2952 2019 est
2978 1963 3208 2023 familia
3242 1969 3409 2026 Zare.
3447 1970 3613 2028 Illam

1961 2069 2202 2125 quoque
2231 2067 2337 2123 per
2362 2052 2519 2106 viros
2537 2050 2815 2118 offerens,
2842 2052 3252 2124 reperitZabdi
3282 2071 3294 2111 :
3325 2057 3495 2127 cujus
3517 2060 3615 2116 do-

1961 2157 2133 2196 mum
2157 2140 2219 2195 in
2247 2139 2511 2209 singulos
2537 2137 2816 2194 dividens
2853 2140 3030 2206 viros,
3065 2141 3288 2199 invenit
3325 2145 3526 2203 Achan
3549 2147 3616 2203 ﬁ-

1963 2228 2111 2287 lium
2137 2228 2396 2296 Charmi,
2451 2225 2555 2282 ﬁlii
2596 2227 2799 2299 Zabdi,
2835 2227 2940 2282 ﬁlii
2968 2232 3107 2285 Zare
3137 2230 3211 2286 de
3243 2231 3397 2288 tribu
3425 2233 3455 2290 J
3464 2235 3606 2294 uda.

1965 2321 2029 2374 Et
2059 2317 2139 2373 ait
2160 2317 2239 2373 ad
2276 2316 2482 2372 Achan
2509 2333 2520 2372 :
2558 2315 2660 2372 Fili
2690 2315 2797 2387 mi,
2823 2313 2902 2372 da
2932 2317 3190 2387 gloriam
3217 2321 3470 2381 Domino
3497 2325 3618 2382 Deo

1967 2405 2162 2472 Israel,
2197 2409 2253 2461 et
2278 2404 2580 2470 conﬁtere,
2606 2409 2784 2476 atque
2806 2404 3005 2463 indica
3037 2406 3184 2463 mihi
3213 2409 3360 2480 quid
3389 2410 3614 2480 feceris,

1965 2511 2041 2552 ne
2071 2493 2431 2551 abscondas.
2447 2492 2804 2566 Respondit:
2827 2495 2968 2550 Vere
2981 2510 3092 2564 ego
3110 2498 3617 2568 peccaviDomino

1967 2585 2086 2640 Deo
2110 2581 2314 2652 Israel,
2343 2582 2498 2637 etsic
2527 2585 2583 2637 et
2604 2581 2686 2636 sic
2699 2580 2809 2637 feci
2839 2581 2993 2639 :vidi
3013 2583 3174 2640 enim
3189 2583 3618 2657 pallium-inter

1968 2671 2160 2742 spolia
2205 2670 2554 2726 coccineum
2605 2669 2782 2725 valde
2811 2669 3062 2743 bonum,
3108 2677 3163 2729 et
3207 2673 3496 2733 ducentos
3539 2677 3619 2732 si-

1969 2758 2090 2815 clos
2107 2758 2355 2827 argenti,
2374 2756 2646 2827 regulam
2664 2773 2906 2830 quoque
2926 2773 3174 2816 auream
3187 2761 3625 2834 quinquaginta

1969 2845 2253 2902 siclorum
2283 2863 2293 2899 :
2336 2849 2391 2900 et
2421 2845 2854 2916 concupiscens
2881 2845 3119 2916 abstuli,
3161 2853 3219 2905 et
3242 2848 3537 2908 abscondi
3563 2853 3628 2910 in

1969 2940 2123 2992 terra
2142 2938 2352 2990 contra
2365 2933 2632 2988 medium
2646 2932 3020 2990 tabernaculi
3035 2935 3174 3001 mei,
3191 2943 3626 3012 argentumque

1968 3021 2129 3078 fossa
2157 3021 2346 3077 humo
2374 3019 2602 3092 operui.
2625 3021 2774 3077 Misit
2802 3037 2942 3092 ergo
2963 3025 3140 3079 Josue
3163 3024 3464 3083 ministros
3488 3045 3503 3082 .'
3523 3028 3629 3099 qui

1969 3116 2272 3167 currentes
2288 3109 2364 3165 ad
2381 3108 2585 3166 tabern
2597 3108 2836 3166 aculum
2850 3109 3027 3175 illius,
3047 3119 3395 3183 repererunt
3412 3121 3629 3173 cuncta

1968 3199 2321 3258 abscondita
2351 3199 2412 3254 in
2438 3197 2651 3253 eodem
2674 3197 2828 3256 loco.
2853 3199 3321 3274 Auferentesque
3342 3203 3417 3259 de
3442 3208 3628 3262 tento-

1967 3289 2055 3345 rio
2083 3286 2344 3344 tulerunt
2374 3302 2444 3342 ea
2474 3285 2550 3341 ad
2570 3287 2772 3350 Josue,
2806 3291 2862 3342 et
2889 3286 2966 3343 ad
2997 3303 3208 3345 omnes
3236 3289 3390 3348 ﬁlios
3422 3295 3624 3356 Israel,

1968 3377 2465 3450 projeceruntque
2483 3383 2617 3430 ante
2634 3375 3209 3434 Dominum.Tollens
3230 3378 3432 3452 itaque
3448 3383 3627 3437 Josue

1968 3465 2175 3522 Achan
2197 3464 2390 3520 ﬁlium
2417 3467 2576 3530 Zare,
2613 3469 3051 3537 argentumque
3082 3470 3138 3521 et
3167 3467 3502 3538 pallium,et
3525 3483 3628 3526 au-

1969 3571 2136 3612 ream
2162 3552 2452 3624 regulam,
2477 3552 2753 3624 ﬁliosque
2793 3553 2922 3623 ejus
2948 3557 3003 3610 et
3030 3553 3200 3622 ﬁlias,
3221 3554 3403 3613 boves
3429 3562 3486 3614 et
3515 3557 3627 3615 asi-

1969 3659 2099 3710 nos,
2121 3659 2284 3710 oves,
2307 3642 2632 3714 ipsumque
2651 3641 3130 3709 tabernaculum,
3159 3648 3215 3701 et
3231 3649 3510 3702 cunctam
3534 3661 3627 3702 su-

1970 3731 2322 3806 pellectilem
2355 3732 2432 3802 (et
2457 3731 2650 3785 omnis
2681 3730 2859 3787 Israel
2889 3748 3027 3787 cum
3067 3733 3160 3804 eo)
3192 3733 3498 3792 duxerunt
3525 3749 3628 3792 eos

1972 3821 2054 3878 ad
2100 3820 2318 3875 vallem
2367 3823 2579 3884 Achor,
2615 3817 2721 3874 ubi
2752 3819 2899 3875 dixit
2944 3819 3160 3877 Josue:
3197 3823 3347 3888 Quia
3373 3823 3630 3881 turbasti

1971 3925 2104 3974 nos,
2131 3908 2402 3964 exturbet
2423 3912 2477 3963 te
2504 3908 2788 3964 Dominus
2818 3908 2879 3966 in
2910 3909 3005 3964 die
3028 3910 3167 3967 hac.
3205 3912 3628 3986 Lapidavitque

1973 4014 2112 4055 eum
2145 3997 2343 4051 omnis
2372 3995 2550 4052 Israel
2582 4015 2598 4048 :
2632 4001 2688 4052 et
2717 4002 2932 4052 cuncta
2961 4013 3096 4068 quae
3126 3999 3282 4054 illius
3312 4007 3479 4058 erant
3500 4001 3627 4074 igni

1975 4083 2291 4141 combusta
2351 4088 2514 4138 sunt.
2574 4085 3219 4157 Congregaveruntque
3263 4103 3442 4160 super
3487 4103 3628 4144 eum

1976 4186 2258 4230 acervum
2281 4185 2594 4240 magnum,
2618 4170 2722 4242 qui
2746 4175 3058 4241 permanet
3082 4173 3346 4244 usquein
3366 4189 3627 4248 praesen-

1974 4268 2093 4317 tem
2119 4258 2303 4314 diem.
2337 4270 2397 4329 Bg.
2429 4263 2637 4314 Amen.

2044 4367 2350 4438 Hymnus.
2389 4366 2564 4432 Deus,
2604 4364 2809 4423 aeterni
2835 4365 3094 4424 luminis.
3131 4367 3337 4438 Quare
3353 4371 3508 4441 folio
3538 4375 3625 4430 98.

2049 4473 2343 4544 Capitula.
2371 4472 2642 4542 Domine,
2665 4473 2745 4529 ad
2760 4489 2942 4546 quem
2964 4475 3168 4546 vigilat
3183 4476 3399 4535 deluce
3424 4480 3631 4537 anima

1898 4585 1944 4640 D
1974 4567 2182 4618 nostra
2211 4579 2224 4630 ;
2254 4563 2430 4628 dona,
2463 4565 2528 4616 ut
2559 4577 2843 4633 sempera
2871 4563 3120 4621 tenebris
3141 4580 3534 4639 properemus
3551 4566 3631 4625 ad

1974 4652 2170 4709 lucem
2203 4671 2214 4710 :
2249 4651 2443 4721 caligo
2463 4651 2745 4722 depereat
2776 4657 2996 4720 mente,
3023 4658 3079 4710 et
3107 4653 3416 4728 plenitudo
3439 4661 3543 4715 tua
3566 4655 3630 4713 in

1976 4741 2151 4800 nobis
2183 4745 2540 4813 permaneat
2567 4741 2735 4797 lucis.

2049 4856 2223 4912 Pater
2243 4861 2464 4911 noster.

2047 4944 2376 5002 Lauda.Ab
2404 4944 2569 5000 omni
2591 4945 2688 5002 via
2708 4945 3210 5004 mala.P.Prohibe
3234 4949 3412 5021 pedes
3437 4965 3626 5018 meos,

1979 5033 2335 5092 Domine.
2369 5034 2687 5098 Quomodo
2710 5033 2886 5092 dilexi
2908 5035 3101 5107 legem
3129 5042 3313 5106 tuam,
3341 5040 3633 5098 Domine?

1979 5128 2101 5181 tota
2125 5123 2221 5179 die
2244 5122 2550 5179 meditatio
2595 5139 2731 5179 mea
2771 5130 2877 5180 est.
2926 5125 2989 5182 P.
3022 5126 3292 5186 Prohibe.
3318 5129 3380 5191 )7.
3415 5129 3628 5198 Gloria,

1981 5216 2037 5268 et
2059 5212 2252 5269 honor
2284 5211 2454 5269 Patri.

2055 5328 2274 5384 Oratio.
2306 5326 2396 5383 Ab
2415 5326 2580 5384 omni
2607 5327 2696 5382 via
2717 5328 2881 5386 mala
2905 5329 3156 5401 prohibe
3174 5331 3354 5402 pedes
3379 5336 3631 5390 nostros.

1983 5416 2231 5471 Domine
2279 5433 2292 5471 :
2351 5416 2721 5488 verbumque
2771 5422 2942 5473 tuum
3012 5423 3136 5474 tota
3183 5435 3488 5476 servemus
3527 5418 3632 5474 ad-

1982 5503 2242 5562 tcntione
2270 5521 2283 5570 ;
2317 5509 2497 5576 atque
2528 5521 2563 5559 a
2595 5505 2754 5562 malo
2785 5506 3082 5574 recedere,
3110 5512 3166 5563 et
3203 5507 3308 5563 tibi
3357 5520 3468 5562 nos
3505 5517 3634 5573 per-

1983 5592 2167 5664 petim
2198 5593 2385 5650 facias
2415 5591 2808 5664 complacere.
2843 5604 2906 5666 11v.
2940 5598 3148 5650 Amen.

2060 5684 2165 5739 Per
2183 5681 2680 5740 misericordiam.
