4192 6426
525 355 627 410 399

1158 468 1245 524 Ad
1281 468 1558 527 Tertiam.

753 557 1207 618 Proverbi‘orum
1229 558 1561 617 Salomonis
1587 555 1760 631 (Cap.
1796 557 1961 627 xvu).

606 659 669 716 ﬁ».
699 651 820 706 Deo
846 647 1087 720 gratias.

607 739 730 806 Fili,
763 753 988 795 corona
1017 733 1317 806 dignitatis
1368 740 1658 810 senectus,
1709 732 1770 795 in
1799 733 1909 793 viis
1938 730 2176 807 justiﬁes

532 828 872 901 reperietur.
905 825 1102 881 Melior
1127 830 1214 882 est
1241 826 1473 898 patiens
1498 829 1624 884 viro
1653 825 1788 882 forti
1818 843 1834 882 :
1865 829 1922 882 et
1946 824 2049 898 qui
2074 823 2179 880 do-

533 918 795 974 minatur
838 913 1039 972 animo
1084 929 1216 979 suo,
1255 921 1655 988 expugnatore
1695 914 1954 971 urbium.
1984 914 2177 969 Sortes

531 1007 843 1063 mittuntur
868 1004 927 1058 in
952 1003 1214 1074 signum,
1243 1004 1348 1058 sed
1379 1020 1416 1060 a
1441 1004 1693 1060 Domino
1738 1007 2166 1075 temperantur.

530 1096 724 1152 Melior
753 1098 840 1148 est
869 1091 1040 1162 227
1071 1090 1340 1147 buccella
1372 1094 1529 1148 sicca
1549 1107 1686 1148 cum
1713 1092 1955 1162 gaudio,
1989 1105 2173 1163 quam

529 1183 744 1238 domus
785 1179 962 1252 plena
985 1179 1238 1235 victimis
1264 1195 1402 1236 cum
1428 1181 1647 1252 jurgio.
1687 1182 1900 1238 Servus
1932 1179 2172 1250 sapiens

527 1269 932 1327 dominabitur
961 1267 1095 1322 ﬁliis
1131 1268 1340 1333 stultis,
1392 1273 1449 1324 et
1471 1268 1620 1324 inter
1648 1268 1855 1324 fratres
1886 1267 2172 1323 heredita-

529 1365 642 1416 tem
677 1357 916 1413 dividet.
953 1357 1110 1412 Sicut
1138 1356 1272 1426 igne
1294 1356 1580 1428 probatur
1607 1361 1942 1426 argentum,
1979 1359 2034 1411 et
2069 1371 2172 1412 au-

525 1461 658 1504 rum
689 1446 748 1502 in
772 1445 1008 1502 camino
1039 1466 1052 1500 :
1090 1445 1172 1500 ita
1197 1443 1380 1500 corda
1407 1445 1620 1516 probat
1649 1445 1954 1500 Dominus.
1984 1443 2170 1500 Malus

523 1534 964 1604 obeditlinguse
1004 1532 1246 1605 iniquas,
1287 1536 1343 1588 et
1378 1532 1561 1588 fallax
1595 1532 1967 1606 obtemperat
1991 1531 2168 1588 labiis

525 1621 915 1680 mendacibus
931 1664 944 1677 .
983 1620 1092 1686 Qui
1113 1619 1362 1692 despicit
1375 1635 1723 1693 pauperem,
1752 1621 2070 1694 exprobrat
2083 1620 2166 1677 fa-

523 1711 666 1768 ctori
695 1711 854 1781 ejus:
880 1713 936 1765 et
961 1709 1065 1781 qui
1094 1707 1328 1764 laetatur
1346 1709 1410 1764 in
1438 1708 1615 1764 ruina
1640 1709 1897 1773 alterius,
1917 1725 2040 1766 non
2058 1708 2168 1765 erit

520 1798 874 1870 impunitus.
915 1799 1146 1854 Corona
1173 1811 1385 1852 senum
1411 1796 1513 1853 ﬁlii
1543 1796 1804 1854 ﬁliorum
1847 1815 1860 1853 :
1890 1803 1947 1854 et
1975 1796 2166 1869 gloria

520 1888 777 1944 ﬁliorum
808 1890 1007 1958 patres
1046 1901 1275 1942 eorum.
1299 1887 1428 1973 Non
1451 1885 1682 1942 tdecent
1713 1886 1958 1942 stultum
1981 1884 2166 1942 verba
2202 1917 2244 1973 Β

523 1975 850 2048 composita
865 1994 876 2032 :
892 1989 1000 2030 nec
1017 1973 1327 2046 principem
1348 1971 1562 2030 labium
1582 1974 2166 2032 mentientis.Gemma

519 2063 876 2135 gratissima,
908 2062 1234 2134 expectatio
1247 2061 1670 2133 praestolantis:
1695 2076 2079 2136 quocumque
2100 2078 2163 2120 se

520 2151 757 2210 verterit
784 2151 1106 2225 prudenter
1133 2149 1421 2220 intelligit.
1449 2161 1513 2221 ἢ.
1542 2153 1753 2208 Amen.

869 2241 1060 2298 Lectio
1087 2239 1226 2297 libri
1249 2241 1428 2297 Josue
1457 2239 1625 2311 (Cap.
1658 2239 1800 2310 vui).

588 2343 649 2402 Et.
683 2331 803 2388 Deo
835 2329 1077 2402 gratias.

585 2426 648 2477 In
674 2419 787 2476 illis
814 2417 1027 2474 diebus
1061 2433 1072 2472 :
1107 2415 1258 2473 Dixit
1294 2416 1582 2473 Dominus
1620 2416 1700 2473 ad
1743 2419 1923 2475 Josue
1955 2433 1971 2474 :
2002 2414 2158 2474 Tolle

514 2512 710 2566 tecum
731 2521 974 2564 omnem
986 2503 1416 2562 multitudinem
1426 2509 1900 2578 pugnatorum,et
1920 2519 2156 2562 consur-

513 2612 663 2668 gens
685 2593 942 2654 ascende
959 2595 1021 2649 in
1033 2591 1326 2666 oppidum
1338 2595 1464 2664 Hay
1479 2611 1491 2649 :
1509 2608 1644 2650 ecce
1661 2593 1876 2650 tradidi
1896 2593 1958 2649 in
1969 2607 2154 2650 manu

512 2691 616 2744 tua
644 2700 845 2757 regem
865 2683 1013 2754 ejus,
1032 2685 1087 2738 et
1115 2681 1427 2754 populum,
1453 2681 1786 2754 urbemque
1813 2697 1884 2740 ac
1913 2687 2148 2739 terram.

510 2775 830 2845 Faciesque
861 2770 988 2828 urbi
1021 2773 1162 2842 Hay,
1190 2773 1246 2825 et
1269 2769 1394 2839 regi
1424 2769 1576 2842 ejus,
1611 2770 1759 2826 sicut
1803 2769 2150 2828 fecistiJeri-

508 2863 641 2929 cho,
665 2866 720 2920 et
756 2860 880 2932 regi
904 2859 1032 2932 ejus
1052 2877 1064 2916 :
1084 2857 1353 2932 prtedam
1374 2873 1534 2926 vero,
1565 2862 1620 2916 et
1643 2858 1846 2918 omnia
1869 2859 2152 2917 animan-

509 2953 588 3009 tia
617 2949 900 3022 diripietis
925 2947 1132 3004 vobis:
1171 2962 1324 3019 pone
1358 2945 1607 3004 insidias
1638 2947 1804 3004 urbis
1833 2953 1972 3020 post
1991 2963 2144 3004 eam.

510 3039 884 3110 Surrexitque
927 3038 1123 3102 Josue,
1165 3042 1220 3091 et
1248 3035 1444 3091 omnis
1478 3036 1768 3092 exercitus
1792 3036 2147 3094 bellatorum

508 3145 645 3184 cum
677 3143 767 3193 eo,
801 3129 864 3181 ut
908 3124 1294 3182 ascenderent
1322 3122 1384 3178 in
1414 3126 1540 3195 Hay
1575 3145 1586 3179 :
1618 3127 1674 3179 et
1702 3123 1887 3179 electa
1914 3123 2148 3193 triginta

505 3215 689 3272 millia
704 3215 959 3272 virorum
977 3213 1216 3269 fortium
1236 3211 1598 3278 misitnoctc,
1618 3212 2012 3283 praecepitque
2034 3211 2142 3278 eis,

503 3302 707 3362 dicens
735 3320 748 3358 :
777 3300 981 3359 Ponite
997 3300 1244 3356 insidias
1263 3302 1399 3370 post
1423 3298 1720 3354 civitatem
1741 3315 1753 3352 :
1774 3314 1882 3354 nec
1901 3299 2142 3369 longius

497 3391 786 3450 recedatis
823 3410 836 3447 :
871 3393 926 3446 et
958 3389 1113 3446 eritis
1143 3401 1352 3444 omnes
1367 3385 1554 3458 parati
1584 3401 1727 3455 :ego
1757 3390 2144 3453 autem,etre-

498 3482 663 3554 liqua
693 3479 1010 3537 multitudo
1037 3493 1175 3549 quae
1194 3489 1433 3530 mecum
1446 3478 1551 3540 est,
1571 3473 1928 3530 accedemus
1951 3490 2023 3531 ex
2041 3475 2145 3533 ad-

500 3585 678 3626 verso
708 3571 915 3624 contra
942 3564 1171 3621 urbem.
1204 3564 1470 3634 Cumque
1501 3562 1748 3620 exierint
1767 3567 1976 3621 contra
2003 3579 2138 3635 nos,

503 3653 658 3712 sicut
676 3661 812 3713 ante
851 3653 1118 3721 fecimus,
1151 3651 1470 3722 fugiemus,
1511 3654 1566 3707 et
1596 3655 1761 3721 terga
1787 3655 2089 3708 vertemus
2120 3671 2132 3706 :

499 3744 692 3802 donec
726 3748 1148 3816 persequentes
1171 3739 1248 3796 ab
1267 3738 1410 3795 urbe
1425 3737 1666 3809 longius
1684 3740 2134 3811 protrahantur:

497 3832 795 3906 putabunt
833 3831 993 3888 enim
1023 3829 1224 3901 fugere
1250 3843 1360 3884 nos
1393 3827 1542 3884 sicut
1568 3826 1755 3900 prius.
1785 3827 1965 3884 Nobis
1995 3844 2135 3900 ergo

496 3920 878 3992 fugientibus,
911 3921 967 3976 et
985 3918 1094 3974 illis
1117 3916 1520 3988 sequentibus,
1554 3916 1924 3990 consurgetis
1955 3917 2028 3973 de
2048 3919 2134 3974 in-

493 4010 677 4078 sidiis,
693 4015 746 4067 et
777 4006 1085 4066 vastabitis
1099 4005 1394 4063 civitatem
1418 4021 1432 4062 :
1456 4003 1767 4077 tradetque
1785 4019 1920 4061 eam
1943 4005 2138 4063 Domi-

491 4115 608 4158 nus
622 4102 774 4156 Deus
789 4102 976 4155 vester
987 4097 1050 4153 in
1063 4110 1278 4153 manus
1289 4098 1516 4152 vestras
1530 4136 1543 4150 .
1558 4094 1824 4166 Cumque
1840 4094 2130 4167 ceperitis,

490 4187 827 4247 succendite
857 4201 992 4244 eam
1029 4203 1042 4241 :
1081 4184 1164 4240 sic
1189 4185 1395 4240 omnia
1417 4181 1668 4253 facietis,
1697 4188 1762 4239 ut
1779 4181 2134 4254 jussi.Dimi-

488 4277 680 4350 sitque
708 4291 831 4345 eos,
853 4279 910 4333 et
932 4276 1318 4348 perrexerunt
1333 4271 1411 4328 ad
1438 4271 1788 4327 insidiarum
1814 4269 2131 4338 locum,se-

487 4365 820 4436 deruntque
853 4363 1005 4419 inter
1035 4360 1230 4418 Bethel
1283 4364 1341 4415 et
1375 4361 1521 4432 Hay,
1583 4357 1662 4415 ad
1699 4358 2130 4416 occidentalem

487 4452 732 4524 plagam
751 4449 916 4506 urbis
938 4452 1063 4522 Hay
1092 4448 1304 4504 :Josue
1327 4451 1528 4503 autem
1546 4449 1720 4502 nocte
1739 4445 1908 4502 illain
1929 4448 2128 4504 medio

490 4557 625 4598 man
634 4537 907 4612 sitpopuli
919 4551 1300 4608 ,surgensque
1317 4533 1578 4590 diluculo
1589 4534 2124 4602 recensivitsocios,

485 4634 542 4686 et
561 4627 829 4686 ascendit
866 4642 1004 4682 cum
1031 4622 1444 4680 senioribusin
1471 4621 1661 4678 fronte
1688 4621 2127 4688 exercitus,val-

482 4719 636 4776 latus
653 4717 872 4775 auxilio
884 4714 1569 4788 pugnatorum.Cumque
1584 4711 2121 4779 venissentomnes,

479 4810 538 4864 et
563 4805 974 4863 accendissent
997 4819 1070 4860 ex
1111 4801 1364 4859 adverso
1405 4798 1676 4865 civitatis,
1732 4803 2018 4856 steterunt
2044 4800 2124 4856 ad

483 4892 1002 4965 septentrionalem
1052 4891 1218 4948 urbis
1248 4891 1510 4963 plagam,
1541 4889 1692 4945 inter
1718 4905 1903 4962 quam
1933 4892 1989 4944 et
2017 4904 2120 4945 eos

478 4981 644 5041 vallis
661 4982 859 5038 media
874 4985 1016 5038 erat.
1043 4981 1312 5051 Quinque
1330 4978 1516 5036 millia
1541 4983 1741 5036 autem
1758 4978 1918 5034 viros
1935 4977 2122 5048 elege-

478 5073 588 5134 rat,
623 5075 680 5124 et
705 5074 988 5142 posuerat
1007 5069 1069 5124 in
1090 5067 1323 5146 insidiis
1355 5066 1504 5122 inter
1534 5066 1854 5130 Bethaven,
1884 5069 1942 5121 ct
1970 5067 2116 5138 Hay,

478 5174 548 5214 ex
582 5156 933 5213 occidentali
959 5159 1124 5228 parte
1142 5153 1411 5225 ejusdem
1437 5153 1689 5210 civitatis
1720 5170 1734 5208 :
1762 5151 1959 5208 omnis
1979 5168 2119 5210 vero

476 5246 736 5318 reliquus
767 5244 1054 5300 exercitus
1075 5243 1152 5298 ad
1175 5241 1516 5313 aquilonem
1537 5241 1727 5296 aciem
1756 5240 2114 5307 direxerant,

473 5332 553 5391 ita
577 5338 644 5389 ut
671 5331 990 5389 novissimi
1015 5329 1406 5387 multitudinis
1433 5327 1856 5384 occidentalem
1874 5327 2116 5400 plagam

477 5420 639 5478 urbis
671 5420 1047 5490 attingerent.
1074 5416 1380 5487 Abiitergo
1399 5416 1575 5471 Josue
1598 5421 1767 5471 nocte
1788 5415 1905 5481 illa,
1928 5421 1984 5472 et
2005 5421 2116 5473 ste-

477 5509 541 5568 tit
570 5511 633 5567 in
665 5508 831 5567 vallis
859 5506 1080 5566 medio.
1112 5505 1284 5572 Quod
1304 5521 1443 5561 cum
1464 5503 1712 5562 vidisset
1730 5519 1832 5561 rex
1860 5504 2007 5576 Hay,
2028 5504 2112 5562 fe-

471 5599 709 5659 stinavit
736 5614 938 5670 mane,
951 5602 1007 5656 et
1020 5609 1299 5669 egressus
1329 5598 1417 5654 est
1430 5609 1568 5652 cum
1584 5593 1752 5654 omni
1767 5594 2025 5655 exercitu
2036 5593 2112 5652 ci-

1774 335 2226 398 BREVIABIUM
2276 336 2671 399 GOTHICUM.

2215 459 2264 519 A
2291 463 2507 540 vitatis,
2525 466 2850 542 direxitque
2863 467 3053 526 aciem
3079 472 3284 528 contra
3306 468 3630 543 desertum,
3659 470 3959 544 ignoran-

3841 347 3956 406 400

2288 561 2375 613 tes
2404 557 2568 630 quod
2601 562 2738 631 post
2766 563 2997 630 tergum
3017 557 3265 618 laterent
3287 559 3543 627 lnSlditB,
3577 562 3755 620 Josue
3777 579 3951 631 vero,

2286 649 2343 702 et
2371 647 2558 702 omnis
2588 648 2770 705 Israel
2797 649 3248 722 recesserunt_in
3269 649 3419 718 loco,
3449 650 3953 712 simulantesme-

2285 736 2431 801 tum,
2465 739 2520 792 et
2547 735 2842 810 fugientes
2870 753 2974 810 per
3003 738 3165 796 viam
3198 739 3552 796 solitudinis.
3577 740 3650 796 At
3677 741 3761 797 illi
3782 743 3954 799 voci-

2284 821 2558 891 ferantes,
2595 831 2651 881 et
2679 841 2740 882 se
2768 831 2978 883 mutuo
3016 828 3412 895 cohortantes,
3469 829 3764 901 persecuti
3798 836 3954 888 sunt

2284 927 2414 967 eos.
2445 913 2708 985 Cumque
2735 915 3167 972 recessissenta
3189 915 3442 983 civitate,
3477 921 3534 973 et
3562 933 3674 974 nec
3696 934 3857 975 unus
3879 919 3951 976 in

2284 999 2429 1056 urbe
2456 1003 2604 1073 Hay,
2629 1005 2686 1058 et
2705 1002 2898 1059 Bethel
2927 1003 3336 1070 remansisset,
3354 1003 3459 1077 qui
3477 1021 3600 1061 non
3618 1021 3954 1079 perseque-

2282 1092 2440 1144 retur
2469 1089 2647 1146 lsrael
2659 1089 2831 1153 (sicut
2843 1096 3120 1164 eruperat
3135 1097 3341 1164 aperta
3359 1092 3585 1165 oppida
3599 1093 3954 1167 relinquen-

2282 1177 2415 1248 tes),
2446 1177 2591 1234 dixit
2608 1179 2893 1234 Dominus
2914 1179 2990 1235 ad
3007 1179 3182 1236 Josue
3211 1196 3224 1235 :
3248 1183 3401 1236 Leva
3426 1182 3732 1254 clypeum,
3757 1183 3949 1255 quiin

2283 1281 2467 1321 manu
2484 1270 2586 1322 tua
2612 1271 2721 1333 est,
2751 1271 2956 1323 contra
2976 1266 3184 1324 urbem
3212 1269 3357 1340 Hay,
3378 1269 3671 1341 quoniam
3690 1269 3798 1326 tibi
3824 1276 3949 1328 tra-

2279 1352 2424 1408 dam
2447 1357 2875 1427 eam.Cumque
2892 1355 3176 1412 clevasset
3191 1355 3472 1429 clypeum
3494 1373 3566 1413 ex
3583 1357 3842 1416 adverso
3862 1360 3948 1416 ci-

2277 1441 3898 1516 vitatis,insidiae,qua3latebant,surrexeruntconfestim
3925 1467 3940 1502 :

2279 1533 2654 1602 etpergentes
2667 1531 2743 1587 ad
2765 1531 3080 1600 civitatem,
3104 1539 3469 1606 ceperunt,et
3493 1535 3944 1594 succenderunt

2277 1634 2431 1675 eam.
2449 1619 2559 1674 Viri
2572 1624 2770 1676 autem
2788 1620 3061 1690 civitatis,
3079 1621 3182 1694 qui
3197 1622 3612 1694 persequeban
3623 1628 3714 1679 tur
3724 1625 3752 1679 J
3758 1639 3936 1692 osue,

2273 1706 2656 1778 respicientes
2681 1712 2737 1764 et
2766 1707 3031 1764 videntes
3061 1708 3296 1765 fumum
3319 1710 3483 1766 urbis
3500 1711 3579 1768 ad
3602 1711 3822 1768 ccelum
3839 1729 3939 1769 us-

2271 1811 2390 1867 que
2419 1795 2837 1860 conscendere,
2861 1811 2982 1852 non
3006 1800 3326 1868 potuerunt
3351 1797 3506 1854 ultra
3521 1799 3638 1856 huc
3668 1799 3934 1874 illucque

2273 1882 2600 1956 diffugere:
2633 1885 2961 1956 praesertim
2991 1901 3129 1940 cum
3157 1885 3240 1954 hi,
3260 1886 3364 1958 qui
3396 1887 3934 1946 simulaveruntfu-

2273 1977 2496 2043 gam,et
2510 1972 2825 2029 tendebant
2836 1972 2914 2029 ad
2928 1973 3332 2040 solitudinem,
3349 1980 3561 2032 contra
3573 1993 3930 2049 persequen-

2274 2068 2359 2118 tes
2372 2061 2687 2118 fortissime
2704 2062 3070 2118 restitissent.
3091 2063 3426 2137 Vidensque
3445 2066 3624 2121 Josue
3643 2071 3698 2122 et
3727 2068 3922 2123 omnis

2272 2149 2457 2209 Israel
2481 2150 2642 2222 quod
2675 2154 2848 2222 capta
2873 2155 3027 2207 esset
3057 2150 3283 2223 civitas,
3314 2156 3372 2208 et
3399 2152 3605 2209 fumus
3636 2153 3796 2210 urbis
3825 2171 3922 2212 as-

2271 2238 2565 2308 cenderet,
2588 2252 2864 2294 reversus
2882 2239 3175 2309 percussit
3195 2239 3354 2296 viros
3371 2243 3519 2314 Hay.
3541 2243 3846 2313 Siquidem
3867 2247 3926 2300 et

2268 2326 2349 2383 illi
2373 2327 2478 2399 qui
2498 2331 2776 2400 ceperant
2809 2331 2865 2384 et
2895 2327 3326 2384 succenderant
3343 2329 3668 2397 civitatem,
3701 2332 3926 2402 egressi

2267 2420 2476 2472 contra
2502 2431 2662 2484 suos,
2682 2415 2943 2472 medium
2961 2415 3222 2472 hostium
3238 2415 3408 2473 ferire
3421 2425 3752 2491 coeperunt.
3771 2421 3920 2477 Cum

2264 2519 2406 2574 ergo
2428 2520 2499 2560 ex
2520 2508 2771 2576 utraque
2801 2509 2968 2575 parte
2997 2504 3322 2562 adversarii
3342 2506 3733 2571 caederentur,
3751 2508 3836 2565 ita
3857 2513 3922 2565 ut

2261 2591 2462 2649 nullus
2497 2592 2571 2648 de
2588 2596 2750 2650 tanta
2765 2591 3145 2648 multitudine
3171 2593 3518 2660 salvaretur,
3543 2611 3747 2666 regem
3771 2611 3915 2669 quo-

2260 2695 2378 2753 que
2407 2679 2571 2737 urbis
2601 2682 2720 2752 Hay
2736 2679 3259 2752 apprehenderunt
3273 2681 3590 2753 viventem,
3613 2689 3671 2740 et
3686 2685 3916 2742 obtule-

2257 2773 2399 2826 runt
2412 2769 2590 2826 Josue
2604 2811 2617 2824 .
2645 2768 2830 2838 Igitur
2843 2767 3127 2827 omnibus
3155 2769 3604 2844 interfectis,qui
3631 2773 3808 2829 lsrael
3832 2774 3912 2830 ad

2258 2857 2489 2914 deserta
2518 2857 2841 2929 fugientem
2863 2856 3097 2914 fuerant
3116 2859 3434 2929 persecuti,
3459 2859 3518 2915 in
3543 2860 3746 2916 eodem
3773 2861 3910 2918 loco

2258 2946 2456 3017 gladio
2473 2945 2906 3010 corruentibus,
2938 2947 3156 3002 reversi
3172 2945 3275 3021 filii
3293 2947 3469 3004 lsrael
3490 2953 3913 3020 percusserunt

2257 3033 2572 3090 civitatem.
2603 3035 2777 3088 Erant
2798 3036 2997 3088 autem
3025 3033 3129 3104 qui
3158 3034 3219 3089 in
3245 3050 3316 3090 eo
3347 3035 3442 3090 die
3466 3035 3851 3093 conciderant
3876 3053 3915 3095 a

2257 3122 2386 3178 viro
2401 3136 2588 3193 usque
2603 3120 2678 3176 ad
2692 3120 3348 3188 muliercm,duodecim
3369 3122 3555 3180 millia
3568 3123 3912 3193 hominum,

2258 3225 2466 3267 omnes
2505 3208 2672 3264 urbis
2693 3211 2838 3280 Hay.
2871 3209 3048 3264 Josue
3069 3223 3208 3264 vero
3229 3225 3348 3266 non
3377 3212 3617 3268 retraxit
3636 3228 3914 3279 manum,

2257 3313 2443 3371 quam
2465 3297 2526 3352 in
2549 3295 2802 3352 sublime
2819 3297 3309 3367 porrexit,tenens
3327 3299 3607 3371 clypeum
3624 3301 3919 3373 donecjn-

2256 3386 2542 3442 terﬁceret
2569 3398 2778 3440 omnes
2806 3383 3160 3441 habitatores
3192 3388 3336 3458 Hay.
3369 3387 3651 3444 Jumenta
3682 3393 3912 3455 autem,

2252 3479 2308 3531 et
2335 3473 2606 3547 praedam
2637 3471 2884 3528 civitatis
2914 3472 3242 3530 diviserunt
3269 3475 3383 3531 sibi
3415 3475 3517 3531 ﬁlii
3538 3477 3739 3545 lsrael,
3759 3479 3915 3535 sicut

2253 3565 2613 3635 praeceperat
2628 3560 2914 3616 Dominus
2930 3563 3124 3618 Josue.
3147 3563 3259 3628 Qui
3278 3565 3585 3621 succendit
3607 3566 3915 3634 urbem,et

2247 3650 2384 3708 fecit
2421 3666 2557 3707 eam
2579 3649 2872 3706 tumulum
2896 3651 3323 3722 sempiternum
3369 3669 3381 3708 :
3415 3668 3619 3723 regem
3655 3670 3910 3728 quoque

2246 3741 2374 3811 ejus
2403 3738 2713 3811 suspendit
2740 3738 2801 3793 in
2830 3738 3098 3810 patibulo
3153 3756 3347 3812 usque
3378 3741 3457 3797 ad
3487 3757 3807 3813 vesperam
3851 3749 3913 3802 et

2246 3833 2382 3901 post
2412 3827 2552 3884 solis
2567 3842 2875 3883 occasum.
2898 3827 3300 3900 Praecepitque
3313 3830 3512 3895 Josue,
3528 3836 3585 3886 et
3609 3831 3910 3902 deposue-

2243 3921 2380 3975 runt
2417 3915 2672 3973 cadaver
2693 3916 2821 3987 ejus
2841 3916 2914 3971 dc
2937 3931 3107 3972 cruce
3135 3935 3149 3970 :
3173 3917 3671 3991 projeceruntque
3692 3919 3749 3974 in
3768 3921 3910 3994 ipso

2243 4005 2481 4063 introitu
2507 4004 2776 4068 civitatis,
2803 4008 3088 4072 congesto
3123 4005 3301 4075 228
3321 4021 3501 4078 super
3513 4023 3654 4062 eum
3673 4024 3913 4079 magno

2243 4107 2455 4150 acervo
2467 4091 2757 4164 lapidum,
2791 4090 2892 4163 qui
2911 4096 3221 4162 permanet
3237 4108 3427 4165 usque
3452 4094 3511 4149 in
3535 4101 3912 4166 praesentem

2241 4180 2421 4237 diem.
2463 4183 2622 4236 Tunc
2667 4177 2978 4235 aedificavit
3030 4177 3209 4237 Josue
3244 4179 3428 4237 altare
3480 4181 3737 4240 Domino
3777 4185 3910 4243 Deo

2241 4267 2442 4325 Israel.
2487 4278 2550 4335 Βι.
2584 4271 2768 4323 Amen
2783 4310 2795 4322 .

2311 4391 2659 4458 Antiphona
2693 4396 2738 4446 1.
2775 4390 2958 4447 Simul
2986 4391 3047 4446 in
3086 4407 3277 4448 unum
3305 4392 3500 4463 ,dives,
3551 4398 3610 4450 et
3638 4409 3905 4468 pauper.

2237 4480 2494 4537 Auribus
2543 4479 2844 4552 percipite,
2883 4479 2987 4551 qui
3016 4478 3296 4537 habitatis
3340 4480 3572 4537 orbem.
3617 4481 3909 4542 Psalmus

2158 4599 2202 4654 D
2234 4585 2424 4626 XLVIII.

2307 4675 2528 4731 Oratio.
2549 4675 2808 4731 Audiant
2828 4673 3008 4729 simul
3031 4676 3103 4737 te,
3128 4674 3618 4746 Domine,omnes
3638 4681 3858 4747 gentes
3883 4696 3899 4746 ;

2233 4765 2290 4819 et
2317 4762 2482 4819 dives
2512 4778 2582 4818 ac
2620 4778 2850 4834 pauper
2900 4777 3110 4818 aurem
3152 4761 3257 4819 tibi
3304 4763 3503 4819 cordis
3535 4780 3906 4824 accommo-

2231 4850 2401 4906 dent:
2428 4849 2645 4922 tibique
2657 4850 2930 4906 omnium
2946 4850 3023 4906 ad
3034 4850 3218 4906 ﬁdem
3235 4857 3612 4922 praeparetur
3628 4853 3897 4922 auditio,

2230 4955 2351 5011 quo
2366 4938 2668 4995 salvandis
2680 4937 3038 5010 promittitur
3048 4939 3253 5010 gratias
3265 4939 3660 5014 plenitudo.ﬁ.
3671 4943 3901 5002 Amen.

2230 5026 2338 5082 Per
2366 5026 2856 5084 misericordiam.

2298 5150 2641 5223 Antiphona
2670 5154 2720 5207 2.
2752 5153 2922 5210 Recte
2944 5151 3204 5224 judicate
3228 5151 3333 5208 ﬂlii
3352 5151 3694 5211 hominum.
3720 5157 3906 5216 Psal-

2225 5256 2350 5296 mus
2381 5256 2520 5297 LVII.

2295 5329 2512 5387 Oratio.
2551 5328 2820 5397 Domine,
2849 5329 2950 5402 qui
2976 5345 3087 5387 nos
3114 5327 3407 5400 justitiam
3437 5329 3631 5405 loqui,
3657 5339 3715 5390 et
3746 5350 3900 5406 quas

2223 5422 2384 5474 recta
2405 5421 2545 5473 sunt
2575 5417 2844 5490 praecipis
2869 5417 3172 5489 judicare;
3204 5419 3400 5475 tribue
3430 5420 3629 5488 nobis,
3677 5428 3744 5479 ut
3774 5440 3898 5482 nec

2220 5504 2505 5576 iniquitas
2531 5504 2592 5560 in
2613 5519 2734 5574 ore,
2758 5519 2868 5560 nec
2895 5506 3156 5577 pravitas
3185 5507 3512 5576 reperiatur
3535 5508 3597 5563 in
3628 5516 3841 5566 mente
3876 5527 3892 5567 :

2221 5597 2285 5651 ut
2302 5608 2454 5667 puro
2478 5592 2651 5652 corde
2673 5593 2875 5666 purior
2890 5608 3086 5651 sermo
3099 5595 3463 5653 consentiat:
3489 5596 3800 5668 praecedat
3820 5599 3894 5658 in
