4192 6412
230 331 340 387 401

1392 334 1751 395 DOMINICA
1792 335 1867 391 IlI
1910 333 2517 403 QUADRAGESIME.

3572 339 3677 393 402

225 457 534 529 operibus
558 457 819 528 justitia;
849 474 957 517 nec
986 460 1322 520 inveniatur
1349 462 1525 521 dolus
1571 463 1632 521 in
1672 462 1901 532 lingua.
1944 460 1991 513 A
2092 462 2435 534 Antiphona
2461 468 2513 519 '2.
2545 462 2833 519 Dominus
2853 460 3140 516 virtutum
3171 460 3488 517 nobiscum
3540 468 3675 515 sus'

232 557 307 615 11:.
348 549 573 602 Amen.

307 635 427 692 Per
458 635 956 695 misericordiam.

305 724 701 793 Antiphona.
725 728 780 785 3.
808 729 887 783 Da
916 727 1091 785 nobis
1119 728 1611 800 auxilium,Deus,
1636 730 1697 787 in
1727 730 1906 788 tribu-

229 811 502 871 latione.
532 814 812 870 Psalmus
841 831 955 872 Lix.

305 912 375 972 ἣν.
411 902 923 962 Exacerbavimus
947 921 1171 963 nomen
1205 911 1392 976 tuum,
1422 908 1686 975 Domine,
1720 907 1904 964 etini-

229 990 509 1063 quitates
537 997 811 1052 coramte
824 992 1074 1051 fecimus
1097 1000 1185 1055 :et
1205 1012 1366 1053 nunc
1382 997 1684 1055 ﬂectamus
1708 1012 1905 1067 genua

230 1079 441 1135 cordis
473 1081 683 1137 nostri.
714 1081 780 1142 P.
816 1083 1053 1140 Dimitte
1074 1085 1250 1141 nobis
1282 1091 1528 1158 peccata
1574 1092 1797 1144 nostra.
1838 1086 1900 1146 ἲν.

227 1168 347 1225 Fac
358 1168 1013 1243 nobiscum,Domine,j
1024 1177 1161 1230 uxta
1174 1175 1701 1231 mansuetudinem
1716 1179 1897 1231 tuam:

227 1260 285 1312 et
310 1257 659 1314 secundum
689 1258 1130 1317 multitudinem
1183 1262 1605 1319 misericordiae
1636 1267 1771 1320 tuae.
1832 1263 1897 1318 P.

224 1346 494 1403 Dimitte.
529 1346 592 1407 ἲν.
618 1347 829 1418 Gloria,
859 1350 1146 1407 ethonor.
1177 1351 1509 1409 Reiteretur
1549 1364 1611 1421 Ριν.

292 1436 544 1491 Preces.
569 1436 1596 1509 Miserere,elparce,clementissime
1626 1440 1895 1505 Domine,

222 1523 452 1599 populo
478 1528 615 1580 tuo.
651 1524 710 1578 P.
734 1525 883 1589 Quia
913 1527 1297 1598 peccavimus
1357 1528 1479 1583 tibi.
1526 1529 1588 1590 ἲν.
1636 1532 1743 1584 Pro
1798 1544 1901 1584 no-

222 1612 359 1667 stris
387 1612 579 1668 malis
594 1613 968 1682 ﬂagellamur
981 1615 1196 1683 acrius,
1222 1620 1277 1673 et
1302 1633 1410 1689 pro
1428 1618 1655 1673 delictis
1704 1618 1901 1674 obcae-

222 1716 441 1757 camur
460 1701 1065 1759 durius:deﬂeamus
1094 1704 1253 1762 mala
1282 1722 1417 1778 quae
1438 1706 1851 1763 commisimus
1882 1722 1895 1761 :

2019 556 2219 621 ceptor
2246 552 2400 606 Deus
2426 550 2633 608 Jacob.
2668 550 2919 605 Psalmus
2948 565 3079 606 XLV.

2090 639 2314 695 Oratio.
2336 638 2584 695 Domine
2612 638 2912 707 refugium
2932 642 3200 693 nostrum
3228 640 3481 695 etvirtus
3503 658 3514 697 :
3534 641 3669 696 tuin

2016 728 2308 798 pressuris
2324 727 2607 783 omnibus
2632 726 2886 795 adsiste;
2907 729 3155 781 utomnc
3183 726 3529 795 gladiumin
3556 745 3669 784 sua

2014 816 2233 884 vagina
2257 815 2581 881 reductum,
2613 820 2671 871 et
2704 830 2883 871 omne
2914 830 3015 870 cor
3046 814 3213 886 pacis
3248 816 3667 886 tranquillitate

2014 902 2287 971 ditatum,
2310 908 2361 960 te
2385 903 2587 959 videre
2605 903 2851 971 ambiat,
2873 908 3046 975 teque
3078 902 3139 959 in
3152 902 3264 960 tuis
3291 919 3527 977 semper
3542 921 3667 959 mu-

2012 991 2256 1048 neribus
2282 998 2698 1062 recognoscat.
2744 1004 2811 1063 1y.
2855 993 3067 1048 Amen.

2083 1082 2188 1136 Per
2218 1081 2686 1137 misericordiam
2702 1124 2714 1136 .

2082 1170 2431 1240 Antiphona
2462 1170 2750 1227 3.Deusin
2777 1170 3021 1226 nomine
3048 1172 3147 1225 tuo
3163 1168 3398 1225 salvum
3425 1185 3519 1225 me
3538 1170 3661 1235 fac;

2010 1261 2066 1313 et
2092 1258 2153 1313 in
2184 1259 2397 1314 virtute
2423 1257 2722 1315 tualibera
2750 1260 3043 1314 nos.Deus
3065 1257 3283 1314 exaudi
3306 1259 3658 1315 orationem.

2008 1351 2296 1403 nostram.
2322 1347 2599 1402 Psalmus.
2628 1363 2739 1403 Llll.

2080 1447 2149 1504 Ην.
2182 1435 2334 1491 Lava
2368 1452 2404 1491 a
2455 1436 2680 1491 malitia
2706 1452 2807 1491 cor
2838 1440 3028 1492 tuum.
3076 1435 3464 1491 Hierusalem.
3498 1439 3558 1491 P.
3594 1438 3659 1492 Ut

2008 1523 2173 1580 salva
2194 1523 2324 1579 tias.
2352 1526 2673 1596 Usquequo
2692 1524 3087 1581 morabuntur
3107 1524 3167 1579 in
3195 1529 3246 1579 te
3273 1524 3661 1593 cogitationes

2008 1613 2330 1684 pessimae?
2362 1613 2421 1673 ἵ.
2457 1616 2739 1669 Excutere
2768 1614 2841 1668 dc
2874 1613 3133 1686 pulvere,
3176 1629 3488 1684 consurge,
3518 1613 3658 1668 sedc

2008 1700 2373 1758 Hierusalem
2408 1700 2611 1757 :solve
2641 1701 2881 1757 vincula
2930 1701 3064 1757 colli
3088 1701 3190 1767 tui,
3251 1702 3492 1775 captiva
3532 1702 3656 1757 ﬁlia

221 1790 284 1845 P.
314 1789 505 1853 Quia.
540 1790 600 1851 γ.
636 1793 895 1849 Remove
926 1791 1171 1858 famem,
1206 1797 1262 1850 et
1289 1793 1369 1851 da
1399 1794 1632 1850 imbren
1650 1795 1895 1865 gratiae:
1935 1802 1978 1858 Β
2015 1788 2176 1846 Sion.
2228 1792 2286 1845 P.
2339 1791 2407 1846 Ut
2449 1790 2632 1846 salva.
2680 1790 2742 1849 Ἓν.
2799 1790 3011 1856 Gloria,
3072 1794 3129 1847 et.
3192 1790 3402 1846 honor.
3470 1791 3657 1847 Ilerte-

222 1876 833 1951 frugumquelargam
856 1880 1058 1951 praebe
1080 1880 1898 1955 abundantiam,atqueopta-

225 1970 343 2022 tam
373 1971 776 2039 peccatorum
807 1968 1067 2025 veniam.
1102 1972 1160 2024 P.
1201 1969 1370 2035 Quia.
1416 1970 1473 2032 tt'.
1530 1972 1748 2028 Amove
1797 1986 1897 2044 pe.

224 2058 393 2119 stem,
419 2055 798 2128 Redemptor
826 2056 1115 2115 altissime
1142 2075 1155 2114 :
1187 2059 1496 2131 repentina
1526 2064 1715 2116 morte
1747 2060 1895 2116 dum

217 2144 692 2215 prosternimur,
717 2161 835 2201 non
858 2146 1030 2202 detur
1058 2163 1238 2219 paena
1260 2164 1272 2213 ;
1293 2148 1398 2204 sed
1419 2149 1609 2216 ,venia
1638 2164 1892 2222 peccan-

214 2231 394 2288 tibus.
442 2235 513 2287 P.
540 2232 705 2295 Quia.
740 2233 800 2293 tif.
865 2234 1213 2307 Lachrymis
1245 2240 1453 2293 nostra
1510 2237 1708 2307 dignis
1729 2237 1891 2311 reple

213 2325 463 2396 pectora
496 2338 509 2375 :
545 2320 747 2377 efﬂuat
772 2321 832 2376 in
856 2337 967 2378 nos
992 2323 1292 2381 charitatis
1320 2325 1711 2397 spiritus,qua
1726 2341 1893 2383 erua-

215 2424 351 2464 mur
382 2409 683 2465 vitiorum
714 2409 1011 2482 lapsibus.
1044 2414 1107 2467 P.
1152 2413 1317 2478 Quia.

283 2500 603 2569 Hymnus.
644 2500 707 2556 0.
733 2502 1029 2557 Nazarene
1058 2500 1181 2566 lux,
1214 2503 1330 2571 fol.
1375 2504 1498 2559 144.

285 2587 533 2644 Oratio.
544 2588 628 2643 Da
640 2588 811 2644 nobis
832 2588 1081 2645 Domine
1096 2590 1384 2647 auxilium
1400 2590 1461 2647 in
1485 2591 1887 2663 tribulatione,

208 2676 352 2749 quia
385 2692 562 2732 vana
585 2680 675 2733 est
714 2677 875 2732 salus
901 2677 980 2733 ab
1008 2678 1281 2735 homine:
1323 2679 1380 2734 in
1408 2684 1460 2734 te
1492 2680 1671 2747 enim,
1704 2680 1887 2737 facie-

208 2781 344 2821 mus
356 2766 783 2838 virtutem,qui
799 2772 853 2822 et
868 2767 1171 2825 confortas
1184 2767 1619 2837 famulos,etad
1634 2768 1884 2826 nihilum

208 2854 440 2924 redigis
495 2854 793 2910 inimicos.

277 2942 471 3001 Pater
502 2948 722 3000 noster.

876 3034 973 3088 Ad
1009 3034 1274 3091 Sextum.

348 3121 551 3179 Lectio
579 3121 717 3178 libri
736 3121 1063 3179 Ezechielzs
1100 3121 1404 3193 Propheta?
1436 3122 1596 3195 (Cap.
1626 3124 1729 3195 xi).

268 3221 335 3279 ἢ.
370 3212 499 3266 Deo
518 3210 766 3280 gratias.

269 3301 526 3355 Factum
548 3303 634 3355 est
667 3299 911 3356 verbum
948 3299 1185 3356 Domini
1227 3300 1302 3356 ad
1344 3317 1459 3372 me,
1494 3301 1737 3357 dicens:
1768 3302 1872 3359 Fili

204 3386 497 3451 hominis,
530 3387 736 3445 fratres
764 3389 868 3455 tui,
902 3390 1006 3445 viri
1029 3390 1535 3463 propinquitui,et
1558 3391 1875 3449 omnisdo-

205 3491 345 3531 mus
388 3476 588 3545 Israel,
615 3478 894 3543 universi,
928 3479 1151 3551 quibus
1173 3478 1453 3536 dixerunt
1509 3478 1875 3538 habitatores

207 3564 581 3621 Hierusalem
616 3585 628 3624 :
677 3568 873 3639 Longe
926 3567 1185 3624 recedite
1212 3583 1247 3623 a
1268 3568 1717 3634 Domino,nobis
1736 3569 1877 3627 data

208 3657 303 3707 est
330 3657 493 3708 terra
524 3653 584 3708 in
600 3655 995 3725 possessione.
1022 3658 1336 3727 Propterea
1364 3656 1493 3712 haec
1523 3656 1876 3715 dicitDomi-

206 3754 330 3796 nus
354 3740 533 3806 Deus,
559 3742 705 3812 quia
742 3742 919 3813 longe
948 3742 1060 3798 feci
1090 3759 1194 3798 eos
1226 3743 1284 3798 in
1312 3744 1611 3815 gentibus,
1636 3749 1693 3801 et
1732 3745 1878 3818 quia

206 3828 477 3899 dispersi
521 3843 624 3882 eos
656 3829 715 3883 in
746 3829 913 3885 terris
943 3846 955 3882 :
982 3845 1082 3885 ero
1110 3830 1193 3885 eis
1218 3830 1279 3884 in
1340 3832 1874 3889 sanctiﬁcationem

204 3929 338 3970 non
363 3914 669 3970 modicam
685 3915 745 3971 in
772 3916 1043 3980 terris,ad
1060 3933 1212 3989 quas
1231 3923 1540 3973 venerunt.
1564 3923 1877 3991 Propterea

202 4001 465 4074 loquere
490 4020 501 4056 :
528 4006 659 4059 Hiec
686 4003 1121 4059 dicitDominus
1160 4004 1316 4060 Deus
1335 4022 1347 4060 :
1368 4005 1758 4075 Congregabo
1770 4024 1877 4064 vos

202 4089 283 4147 de
317 4090 587 4162 populis,
624 4101 678 4148 et
698 4092 983 4149 adunabo
1004 4108 1112 4148 vos
1126 4092 1403 4157 deterris,
1428 4093 1489 4148 in
1519 4093 1874 4166 quibusdis-

201 4180 367 4251 persi
396 4181 552 4247 estis,
587 4180 869 4253 daboque
892 4181 1057 4238 vocis
1076 4181 1333 4238 humum
1359 4182 1564 4239 Israel.
1607 4183 1876 4252 Etingre-

202 4268 625 4336 dienturilluc,
665 4270 1248 4326 etauferuntomnes
1277 4270 1663 4339 offensiones,
1693 4288 1873 4328 cunc-

205 4361 426 4430 tasque
450 4358 931 4416 abominationes
954 4360 1083 4431 ejus
1105 4360 1178 4416 de
1207 4359 1332 4416 illa.
1374 4362 1441 4417 Et
1465 4360 1625 4418 dabo
1655 4361 1739 4416 eis
1771 4377 1874 4417 cor

205 4460 462 4513 novum,
490 4452 547 4504 et
577 4446 855 4519 spiritum
880 4452 1108 4505 rectum
1136 4448 1400 4505 tribuam
1447 4448 1508 4504 in
1538 4449 1873 4506 visceribus

210 4549 457 4593 eorum:
487 4540 545 4593 et
572 4536 845 4593 auferam
866 4552 968 4593 eor
984 4536 1293 4610 lapideum
1319 4536 1396 4593 de
1426 4553 1608 4595 carne
1639 4554 1868 4604 eorum,

211 4626 268 4678 et
292 4622 458 4679 dabo
485 4622 570 4680 eis
585 4640 687 4681 cor
713 4641 998 4682 carneum
1029 4630 1123 4682 :ut
1147 4626 1207 4681 in
1235 4627 1548 4698 praeceptis
1572 4627 1719 4684 meis
1746 4644 1869 4685 am-

213 4710 444 4781 bulent,
474 4717 530 4769 et
548 4714 775 4784 judicia
802 4730 941 4771 mea
989 4714 1353 4783 custodiant,
1386 4715 1727 4788 faciantque
1751 4732 1823 4773 ea
1854 4734 1867 4772 :

214 4804 269 4857 et
290 4802 414 4858 sint
440 4802 585 4858 mihi
606 4802 667 4859 in
694 4802 1003 4875 populum,
1064 4807 1122 4860 et
1148 4818 1261 4873 ego
1292 4802 1404 4859 sim
1453 4804 1537 4859 eis
1566 4804 1626 4860 in
1659 4807 1865 4862 Deum.

214 4899 272 4957 ﬁ.
306 4895 519 4947 Amen.

280 4980 628 5050 Antiphoni:
656 4981 709 5036 1.
738 4980 942 5053 Populi
960 4981 1402 5039 conﬁtebuntur
1432 4983 1554 5052 tibi,
1586 4984 1647 5039 in
1697 4986 1868 5040 teter-

211 5082 355 5125 num
376 5073 435 5125 et
463 5070 524 5125 in
552 5069 841 5125 saeculum
866 5069 1085 5126 saeculi.
1108 5072 1403 5129 Psalmus.
1427 5089 1581 5129 vai.

280 5157 514 5215 Oratio.
538 5159 710 5221 Deus,
730 5159 903 5229 cujus
928 5158 1102 5215 sedes
1124 5164 1328 5216 manet
1356 5161 1417 5217 in
1445 5160 1732 5218 saeculum
1762 5178 1867 5219 sm-

214 5245 371 5301 culi:
408 5247 628 5317 fulgeat
660 5247 920 5304 Ecclesia
962 5252 1065 5304 tua
1122 5248 1405 5306 varietate
1466 5250 1770 5321 virtutum,
1811 5254 1868 5307 et

210 5340 511 5405 sceptrum
553 5341 723 5391 tuum
752 5339 1104 5406 perornetur
1131 5335 1448 5409 disciplina
1496 5338 1862 5409 ofﬁciorum;

210 5434 483 5495 quosque
507 5423 633 5493 ejus
649 5424 1014 5480 ornamentis
1027 5423 1510 5497 aﬂicis,separari
1547 5427 1625 5484 ab
1652 5443 1723 5485 ea
1738 5427 1868 5486 nul-

213 5506 447 5567 latenus
468 5511 731 5583 patiaris.
762 5524 825 5579 Βρ.
856 5516 1063 5569 Amen.

290 5601 393 5658 Per
424 5600 913 5659 misericordiam.

2006 1883 2174 1933 retur
2205 1888 2271 1948 32.

2078 1966 2255 2037 229
2294 1964 2515 2022 Preces.
2536 1966 2857 2022 Misericors
2877 1965 3145 2032 Domine,
3180 1964 3397 2021 exaudi
3430 1963 3655 2036 suppli-

2004 2055 2212 2109 ces.P.
2255 2056 2320 2109 Et
2375 2053 2674 2110 miserere.
2731 2054 2794 2114 tif.
2863 2054 3102 2110 Excelse
3167 2057 3471 2125 perpetue,
3518 2067 3655 2124 quia

2003 2142 2307 2215 poscimus
2338 2142 2552 2199 tribue.
2581 2145 2639 2197 P.
2681 2146 2744 2198 Et
2775 2142 3073 2197 miserere.
3105 2142 3470 2203 V.Auditum
3502 2140 3651 2213 piis-

2001 2231 2219 2287 simum
2252 2231 2474 2287 inclina
2502 2231 2834 2288 orantibus.
2864 2231 2926 2287 P.
2961 2233 3027 2286 Et
3057 2230 3441 2290 misererev.
3473 2231 3657 2285 Virtu-

2001 2321 2073 2377 tis
2102 2321 2405 2393 praasidio,
2438 2320 2819 2392 Redemptor,
2847 2320 3100 2376 defende
3126 2336 3258 2375 nos.
3305 2323 3363 2376 P.
3396 2321 3461 2374 Et
3481 2319 3655 2375 mise-

1997 2425 2149 2466 rere.
2182 2410 2243 2470 ἲν.
2288 2411 2557 2482 Superna
2612 2409 2896 2482 potentia,
2957 2408 3215 2482 peccatis
3269 2408 3349 2465 da
3392 2407 3650 2463 veniam.

1998 2498 2055 2554 P.
2087 2501 2153 2554 Et
2174 2498 2472 2555 miserere.

2067 2589 2351 2659 Hymnus.
2381 2590 2423 2644 Ο
2448 2590 2762 2654 Nazarene,
2795 2588 2917 2643 lux.
2952 2588 3056 2657 fol.
3100 2590 3216 2643 144.

2069 2676 2296 2732 Oratio.
2318 2677 2586 2733 Concede
2599 2677 2864 2746 Domine,
2894 2680 3071 2732 uttuo
3092 2678 3297 2731 nostra
3328 2674 3491 2730 salus
3513 2691 3645 2747 per-

1993 2763 2229 2819 ﬁciatur
2248 2764 2310 2819 in
2324 2765 2594 2832 nomine;
2618 2764 2925 2836 nosquein
2942 2764 3147 2820 virtute
3169 2762 3645 2834 tualibera,quos

1992 2852 2249 2924 propriis
2262 2852 2709 2908 inﬁrmitatibus
2724 2853 3083 2924 praepeditos
3096 2852 3463 2921 agnosciszut
3478 2856 3644 2907 tuum

1991 2940 2064 2997 sit
2077 2956 2256 2996 omne
2274 2941 2428 3013 quod
2441 2956 2650 2997 sumus
2666 2960 2678 3011 ;
2695 2940 2990 3013 quifecisti
3002 2956 3075 2996 ex
3088 2939 3271 2997 nihilo
3286 2944 3349 2995 ut
3361 2955 3644 2996 essemus.

2060 3033 2228 3087 Pater
2259 3034 2484 3087 noster.

2643 3120 2741 3176 Ad
2776 3120 3023 3177 Novam.

2058 3208 2513 3266 Proverbiorum
2543 3208 2881 3266 Salomonis
2911 3208 3079 3279 (Cap.
3110 3208 3248 3278 xx1).

2060 3312 2122 3371 ﬂ.
2156 3299 2278 3355 Deo
2305 3298 2545 3369 gratias.

2055 3388 2179 3455 Fili,
2194 3387 2409 3444 Anima
2422 3387 2591 3459 impii
2619 3386 2925 3444 desiderat
2942 3386 3320 3451 malum,non
3338 3386 3645 3444 miserebi-

1985 3480 2079 3533 tur
2090 3477 2366 3550 proximo
2381 3475 2788 3534 suo.Mulctato
2806 3476 3115 3547 pestilente
3132 3477 3370 3548 sapiens
3384 3476 3491 3532 erit
3506 3492 3635 3547 par-

1983 3566 2193 3623 vulus:
2220 3569 2274 3621 et
2315 3565 2363 3621 si
2400 3566 3023 3637 sectetursapientem,
3066 3570 3263 3621 sumet
3307 3566 3639 3621 scientiam.

1984 3656 2290 3726 Excogitat
2315 3655 2515 3726 justus
2535 3654 2608 3711 de
2639 3654 2823 3711 domo
2844 3654 3034 3727 impii,
3054 3654 3406 3711 utdetrahat
3425 3654 3643 3726 impios

1985 3742 2600 3809 amalo.Quiobdurat
2620 3758 2828 3799 aurem
2855 3760 3027 3800 suam
3060 3743 3137 3800 ad
3151 3742 3478 3800 clamorem
3494 3759 3641 3815 pau-

1982 3834 2160 3906 peris,
2193 3837 2250 3888 et
2280 3832 2404 3904 ipse
2436 3831 2737 3898 clamabit,
2766 3836 2823 3888 et
2850 3848 2973 3889 non
3028 3832 3400 3889 exaudietur.
3431 3834 3641 3889 Munus

1983 3919 2397 3978 absconditum
2417 3919 2707 3988 extinguit
2737 3919 2878 3983 iras,
2911 3919 3211 3975 etdonum
3238 3920 3301 3975 in
3340 3920 3644 3977 sinumin-

1982 4007 2392 4078 dignationem
2423 4006 2781 4063 maximam.
2818 4005 3115 4064 Gaudium
3144 4006 3307 4076 justo
3337 4011 3425 4061 est
3451 4006 3640 4065 facere

1978 4094 2295 4167 judicium,
2315 4099 2369 4150 et
2386 4109 2572 4166 pavor
2600 4093 2991 4165 operantibus
3013 4091 3640 4166 iniquitatem.Vir,qui

1982 4182 2264 4238 erraverit
2289 4198 2325 4237 a
2353 4181 2449 4237 via
2470 4180 2841 4249 doctrinae,in
2855 4185 3032 4247 coetu,
3052 4180 3361 4250 gigantum
3375 4196 3637 4237 commo-

1980 4272 2229 4330 rabitur.
2261 4270 2366 4336 Qui
2387 4270 2577 4341 diligit
2609 4268 2835 4341 epulas,
2895 4270 2953 4325 in
2990 4273 3252 4339 egestate
3275 4269 3382 4325 erit
3412 4287 3423 4325 :
3457 4276 3513 4326 et
3536 4272 3639 4342 qui

1982 4366 2148 4418 amat
2168 4359 2398 4429 vinum,
2423 4364 2479 4415 et
2508 4358 2775 4431 pinguia,
2817 4374 2940 4415 non
2989 4357 3294 4415 ditabitur.
3344 4358 3637 4429 Projusto

1980 4448 2223 4507 dabitur
2238 4448 2495 4521 impius:
2524 4453 2579 4504 et
2600 4463 2709 4520 pro
2728 4449 2899 4503 rectis
2929 4446 3399 4520 iniquus.Melius
3415 4453 3505 4504 est
3534 4449 3637 4506 ha-

1984 4538 2173 4596 bitare
2192 4539 2254 4595 in
2279 4537 2536 4604 deserto,
2569 4553 2755 4611 quam
2785 4553 2925 4593 cum
2967 4536 3215 4593 muliere
3237 4536 3440 4594 rixosa
3457 4538 3636 4594 etira-

1979 4628 2195 4685 cunda.
2224 4627 2564 4684 Thesaurus
2580 4625 3078 4693 desiderabilis,et
3093 4625 3293 4682 oleum
3320 4624 3380 4680 in
3397 4625 3635 4681 habita-

1978 4716 2298 4787 culojusti:
2329 4715 2683 4789 imprudens
2725 4716 2910 4771 homo
2949 4714 3273 4786 dissipabit
3324 4713 3491 4769 illud.
3528 4714 3635 4779 Qui

1979 4806 2247 4879 sequitur
2256 4805 2553 4875 justitiam
2566 4808 2622 4860 et
2642 4802 3130 4866 misericordiam,
3150 4801 3409 4858 inveniet
3426 4802 3629 4865 vitam,

1976 4898 2033 4952 et
2056 4894 2351 4966 justitiam
2380 4898 2437 4949 et
2468 4891 2745 4962 gloriam.
2779 4902 2845 4955 Ra.
2877 4895 3085 4947 Amen.

2366 4981 2557 5038 Lectio
2588 4981 2752 5037 Libri
2765 4981 2944 5037 Josue
2963 4980 3133 5051 (Cap.
3170 4980 3273 5051 1x).

1984 5112 1987 5115 -
2048 5085 2111 5142 ﬁ.
2154 5074 2273 5128 Deo
2304 5070 2544 5142 gratias.

2045 5162 2107 5217 ln
2136 5160 2248 5217 illis
2265 5158 2517 5216 diebus:
2553 5172 2691 5215 cum
2722 5158 3040 5215 audissent
3064 5160 3169 5231 qui
3195 5158 3631 5217 habitabantin

1974 5249 2629 5322 Gabaon,cuncta,quae
2675 5247 2894 5305 fecerat
2921 5249 3100 5304 Josue
3134 5248 3367 5305 Jericho
3399 5253 3454 5304 et
3482 5251 3625 5318 Hay,

1973 5343 2027 5395 et
2058 5338 2263 5395 callide
2282 5336 2903 5408 cogitantes,tulerunt
2954 5338 3066 5393 sibi
3099 5338 3352 5401 cibaria,
3411 5350 3624 5390 saccos

1975 5432 2197 5483 veteres
2228 5427 2411 5484 asinis
2430 5427 2827 5499 imponentes,
2861 5430 3090 5482 etutrcs
3113 5426 3377 5482 vinarios
3410 5424 3627 5478 scissos

1972 5520 2150 5589 atque
2172 5516 3012 5585 consutos,ealceamentaque
3028 5514 3385 5585 perantiqua
3401 5524 3534 5580 quis
3548 5506 3627 5561 ad

1970 5604 2259 5662 indicium
2309 5605 2617 5661 vetustatis
2649 5602 2905 5676 pittaciis
2930 5607 3180 5659 consuta
3211 5602 3393 5661 erant,
3438 5594 3627 5649 induti
