  <div class='ocr_page' id='page_1' title='image "/cluster/home/n/w/nwhite01/storage/ocr_20150623/86/umn.31951002477379d/210.png"; bbox 0 0 4192 6402; ppageno 0'>
   <div class='ocr_carea' id='block_1_1' title="bbox 285 255 391 339">
    <p class='ocr_par' dir='ltr' id='par_1_1' title="bbox 285 255 391 339">
     <span class='ocr_line' id='line_1_1' title="bbox 285 255 391 339; baseline 0 0"><span class='ocrx_word' id='word_1_1' title='bbox 285 255 391 339; x_wconf 60' lang='grc' dir='ltr'>ωδ</span> 
     </span>
    </p>
   </div>
   <div class='ocr_carea' id='block_1_2' title="bbox 278 467 1948 543">
    <p class='ocr_par' dir='ltr' id='par_1_2' title="bbox 278 467 1948 543">
     <span class='ocr_line' id='line_1_2' title="bbox 278 467 1948 543; baseline 0.001 -19"><span class='ocrx_word' id='word_1_2' title='bbox 278 467 753 524; x_wconf 85' lang='lat' dir='ltr'>missafacinora</span> <span class='ocrx_word' id='word_1_3' title='bbox 772 488 789 540; x_wconf 75' lang='lat'><strong>;</strong></span> <span class='ocrx_word' id='word_1_4' title='bbox 807 469 912 525; x_wconf 90' lang='lat' dir='ltr'>sed</span> <span class='ocrx_word' id='word_1_5' title='bbox 928 474 1288 543; x_wconf 82' lang='lat' dir='ltr'>temperetur</span> <span class='ocrx_word' id='word_1_6' title='bbox 1301 474 1444 529; x_wconf 84' lang='lat' dir='ltr'>ultio</span> <span class='ocrx_word' id='word_1_7' title='bbox 1458 474 1841 528; x_wconf 84' lang='lat' dir='ltr'>miseratione</span> <span class='ocrx_word' id='word_1_8' title='bbox 1856 487 1948 525; x_wconf 88' lang='lat' dir='ltr'>su-</span> 
     </span>
    </p>
   </div>
   <div class='ocr_carea' id='block_1_3' title="bbox 276 556 1948 635">
    <p class='ocr_par' dir='ltr' id='par_1_3' title="bbox 276 556 1948 635">
     <span class='ocr_line' id='line_1_3' title="bbox 276 556 1948 635; baseline 0.002 -25"><span class='ocrx_word' id='word_1_9' title='bbox 276 571 468 629; x_wconf 86' lang='lat' dir='ltr'>perna</span> <span class='ocrx_word' id='word_1_10' title='bbox 499 572 510 610; x_wconf 92' lang='lat'><strong>:</strong></span> <span class='ocrx_word' id='word_1_11' title='bbox 542 561 600 611; x_wconf 92' lang='lat' dir='ltr'>et</span> <span class='ocrx_word' id='word_1_12' title='bbox 630 556 757 628; x_wconf 90' lang='lat' dir='ltr'>ipse</span> <span class='ocrx_word' id='word_1_13' title='bbox 792 562 1004 626; x_wconf 89' lang='lat' dir='ltr'>totum,</span> <span class='ocrx_word' id='word_1_14' title='bbox 1042 562 1208 631; x_wconf 91' lang='lat' dir='ltr'>quod</span> <span class='ocrx_word' id='word_1_15' title='bbox 1234 562 1530 635; x_wconf 87' lang='lat' dir='ltr'>displicet,</span> <span class='ocrx_word' id='word_1_16' title='bbox 1560 560 1772 616; x_wconf 82' lang='lat' dir='ltr'>abluas</span> <span class='ocrx_word' id='word_1_17' title='bbox 1799 578 1810 627; x_wconf 89' lang='lat'>;</span> <span class='ocrx_word' id='word_1_18' title='bbox 1844 558 1948 630; x_wconf 86' lang='lat' dir='ltr'>qui</span> 
     </span>
    </p>
   </div>
   <div class='ocr_carea' id='block_1_4' title="bbox 277 642 1943 721">
    <p class='ocr_par' dir='ltr' id='par_1_4' title="bbox 277 642 1943 721">
     <span class='ocr_line' id='line_1_4' title="bbox 277 642 1943 721; baseline 0.002 -23"><span class='ocrx_word' id='word_1_19' title='bbox 277 648 627 717; x_wconf 86' lang='lat' dir='ltr'>peccatores</span> <span class='ocrx_word' id='word_1_20' title='bbox 648 645 725 700; x_wconf 91' lang='lat' dir='ltr'>ad</span> <span class='ocrx_word' id='word_1_21' title='bbox 740 651 794 701; x_wconf 94' lang='lat' dir='ltr'>te</span> <span class='ocrx_word' id='word_1_22' title='bbox 816 654 1175 704; x_wconf 79' lang='lat' dir='ltr'><strong>revertentes</strong></span> <span class='ocrx_word' id='word_1_23' title='bbox 1188 642 1579 721; x_wconf 81' lang='lat' dir='ltr'>justiﬁcando</span> <span class='ocrx_word' id='word_1_24' title='bbox 1604 649 1899 717; x_wconf 86' lang='lat' dir='ltr'>gloriﬁcas</span> <span class='ocrx_word' id='word_1_25' title='bbox 1931 665 1943 702; x_wconf 89' lang='lat'>:</span> 
     </span>
    </p>
   </div>
   <div class='ocr_carea' id='block_1_5' title="bbox 280 730 1944 809">
    <p class='ocr_par' dir='ltr' id='par_1_5' title="bbox 280 730 1944 809">
     <span class='ocr_line' id='line_1_5' title="bbox 280 730 1944 809; baseline 0.002 -25"><span class='ocrx_word' id='word_1_26' title='bbox 280 730 509 803; x_wconf 85' lang='lat' dir='ltr'>quique</span> <span class='ocrx_word' id='word_1_27' title='bbox 537 746 651 787; x_wconf 88' lang='lat' dir='ltr'>nos</span> <span class='ocrx_word' id='word_1_28' title='bbox 677 747 808 788; x_wconf 90' lang='lat' dir='ltr'>esse</span> <span class='ocrx_word' id='word_1_29' title='bbox 834 736 1075 790; x_wconf 89' lang='lat' dir='ltr'>voluisti</span> <span class='ocrx_word' id='word_1_30' title='bbox 1104 753 1175 791; x_wconf 89' lang='lat' dir='ltr'>ex</span> <span class='ocrx_word' id='word_1_31' title='bbox 1202 738 1386 792; x_wconf 89' lang='lat' dir='ltr'>nihilo</span> <span class='ocrx_word' id='word_1_32' title='bbox 1414 736 1475 792; x_wconf 92' lang='lat' dir='ltr'>id</span> <span class='ocrx_word' id='word_1_33' title='bbox 1498 736 1665 809; x_wconf 90' lang='lat' dir='ltr'>quod</span> <span class='ocrx_word' id='word_1_34' title='bbox 1696 751 1905 789; x_wconf 91' lang='lat' dir='ltr'>sumus</span> <span class='ocrx_word' id='word_1_35' title='bbox 1931 750 1944 799; x_wconf 91' lang='lat'><strong>;</strong></span> 
     </span>
    </p>
   </div>
   <div class='ocr_carea' id='block_1_6' title="bbox 279 819 1946 897">
    <p class='ocr_par' dir='ltr' id='par_1_6' title="bbox 279 819 1946 897">
     <span class='ocr_line' id='line_1_6' title="bbox 279 819 1946 897; baseline 0.002 -24"><span class='ocrx_word' id='word_1_36' title='bbox 279 819 417 892; x_wconf 92' lang='lat' dir='ltr'>ipse</span> <span class='ocrx_word' id='word_1_37' title='bbox 451 821 738 889; x_wconf 88' lang='lat' dir='ltr'>concede,</span> <span class='ocrx_word' id='word_1_38' title='bbox 770 829 832 877; x_wconf 90' lang='lat' dir='ltr'>ut</span> <span class='ocrx_word' id='word_1_39' title='bbox 856 823 1195 881; x_wconf 80' lang='lat' dir='ltr'>ccelestibus</span> <span class='ocrx_word' id='word_1_40' title='bbox 1212 826 1411 895; x_wconf 82' lang='lat' dir='ltr'><strong>regnis</strong></span> <span class='ocrx_word' id='word_1_41' title='bbox 1434 826 1574 897; x_wconf 86' lang='lat' dir='ltr'>apti,</span> <span class='ocrx_word' id='word_1_42' title='bbox 1604 828 1799 880; x_wconf 86' lang='lat' dir='ltr'>tecum</span> <span class='ocrx_word' id='word_1_43' title='bbox 1822 822 1946 877; x_wconf 89' lang='lat' dir='ltr'><strong>sine</strong></span> 
     </span>
    </p>
   </div>
   <div class='ocr_carea' id='block_1_7' title="bbox 280 906 1104 981">
    <p class='ocr_par' dir='ltr' id='par_1_7' title="bbox 280 906 1104 981">
     <span class='ocr_line' id='line_1_7' title="bbox 280 906 1104 981; baseline 0.007 -20"><span class='ocrx_word' id='word_1_44' title='bbox 280 906 407 962; x_wconf 84' lang='lat' dir='ltr'>ﬁne</span> <span class='ocrx_word' id='word_1_45' title='bbox 446 908 747 965; x_wconf 88' lang='lat' dir='ltr'>vivamus.</span> <span class='ocrx_word' id='word_1_46' title='bbox 786 920 854 981; x_wconf 59' lang='lat' dir='ltr'>11v.</span> <span class='ocrx_word' id='word_1_47' title='bbox 894 911 1104 967; x_wconf 85' lang='lat' dir='ltr'>Amen.</span> 
     </span>
    </p>
   </div>
   <div class='ocr_carea' id='block_1_8' title="bbox 354 996 988 1057">
    <p class='ocr_par' dir='ltr' id='par_1_8' title="bbox 354 996 988 1057">
     <span class='ocr_line' id='line_1_8' title="bbox 354 996 988 1057; baseline 0.006 -7"><span class='ocrx_word' id='word_1_48' title='bbox 354 996 463 1052; x_wconf 85' lang='lat' dir='ltr'>Per</span> <span class='ocrx_word' id='word_1_49' title='bbox 492 997 988 1057; x_wconf 90' lang='lat' dir='ltr'>misericordiam.</span> 
     </span>
    </p>
   </div>
   <div class='ocr_carea' id='block_1_9' title="bbox 352 1085 1939 1156">
    <p class='ocr_par' dir='ltr' id='par_1_9' title="bbox 352 1085 1939 1156">
     <span class='ocr_line' id='line_1_9' title="bbox 352 1085 1939 1156; baseline 0.003 -17"><span class='ocrx_word' id='word_1_50' title='bbox 352 1085 715 1153; x_wconf 79' lang='lat' dir='ltr'>Antiphona</span> <span class='ocrx_word' id='word_1_51' title='bbox 741 1091 793 1141; x_wconf 85' lang='lat'>2.</span> <span class='ocrx_word' id='word_1_52' title='bbox 816 1089 1042 1145; x_wconf 87' lang='lat' dir='ltr'>Exaudi</span> <span class='ocrx_word' id='word_1_53' title='bbox 1081 1090 1255 1156; x_wconf 86' lang='lat' dir='ltr'><strong>Deus,</strong></span> <span class='ocrx_word' id='word_1_54' title='bbox 1282 1091 1611 1147; x_wconf 90' lang='lat' dir='ltr'>orationem</span> <span class='ocrx_word' id='word_1_55' title='bbox 1639 1092 1939 1147; x_wconf 88' lang='lat' dir='ltr'>nostram:</span> 
     </span>
    </p>
   </div>
   <div class='ocr_carea' id='block_1_10' title="bbox 274 1173 1943 1252">
    <p class='ocr_par' dir='ltr' id='par_1_10' title="bbox 274 1173 1943 1252">
     <span class='ocr_line' id='line_1_10' title="bbox 274 1173 1943 1252; baseline 0.002 -24"><span class='ocrx_word' id='word_1_56' title='bbox 274 1173 357 1229; x_wconf 88' lang='lat' dir='ltr'>ad</span> <span class='ocrx_word' id='word_1_57' title='bbox 391 1178 447 1229; x_wconf 91' lang='lat' dir='ltr'><strong>te</strong></span> <span class='ocrx_word' id='word_1_58' title='bbox 476 1176 675 1230; x_wconf 92' lang='lat' dir='ltr'>omnis</span> <span class='ocrx_word' id='word_1_59' title='bbox 704 1192 844 1232; x_wconf 89' lang='lat' dir='ltr'>caro</span> <span class='ocrx_word' id='word_1_60' title='bbox 873 1180 1086 1235; x_wconf 83' lang='lat' dir='ltr'>veniet.</span> <span class='ocrx_word' id='word_1_61' title='bbox 1117 1180 1307 1235; x_wconf 86' lang='lat' dir='ltr'>Verba</span> <span class='ocrx_word' id='word_1_62' title='bbox 1338 1180 1685 1252; x_wconf 91' lang='lat' dir='ltr'>iniquorum</span> <span class='ocrx_word' id='word_1_63' title='bbox 1717 1194 1943 1250; x_wconf 69' lang='lat' dir='ltr'>praeva-</span> 
     </span>
    </p>
   </div>
   <div class='ocr_carea' id='block_1_11' title="bbox 272 1261 1941 1340">
    <p class='ocr_par' dir='ltr' id='par_1_11' title="bbox 272 1261 1941 1340">
     <span class='ocr_line' id='line_1_11' title="bbox 272 1261 1941 1340; baseline 0.002 -22"><span class='ocrx_word' id='word_1_64' title='bbox 272 1261 523 1339; x_wconf 91' lang='lat' dir='ltr'>luerunt</span> <span class='ocrx_word' id='word_1_65' title='bbox 551 1280 731 1336; x_wconf 90' lang='lat' dir='ltr'><strong>super</strong></span> <span class='ocrx_word' id='word_1_66' title='bbox 762 1281 871 1321; x_wconf 90' lang='lat' dir='ltr'><strong>nos</strong></span> <span class='ocrx_word' id='word_1_67' title='bbox 906 1284 918 1321; x_wconf 92' lang='lat'><strong>:</strong></span> <span class='ocrx_word' id='word_1_68' title='bbox 954 1271 1009 1322; x_wconf 91' lang='lat' dir='ltr'>et</span> <span class='ocrx_word' id='word_1_69' title='bbox 1038 1268 1445 1340; x_wconf 89' lang='lat' dir='ltr'>impietatibus</span> <span class='ocrx_word' id='word_1_70' title='bbox 1478 1267 1695 1322; x_wconf 88' lang='lat' dir='ltr'><strong>nostris</strong></span> <span class='ocrx_word' id='word_1_71' title='bbox 1719 1271 1776 1320; x_wconf 91' lang='lat' dir='ltr'>tu</span> <span class='ocrx_word' id='word_1_72' title='bbox 1804 1281 1941 1337; x_wconf 88' lang='lat' dir='ltr'><strong>pro-</strong></span> 
     </span>
    </p>
   </div>
   <div class='ocr_carea' id='block_1_12' title="bbox 266 1350 1935 1428">
    <p class='ocr_par' dir='ltr' id='par_1_12' title="bbox 266 1350 1935 1428">
     <span class='ocr_line' id='line_1_12' title="bbox 266 1350 1935 1428; baseline 0.002 -23"><span class='ocrx_word' id='word_1_73' title='bbox 266 1350 607 1421; x_wconf 87' lang='lat' dir='ltr'>pitiaberis.</span> <span class='ocrx_word' id='word_1_74' title='bbox 634 1351 697 1411; x_wconf 52' lang='grc' dir='ltr'>ἲν.</span> <span class='ocrx_word' id='word_1_75' title='bbox 719 1352 959 1421; x_wconf 89' lang='lat' dir='ltr'>Beatus,</span> <span class='ocrx_word' id='word_1_76' title='bbox 980 1371 1162 1428; x_wconf 88' lang='lat' dir='ltr'>quem</span> <span class='ocrx_word' id='word_1_77' title='bbox 1183 1357 1426 1425; x_wconf 88' lang='lat' dir='ltr'>elegisti,</span> <span class='ocrx_word' id='word_1_78' title='bbox 1447 1360 1501 1410; x_wconf 90' lang='lat' dir='ltr'>et</span> <span class='ocrx_word' id='word_1_79' title='bbox 1516 1356 1891 1426; x_wconf 88' lang='lat' dir='ltr'>assumpsisti</span> <span class='ocrx_word' id='word_1_80' title='bbox 1920 1374 1935 1409; x_wconf 89' lang='lat'><strong>:</strong></span> 
     </span>
    </p>
   </div>
   <div class='ocr_carea' id='block_1_13' title="bbox 265 1438 1802 1500">
    <p class='ocr_par' dir='ltr' id='par_1_13' title="bbox 265 1438 1802 1500">
     <span class='ocr_line' id='line_1_13' title="bbox 265 1438 1802 1500; baseline 0.003 -6"><span class='ocrx_word' id='word_1_81' title='bbox 265 1438 641 1496; x_wconf 87' lang='lat' dir='ltr'>inhabitabit</span> <span class='ocrx_word' id='word_1_82' title='bbox 666 1442 726 1495; x_wconf 92' lang='lat' dir='ltr'>in</span> <span class='ocrx_word' id='word_1_83' title='bbox 758 1442 1157 1500; x_wconf 87' lang='lat' dir='ltr'>tabernaculis</span> <span class='ocrx_word' id='word_1_84' title='bbox 1188 1445 1321 1499; x_wconf 91' lang='lat' dir='ltr'>tuis.</span> <span class='ocrx_word' id='word_1_85' title='bbox 1359 1445 1624 1500; x_wconf 84' lang='lat' dir='ltr'>Psalmus</span> <span class='ocrx_word' id='word_1_86' title='bbox 1655 1460 1802 1498; x_wconf 82' lang='lat' dir='ltr'>inv.</span> 
     </span>
    </p>
   </div>
   <div class='ocr_carea' id='block_1_14' title="bbox 340 1527 1937 1596">
    <p class='ocr_par' dir='ltr' id='par_1_14' title="bbox 340 1527 1937 1596">
     <span class='ocr_line' id='line_1_14' title="bbox 340 1527 1937 1596; baseline 0.004 -16"><span class='ocrx_word' id='word_1_87' title='bbox 340 1527 585 1582; x_wconf 80' lang='lat' dir='ltr'><strong>Oratio.</strong></span> <span class='ocrx_word' id='word_1_88' title='bbox 609 1529 853 1595; x_wconf 85' lang='lat' dir='ltr'>Exaudi,</span> <span class='ocrx_word' id='word_1_89' title='bbox 872 1546 984 1585; x_wconf 91' lang='lat' dir='ltr'>nos</span> <span class='ocrx_word' id='word_1_90' title='bbox 1010 1532 1163 1586; x_wconf 90' lang='lat' dir='ltr'>Deus</span> <span class='ocrx_word' id='word_1_91' title='bbox 1191 1532 1468 1587; x_wconf 89' lang='lat' dir='ltr'>salutaris</span> <span class='ocrx_word' id='word_1_92' title='bbox 1489 1536 1689 1586; x_wconf 86' lang='lat' dir='ltr'><strong>noster</strong></span> <span class='ocrx_word' id='word_1_93' title='bbox 1713 1546 1810 1596; x_wconf 88' lang='lat' dir='ltr'>;ac</span> <span class='ocrx_word' id='word_1_94' title='bbox 1825 1546 1937 1587; x_wconf 88' lang='lat' dir='ltr'>nos</span> 
     </span>
    </p>
   </div>
   <div class='ocr_carea' id='block_1_15' title="bbox 261 1615 1936 1692">
    <p class='ocr_par' dir='ltr' id='par_1_15' title="bbox 261 1615 1936 1692">
     <span class='ocr_line' id='line_1_15' title="bbox 261 1615 1936 1692; baseline 0.001 -20"><span class='ocrx_word' id='word_1_95' title='bbox 261 1618 376 1672; x_wconf 89' lang='lat' dir='ltr'>tua</span> <span class='ocrx_word' id='word_1_96' title='bbox 394 1615 613 1671; x_wconf 89' lang='lat' dir='ltr'>virtute</span> <span class='ocrx_word' id='word_1_97' title='bbox 633 1617 933 1690; x_wconf 70' lang='lat' dir='ltr'>prtecinge</span> <span class='ocrx_word' id='word_1_98' title='bbox 961 1637 972 1673; x_wconf 93' lang='lat'>:</span> <span class='ocrx_word' id='word_1_99' title='bbox 998 1619 1265 1692; x_wconf 89' lang='lat' dir='ltr'>dumque</span> <span class='ocrx_word' id='word_1_100' title='bbox 1278 1621 1416 1675; x_wconf 89' lang='lat' dir='ltr'>ﬁdei</span> <span class='ocrx_word' id='word_1_101' title='bbox 1429 1625 1709 1692; x_wconf 85' lang='lat' dir='ltr'>optamus</span> <span class='ocrx_word' id='word_1_102' title='bbox 1734 1618 1936 1673; x_wconf 89' lang='lat' dir='ltr'>solidi-</span> 
     </span>
    </p>
   </div>
   <div class='ocr_carea' id='block_1_16' title="bbox 1433 255 2555 349">
    <p class='ocr_par' dir='ltr' id='par_1_16' title="bbox 1433 255 2555 349">
     <span class='ocr_line' id='line_1_16' title="bbox 1433 255 2555 349; baseline 0.008 -34"><span class='ocrx_word' id='word_1_103' title='bbox 1433 257 1786 339; x_wconf 60' lang='lat' dir='ltr'>DOMINtQA</span> <span class='ocrx_word' id='word_1_104' title='bbox 1836 256 1913 331; x_wconf 76' lang='lat' dir='ltr'>III</span> <span class='ocrx_word' id='word_1_105' title='bbox 1952 255 2555 349; x_wconf 65' lang='lat' dir='ltr'>QQADRAGEstM/E.</span> 
     </span>
    </p>
   </div>
   <div class='ocr_carea' id='block_1_17' title="bbox 276 377 2031 471">
    <p class='ocr_par' dir='ltr' id='par_1_17' title="bbox 276 377 2031 471">
     <span class='ocr_line' id='line_1_17' title="bbox 276 377 2031 471; baseline 0.003 -38"><span class='ocrx_word' id='word_1_106' title='bbox 276 377 519 471; x_wconf 76' lang='lat' dir='ltr'>auferas</span> <span class='ocrx_word' id='word_1_107' title='bbox 535 393 548 433; x_wconf 90' lang='lat'><strong>:</strong></span> <span class='ocrx_word' id='word_1_108' title='bbox 572 392 683 471; x_wconf 84' lang='lat' dir='ltr'>nec</span> <span class='ocrx_word' id='word_1_109' title='bbox 695 380 1112 471; x_wconf 81' lang='lat' dir='ltr'>prophanetur</span> <span class='ocrx_word' id='word_1_110' title='bbox 1127 386 1549 441; x_wconf 86' lang='lat' dir='ltr'>testamentum</span> <span class='ocrx_word' id='word_1_111' title='bbox 1564 389 1734 449; x_wconf 85' lang='lat' dir='ltr'>tuum</span> <span class='ocrx_word' id='word_1_112' title='bbox 1748 382 1827 439; x_wconf 92' lang='lat' dir='ltr'>ob</span> <span class='ocrx_word' id='word_1_113' title='bbox 1844 382 1945 438; x_wconf 88' lang='lat' dir='ltr'>ad-</span> 
     </span>
    </p>
   </div>
   <div class='ocr_carea' id='block_1_18' title="bbox 3608 272 3715 353">
    <p class='ocr_par' dir='ltr' id='par_1_18' title="bbox 3608 272 3715 353">
     <span class='ocr_line' id='line_1_18' title="bbox 3608 272 3715 353; baseline 0.075 -8"><span class='ocrx_word' id='word_1_114' title='bbox 3608 272 3715 353; x_wconf 55' lang='grc' dir='ltr'>ἆορ</span> 
     </span>
    </p>
   </div>
   <div class='ocr_carea' id='block_1_19' title="bbox 2422 390 3335 469">
    <p class='ocr_par' dir='ltr' id='par_1_19' title="bbox 2422 390 3335 469">
     <span class='ocr_line' id='line_1_19' title="bbox 2422 390 3335 469; baseline 0.004 -21"><span class='ocrx_word' id='word_1_115' title='bbox 2422 393 2621 450; x_wconf 87' lang='lat' dir='ltr'>Lectio</span> <span class='ocrx_word' id='word_1_116' title='bbox 2651 390 2794 449; x_wconf 78' lang='lat' dir='ltr'>libri</span> <span class='ocrx_word' id='word_1_117' title='bbox 2811 395 3015 452; x_wconf 88' lang='lat' dir='ltr'>Josue.</span> <span class='ocrx_word' id='word_1_118' title='bbox 3054 397 3218 467; x_wconf 84' lang='lat' dir='ltr'>(Cap.</span> <span class='ocrx_word' id='word_1_119' title='bbox 3252 396 3335 469; x_wconf 80' lang='lat' dir='ltr'>x).</span> 
     </span>
    </p>
   </div>
   <div class='ocr_carea' id='block_1_20' title="bbox 2130 480 2602 549">
    <p class='ocr_par' dir='ltr' id='par_1_20' title="bbox 2130 480 2602 549">
     <span class='ocr_line' id='line_1_20' title="bbox 2130 480 2602 549; baseline 0.008 -18"><span class='ocrx_word' id='word_1_120' title='bbox 2130 487 2193 539; x_wconf 47' lang='lat' dir='ltr'>ne.</span> <span class='ocrx_word' id='word_1_121' title='bbox 2216 480 2335 534; x_wconf 94' lang='lat' dir='ltr'>Deo</span> <span class='ocrx_word' id='word_1_122' title='bbox 2365 482 2602 549; x_wconf 80' lang='lat' dir='ltr'>gratias.</span> 
     </span>
    </p>
   </div>
   <div class='ocr_carea' id='block_1_21' title="bbox 2130 566 3707 632">
    <p class='ocr_par' dir='ltr' id='par_1_21' title="bbox 2130 566 3707 632">
     <span class='ocr_line' id='line_1_21' title="bbox 2130 566 3707 632; baseline 0.008 -14"><span class='ocrx_word' id='word_1_123' title='bbox 2130 568 2189 619; x_wconf 92' lang='lat' dir='ltr'>In</span> <span class='ocrx_word' id='word_1_124' title='bbox 2228 566 2339 621; x_wconf 84' lang='lat' dir='ltr'>illis</span> <span class='ocrx_word' id='word_1_125' title='bbox 2393 568 2605 623; x_wconf 90' lang='lat' dir='ltr'>diebus</span> <span class='ocrx_word' id='word_1_126' title='bbox 2639 585 2652 623; x_wconf 75' lang='grc' dir='ltr'><em>τ</em></span> <span class='ocrx_word' id='word_1_127' title='bbox 2688 572 2836 626; x_wconf 89' lang='lat' dir='ltr'>Cum</span> <span class='ocrx_word' id='word_1_128' title='bbox 2887 570 3155 627; x_wconf 87' lang='lat' dir='ltr'>audisset</span> <span class='ocrx_word' id='word_1_129' title='bbox 3190 572 3559 630; x_wconf 91' lang='lat' dir='ltr'>Adonisedec</span> <span class='ocrx_word' id='word_1_130' title='bbox 3601 590 3707 632; x_wconf 86' lang='lat' dir='ltr'><strong>rex</strong></span> 
     </span>
    </p>
   </div>
   <div class='ocr_carea' id='block_1_22' title="bbox 2056 651 3706 734">
    <p class='ocr_par' dir='ltr' id='par_1_22' title="bbox 2056 651 3706 734">
     <span class='ocr_line' id='line_1_22' title="bbox 2056 651 3706 734; baseline 0.009 -30"><span class='ocrx_word' id='word_1_131' title='bbox 2056 651 2445 723; x_wconf 82' lang='lat' dir='ltr'>Hierusalem,</span> <span class='ocrx_word' id='word_1_132' title='bbox 2475 658 2639 727; x_wconf 89' lang='lat' dir='ltr'>quod</span> <span class='ocrx_word' id='word_1_133' title='bbox 2690 658 2909 713; x_wconf 88' lang='lat' dir='ltr'>scilicet</span> <span class='ocrx_word' id='word_1_134' title='bbox 2953 659 3201 730; x_wconf 89' lang='lat' dir='ltr'>cepisset</span> <span class='ocrx_word' id='word_1_135' title='bbox 3230 662 3405 716; x_wconf 88' lang='lat' dir='ltr'>Jesue</span> <span class='ocrx_word' id='word_1_136' title='bbox 3456 665 3602 734; x_wconf 80' lang='lat' dir='ltr'>Hay,</span> <span class='ocrx_word' id='word_1_137' title='bbox 3648 668 3706 720; x_wconf 92' lang='lat' dir='ltr'>et</span> 
     </span>
    </p>
   </div>
   <div class='ocr_carea' id='block_1_23' title="bbox 2057 740 3697 821">
    <p class='ocr_par' dir='ltr' id='par_1_23' title="bbox 2057 740 3697 821">
     <span class='ocr_line' id='line_1_23' title="bbox 2057 740 3697 821; baseline 0.008 -29"><span class='ocrx_word' id='word_1_138' title='bbox 2057 740 2441 798; x_wconf 85' lang='lat' dir='ltr'>subvertisset</span> <span class='ocrx_word' id='word_1_139' title='bbox 2471 760 2603 800; x_wconf 88' lang='lat' dir='ltr'>eam</span> <span class='ocrx_word' id='word_1_140' title='bbox 2623 746 2799 814; x_wconf 87' lang='lat' dir='ltr'>(sicut</span> <span class='ocrx_word' id='word_1_141' title='bbox 2820 746 3037 803; x_wconf 82' lang='lat' dir='ltr'>fecerat</span> <span class='ocrx_word' id='word_1_142' title='bbox 3055 748 3308 815; x_wconf 89' lang='lat' dir='ltr'>Jericho,</span> <span class='ocrx_word' id='word_1_143' title='bbox 3333 753 3389 804; x_wconf 92' lang='lat' dir='ltr'>et</span> <span class='ocrx_word' id='word_1_144' title='bbox 3407 751 3528 818; x_wconf 90' lang='lat' dir='ltr'>regi</span> <span class='ocrx_word' id='word_1_145' title='bbox 3549 751 3697 821; x_wconf 89' lang='lat' dir='ltr'>ejus,</span> 
     </span>
    </p>
   </div>
   <div class='ocr_carea' id='block_1_24' title="bbox 2054 828 3703 909">
    <p class='ocr_par' dir='ltr' id='par_1_24' title="bbox 2054 828 3703 909">
     <span class='ocr_line' id='line_1_24' title="bbox 2054 828 3703 909; baseline 0.009 -28"><span class='ocrx_word' id='word_1_146' title='bbox 2054 828 2137 882; x_wconf 88' lang='lat' dir='ltr'>sic</span> <span class='ocrx_word' id='word_1_147' title='bbox 2168 828 2300 884; x_wconf 86' lang='lat' dir='ltr'>fecit</span> <span class='ocrx_word' id='word_1_148' title='bbox 2332 834 2476 903; x_wconf 87' lang='lat' dir='ltr'>Hay,</span> <span class='ocrx_word' id='word_1_149' title='bbox 2516 838 2573 888; x_wconf 91' lang='lat' dir='ltr'><strong>et</strong></span> <span class='ocrx_word' id='word_1_150' title='bbox 2600 834 2725 904; x_wconf 85' lang='lat' dir='ltr'>regi</span> <span class='ocrx_word' id='word_1_151' title='bbox 2752 835 2905 906; x_wconf 89' lang='lat' dir='ltr'>ejus)</span> <span class='ocrx_word' id='word_1_152' title='bbox 2935 839 2992 891; x_wconf 90' lang='lat' dir='ltr'>et</span> <span class='ocrx_word' id='word_1_153' title='bbox 3029 836 3195 909; x_wconf 91' lang='lat' dir='ltr'>quod</span> <span class='ocrx_word' id='word_1_154' title='bbox 3242 836 3703 907; x_wconf 85' lang='lat' dir='ltr'>transfugissent</span> 
     </span>
    </p>
   </div>
   <div class='ocr_carea' id='block_1_25' title="bbox 2055 916 3706 991">
    <p class='ocr_par' dir='ltr' id='par_1_25' title="bbox 2055 916 3706 991">
     <span class='ocr_line' id='line_1_25' title="bbox 2055 916 3706 991; baseline 0.005 -20"><span class='ocrx_word' id='word_1_155' title='bbox 2055 916 2397 975; x_wconf 67' lang='lat' dir='ltr'>Gabaonitze</span> <span class='ocrx_word' id='word_1_156' title='bbox 2420 921 2499 975; x_wconf 91' lang='lat' dir='ltr'>ad</span> <span class='ocrx_word' id='word_1_157' title='bbox 2530 922 2729 985; x_wconf 79' lang='lat' dir='ltr'>Israel,</span> <span class='ocrx_word' id='word_1_158' title='bbox 2758 926 2814 977; x_wconf 94' lang='lat' dir='ltr'>et</span> <span class='ocrx_word' id='word_1_159' title='bbox 2852 926 3053 979; x_wconf 91' lang='lat' dir='ltr'>essent</span> <span class='ocrx_word' id='word_1_160' title='bbox 3075 922 3348 979; x_wconf 71' lang='lat' dir='ltr'>fmderati</span> <span class='ocrx_word' id='word_1_161' title='bbox 3378 939 3608 991; x_wconf 87' lang='lat' dir='ltr'>eorum,</span> <span class='ocrx_word' id='word_1_162' title='bbox 3636 924 3706 979; x_wconf 91' lang='lat' dir='ltr'>ti-</span> 
     </span>
    </p>
   </div>
   <div class='ocr_carea' id='block_1_26' title="bbox 2051 1005 3707 1082">
    <p class='ocr_par' dir='ltr' id='par_1_26' title="bbox 2051 1005 3707 1082">
     <span class='ocr_line' id='line_1_26' title="bbox 2051 1005 3707 1082; baseline 0.008 -25"><span class='ocrx_word' id='word_1_163' title='bbox 2051 1005 2202 1060; x_wconf 89' lang='lat' dir='ltr'>muit</span> <span class='ocrx_word' id='word_1_164' title='bbox 2224 1006 2417 1064; x_wconf 87' lang='lat' dir='ltr'>valde.</span> <span class='ocrx_word' id='word_1_165' title='bbox 2442 1008 2590 1064; x_wconf 76' lang='lat' dir='ltr'>Urbs</span> <span class='ocrx_word' id='word_1_166' title='bbox 2616 1011 2775 1066; x_wconf 92' lang='lat' dir='ltr'>enim</span> <span class='ocrx_word' id='word_1_167' title='bbox 2806 1026 3033 1082; x_wconf 89' lang='lat' dir='ltr'>magna</span> <span class='ocrx_word' id='word_1_168' title='bbox 3062 1016 3187 1068; x_wconf 87' lang='lat' dir='ltr'>erat</span> <span class='ocrx_word' id='word_1_169' title='bbox 3210 1012 3476 1079; x_wconf 89' lang='lat' dir='ltr'>Gabaon,</span> <span class='ocrx_word' id='word_1_170' title='bbox 3500 1017 3559 1069; x_wconf 92' lang='lat' dir='ltr'>et</span> <span class='ocrx_word' id='word_1_171' title='bbox 3583 1027 3707 1071; x_wconf 84' lang='lat' dir='ltr'>una</span> 
     </span>
    </p>
   </div>
   <div class='ocr_carea' id='block_1_27' title="bbox 2050 1093 3703 1173">
    <p class='ocr_par' dir='ltr' id='par_1_27' title="bbox 2050 1093 3703 1173">
     <span class='ocr_line' id='line_1_27' title="bbox 2050 1093 3703 1173; baseline 0.007 -28"><span class='ocrx_word' id='word_1_172' title='bbox 2050 1093 2342 1163; x_wconf 86' lang='lat' dir='ltr'>regalium</span> <span class='ocrx_word' id='word_1_173' title='bbox 2361 1095 2669 1153; x_wconf 86' lang='lat' dir='ltr'>civitatum</span> <span class='ocrx_word' id='word_1_174' title='bbox 2692 1103 2746 1154; x_wconf 92' lang='lat' dir='ltr'>et</span> <span class='ocrx_word' id='word_1_175' title='bbox 2764 1100 2959 1170; x_wconf 89' lang='lat' dir='ltr'>major</span> <span class='ocrx_word' id='word_1_176' title='bbox 2970 1100 3195 1172; x_wconf 92' lang='lat' dir='ltr'>oppido</span> <span class='ocrx_word' id='word_1_177' title='bbox 3214 1103 3359 1172; x_wconf 86' lang='lat' dir='ltr'>Hay,</span> <span class='ocrx_word' id='word_1_178' title='bbox 3378 1116 3703 1173; x_wconf 92' lang='lat' dir='ltr'>omnesque</span> 
     </span>
    </p>
   </div>
   <div class='ocr_carea' id='block_1_28' title="bbox 2048 1178 3701 1257">
    <p class='ocr_par' dir='ltr' id='par_1_28' title="bbox 2048 1178 3701 1257">
     <span class='ocr_line' id='line_1_28' title="bbox 2048 1178 3701 1257; baseline 0.007 -23"><span class='ocrx_word' id='word_1_179' title='bbox 2048 1178 2365 1237; x_wconf 85' lang='lat' dir='ltr'>bellatores</span> <span class='ocrx_word' id='word_1_180' title='bbox 2383 1185 2510 1255; x_wconf 90' lang='lat' dir='ltr'>ejus</span> <span class='ocrx_word' id='word_1_181' title='bbox 2530 1186 2857 1243; x_wconf 86' lang='lat' dir='ltr'>fortissimi.</span> <span class='ocrx_word' id='word_1_182' title='bbox 2876 1188 3021 1243; x_wconf 87' lang='lat' dir='ltr'>Misit</span> <span class='ocrx_word' id='word_1_183' title='bbox 3040 1203 3182 1257; x_wconf 88' lang='lat' dir='ltr'>ergo</span> <span class='ocrx_word' id='word_1_184' title='bbox 3202 1189 3576 1244; x_wconf 87' lang='lat' dir='ltr'>Adonisedec</span> <span class='ocrx_word' id='word_1_185' title='bbox 3597 1204 3701 1245; x_wconf 87' lang='lat' dir='ltr'>rex</span> 
     </span>
    </p>
   </div>
   <div class='ocr_carea' id='block_1_29' title="bbox 2051 1269 3701 1345">
    <p class='ocr_par' dir='ltr' id='par_1_29' title="bbox 2051 1269 3701 1345">
     <span class='ocr_line' id='line_1_29' title="bbox 2051 1269 3701 1345; baseline 0.008 -24"><span class='ocrx_word' id='word_1_186' title='bbox 2051 1269 2415 1327; x_wconf 84' lang='lat' dir='ltr'>Hierusalem</span> <span class='ocrx_word' id='word_1_187' title='bbox 2434 1274 2508 1328; x_wconf 88' lang='lat' dir='ltr'>ad</span> <span class='ocrx_word' id='word_1_188' title='bbox 2529 1275 2758 1330; x_wconf 87' lang='lat' dir='ltr'>Ohaam</span> <span class='ocrx_word' id='word_1_189' title='bbox 2777 1292 2974 1345; x_wconf 75' lang='lat' dir='ltr'>regem</span> <span class='ocrx_word' id='word_1_190' title='bbox 2988 1276 3247 1342; x_wconf 88' lang='lat' dir='ltr'>Hebron,</span> <span class='ocrx_word' id='word_1_191' title='bbox 3273 1282 3329 1333; x_wconf 91' lang='lat' dir='ltr'>et</span> <span class='ocrx_word' id='word_1_192' title='bbox 3348 1278 3424 1332; x_wconf 90' lang='lat' dir='ltr'>ad</span> <span class='ocrx_word' id='word_1_193' title='bbox 3447 1278 3701 1334; x_wconf 87' lang='lat' dir='ltr'>Pharam</span> 
     </span>
    </p>
   </div>
   <div class='ocr_carea' id='block_1_30' title="bbox 2047 1361 3701 1438">
    <p class='ocr_par' dir='ltr' id='par_1_30' title="bbox 2047 1361 3701 1438">
     <span class='ocr_line' id='line_1_30' title="bbox 2047 1361 3701 1438; baseline 0.007 -28"><span class='ocrx_word' id='word_1_194' title='bbox 2047 1372 2250 1423; x_wconf 77' lang='lat' dir='ltr'>regem</span> <span class='ocrx_word' id='word_1_195' title='bbox 2272 1361 2577 1427; x_wconf 90' lang='lat' dir='ltr'>Jerimoth,</span> <span class='ocrx_word' id='word_1_196' title='bbox 2615 1364 2692 1417; x_wconf 85' lang='lat' dir='ltr'>ad</span> <span class='ocrx_word' id='word_1_197' title='bbox 2709 1362 2875 1419; x_wconf 88' lang='lat' dir='ltr'>Jabis</span> <span class='ocrx_word' id='word_1_198' title='bbox 2906 1380 3149 1438; x_wconf 90' lang='lat' dir='ltr'>quoque</span> <span class='ocrx_word' id='word_1_199' title='bbox 3176 1380 3377 1434; x_wconf 84' lang='lat' dir='ltr'>regem</span> <span class='ocrx_word' id='word_1_200' title='bbox 3400 1366 3701 1431; x_wconf 89' lang='lat' dir='ltr'>Lachis,et</span> 
     </span>
    </p>
   </div>
   <div class='ocr_carea' id='block_1_31' title="bbox 2048 1445 3701 1523">
    <p class='ocr_par' dir='ltr' id='par_1_31' title="bbox 2048 1445 3701 1523">
     <span class='ocr_line' id='line_1_31' title="bbox 2048 1445 3701 1523; baseline 0.005 -23"><span class='ocrx_word' id='word_1_201' title='bbox 2048 1445 2125 1500; x_wconf 88' lang='lat' dir='ltr'>ad</span> <span class='ocrx_word' id='word_1_202' title='bbox 2150 1447 2326 1502; x_wconf 90' lang='lat' dir='ltr'>Dabir</span> <span class='ocrx_word' id='word_1_203' title='bbox 2346 1464 2546 1517; x_wconf 83' lang='lat' dir='ltr'>regem</span> <span class='ocrx_word' id='word_1_204' title='bbox 2569 1450 2772 1521; x_wconf 86' lang='lat' dir='ltr'>Eglon,</span> <span class='ocrx_word' id='word_1_205' title='bbox 2804 1452 3009 1507; x_wconf 91' lang='lat' dir='ltr'>dicens</span> <span class='ocrx_word' id='word_1_206' title='bbox 3034 1470 3047 1507; x_wconf 90' lang='lat'><strong>:</strong></span> <span class='ocrx_word' id='word_1_207' title='bbox 3082 1454 3393 1509; x_wconf 85' lang='lat' dir='ltr'>Ascendite</span> <span class='ocrx_word' id='word_1_208' title='bbox 3413 1454 3486 1509; x_wconf 90' lang='lat' dir='ltr'>ad</span> <span class='ocrx_word' id='word_1_209' title='bbox 3506 1469 3625 1523; x_wconf 91' lang='lat' dir='ltr'>me,</span> <span class='ocrx_word' id='word_1_210' title='bbox 3643 1458 3701 1509; x_wconf 92' lang='lat' dir='ltr'>et</span> 
     </span>
    </p>
   </div>
   <div class='ocr_carea' id='block_1_32' title="bbox 2046 1532 3700 1614">
    <p class='ocr_par' dir='ltr' id='par_1_32' title="bbox 2046 1532 3700 1614">
     <span class='ocr_line' id='line_1_32' title="bbox 2046 1532 3700 1614; baseline 0.006 -27"><span class='ocrx_word' id='word_1_211' title='bbox 2046 1532 2188 1589; x_wconf 86' lang='lat' dir='ltr'>ferte</span> <span class='ocrx_word' id='word_1_212' title='bbox 2220 1538 2589 1607; x_wconf 68' lang='lat' dir='ltr'>przesidium,</span> <span class='ocrx_word' id='word_1_213' title='bbox 2644 1545 2709 1593; x_wconf 90' lang='lat' dir='ltr'>ut</span> <span class='ocrx_word' id='word_1_214' title='bbox 2746 1556 3160 1610; x_wconf 88' lang='lat' dir='ltr'>expugnemus</span> <span class='ocrx_word' id='word_1_215' title='bbox 3202 1542 3459 1605; x_wconf 86' lang='lat' dir='ltr'>Gabaon,</span> <span class='ocrx_word' id='word_1_216' title='bbox 3513 1556 3700 1614; x_wconf 87' lang='lat' dir='ltr'>quare</span> 
     </span>
    </p>
   </div>
   <div class='ocr_carea' id='block_1_33' title="bbox 2046 1624 3699 1700">
    <p class='ocr_par' dir='ltr' id='par_1_33' title="bbox 2046 1624 3699 1700">
     <span class='ocr_line' id='line_1_33' title="bbox 2046 1624 3699 1700; baseline 0.006 -24"><span class='ocrx_word' id='word_1_217' title='bbox 2046 1624 2513 1695; x_wconf 86' lang='lat' dir='ltr'>transfugeritad</span> <span class='ocrx_word' id='word_1_218' title='bbox 2528 1628 2721 1692; x_wconf 85' lang='lat' dir='ltr'>Josue,</span> <span class='ocrx_word' id='word_1_219' title='bbox 2742 1627 2895 1683; x_wconf 86' lang='lat' dir='ltr'>ﬁlios</span> <span class='ocrx_word' id='word_1_220' title='bbox 2923 1629 3121 1686; x_wconf 80' lang='lat' dir='ltr'>Israél.</span> <span class='ocrx_word' id='word_1_221' title='bbox 3150 1629 3503 1700; x_wconf 87' lang='lat' dir='ltr'>Congregati</span> <span class='ocrx_word' id='word_1_222' title='bbox 3518 1629 3699 1699; x_wconf 84' lang='lat' dir='ltr'>igitur</span> 
     </span>
    </p>
   </div>
   <div class='ocr_carea' id='block_1_34' title="bbox 264 1704 3699 1786">
    <p class='ocr_par' dir='ltr' id='par_1_34' title="bbox 264 1704 3699 1786">
     <span class='ocr_line' id='line_1_34' title="bbox 264 1704 3699 1786; baseline 0.003 -26"><span class='ocrx_word' id='word_1_223' title='bbox 264 1708 479 1769; x_wconf 88' lang='lat' dir='ltr'>tatem,</span> <span class='ocrx_word' id='word_1_224' title='bbox 504 1704 631 1777; x_wconf 88' lang='lat' dir='ltr'><strong>spei</strong></span> <span class='ocrx_word' id='word_1_225' title='bbox 650 1721 991 1762; x_wconf 91' lang='lat' dir='ltr'>mereamur</span> <span class='ocrx_word' id='word_1_226' title='bbox 1012 1708 1309 1779; x_wconf 86' lang='lat' dir='ltr'>quietem;</span> <span class='ocrx_word' id='word_1_227' title='bbox 1334 1714 1388 1765; x_wconf 93' lang='lat' dir='ltr'>et</span> <span class='ocrx_word' id='word_1_228' title='bbox 1405 1708 1708 1764; x_wconf 89' lang='lat' dir='ltr'>charitatis</span> <span class='ocrx_word' id='word_1_229' title='bbox 1730 1723 1935 1779; x_wconf 89' lang='lat' dir='ltr'>perve-</span> <span class='ocrx_word' id='word_1_230' title='bbox 1971 1725 2017 1780; x_wconf 83' lang='grc' dir='ltr'>Β</span> <span class='ocrx_word' id='word_1_231' title='bbox 2046 1712 2444 1768; x_wconf 90' lang='lat' dir='ltr'>ascenderunt</span> <span class='ocrx_word' id='word_1_232' title='bbox 2468 1714 2689 1785; x_wconf 86' lang='lat' dir='ltr'>quique</span> <span class='ocrx_word' id='word_1_233' title='bbox 2719 1730 2887 1784; x_wconf 88' lang='lat' dir='ltr'>reges</span> <span class='ocrx_word' id='word_1_234' title='bbox 2912 1716 3421 1786; x_wconf 68' lang='lat' dir='ltr'>Amorrhaaorum,</span> <span class='ocrx_word' id='word_1_235' title='bbox 3456 1733 3556 1772; x_wconf 86' lang='lat' dir='ltr'>rex</span> <span class='ocrx_word' id='word_1_236' title='bbox 3573 1718 3699 1773; x_wconf 83' lang='lat' dir='ltr'>Hie-</span> 
     </span>
    </p>
   </div>
   <div class='ocr_carea' id='block_1_35' title="bbox 262 1792 1300 1866">
    <p class='ocr_par' dir='ltr' id='par_1_35' title="bbox 262 1792 1300 1866">
     <span class='ocr_line' id='line_1_35' title="bbox 262 1792 1300 1866; baseline 0.004 -19"><span class='ocrx_word' id='word_1_237' title='bbox 262 1792 513 1848; x_wconf 89' lang='lat' dir='ltr'>niamus</span> <span class='ocrx_word' id='word_1_238' title='bbox 547 1792 627 1848; x_wconf 91' lang='lat' dir='ltr'>ad</span> <span class='ocrx_word' id='word_1_239' title='bbox 656 1795 946 1866; x_wconf 90' lang='lat' dir='ltr'>requiem.</span> <span class='ocrx_word' id='word_1_240' title='bbox 976 1806 1047 1866; x_wconf 47' lang='lat' dir='ltr'>nl.</span> <span class='ocrx_word' id='word_1_241' title='bbox 1086 1800 1300 1852; x_wconf 87' lang='lat' dir='ltr'>Amen.</span> 
     </span>
    </p>
   </div>
   <div class='ocr_carea' id='block_1_36' title="bbox 343 1881 983 1941">
    <p class='ocr_par' dir='ltr' id='par_1_36' title="bbox 343 1881 983 1941">
     <span class='ocr_line' id='line_1_36' title="bbox 343 1881 983 1941; baseline 0.005 -6"><span class='ocrx_word' id='word_1_242' title='bbox 343 1884 451 1935; x_wconf 82' lang='lat' dir='ltr'>Per</span> <span class='ocrx_word' id='word_1_243' title='bbox 480 1881 983 1941; x_wconf 90' lang='lat' dir='ltr'>misericordiam.</span> 
     </span>
    </p>
   </div>
   <div class='ocr_carea' id='block_1_37' title="bbox 345 1968 1935 2047">
    <p class='ocr_par' dir='ltr' id='par_1_37' title="bbox 345 1968 1935 2047">
     <span class='ocr_line' id='line_1_37' title="bbox 345 1968 1935 2047; baseline 0.008 -24"><span class='ocrx_word' id='word_1_244' title='bbox 345 1968 701 2038; x_wconf 82' lang='lat' dir='ltr'>Antiphona</span> <span class='ocrx_word' id='word_1_245' title='bbox 734 1974 785 2025; x_wconf 91' lang='lat'>3.</span> <span class='ocrx_word' id='word_1_246' title='bbox 819 1970 996 2026; x_wconf 83' lang='lat' dir='ltr'>Parce</span> <span class='ocrx_word' id='word_1_247' title='bbox 1018 1973 1271 2045; x_wconf 91' lang='lat' dir='ltr'><strong>pauperi</strong></span> <span class='ocrx_word' id='word_1_248' title='bbox 1297 1977 1352 2029; x_wconf 92' lang='lat' dir='ltr'>et</span> <span class='ocrx_word' id='word_1_249' title='bbox 1380 1974 1543 2047; x_wconf 89' lang='lat' dir='ltr'><strong>inopi</strong></span> <span class='ocrx_word' id='word_1_250' title='bbox 1578 1994 1589 2031; x_wconf 92' lang='lat'>:</span> <span class='ocrx_word' id='word_1_251' title='bbox 1618 1981 1673 2033; x_wconf 94' lang='lat' dir='ltr'>et</span> <span class='ocrx_word' id='word_1_252' title='bbox 1701 1980 1935 2036; x_wconf 88' lang='lat' dir='ltr'>animas</span> 
     </span>
    </p>
   </div>
   <div class='ocr_carea' id='block_1_38' title="bbox 263 2058 1775 2129">
    <p class='ocr_par' dir='ltr' id='par_1_38' title="bbox 263 2058 1775 2129">
     <span class='ocr_line' id='line_1_38' title="bbox 263 2058 1775 2129; baseline 0.007 -18"><span class='ocrx_word' id='word_1_253' title='bbox 263 2072 611 2129; x_wconf 87' lang='lat' dir='ltr'>pauperum</span> <span class='ocrx_word' id='word_1_254' title='bbox 642 2058 836 2113; x_wconf 89' lang='lat' dir='ltr'>salvas</span> <span class='ocrx_word' id='word_1_255' title='bbox 860 2058 974 2123; x_wconf 88' lang='lat' dir='ltr'>fac,</span> <span class='ocrx_word' id='word_1_256' title='bbox 1014 2060 1281 2115; x_wconf 92' lang='lat' dir='ltr'>Domine.</span> <span class='ocrx_word' id='word_1_257' title='bbox 1319 2062 1587 2119; x_wconf 86' lang='lat' dir='ltr'>Psalmus</span> <span class='ocrx_word' id='word_1_258' title='bbox 1619 2081 1775 2124; x_wconf 75' lang='lat' dir='ltr'><strong>LXXI.</strong></span> 
     </span>
    </p>
   </div>
   <div class='ocr_carea' id='block_1_39' title="bbox 344 2145 1935 2221">
    <p class='ocr_par' dir='ltr' id='par_1_39' title="bbox 344 2145 1935 2221">
     <span class='ocr_line' id='line_1_39' title="bbox 344 2145 1935 2221; baseline -0.003 -18"><span class='ocrx_word' id='word_1_259' title='bbox 344 2147 518 2216; x_wconf 80' lang='lat'>231</span> <span class='ocrx_word' id='word_1_260' title='bbox 559 2145 783 2201; x_wconf 83' lang='lat' dir='ltr'>Oratio.</span> <span class='ocrx_word' id='word_1_261' title='bbox 816 2150 994 2202; x_wconf 87' lang='lat' dir='ltr'>Parce</span> <span class='ocrx_word' id='word_1_262' title='bbox 1026 2149 1273 2203; x_wconf 93' lang='lat' dir='ltr'>Domine</span> <span class='ocrx_word' id='word_1_263' title='bbox 1300 2152 1692 2221; x_wconf 84' lang='lat' dir='ltr'>pauperibus,</span> <span class='ocrx_word' id='word_1_264' title='bbox 1726 2160 1781 2210; x_wconf 91' lang='lat' dir='ltr'>et</span> <span class='ocrx_word' id='word_1_265' title='bbox 1812 2157 1935 2211; x_wconf 88' lang='lat' dir='ltr'>ani.</span> 
     </span>
    </p>
   </div>
   <div class='ocr_carea' id='block_1_40' title="bbox 256 2237 1935 2308">
    <p class='ocr_par' dir='ltr' id='par_1_40' title="bbox 256 2237 1935 2308">
     <span class='ocr_line' id='line_1_40' title="bbox 256 2237 1935 2308; baseline 0.006 -19"><span class='ocrx_word' id='word_1_266' title='bbox 256 2250 398 2289; x_wconf 91' lang='lat' dir='ltr'>mas</span> <span class='ocrx_word' id='word_1_267' title='bbox 432 2237 683 2305; x_wconf 92' lang='lat' dir='ltr'>inopum</span> <span class='ocrx_word' id='word_1_268' title='bbox 717 2251 866 2291; x_wconf 88' lang='lat' dir='ltr'>sana</span> <span class='ocrx_word' id='word_1_269' title='bbox 898 2239 1000 2290; x_wconf 88' lang='lat' dir='ltr'>:ut</span> <span class='ocrx_word' id='word_1_270' title='bbox 1032 2237 1135 2308; x_wconf 91' lang='lat' dir='ltr'>qui</span> <span class='ocrx_word' id='word_1_271' title='bbox 1166 2238 1387 2291; x_wconf 91' lang='lat' dir='ltr'>viribus</span> <span class='ocrx_word' id='word_1_272' title='bbox 1415 2242 1631 2294; x_wconf 89' lang='lat' dir='ltr'>nostris</span> <span class='ocrx_word' id='word_1_273' title='bbox 1657 2258 1779 2298; x_wconf 92' lang='lat' dir='ltr'>non</span> <span class='ocrx_word' id='word_1_274' title='bbox 1805 2243 1935 2299; x_wconf 80' lang='lat' dir='ltr'>fidi-</span> 
     </span>
    </p>
   </div>
   <div class='ocr_carea' id='block_1_41' title="bbox 256 2316 1937 2404">
    <p class='ocr_par' dir='ltr' id='par_1_41' title="bbox 256 2316 1937 2404">
     <span class='ocr_line' id='line_1_41' title="bbox 256 2316 1937 2404; baseline 0.005 -26"><span class='ocrx_word' id='word_1_275' title='bbox 256 2316 423 2385; x_wconf 85' lang='lat' dir='ltr'>mus,</span> <span class='ocrx_word' id='word_1_276' title='bbox 458 2326 517 2377; x_wconf 94' lang='lat' dir='ltr'>et</span> <span class='ocrx_word' id='word_1_277' title='bbox 555 2338 660 2393; x_wconf 90' lang='lat' dir='ltr'>spe</span> <span class='ocrx_word' id='word_1_278' title='bbox 710 2341 745 2379; x_wconf 87' lang='lat' dir='ltr'>a</span> <span class='ocrx_word' id='word_1_279' title='bbox 791 2328 844 2379; x_wconf 89' lang='lat' dir='ltr'>te</span> <span class='ocrx_word' id='word_1_280' title='bbox 876 2325 1351 2381; x_wconf 90' lang='lat' dir='ltr'>misericordiam</span> <span class='ocrx_word' id='word_1_281' title='bbox 1389 2329 1802 2398; x_wconf 88' lang='lat' dir='ltr'>postulamus;</span> <span class='ocrx_word' id='word_1_282' title='bbox 1831 2348 1937 2404; x_wconf 92' lang='lat' dir='ltr'>per</span> 
     </span>
    </p>
   </div>
   <div class='ocr_carea' id='block_1_42' title="bbox 260 2410 1938 2494">
    <p class='ocr_par' dir='ltr' id='par_1_42' title="bbox 260 2410 1938 2494">
     <span class='ocr_line' id='line_1_42' title="bbox 260 2410 1938 2494; baseline 0.007 -29"><span class='ocrx_word' id='word_1_283' title='bbox 260 2410 519 2484; x_wconf 88' lang='lat' dir='ltr'>spiritus</span> <span class='ocrx_word' id='word_1_284' title='bbox 542 2417 979 2483; x_wconf 84' lang='lat' dir='ltr'>paupertatem,</span> <span class='ocrx_word' id='word_1_285' title='bbox 998 2430 1275 2487; x_wconf 59' lang='lat' dir='ltr'>superne</span> <span class='ocrx_word' id='word_1_286' title='bbox 1298 2416 1733 2475; x_wconf 87' lang='lat' dir='ltr'>benedictionis</span> <span class='ocrx_word' id='word_1_287' title='bbox 1754 2420 1938 2494; x_wconf 91' lang='lat' dir='ltr'>impe-</span> 
     </span>
    </p>
   </div>
   <div class='ocr_carea' id='block_1_43' title="bbox 265 2500 1366 2571">
    <p class='ocr_par' dir='ltr' id='par_1_43' title="bbox 265 2500 1366 2571">
     <span class='ocr_line' id='line_1_43' title="bbox 265 2500 1366 2571; baseline 0.004 -16"><span class='ocrx_word' id='word_1_288' title='bbox 265 2505 504 2555; x_wconf 85' lang='lat' dir='ltr'>tremus</span> <span class='ocrx_word' id='word_1_289' title='bbox 541 2500 1001 2571; x_wconf 90' lang='lat' dir='ltr'>plenitudinem.</span> <span class='ocrx_word' id='word_1_290' title='bbox 1044 2514 1111 2571; x_wconf 67' lang='grc' dir='ltr'>Βτ.</span> <span class='ocrx_word' id='word_1_291' title='bbox 1152 2508 1366 2559; x_wconf 81' lang='lat' dir='ltr'>Amen.</span> 
     </span>
    </p>
   </div>
   <div class='ocr_carea' id='block_1_44' title="bbox 341 2588 977 2667">
    <p class='ocr_par' dir='ltr' id='par_1_44' title="bbox 341 2588 977 2667">
     <span class='ocr_line' id='line_1_44' title="bbox 341 2588 977 2667; baseline 0 -24"><span class='ocrx_word' id='word_1_292' title='bbox 341 2591 455 2667; x_wconf 82' lang='lat' dir='ltr'>Per</span> <span class='ocrx_word' id='word_1_293' title='bbox 480 2588 977 2645; x_wconf 83' lang='lat' dir='ltr'>misericordiam.</span> 
     </span>
    </p>
   </div>
   <div class='ocr_carea' id='block_1_45' title="bbox 334 2705 1939 2784">
    <p class='ocr_par' dir='ltr' id='par_1_45' title="bbox 334 2705 1939 2784">
     <span class='ocr_line' id='line_1_45' title="bbox 334 2705 1939 2784; baseline 0.005 -23"><span class='ocrx_word' id='word_1_294' title='bbox 334 2717 402 2775; x_wconf 54' lang='lat' dir='ltr'>Ir.</span> <span class='ocrx_word' id='word_1_295' title='bbox 442 2705 747 2761; x_wconf 90' lang='lat' dir='ltr'>Judicium</span> <span class='ocrx_word' id='word_1_296' title='bbox 791 2710 1020 2762; x_wconf 90' lang='lat' dir='ltr'>rectum</span> <span class='ocrx_word' id='word_1_297' title='bbox 1047 2706 1333 2778; x_wconf 91' lang='lat' dir='ltr'>judicate,</span> <span class='ocrx_word' id='word_1_298' title='bbox 1367 2710 1589 2780; x_wconf 90' lang='lat' dir='ltr'>popule</span> <span class='ocrx_word' id='word_1_299' title='bbox 1619 2727 1809 2784; x_wconf 88' lang='lat' dir='ltr'>meus,</span> <span class='ocrx_word' id='word_1_300' title='bbox 1853 2714 1939 2769; x_wconf 93' lang='lat' dir='ltr'>di-</span> 
     </span>
    </p>
   </div>
   <div class='ocr_carea' id='block_1_46' title="bbox 261 2794 1940 2865">
    <p class='ocr_par' dir='ltr' id='par_1_46' title="bbox 261 2794 1940 2865">
     <span class='ocr_line' id='line_1_46' title="bbox 261 2794 1940 2865; baseline 0.004 -13"><span class='ocrx_word' id='word_1_301' title='bbox 261 2794 353 2865; x_wconf 91' lang='lat' dir='ltr'>cit</span> <span class='ocrx_word' id='word_1_302' title='bbox 376 2794 696 2852; x_wconf 92' lang='lat' dir='ltr'>Dominus.</span> <span class='ocrx_word' id='word_1_303' title='bbox 730 2795 794 2849; x_wconf 90' lang='lat' dir='ltr'>P.</span> <span class='ocrx_word' id='word_1_304' title='bbox 827 2794 1351 2851; x_wconf 89' lang='lat' dir='ltr'>Etmisericordias</span> <span class='ocrx_word' id='word_1_305' title='bbox 1373 2796 1545 2853; x_wconf 86' lang='lat' dir='ltr'>facite</span> <span class='ocrx_word' id='word_1_306' title='bbox 1579 2816 1591 2853; x_wconf 91' lang='lat'><strong>:</strong></span> <span class='ocrx_word' id='word_1_307' title='bbox 1618 2801 1865 2857; x_wconf 91' lang='lat' dir='ltr'>viduam</span> <span class='ocrx_word' id='word_1_308' title='bbox 1884 2806 1940 2858; x_wconf 88' lang='lat' dir='ltr'>et</span> 
     </span>
    </p>
   </div>
   <div class='ocr_carea' id='block_1_47' title="bbox 261 2881 1941 2958">
    <p class='ocr_par' dir='ltr' id='par_1_47' title="bbox 261 2881 1941 2958">
     <span class='ocr_line' id='line_1_47' title="bbox 261 2881 1941 2958; baseline 0.005 -22"><span class='ocrx_word' id='word_1_309' title='bbox 261 2881 578 2957; x_wconf 87' lang='lat' dir='ltr'>pupillum</span> <span class='ocrx_word' id='word_1_310' title='bbox 618 2898 726 2955; x_wconf 93' lang='lat' dir='ltr'>per</span> <span class='ocrx_word' id='word_1_311' title='bbox 756 2884 1085 2956; x_wconf 87' lang='lat' dir='ltr'>potentiam</span> <span class='ocrx_word' id='word_1_312' title='bbox 1117 2884 1297 2940; x_wconf 90' lang='lat' dir='ltr'>nolite</span> <span class='ocrx_word' id='word_1_313' title='bbox 1346 2888 1702 2958; x_wconf 90' lang='lat' dir='ltr'>opprimere.</span> <span class='ocrx_word' id='word_1_314' title='bbox 1756 2891 1941 2946; x_wconf 89' lang='lat' dir='ltr'>Unus-</span> 
     </span>
    </p>
   </div>
   <div class='ocr_carea' id='block_1_48' title="bbox 260 2970 1939 3044">
    <p class='ocr_par' dir='ltr' id='par_1_48' title="bbox 260 2970 1939 3044">
     <span class='ocr_line' id='line_1_48' title="bbox 260 2970 1939 3044; baseline 0.005 -19"><span class='ocrx_word' id='word_1_315' title='bbox 260 2971 533 3044; x_wconf 87' lang='lat' dir='ltr'>quisque</span> <span class='ocrx_word' id='word_1_316' title='bbox 565 2970 857 3027; x_wconf 87' lang='lat' dir='ltr'>malitiam</span> <span class='ocrx_word' id='word_1_317' title='bbox 890 2974 951 3026; x_wconf 92' lang='lat' dir='ltr'>in</span> <span class='ocrx_word' id='word_1_318' title='bbox 997 2973 1173 3027; x_wconf 89' lang='lat' dir='ltr'>corde</span> <span class='ocrx_word' id='word_1_319' title='bbox 1219 2989 1328 3028; x_wconf 92' lang='lat' dir='ltr'>suo</span> <span class='ocrx_word' id='word_1_320' title='bbox 1370 2974 1660 3031; x_wconf 91' lang='lat' dir='ltr'>adversus</span> <span class='ocrx_word' id='word_1_321' title='bbox 1699 2977 1939 3034; x_wconf 82' lang='lat' dir='ltr'>fratrem</span> 
     </span>
    </p>
   </div>
   <div class='ocr_carea' id='block_1_49' title="bbox 2046 1800 3697 1874">
    <p class='ocr_par' dir='ltr' id='par_1_49' title="bbox 2046 1800 3697 1874">
     <span class='ocr_line' id='line_1_49' title="bbox 2046 1800 3697 1874; baseline 0.005 -21"><span class='ocrx_word' id='word_1_322' title='bbox 2046 1800 2336 1867; x_wconf 89' lang='lat' dir='ltr'>rusalem,</span> <span class='ocrx_word' id='word_1_323' title='bbox 2358 1816 2457 1856; x_wconf 81' lang='lat' dir='ltr'>rex</span> <span class='ocrx_word' id='word_1_324' title='bbox 2488 1803 2737 1866; x_wconf 89' lang='lat' dir='ltr'>Hebron,</span> <span class='ocrx_word' id='word_1_325' title='bbox 2771 1818 2873 1859; x_wconf 84' lang='lat' dir='ltr'>rex</span> <span class='ocrx_word' id='word_1_326' title='bbox 2901 1804 3215 1871; x_wconf 83' lang='lat' dir='ltr'>Jerimoth;</span> <span class='ocrx_word' id='word_1_327' title='bbox 3242 1820 3347 1860; x_wconf 89' lang='lat' dir='ltr'>rex</span> <span class='ocrx_word' id='word_1_328' title='bbox 3375 1805 3609 1874; x_wconf 90' lang='lat' dir='ltr'>Lachis,</span> <span class='ocrx_word' id='word_1_329' title='bbox 3640 1809 3697 1862; x_wconf 89' lang='lat' dir='ltr'>et</span> 
     </span>
    </p>
   </div>
   <div class='ocr_carea' id='block_1_50' title="bbox 2044 1888 3700 1962">
    <p class='ocr_par' dir='ltr' id='par_1_50' title="bbox 2044 1888 3700 1962">
     <span class='ocr_line' id='line_1_50' title="bbox 2044 1888 3700 1962; baseline 0.004 -22"><span class='ocrx_word' id='word_1_330' title='bbox 2044 1901 2147 1941; x_wconf 91' lang='lat' dir='ltr'>rex</span> <span class='ocrx_word' id='word_1_331' title='bbox 2175 1888 2378 1956; x_wconf 88' lang='lat' dir='ltr'>Eglon,</span> <span class='ocrx_word' id='word_1_332' title='bbox 2408 1904 2547 1944; x_wconf 92' lang='lat' dir='ltr'>cum</span> <span class='ocrx_word' id='word_1_333' title='bbox 2587 1892 2941 1946; x_wconf 89' lang='lat' dir='ltr'>exercitibus</span> <span class='ocrx_word' id='word_1_334' title='bbox 2992 1892 3138 1962; x_wconf 90' lang='lat' dir='ltr'>suis,</span> <span class='ocrx_word' id='word_1_335' title='bbox 3189 1896 3246 1948; x_wconf 92' lang='lat' dir='ltr'>et</span> <span class='ocrx_word' id='word_1_336' title='bbox 3297 1891 3700 1948; x_wconf 89' lang='lat' dir='ltr'>castrametati</span> 
     </span>
    </p>
   </div>
   <div class='ocr_carea' id='block_1_51' title="bbox 2046 1977 3699 2051">
    <p class='ocr_par' dir='ltr' id='par_1_51' title="bbox 2046 1977 3699 2051">
     <span class='ocr_line' id='line_1_51' title="bbox 2046 1977 3699 2051; baseline 0.004 -23"><span class='ocrx_word' id='word_1_337' title='bbox 2046 1977 2351 2031; x_wconf 87' lang='lat' dir='ltr'>suntcirca</span> <span class='ocrx_word' id='word_1_338' title='bbox 2366 1977 2631 2041; x_wconf 89' lang='lat' dir='ltr'>Gabaon,</span> <span class='ocrx_word' id='word_1_339' title='bbox 2648 1982 2711 2033; x_wconf 92' lang='lat' dir='ltr'>ut</span> <span class='ocrx_word' id='word_1_340' title='bbox 2727 1994 3118 2051; x_wconf 89' lang='lat' dir='ltr'>oppugnaren</span> <span class='ocrx_word' id='word_1_341' title='bbox 3131 1984 3145 2034; x_wconf 89' lang='lat' dir='ltr'>t</span> <span class='ocrx_word' id='word_1_342' title='bbox 3158 1995 3313 2035; x_wconf 91' lang='lat' dir='ltr'>eam.</span> <span class='ocrx_word' id='word_1_343' title='bbox 3330 1978 3699 2035; x_wconf 86' lang='lat' dir='ltr'>Habitatores</span> 
     </span>
    </p>
   </div>
   <div class='ocr_carea' id='block_1_52' title="bbox 2044 2064 3699 2140">
    <p class='ocr_par' dir='ltr' id='par_1_52' title="bbox 2044 2064 3699 2140">
     <span class='ocr_line' id='line_1_52' title="bbox 2044 2064 3699 2140; baseline 0.002 -23"><span class='ocrx_word' id='word_1_344' title='bbox 2044 2070 2242 2118; x_wconf 89' lang='lat' dir='ltr'>autem</span> <span class='ocrx_word' id='word_1_345' title='bbox 2260 2064 2504 2120; x_wconf 87' lang='lat' dir='ltr'>Gabaon</span> <span class='ocrx_word' id='word_1_346' title='bbox 2517 2066 2683 2120; x_wconf 85' lang='lat' dir='ltr'>urbis</span> <span class='ocrx_word' id='word_1_347' title='bbox 2705 2068 2970 2122; x_wconf 83' lang='lat' dir='ltr'>obsessae</span> <span class='ocrx_word' id='word_1_348' title='bbox 2988 2067 3363 2122; x_wconf 84' lang='lat' dir='ltr'>miseruntad</span> <span class='ocrx_word' id='word_1_349' title='bbox 3386 2066 3699 2140; x_wconf 89' lang='lat' dir='ltr'>Josue,qui</span> 
     </span>
    </p>
   </div>
   <div class='ocr_carea' id='block_1_53' title="bbox 2044 2153 3694 2224">
    <p class='ocr_par' dir='ltr' id='par_1_53' title="bbox 2044 2153 3694 2224">
     <span class='ocr_line' id='line_1_53' title="bbox 2044 2153 3694 2224; baseline 0.005 -19"><span class='ocrx_word' id='word_1_350' title='bbox 2044 2154 2183 2206; x_wconf 92' lang='lat' dir='ltr'>tunc</span> <span class='ocrx_word' id='word_1_351' title='bbox 2215 2153 2564 2208; x_wconf 90' lang='lat' dir='ltr'>morabatur</span> <span class='ocrx_word' id='word_1_352' title='bbox 2585 2154 2643 2208; x_wconf 90' lang='lat' dir='ltr'>in</span> <span class='ocrx_word' id='word_1_353' title='bbox 2679 2155 2889 2208; x_wconf 88' lang='lat' dir='ltr'>castris</span> <span class='ocrx_word' id='word_1_354' title='bbox 2912 2154 3191 2224; x_wconf 80' lang='lat' dir='ltr'>Galgalae,</span> <span class='ocrx_word' id='word_1_355' title='bbox 3226 2158 3281 2209; x_wconf 90' lang='lat' dir='ltr'>et</span> <span class='ocrx_word' id='word_1_356' title='bbox 3301 2153 3577 2209; x_wconf 87' lang='lat' dir='ltr'>dixerunt</span> <span class='ocrx_word' id='word_1_357' title='bbox 3597 2154 3649 2208; x_wconf 93' lang='lat' dir='ltr'><strong>ei</strong></span> <span class='ocrx_word' id='word_1_358' title='bbox 3681 2174 3694 2213; x_wconf 89' lang='lat'>:</span> 
     </span>
    </p>
   </div>
   <div class='ocr_carea' id='block_1_54' title="bbox 2044 2240 3699 2297">
    <p class='ocr_par' dir='ltr' id='par_1_54' title="bbox 2044 2240 3699 2297">
     <span class='ocr_line' id='line_1_54' title="bbox 2044 2240 3699 2297; baseline 0.002 -4"><span class='ocrx_word' id='word_1_359' title='bbox 2044 2242 2123 2294; x_wconf 88' lang='lat' dir='ltr'>Ne</span> <span class='ocrx_word' id='word_1_360' title='bbox 2155 2240 2421 2294; x_wconf 86' lang='lat' dir='ltr'>retrahas</span> <span class='ocrx_word' id='word_1_361' title='bbox 2454 2256 2669 2296; x_wconf 91' lang='lat' dir='ltr'>manus</span> <span class='ocrx_word' id='word_1_362' title='bbox 2708 2246 2843 2297; x_wconf 90' lang='lat' dir='ltr'>tuas</span> <span class='ocrx_word' id='word_1_363' title='bbox 2877 2242 2955 2297; x_wconf 87' lang='lat' dir='ltr'>ab</span> <span class='ocrx_word' id='word_1_364' title='bbox 2986 2241 3201 2297; x_wconf 89' lang='lat' dir='ltr'>auxilio</span> <span class='ocrx_word' id='word_1_365' title='bbox 3243 2257 3548 2297; x_wconf 90' lang='lat' dir='ltr'>servorum</span> <span class='ocrx_word' id='word_1_366' title='bbox 3571 2245 3699 2297; x_wconf 85' lang='lat' dir='ltr'><strong>tuo-</strong></span> 
     </span>
    </p>
   </div>
   <div class='ocr_carea' id='block_1_55' title="bbox 2044 2329 3701 2403">
    <p class='ocr_par' dir='ltr' id='par_1_55' title="bbox 2044 2329 3701 2403">
     <span class='ocr_line' id='line_1_55' title="bbox 2044 2329 3701 2403; baseline 0.002 -22"><span class='ocrx_word' id='word_1_367' title='bbox 2044 2342 2175 2382; x_wconf 91' lang='lat' dir='ltr'>rum</span> <span class='ocrx_word' id='word_1_368' title='bbox 2206 2348 2217 2386; x_wconf 90' lang='lat'>:</span> <span class='ocrx_word' id='word_1_369' title='bbox 2263 2330 2519 2384; x_wconf 90' lang='lat' dir='ltr'>ascende</span> <span class='ocrx_word' id='word_1_370' title='bbox 2544 2331 2679 2396; x_wconf 87' lang='lat' dir='ltr'>cito,</span> <span class='ocrx_word' id='word_1_371' title='bbox 2712 2336 2770 2385; x_wconf 88' lang='lat' dir='ltr'>et</span> <span class='ocrx_word' id='word_1_372' title='bbox 2817 2330 3001 2385; x_wconf 88' lang='lat' dir='ltr'>libera</span> <span class='ocrx_word' id='word_1_373' title='bbox 3047 2345 3157 2385; x_wconf 93' lang='lat' dir='ltr'>nos</span> <span class='ocrx_word' id='word_1_374' title='bbox 3186 2347 3199 2385; x_wconf 91' lang='lat'><strong>:</strong></span> <span class='ocrx_word' id='word_1_375' title='bbox 3234 2329 3437 2403; x_wconf 76' lang='lat' dir='ltr'>terque</span> <span class='ocrx_word' id='word_1_376' title='bbox 3492 2331 3701 2403; x_wconf 75' lang='lat' dir='ltr'>praesi-</span> 
     </span>
    </p>
   </div>
   <div class='ocr_carea' id='block_1_56' title="bbox 2043 2416 3700 2489">
    <p class='ocr_par' dir='ltr' id='par_1_56' title="bbox 2043 2416 3700 2489">
     <span class='ocr_line' id='line_1_56' title="bbox 2043 2416 3700 2489; baseline 0.001 -18"><span class='ocrx_word' id='word_1_377' title='bbox 2043 2416 2213 2471; x_wconf 91' lang='lat' dir='ltr'>dium</span> <span class='ocrx_word' id='word_1_378' title='bbox 2246 2419 2842 2473; x_wconf 90' lang='lat' dir='ltr'>:conveneruntenim</span> <span class='ocrx_word' id='word_1_379' title='bbox 2856 2418 3171 2474; x_wconf 86' lang='lat' dir='ltr'>adversum</span> <span class='ocrx_word' id='word_1_380' title='bbox 3184 2432 3296 2474; x_wconf 93' lang='lat' dir='ltr'><strong>nos</strong></span> <span class='ocrx_word' id='word_1_381' title='bbox 3308 2433 3700 2489; x_wconf 88' lang='lat' dir='ltr'>omnesreges</span> 
     </span>
    </p>
   </div>
   <div class='ocr_carea' id='block_1_57' title="bbox 2043 2504 3701 2577">
    <p class='ocr_par' dir='ltr' id='par_1_57' title="bbox 2043 2504 3701 2577">
     <span class='ocr_line' id='line_1_57' title="bbox 2043 2504 3701 2577; baseline 0.002 -19"><span class='ocrx_word' id='word_1_382' title='bbox 2043 2504 2551 2573; x_wconf 63' lang='lat' dir='ltr'>Amorrhaeorum,</span> <span class='ocrx_word' id='word_1_383' title='bbox 2570 2506 2675 2577; x_wconf 91' lang='lat' dir='ltr'>qui</span> <span class='ocrx_word' id='word_1_384' title='bbox 2692 2506 2968 2562; x_wconf 89' lang='lat' dir='ltr'>habitant</span> <span class='ocrx_word' id='word_1_385' title='bbox 2988 2506 3048 2561; x_wconf 91' lang='lat' dir='ltr'>in</span> <span class='ocrx_word' id='word_1_386' title='bbox 3062 2507 3385 2563; x_wconf 89' lang='lat' dir='ltr'>montanis.</span> <span class='ocrx_word' id='word_1_387' title='bbox 3400 2507 3701 2562; x_wconf 84' lang='lat' dir='ltr'>Ascendit-</span> 
     </span>
    </p>
   </div>
   <div class='ocr_carea' id='block_1_58' title="bbox 2044 2594 3703 2663">
    <p class='ocr_par' dir='ltr' id='par_1_58' title="bbox 2044 2594 3703 2663">
     <span class='ocr_line' id='line_1_58' title="bbox 2044 2594 3703 2663; baseline 0.001 -16"><span class='ocrx_word' id='word_1_388' title='bbox 2044 2608 2162 2663; x_wconf 92' lang='lat' dir='ltr'>que</span> <span class='ocrx_word' id='word_1_389' title='bbox 2189 2594 2370 2648; x_wconf 87' lang='lat' dir='ltr'>Josue</span> <span class='ocrx_word' id='word_1_390' title='bbox 2401 2594 2475 2648; x_wconf 89' lang='lat' dir='ltr'>de</span> <span class='ocrx_word' id='word_1_391' title='bbox 2522 2594 2803 2663; x_wconf 89' lang='lat' dir='ltr'>Galgalis,</span> <span class='ocrx_word' id='word_1_392' title='bbox 2829 2600 2887 2649; x_wconf 88' lang='lat' dir='ltr'>et</span> <span class='ocrx_word' id='word_1_393' title='bbox 2924 2595 3121 2650; x_wconf 92' lang='lat' dir='ltr'>omnis</span> <span class='ocrx_word' id='word_1_394' title='bbox 3142 2595 3433 2649; x_wconf 88' lang='lat' dir='ltr'>exercitus</span> <span class='ocrx_word' id='word_1_395' title='bbox 3456 2594 3703 2650; x_wconf 86' lang='lat' dir='ltr'>bellato-</span> 
     </span>
    </p>
   </div>
   <div class='ocr_carea' id='block_1_59' title="bbox 2043 2681 3698 2753">
    <p class='ocr_par' dir='ltr' id='par_1_59' title="bbox 2043 2681 3698 2753">
     <span class='ocr_line' id='line_1_59' title="bbox 2043 2681 3698 2753; baseline 0 -18"><span class='ocrx_word' id='word_1_396' title='bbox 2043 2696 2180 2735; x_wconf 89' lang='lat' dir='ltr'>rum</span> <span class='ocrx_word' id='word_1_397' title='bbox 2196 2696 2324 2734; x_wconf 87' lang='lat' dir='ltr'>cum</span> <span class='ocrx_word' id='word_1_398' title='bbox 2338 2697 2429 2745; x_wconf 92' lang='lat' dir='ltr'>eo,</span> <span class='ocrx_word' id='word_1_399' title='bbox 2448 2681 2771 2737; x_wconf 88' lang='lat' dir='ltr'>fortissimi.</span> <span class='ocrx_word' id='word_1_400' title='bbox 2794 2682 3067 2753; x_wconf 90' lang='lat' dir='ltr'>Dixitque</span> <span class='ocrx_word' id='word_1_401' title='bbox 3088 2681 3375 2737; x_wconf 91' lang='lat' dir='ltr'>Dominus</span> <span class='ocrx_word' id='word_1_402' title='bbox 3389 2681 3467 2737; x_wconf 88' lang='lat' dir='ltr'>ad</span> <span class='ocrx_word' id='word_1_403' title='bbox 3482 2684 3660 2737; x_wconf 86' lang='lat' dir='ltr'>Josue</span> <span class='ocrx_word' id='word_1_404' title='bbox 3684 2698 3698 2735; x_wconf 91' lang='lat'><strong>:</strong></span> 
     </span>
    </p>
   </div>
   <div class='ocr_carea' id='block_1_60' title="bbox 2046 2767 3697 2824">
    <p class='ocr_par' dir='ltr' id='par_1_60' title="bbox 2046 2767 3697 2824">
     <span class='ocr_line' id='line_1_60' title="bbox 2046 2767 3697 2824; baseline 0 -1"><span class='ocrx_word' id='word_1_405' title='bbox 2046 2770 2125 2823; x_wconf 91' lang='lat' dir='ltr'><strong>Ne</strong></span> <span class='ocrx_word' id='word_1_406' title='bbox 2157 2768 2368 2823; x_wconf 90' lang='lat' dir='ltr'>timeas</span> <span class='ocrx_word' id='word_1_407' title='bbox 2400 2785 2501 2823; x_wconf 91' lang='lat' dir='ltr'>eos</span> <span class='ocrx_word' id='word_1_408' title='bbox 2532 2785 2543 2823; x_wconf 89' lang='lat'><strong>:</strong></span> <span class='ocrx_word' id='word_1_409' title='bbox 2577 2769 2638 2823; x_wconf 90' lang='lat' dir='ltr'>in</span> <span class='ocrx_word' id='word_1_410' title='bbox 2669 2784 2889 2823; x_wconf 90' lang='lat' dir='ltr'>manus</span> <span class='ocrx_word' id='word_1_411' title='bbox 2929 2770 3088 2824; x_wconf 90' lang='lat' dir='ltr'>enim</span> <span class='ocrx_word' id='word_1_412' title='bbox 3128 2774 3259 2824; x_wconf 90' lang='lat' dir='ltr'>tuas</span> <span class='ocrx_word' id='word_1_413' title='bbox 3284 2767 3500 2823; x_wconf 89' lang='lat' dir='ltr'>tradidi</span> <span class='ocrx_word' id='word_1_414' title='bbox 3550 2784 3652 2823; x_wconf 88' lang='lat' dir='ltr'>eos</span> <span class='ocrx_word' id='word_1_415' title='bbox 3683 2785 3697 2823; x_wconf 91' lang='lat'><strong>:</strong></span> 
     </span>
    </p>
   </div>
   <div class='ocr_carea' id='block_1_61' title="bbox 2047 2854 3702 2928">
    <p class='ocr_par' dir='ltr' id='par_1_61' title="bbox 2047 2854 3702 2928">
     <span class='ocr_line' id='line_1_61' title="bbox 2047 2854 3702 2928; baseline 0.001 -19"><span class='ocrx_word' id='word_1_416' title='bbox 2047 2854 2371 2926; x_wconf 90' lang='lat' dir='ltr'>nullusque</span> <span class='ocrx_word' id='word_1_417' title='bbox 2398 2855 2502 2910; x_wconf 90' lang='lat' dir='ltr'>tibi</span> <span class='ocrx_word' id='word_1_418' title='bbox 2531 2870 2603 2910; x_wconf 83' lang='lat' dir='ltr'>ex</span> <span class='ocrx_word' id='word_1_419' title='bbox 2641 2858 2725 2910; x_wconf 91' lang='lat' dir='ltr'>eis</span> <span class='ocrx_word' id='word_1_420' title='bbox 2750 2857 3023 2912; x_wconf 88' lang='lat' dir='ltr'>resistere</span> <span class='ocrx_word' id='word_1_421' title='bbox 3049 2860 3262 2928; x_wconf 90' lang='lat' dir='ltr'><strong>potest.</strong></span> <span class='ocrx_word' id='word_1_422' title='bbox 3297 2856 3479 2911; x_wconf 89' lang='lat' dir='ltr'>Inruit</span> <span class='ocrx_word' id='word_1_423' title='bbox 3500 2856 3702 2928; x_wconf 89' lang='lat' dir='ltr'>itaque</span> 
     </span>
    </p>
   </div>
   <div class='ocr_carea' id='block_1_62' title="bbox 2046 2943 3703 3017">
    <p class='ocr_par' dir='ltr' id='par_1_62' title="bbox 2046 2943 3703 3017">
     <span class='ocr_line' id='line_1_62' title="bbox 2046 2943 3703 3017; baseline 0 -18"><span class='ocrx_word' id='word_1_424' title='bbox 2046 2945 2224 2999; x_wconf 88' lang='lat' dir='ltr'>Josue</span> <span class='ocrx_word' id='word_1_425' title='bbox 2257 2959 2436 3015; x_wconf 91' lang='lat' dir='ltr'>super</span> <span class='ocrx_word' id='word_1_426' title='bbox 2464 2959 2568 2999; x_wconf 92' lang='lat' dir='ltr'>eos</span> <span class='ocrx_word' id='word_1_427' title='bbox 2590 2950 2854 3017; x_wconf 91' lang='lat' dir='ltr'>repente,</span> <span class='ocrx_word' id='word_1_428' title='bbox 2884 2948 3004 3000; x_wconf 89' lang='lat' dir='ltr'>tota</span> <span class='ocrx_word' id='word_1_429' title='bbox 3048 2944 3379 3000; x_wconf 88' lang='lat' dir='ltr'>ascendens</span> <span class='ocrx_word' id='word_1_430' title='bbox 3426 2948 3597 2999; x_wconf 92' lang='lat' dir='ltr'>nocte</span> <span class='ocrx_word' id='word_1_431' title='bbox 3629 2943 3703 2999; x_wconf 89' lang='lat' dir='ltr'>de</span> 
     </span>
    </p>
   </div>
   <div class='ocr_carea' id='block_1_63' title="bbox 265 3030 3701 3123">
    <p class='ocr_par' dir='ltr' id='par_1_63' title="bbox 265 3030 3701 3123">
     <span class='ocr_line' id='line_1_63' title="bbox 265 3030 3701 3123; baseline 0.003 -10"><span class='ocrx_word' id='word_1_432' title='bbox 265 3030 459 3114; x_wconf 59' lang='lat' dir='ltr'>suum</span> <span class='ocrx_word' id='word_1_433' title='bbox 488 3063 683 3115; x_wconf 88' lang='lat' dir='ltr'>tenere</span> <span class='ocrx_word' id='word_1_434' title='bbox 706 3074 828 3115; x_wconf 94' lang='lat' dir='ltr'>non</span> <span class='ocrx_word' id='word_1_435' title='bbox 853 3059 1050 3115; x_wconf 91' lang='lat' dir='ltr'>debet.</span> <span class='ocrx_word' id='word_1_436' title='bbox 1077 3059 1138 3120; x_wconf 65' lang='lat'>)7.</span> <span class='ocrx_word' id='word_1_437' title='bbox 1162 3062 1344 3117; x_wconf 89' lang='lat' dir='ltr'>Nolite</span> <span class='ocrx_word' id='word_1_438' title='bbox 1369 3030 1939 3123; x_wconf 20' lang='lat' dir='ltr'>secundumifaciem</span> <span class='ocrx_word' id='word_1_439' title='bbox 1978 3064 2019 3120; x_wconf 91' lang='lat' dir='ltr'>C</span> <span class='ocrx_word' id='word_1_440' title='bbox 2050 3032 2327 3123; x_wconf 32' lang='lat' dir='ltr'>6813a“;</span> <span class='ocrx_word' id='word_1_441' title='bbox 2348 3036 2414 3087; x_wconf 63' lang='lat' dir='ltr'>Et</span> <span class='ocrx_word' id='word_1_442' title='bbox 2434 3033 2805 3123; x_wconf 54' lang='lat' dir='ltr'>cmmrbavi‘</span> <span class='ocrx_word' id='word_1_443' title='bbox 2828 3049 2930 3123; x_wconf 59' lang='lat'>80,5</span> <span class='ocrx_word' id='word_1_444' title='bbox 2946 3033 3237 3123; x_wconf 58' lang='lat' dir='ltr'>90min“</span> <span class='ocrx_word' id='word_1_445' title='bbox 3265 3031 3467 3088; x_wconf 68' lang='lat' dir='ltr'>afaCie</span> <span class='ocrx_word' id='word_1_446' title='bbox 3488 3030 3701 3088; x_wconf 60' lang='lat' dir='ltr'>lsraél:</span> 
     </span>
    </p>
   </div>
   <div class='ocr_carea' id='block_1_64' title="bbox 268 3146 1941 3223">
    <p class='ocr_par' dir='ltr' id='par_1_64' title="bbox 268 3146 1941 3223">
     <span class='ocr_line' id='line_1_64' title="bbox 268 3146 1941 3223; baseline 0.007 -22"><span class='ocrx_word' id='word_1_447' title='bbox 268 3146 592 3223; x_wconf 80' lang='lat' dir='ltr'>judicare;</span> <span class='ocrx_word' id='word_1_448' title='bbox 629 3148 735 3203; x_wconf 89' lang='lat' dir='ltr'>sed</span> <span class='ocrx_word' id='word_1_449' title='bbox 774 3153 1000 3205; x_wconf 91' lang='lat' dir='ltr'>rectum</span> <span class='ocrx_word' id='word_1_450' title='bbox 1025 3148 1320 3219; x_wconf 86' lang='lat' dir='ltr'>judicium</span> <span class='ocrx_word' id='word_1_451' title='bbox 1341 3152 1623 3221; x_wconf 90' lang='lat' dir='ltr'>judicate.</span> <span class='ocrx_word' id='word_1_452' title='bbox 1657 3157 1715 3209; x_wconf 89' lang='lat' dir='ltr'>P.</span> <span class='ocrx_word' id='word_1_453' title='bbox 1750 3156 1941 3212; x_wconf 90' lang='lat' dir='ltr'>Etmi-</span> 
     </span>
    </p>
   </div>
   <div class='ocr_carea' id='block_1_65' title="bbox 274 3235 1325 3313">
    <p class='ocr_par' dir='ltr' id='par_1_65' title="bbox 274 3235 1325 3313">
     <span class='ocr_line' id='line_1_65' title="bbox 274 3235 1325 3313; baseline 0.004 -22"><span class='ocrx_word' id='word_1_454' title='bbox 274 3235 667 3313; x_wconf 79' lang='lat' dir='ltr'>sericordias.</span> <span class='ocrx_word' id='word_1_455' title='bbox 695 3236 757 3299; x_wconf 64' lang='lat' dir='ltr'>il.</span> <span class='ocrx_word' id='word_1_456' title='bbox 787 3238 1003 3308; x_wconf 88' lang='lat' dir='ltr'>Gloria,</span> <span class='ocrx_word' id='word_1_457' title='bbox 1036 3244 1092 3295; x_wconf 91' lang='lat' dir='ltr'>et</span> <span class='ocrx_word' id='word_1_458' title='bbox 1110 3239 1325 3295; x_wconf 92' lang='lat' dir='ltr'>honor.</span> 
     </span>
    </p>
   </div>
   <div class='ocr_carea' id='block_1_66' title="bbox 882 3346 1323 3405">
    <p class='ocr_par' dir='ltr' id='par_1_66' title="bbox 882 3346 1323 3405">
     <span class='ocr_line' id='line_1_66' title="bbox 882 3346 1323 3405; baseline -0.009 0"><span class='ocrx_word' id='word_1_459' title='bbox 882 3347 957 3405; x_wconf 87' lang='lat' dir='ltr'>1n</span> <span class='ocrx_word' id='word_1_460' title='bbox 997 3346 1323 3403; x_wconf 73' lang='lat' dir='ltr'>Laudibus.</span> 
     </span>
    </p>
   </div>
   <div class='ocr_carea' id='block_1_67' title="bbox 349 3461 1939 3537">
    <p class='ocr_par' dir='ltr' id='par_1_67' title="bbox 349 3461 1939 3537">
     <span class='ocr_line' id='line_1_67' title="bbox 349 3461 1939 3537; baseline 0.002 -21"><span class='ocrx_word' id='word_1_461' title='bbox 349 3461 715 3531; x_wconf 82' lang='lat' dir='ltr'>Antiphona.</span> <span class='ocrx_word' id='word_1_462' title='bbox 764 3461 1073 3534; x_wconf 79' lang='lat' dir='ltr'>Adparges</span> <span class='ocrx_word' id='word_1_463' title='bbox 1090 3477 1199 3517; x_wconf 94' lang='lat' dir='ltr'>nos</span> <span class='ocrx_word' id='word_1_464' title='bbox 1222 3462 1470 3518; x_wconf 90' lang='lat' dir='ltr'>Domine</span> <span class='ocrx_word' id='word_1_465' title='bbox 1487 3463 1761 3537; x_wconf 89' lang='lat' dir='ltr'>hyssopo</span> <span class='ocrx_word' id='word_1_466' title='bbox 1776 3466 1939 3521; x_wconf 88' lang='lat' dir='ltr'>verbi</span> 
     </span>
    </p>
   </div>
   <div class='ocr_carea' id='block_1_68' title="bbox 268 3549 1941 3625">
    <p class='ocr_par' dir='ltr' id='par_1_68' title="bbox 268 3549 1941 3625">
     <span class='ocr_line' id='line_1_68' title="bbox 268 3549 1941 3625; baseline 0.002 -20"><span class='ocrx_word' id='word_1_467' title='bbox 268 3550 389 3617; x_wconf 89' lang='lat' dir='ltr'>tui,</span> <span class='ocrx_word' id='word_1_468' title='bbox 429 3555 487 3606; x_wconf 92' lang='lat' dir='ltr'>et</span> <span class='ocrx_word' id='word_1_469' title='bbox 509 3549 946 3605; x_wconf 87' lang='lat' dir='ltr'>mundabimur</span> <span class='ocrx_word' id='word_1_470' title='bbox 978 3566 991 3603; x_wconf 91' lang='lat'><strong>:</strong></span> <span class='ocrx_word' id='word_1_471' title='bbox 1027 3549 1257 3605; x_wconf 87' lang='lat' dir='ltr'>lavabis</span> <span class='ocrx_word' id='word_1_472' title='bbox 1282 3565 1412 3616; x_wconf 88' lang='lat' dir='ltr'>nos,</span> <span class='ocrx_word' id='word_1_473' title='bbox 1444 3556 1501 3607; x_wconf 86' lang='lat' dir='ltr'>et</span> <span class='ocrx_word' id='word_1_474' title='bbox 1529 3569 1711 3625; x_wconf 84' lang='lat' dir='ltr'>supra</span> <span class='ocrx_word' id='word_1_475' title='bbox 1740 3554 1941 3609; x_wconf 91' lang='lat' dir='ltr'>nivem</span> 
     </span>
    </p>
   </div>
   <div class='ocr_carea' id='block_1_69' title="bbox 270 3637 1138 3694">
    <p class='ocr_par' dir='ltr' id='par_1_69' title="bbox 270 3637 1138 3694">
     <span class='ocr_line' id='line_1_69' title="bbox 270 3637 1138 3694; baseline 0 0"><span class='ocrx_word' id='word_1_476' title='bbox 270 3637 725 3694; x_wconf 88' lang='lat' dir='ltr'>dealbabimur.</span> <span class='ocrx_word' id='word_1_477' title='bbox 755 3638 1023 3694; x_wconf 84' lang='lat' dir='ltr'>Psalmus</span> <span class='ocrx_word' id='word_1_478' title='bbox 1054 3654 1138 3694; x_wconf 80' lang='lat' dir='ltr'>Lx.</span> 
     </span>
    </p>
   </div>
   <div class='ocr_carea' id='block_1_70' title="bbox 357 3742 1942 3820">
    <p class='ocr_par' dir='ltr' id='par_1_70' title="bbox 357 3742 1942 3820">
     <span class='ocr_line' id='line_1_70' title="bbox 357 3742 1942 3820; baseline 0.004 -23"><span class='ocrx_word' id='word_1_479' title='bbox 357 3744 583 3799; x_wconf 79' lang='lat' dir='ltr'>Oratio.</span> <span class='ocrx_word' id='word_1_480' title='bbox 610 3743 787 3806; x_wconf 93' lang='lat' dir='ltr'>Deus,</span> <span class='ocrx_word' id='word_1_481' title='bbox 818 3744 922 3814; x_wconf 92' lang='lat' dir='ltr'>qui</span> <span class='ocrx_word' id='word_1_482' title='bbox 952 3742 1176 3797; x_wconf 89' lang='lat' dir='ltr'>scelera</span> <span class='ocrx_word' id='word_1_483' title='bbox 1194 3748 1404 3799; x_wconf 90' lang='lat' dir='ltr'>nostra</span> <span class='ocrx_word' id='word_1_484' title='bbox 1428 3744 1717 3813; x_wconf 89' lang='lat' dir='ltr'>ﬁgmento</span> <span class='ocrx_word' id='word_1_485' title='bbox 1735 3753 1942 3820; x_wconf 88' lang='lat' dir='ltr'>operta</span> 
     </span>
    </p>
   </div>
   <div class='ocr_carea' id='block_1_71' title="bbox 274 3828 1942 3900">
    <p class='ocr_par' dir='ltr' id='par_1_71' title="bbox 274 3828 1942 3900">
     <span class='ocr_line' id='line_1_71' title="bbox 274 3828 1942 3900; baseline 0.003 -15"><span class='ocrx_word' id='word_1_486' title='bbox 274 3828 559 3889; x_wconf 88' lang='lat' dir='ltr'>denudas</span> <span class='ocrx_word' id='word_1_487' title='bbox 581 3847 593 3893; x_wconf 91' lang='lat'><strong>;</strong></span> <span class='ocrx_word' id='word_1_488' title='bbox 612 3829 952 3900; x_wconf 88' lang='lat' dir='ltr'>quiincerta</span> <span class='ocrx_word' id='word_1_489' title='bbox 972 3828 1189 3893; x_wconf 85' lang='lat' dir='ltr'>dubiis,</span> <span class='ocrx_word' id='word_1_490' title='bbox 1206 3836 1260 3885; x_wconf 93' lang='lat' dir='ltr'>et</span> <span class='ocrx_word' id='word_1_491' title='bbox 1276 3832 1506 3887; x_wconf 86' lang='lat' dir='ltr'>occulta</span> <span class='ocrx_word' id='word_1_492' title='bbox 1523 3835 1774 3889; x_wconf 89' lang='lat' dir='ltr'>consciis</span> <span class='ocrx_word' id='word_1_493' title='bbox 1803 3852 1942 3890; x_wconf 85' lang='lat' dir='ltr'>con-</span> 
     </span>
    </p>
   </div>
   <div class='ocr_carea' id='block_1_72' title="bbox 280 3916 1940 3991">
    <p class='ocr_par' dir='ltr' id='par_1_72' title="bbox 280 3916 1940 3991">
     <span class='ocr_line' id='line_1_72' title="bbox 280 3916 1940 3991; baseline 0.003 -20"><span class='ocrx_word' id='word_1_494' title='bbox 280 3921 458 3971; x_wconf 86' lang='lat' dir='ltr'>sueta</span> <span class='ocrx_word' id='word_1_495' title='bbox 484 3916 699 3987; x_wconf 89' lang='lat' dir='ltr'>pietate</span> <span class='ocrx_word' id='word_1_496' title='bbox 734 3916 1069 3971; x_wconf 89' lang='lat' dir='ltr'>lransducis</span> <span class='ocrx_word' id='word_1_497' title='bbox 1084 3935 1101 3986; x_wconf 71' lang='lat'><em>;</em></span> <span class='ocrx_word' id='word_1_498' title='bbox 1131 3922 1192 3971; x_wconf 91' lang='lat' dir='ltr'>ut</span> <span class='ocrx_word' id='word_1_499' title='bbox 1211 3919 1506 3973; x_wconf 85' lang='lat' dir='ltr'>noxietate</span> <span class='ocrx_word' id='word_1_500' title='bbox 1542 3921 1779 3991; x_wconf 90' lang='lat' dir='ltr'>prodita</span> <span class='ocrx_word' id='word_1_501' title='bbox 1807 3923 1940 3976; x_wconf 89' lang='lat' dir='ltr'>ads-</span> 
     </span>
    </p>
   </div>
   <div class='ocr_carea' id='block_1_73' title="bbox 276 4002 1941 4078">
    <p class='ocr_par' dir='ltr' id='par_1_73' title="bbox 276 4002 1941 4078">
     <span class='ocr_line' id='line_1_73' title="bbox 276 4002 1941 4078; baseline 0.004 -20"><span class='ocrx_word' id='word_1_502' title='bbox 276 4018 508 4078; x_wconf 88' lang='lat' dir='ltr'>pargas</span> <span class='ocrx_word' id='word_1_503' title='bbox 536 4019 649 4059; x_wconf 92' lang='lat' dir='ltr'>nos</span> <span class='ocrx_word' id='word_1_504' title='bbox 677 4020 807 4060; x_wconf 90' lang='lat' dir='ltr'>rore</span> <span class='ocrx_word' id='word_1_505' title='bbox 849 4002 1270 4059; x_wconf 67' lang='lat' dir='ltr'>misericordia:</span> <span class='ocrx_word' id='word_1_506' title='bbox 1316 4009 1468 4070; x_wconf 63' lang='lat' dir='ltr'>tuae;</span> <span class='ocrx_word' id='word_1_507' title='bbox 1501 4010 1557 4060; x_wconf 89' lang='lat' dir='ltr'>et</span> <span class='ocrx_word' id='word_1_508' title='bbox 1600 4007 1759 4062; x_wconf 90' lang='lat' dir='ltr'>velut</span> <span class='ocrx_word' id='word_1_509' title='bbox 1805 4009 1941 4066; x_wconf 91' lang='lat' dir='ltr'>nive</span> 
     </span>
    </p>
   </div>
   <div class='ocr_carea' id='block_1_74' title="bbox 278 4082 1937 4167">
    <p class='ocr_par' dir='ltr' id='par_1_74' title="bbox 278 4082 1937 4167">
     <span class='ocr_line' id='line_1_74' title="bbox 278 4082 1937 4167; baseline 0.001 -20"><span class='ocrx_word' id='word_1_510' title='bbox 278 4082 641 4148; x_wconf 84' lang='lat' dir='ltr'>dealbemur</span> <span class='ocrx_word' id='word_1_511' title='bbox 670 4092 806 4147; x_wconf 65' lang='lat' dir='ltr'>vitae</span> <span class='ocrx_word' id='word_1_512' title='bbox 865 4092 1226 4147; x_wconf 87' lang='lat' dir='ltr'>correctione</span> <span class='ocrx_word' id='word_1_513' title='bbox 1255 4108 1266 4147; x_wconf 90' lang='lat'><strong><em>:</em></strong></span> <span class='ocrx_word' id='word_1_514' title='bbox 1295 4097 1512 4161; x_wconf 88' lang='lat' dir='ltr'>averte,</span> <span class='ocrx_word' id='word_1_515' title='bbox 1568 4109 1937 4167; x_wconf 67' lang='lat' dir='ltr'>quaesumus,</span> 
     </span>
    </p>
   </div>
   <div class='ocr_carea' id='block_1_75' title="bbox 273 4174 1941 4255">
    <p class='ocr_par' dir='ltr' id='par_1_75' title="bbox 273 4174 1941 4255">
     <span class='ocr_line' id='line_1_75' title="bbox 273 4174 1941 4255; baseline 0.002 -19"><span class='ocrx_word' id='word_1_516' title='bbox 273 4174 500 4237; x_wconf 80' lang='lat' dir='ltr'>faciem</span> <span class='ocrx_word' id='word_1_517' title='bbox 542 4186 702 4255; x_wconf 89' lang='lat' dir='ltr'>tuam</span> <span class='ocrx_word' id='word_1_518' title='bbox 730 4196 765 4236; x_wconf 93' lang='lat' dir='ltr'>a</span> <span class='ocrx_word' id='word_1_519' title='bbox 790 4180 1048 4253; x_wconf 91' lang='lat' dir='ltr'>peccatis</span> <span class='ocrx_word' id='word_1_520' title='bbox 1078 4180 1318 4247; x_wconf 88' lang='lat' dir='ltr'>nostris,</span> <span class='ocrx_word' id='word_1_521' title='bbox 1341 4184 1625 4236; x_wconf 90' lang='lat' dir='ltr'>etomnes</span> <span class='ocrx_word' id='word_1_522' title='bbox 1656 4181 1941 4254; x_wconf 90' lang='lat' dir='ltr'>iniquita-</span> 
     </span>
    </p>
   </div>
   <div class='ocr_carea' id='block_1_76' title="bbox 274 4269 1938 4338">
    <p class='ocr_par' dir='ltr' id='par_1_76' title="bbox 274 4269 1938 4338">
     <span class='ocr_line' id='line_1_76' title="bbox 274 4269 1938 4338; baseline -0.001 -11"><span class='ocrx_word' id='word_1_523' title='bbox 274 4274 373 4327; x_wconf 90' lang='lat' dir='ltr'>tes</span> <span class='ocrx_word' id='word_1_524' title='bbox 419 4274 659 4325; x_wconf 91' lang='lat' dir='ltr'>nostras</span> <span class='ocrx_word' id='word_1_525' title='bbox 716 4269 943 4338; x_wconf 89' lang='lat' dir='ltr'>delens,</span> <span class='ocrx_word' id='word_1_526' title='bbox 989 4269 1212 4325; x_wconf 89' lang='lat' dir='ltr'>innova</span> <span class='ocrx_word' id='word_1_527' title='bbox 1258 4269 1317 4324; x_wconf 95' lang='lat' dir='ltr'>in</span> <span class='ocrx_word' id='word_1_528' title='bbox 1355 4269 1683 4325; x_wconf 91' lang='lat' dir='ltr'>visceribus</span> <span class='ocrx_word' id='word_1_529' title='bbox 1720 4273 1938 4327; x_wconf 87' lang='lat' dir='ltr'>nostris</span> 
     </span>
    </p>
   </div>
   <div class='ocr_carea' id='block_1_77' title="bbox 2050 3121 3705 3193">
    <p class='ocr_par' dir='ltr' id='par_1_77' title="bbox 2050 3121 3705 3193">
     <span class='ocr_line' id='line_1_77' title="bbox 2050 3121 3705 3193; baseline -0.001 -16"><span class='ocrx_word' id='word_1_530' title='bbox 2050 3121 2437 3193; x_wconf 89' lang='lat' dir='ltr'>contrivitque</span> <span class='ocrx_word' id='word_1_531' title='bbox 2448 3122 2631 3193; x_wconf 89' lang='lat' dir='ltr'>plaga</span> <span class='ocrx_word' id='word_1_532' title='bbox 2648 3137 2863 3192; x_wconf 88' lang='lat' dir='ltr'>magna</span> <span class='ocrx_word' id='word_1_533' title='bbox 2886 3122 2946 3176; x_wconf 92' lang='lat' dir='ltr'>in</span> <span class='ocrx_word' id='word_1_534' title='bbox 2965 3122 3235 3187; x_wconf 88' lang='lat' dir='ltr'>Gabaon,</span> <span class='ocrx_word' id='word_1_535' title='bbox 3264 3137 3333 3176; x_wconf 91' lang='lat' dir='ltr'>ac</span> <span class='ocrx_word' id='word_1_536' title='bbox 3353 3125 3705 3193; x_wconf 88' lang='lat' dir='ltr'>persecutus</span> 
     </span>
    </p>
   </div>
   <div class='ocr_carea' id='block_1_78' title="bbox 2050 3210 3708 3283">
    <p class='ocr_par' dir='ltr' id='par_1_78' title="bbox 2050 3210 3708 3283">
     <span class='ocr_line' id='line_1_78' title="bbox 2050 3210 3708 3283; baseline 0.001 -18"><span class='ocrx_word' id='word_1_537' title='bbox 2050 3215 2139 3265; x_wconf 92' lang='lat' dir='ltr'>est</span> <span class='ocrx_word' id='word_1_538' title='bbox 2177 3226 2283 3283; x_wconf 90' lang='lat' dir='ltr'>per</span> <span class='ocrx_word' id='word_1_539' title='bbox 2320 3212 2483 3266; x_wconf 87' lang='lat' dir='ltr'>viam</span> <span class='ocrx_word' id='word_1_540' title='bbox 2534 3226 2818 3266; x_wconf 91' lang='lat' dir='ltr'>ascensus</span> <span class='ocrx_word' id='word_1_541' title='bbox 2858 3210 2993 3265; x_wconf 85' lang='lat' dir='ltr'>Beth</span> <span class='ocrx_word' id='word_1_542' title='bbox 3047 3210 3261 3275; x_wconf 91' lang='lat' dir='ltr'>horon,</span> <span class='ocrx_word' id='word_1_543' title='bbox 3313 3214 3369 3265; x_wconf 91' lang='lat' dir='ltr'>et</span> <span class='ocrx_word' id='word_1_544' title='bbox 3415 3210 3708 3282; x_wconf 89' lang='lat' dir='ltr'>percussit</span> 
     </span>
    </p>
   </div>
   <div class='ocr_carea' id='block_1_79' title="bbox 2050 3297 3708 3370">
    <p class='ocr_par' dir='ltr' id='par_1_79' title="bbox 2050 3297 3708 3370">
     <span class='ocr_line' id='line_1_79' title="bbox 2050 3297 3708 3370; baseline 0 -18"><span class='ocrx_word' id='word_1_545' title='bbox 2050 3314 2241 3370; x_wconf 91' lang='lat' dir='ltr'>usque</span> <span class='ocrx_word' id='word_1_546' title='bbox 2263 3299 2341 3353; x_wconf 90' lang='lat' dir='ltr'>ad</span> <span class='ocrx_word' id='word_1_547' title='bbox 2366 3304 2571 3365; x_wconf 80' lang='lat' dir='ltr'>Azeca,</span> <span class='ocrx_word' id='word_1_548' title='bbox 2604 3304 2659 3354; x_wconf 90' lang='lat' dir='ltr'>et</span> <span class='ocrx_word' id='word_1_549' title='bbox 2681 3299 2933 3354; x_wconf 83' lang='lat' dir='ltr'>Maceda.</span> <span class='ocrx_word' id='word_1_550' title='bbox 2960 3300 3228 3370; x_wconf 87' lang='lat' dir='ltr'>Cumque</span> <span class='ocrx_word' id='word_1_551' title='bbox 3250 3298 3522 3369; x_wconf 86' lang='lat' dir='ltr'>fugerent</span> <span class='ocrx_word' id='word_1_552' title='bbox 3546 3297 3708 3353; x_wconf 88' lang='lat' dir='ltr'>ﬁlios</span> 
     </span>
    </p>
   </div>
   <div class='ocr_carea' id='block_1_80' title="bbox 2050 3386 3707 3453">
    <p class='ocr_par' dir='ltr' id='par_1_80' title="bbox 2050 3386 3707 3453">
     <span class='ocr_line' id='line_1_80' title="bbox 2050 3386 3707 3453; baseline -0.001 -12"><span class='ocrx_word' id='word_1_553' title='bbox 2050 3386 2246 3452; x_wconf 81' lang='lat' dir='ltr'>Israel,</span> <span class='ocrx_word' id='word_1_554' title='bbox 2289 3391 2345 3443; x_wconf 89' lang='lat' dir='ltr'>et</span> <span class='ocrx_word' id='word_1_555' title='bbox 2374 3393 2569 3443; x_wconf 90' lang='lat' dir='ltr'>essent</span> <span class='ocrx_word' id='word_1_556' title='bbox 2597 3387 2659 3443; x_wconf 90' lang='lat' dir='ltr'>in</span> <span class='ocrx_word' id='word_1_557' title='bbox 2694 3403 2952 3443; x_wconf 91' lang='lat' dir='ltr'>ascensu</span> <span class='ocrx_word' id='word_1_558' title='bbox 2990 3386 3131 3442; x_wconf 87' lang='lat' dir='ltr'>Beth</span> <span class='ocrx_word' id='word_1_559' title='bbox 3178 3387 3391 3453; x_wconf 90' lang='lat' dir='ltr'>horon,</span> <span class='ocrx_word' id='word_1_560' title='bbox 3416 3386 3707 3442; x_wconf 90' lang='lat' dir='ltr'>Dominus</span> 
     </span>
    </p>
   </div>
   <div class='ocr_carea' id='block_1_81' title="bbox 2049 3474 3707 3549">
    <p class='ocr_par' dir='ltr' id='par_1_81' title="bbox 2049 3474 3707 3549">
     <span class='ocr_line' id='line_1_81' title="bbox 2049 3474 3707 3549; baseline -0.001 -19"><span class='ocrx_word' id='word_1_561' title='bbox 2049 3475 2212 3531; x_wconf 90' lang='lat' dir='ltr'>misit</span> <span class='ocrx_word' id='word_1_562' title='bbox 2251 3492 2429 3549; x_wconf 90' lang='lat' dir='ltr'>super</span> <span class='ocrx_word' id='word_1_563' title='bbox 2457 3493 2559 3531; x_wconf 91' lang='lat' dir='ltr'>eos</span> <span class='ocrx_word' id='word_1_564' title='bbox 2589 3476 2820 3547; x_wconf 90' lang='lat' dir='ltr'>lapides</span> <span class='ocrx_word' id='word_1_565' title='bbox 2850 3490 3107 3545; x_wconf 90' lang='lat' dir='ltr'>magnos</span> <span class='ocrx_word' id='word_1_566' title='bbox 3137 3476 3211 3530; x_wconf 92' lang='lat' dir='ltr'>de</span> <span class='ocrx_word' id='word_1_567' title='bbox 3241 3474 3391 3531; x_wconf 86' lang='lat' dir='ltr'>ccelo</span> <span class='ocrx_word' id='word_1_568' title='bbox 3411 3490 3606 3547; x_wconf 92' lang='lat' dir='ltr'>usque</span> <span class='ocrx_word' id='word_1_569' title='bbox 3628 3475 3707 3530; x_wconf 92' lang='lat' dir='ltr'>ad</span> 
     </span>
    </p>
   </div>
   <div class='ocr_carea' id='block_1_82' title="bbox 2048 3562 3707 3636">
    <p class='ocr_par' dir='ltr' id='par_1_82' title="bbox 2048 3562 3707 3636">
     <span class='ocr_line' id='line_1_82' title="bbox 2048 3562 3707 3636; baseline -0.001 -18"><span class='ocrx_word' id='word_1_570' title='bbox 2048 3566 2239 3621; x_wconf 80' lang='lat' dir='ltr'>Azcca</span> <span class='ocrx_word' id='word_1_571' title='bbox 2267 3583 2279 3623; x_wconf 91' lang='lat'>:</span> <span class='ocrx_word' id='word_1_572' title='bbox 2309 3571 2364 3620; x_wconf 91' lang='lat' dir='ltr'><strong>et</strong></span> <span class='ocrx_word' id='word_1_573' title='bbox 2380 3565 2597 3620; x_wconf 88' lang='lat' dir='ltr'>mortui</span> <span class='ocrx_word' id='word_1_574' title='bbox 2618 3569 2757 3620; x_wconf 90' lang='lat' dir='ltr'>sunt</span> <span class='ocrx_word' id='word_1_575' title='bbox 2780 3564 2965 3619; x_wconf 91' lang='lat' dir='ltr'>multo</span> <span class='ocrx_word' id='word_1_576' title='bbox 2979 3563 3180 3636; x_wconf 89' lang='lat' dir='ltr'>plures</span> <span class='ocrx_word' id='word_1_577' title='bbox 3207 3562 3514 3635; x_wconf 88' lang='lat' dir='ltr'>lapidibus</span> <span class='ocrx_word' id='word_1_578' title='bbox 3532 3576 3707 3631; x_wconf 87' lang='lat' dir='ltr'>gran-</span> 
     </span>
    </p>
   </div>
   <div class='ocr_carea' id='block_1_83' title="bbox 2050 3650 3702 3726">
    <p class='ocr_par' dir='ltr' id='par_1_83' title="bbox 2050 3650 3702 3726">
     <span class='ocr_line' id='line_1_83' title="bbox 2050 3650 3702 3726; baseline -0.002 -18"><span class='ocrx_word' id='word_1_579' title='bbox 2050 3654 2226 3719; x_wconf 89' lang='lat' dir='ltr'>dinis,</span> <span class='ocrx_word' id='word_1_580' title='bbox 2260 3669 2446 3726; x_wconf 90' lang='lat' dir='ltr'>quam</span> <span class='ocrx_word' id='word_1_581' title='bbox 2472 3670 2625 3726; x_wconf 87' lang='lat' dir='ltr'>quos</span> <span class='ocrx_word' id='word_1_582' title='bbox 2666 3654 2867 3723; x_wconf 84' lang='lat' dir='ltr'>gladio</span> <span class='ocrx_word' id='word_1_583' title='bbox 2900 3656 3324 3724; x_wconf 83' lang='lat' dir='ltr'>percusserunt</span> <span class='ocrx_word' id='word_1_584' title='bbox 3356 3652 3457 3706; x_wconf 87' lang='lat' dir='ltr'>filii</span> <span class='ocrx_word' id='word_1_585' title='bbox 3504 3650 3702 3706; x_wconf 77' lang='lat' dir='ltr'>Israel.</span> 
     </span>
    </p>
   </div>
   <div class='ocr_carea' id='block_1_84' title="bbox 2048 3739 3707 3811">
    <p class='ocr_par' dir='ltr' id='par_1_84' title="bbox 2048 3739 3707 3811">
     <span class='ocr_line' id='line_1_84' title="bbox 2048 3739 3707 3811; baseline -0.001 -15"><span class='ocrx_word' id='word_1_586' title='bbox 2048 3744 2208 3797; x_wconf 88' lang='lat' dir='ltr'>Tunc</span> <span class='ocrx_word' id='word_1_587' title='bbox 2238 3742 2473 3797; x_wconf 89' lang='lat' dir='ltr'>locutus</span> <span class='ocrx_word' id='word_1_588' title='bbox 2504 3744 2789 3797; x_wconf 76' lang='lat' dir='ltr'>estJosue</span> <span class='ocrx_word' id='word_1_589' title='bbox 2810 3742 3061 3797; x_wconf 90' lang='lat' dir='ltr'>Domino</span> <span class='ocrx_word' id='word_1_590' title='bbox 3084 3743 3142 3795; x_wconf 93' lang='lat' dir='ltr'>in</span> <span class='ocrx_word' id='word_1_591' title='bbox 3170 3742 3284 3803; x_wconf 92' lang='lat' dir='ltr'>die,</span> <span class='ocrx_word' id='word_1_592' title='bbox 3310 3757 3433 3811; x_wconf 90' lang='lat' dir='ltr'>qua</span> <span class='ocrx_word' id='word_1_593' title='bbox 3462 3739 3707 3795; x_wconf 87' lang='lat' dir='ltr'>tradidit</span> 
     </span>
    </p>
   </div>
   <div class='ocr_carea' id='block_1_85' title="bbox 2050 3829 3708 3902">
    <p class='ocr_par' dir='ltr' id='par_1_85' title="bbox 2050 3829 3708 3902">
     <span class='ocr_line' id='line_1_85' title="bbox 2050 3829 3708 3902; baseline -0.001 -18"><span class='ocrx_word' id='word_1_594' title='bbox 2050 3831 2463 3886; x_wconf 73' lang='lat' dir='ltr'>Amorrhteum</span> <span class='ocrx_word' id='word_1_595' title='bbox 2494 3832 2554 3885; x_wconf 92' lang='lat' dir='ltr'>in</span> <span class='ocrx_word' id='word_1_596' title='bbox 2581 3838 2905 3902; x_wconf 88' lang='lat' dir='ltr'>conspectu</span> <span class='ocrx_word' id='word_1_597' title='bbox 2933 3830 3193 3885; x_wconf 83' lang='lat' dir='ltr'>ﬁliorum</span> <span class='ocrx_word' id='word_1_598' title='bbox 3224 3829 3708 3900; x_wconf 78' lang='lat' dir='ltr'>Israel,dixitque</span> 
     </span>
    </p>
   </div>
   <div class='ocr_carea' id='block_1_86' title="bbox 2050 3918 3708 3987">
    <p class='ocr_par' dir='ltr' id='par_1_86' title="bbox 2050 3918 3708 3987">
     <span class='ocr_line' id='line_1_86' title="bbox 2050 3918 3708 3987; baseline -0.001 -15"><span class='ocrx_word' id='word_1_599' title='bbox 2050 3934 2255 3973; x_wconf 88' lang='lat' dir='ltr'>coram</span> <span class='ocrx_word' id='word_1_600' title='bbox 2281 3920 2365 3973; x_wconf 89' lang='lat' dir='ltr'>eis</span> <span class='ocrx_word' id='word_1_601' title='bbox 2398 3936 2411 3970; x_wconf 76' lang='grc' dir='ltr'><strong><em>τ</em></strong></span> <span class='ocrx_word' id='word_1_602' title='bbox 2449 3919 2543 3974; x_wconf 88' lang='lat' dir='ltr'>Sol</span> <span class='ocrx_word' id='word_1_603' title='bbox 2575 3923 2780 3974; x_wconf 86' lang='lat' dir='ltr'>contra</span> <span class='ocrx_word' id='word_1_604' title='bbox 2812 3918 3057 3975; x_wconf 86' lang='lat' dir='ltr'>Gabaon</span> <span class='ocrx_word' id='word_1_605' title='bbox 3083 3933 3158 3972; x_wconf 93' lang='lat' dir='ltr'>ne</span> <span class='ocrx_word' id='word_1_606' title='bbox 3180 3918 3495 3987; x_wconf 88' lang='lat' dir='ltr'>movearis,</span> <span class='ocrx_word' id='word_1_607' title='bbox 3525 3921 3582 3972; x_wconf 90' lang='lat' dir='ltr'>et</span> <span class='ocrx_word' id='word_1_608' title='bbox 3600 3920 3708 3971; x_wconf 86' lang='lat' dir='ltr'>Lu-</span> 
     </span>
    </p>
   </div>
   <div class='ocr_carea' id='block_1_87' title="bbox 2051 4006 3700 4076">
    <p class='ocr_par' dir='ltr' id='par_1_87' title="bbox 2051 4006 3700 4076">
     <span class='ocr_line' id='line_1_87' title="bbox 2051 4006 3700 4076; baseline 0 -16"><span class='ocrx_word' id='word_1_609' title='bbox 2051 4021 2129 4060; x_wconf 89' lang='lat' dir='ltr'>na</span> <span class='ocrx_word' id='word_1_610' title='bbox 2147 4010 2353 4060; x_wconf 83' lang='lat' dir='ltr'>contra</span> <span class='ocrx_word' id='word_1_611' title='bbox 2383 4006 2596 4061; x_wconf 84' lang='lat' dir='ltr'>vallem</span> <span class='ocrx_word' id='word_1_612' title='bbox 2620 4006 2869 4076; x_wconf 85' lang='lat' dir='ltr'>Haylon.</span> <span class='ocrx_word' id='word_1_613' title='bbox 2896 4008 3306 4076; x_wconf 89' lang='lat' dir='ltr'>Steteruntque</span> <span class='ocrx_word' id='word_1_614' title='bbox 3320 4006 3419 4060; x_wconf 85' lang='lat' dir='ltr'>Sol</span> <span class='ocrx_word' id='word_1_615' title='bbox 3439 4009 3495 4060; x_wconf 88' lang='lat' dir='ltr'>et</span> <span class='ocrx_word' id='word_1_616' title='bbox 3516 4007 3700 4068; x_wconf 87' lang='lat' dir='ltr'>Luna,</span> 
     </span>
    </p>
   </div>
   <div class='ocr_carea' id='block_1_88' title="bbox 2050 4094 3704 4162">
    <p class='ocr_par' dir='ltr' id='par_1_88' title="bbox 2050 4094 3704 4162">
     <span class='ocr_line' id='line_1_88' title="bbox 2050 4094 3704 4162; baseline -0.001 -13"><span class='ocrx_word' id='word_1_617' title='bbox 2050 4094 2243 4149; x_wconf 90' lang='lat' dir='ltr'>donec</span> <span class='ocrx_word' id='word_1_618' title='bbox 2274 4094 2655 4149; x_wconf 90' lang='lat' dir='ltr'>ulcisceretur</span> <span class='ocrx_word' id='word_1_619' title='bbox 2681 4111 2745 4149; x_wconf 91' lang='lat' dir='ltr'><strong>se</strong></span> <span class='ocrx_word' id='word_1_620' title='bbox 2776 4110 2921 4162; x_wconf 83' lang='lat' dir='ltr'>gens</span> <span class='ocrx_word' id='word_1_621' title='bbox 2948 4094 3021 4148; x_wconf 90' lang='lat' dir='ltr'>de</span> <span class='ocrx_word' id='word_1_622' title='bbox 3042 4094 3296 4148; x_wconf 89' lang='lat' dir='ltr'>inimicis</span> <span class='ocrx_word' id='word_1_623' title='bbox 3327 4094 3468 4147; x_wconf 88' lang='lat' dir='ltr'>suis.</span> <span class='ocrx_word' id='word_1_624' title='bbox 3497 4096 3704 4149; x_wconf 86' lang='lat' dir='ltr'><strong>Nonne</strong></span> 
     </span>
    </p>
   </div>
   <div class='ocr_carea' id='block_1_89' title="bbox 2052 4179 3703 4253">
    <p class='ocr_par' dir='ltr' id='par_1_89' title="bbox 2052 4179 3703 4253">
     <span class='ocr_line' id='line_1_89' title="bbox 2052 4179 3703 4253; baseline 0 -18"><span class='ocrx_word' id='word_1_625' title='bbox 2052 4184 2340 4253; x_wconf 89' lang='lat' dir='ltr'>scriptum</span> <span class='ocrx_word' id='word_1_626' title='bbox 2372 4187 2461 4236; x_wconf 88' lang='lat' dir='ltr'>est</span> <span class='ocrx_word' id='word_1_627' title='bbox 2488 4182 2602 4236; x_wconf 93' lang='lat' dir='ltr'>hoc</span> <span class='ocrx_word' id='word_1_628' title='bbox 2635 4181 2696 4237; x_wconf 92' lang='lat' dir='ltr'>in</span> <span class='ocrx_word' id='word_1_629' title='bbox 2725 4181 2877 4237; x_wconf 92' lang='lat' dir='ltr'>libro</span> <span class='ocrx_word' id='word_1_630' title='bbox 2898 4182 3202 4252; x_wconf 87' lang='lat' dir='ltr'>justorum</span> <span class='ocrx_word' id='word_1_631' title='bbox 3232 4180 3261 4233; x_wconf 72' lang='lat' dir='ltr'>‘I</span> <span class='ocrx_word' id='word_1_632' title='bbox 3292 4180 3456 4235; x_wconf 83' lang='lat' dir='ltr'>Stetit</span> <span class='ocrx_word' id='word_1_633' title='bbox 3501 4179 3703 4251; x_wconf 88' lang='lat' dir='ltr'>itaque</span> 
     </span>
    </p>
   </div>
   <div class='ocr_carea' id='block_1_90' title="bbox 2053 4267 3701 4345">
    <p class='ocr_par' dir='ltr' id='par_1_90' title="bbox 2053 4267 3701 4345">
     <span class='ocr_line' id='line_1_90' title="bbox 2053 4267 3701 4345; baseline -0.001 -20"><span class='ocrx_word' id='word_1_634' title='bbox 2053 4269 2149 4325; x_wconf 94' lang='lat' dir='ltr'>Sol</span> <span class='ocrx_word' id='word_1_635' title='bbox 2180 4271 2241 4324; x_wconf 89' lang='lat' dir='ltr'>in</span> <span class='ocrx_word' id='word_1_636' title='bbox 2262 4269 2462 4325; x_wconf 91' lang='lat' dir='ltr'>medio</span> <span class='ocrx_word' id='word_1_637' title='bbox 2483 4269 2637 4331; x_wconf 87' lang='lat' dir='ltr'>coeli,</span> <span class='ocrx_word' id='word_1_638' title='bbox 2656 4273 2713 4324; x_wconf 86' lang='lat' dir='ltr'>et</span> <span class='ocrx_word' id='word_1_639' title='bbox 2738 4284 2862 4324; x_wconf 92' lang='lat' dir='ltr'>non</span> <span class='ocrx_word' id='word_1_640' title='bbox 2884 4267 3547 4345; x_wconf 86' lang='lat' dir='ltr'>festinavitoccumbere</span> <span class='ocrx_word' id='word_1_641' title='bbox 3569 4283 3701 4339; x_wconf 89' lang='lat' dir='ltr'>spa-</span> 
     </span>
    </p>
   </div>
   <div class='ocr_carea' id='block_1_91' title="bbox 277 4330 3704 4431">
    <p class='ocr_par' dir='ltr' id='par_1_91' title="bbox 277 4330 3704 4431">
     <span class='ocr_line' id='line_1_91' title="bbox 277 4330 3704 4431; baseline -0.001 -16"><span class='ocrx_word' id='word_1_642' title='bbox 277 4358 534 4431; x_wconf 87' lang='lat' dir='ltr'>Spiritus</span> <span class='ocrx_word' id='word_1_643' title='bbox 560 4359 643 4414; x_wconf 91' lang='lat' dir='ltr'>tui</span> <span class='ocrx_word' id='word_1_644' title='bbox 680 4359 879 4415; x_wconf 86' lang='lat' dir='ltr'>Sancti</span> <span class='ocrx_word' id='word_1_645' title='bbox 909 4330 1270 4413; x_wconf 77' lang='lat' dir='ltr'>infusionem</span> <span class='ocrx_word' id='word_1_646' title='bbox 1302 4376 1313 4413; x_wconf 93' lang='lat'>:</span> <span class='ocrx_word' id='word_1_647' title='bbox 1342 4374 1465 4431; x_wconf 90' lang='lat' dir='ltr'>quo</span> <span class='ocrx_word' id='word_1_648' title='bbox 1496 4359 1597 4414; x_wconf 92' lang='lat' dir='ltr'>tali</span> <span class='ocrx_word' id='word_1_649' title='bbox 1642 4360 1939 4417; x_wconf 88' lang='lat' dir='ltr'>inhabita-</span> <span class='ocrx_word' id='word_1_650' title='bbox 1973 4330 2018 4383; x_wconf 83' lang='lat' dir='ltr'>D</span> <span class='ocrx_word' id='word_1_651' title='bbox 2050 4358 2130 4413; x_wconf 92' lang='lat' dir='ltr'>tio</span> <span class='ocrx_word' id='word_1_652' title='bbox 2160 4357 2340 4412; x_wconf 91' lang='lat' dir='ltr'>unius</span> <span class='ocrx_word' id='word_1_653' title='bbox 2371 4357 2507 4412; x_wconf 93' lang='lat' dir='ltr'>diei.</span> <span class='ocrx_word' id='word_1_654' title='bbox 2535 4330 2661 4413; x_wconf 88' lang='lat' dir='ltr'>Non</span> <span class='ocrx_word' id='word_1_655' title='bbox 2693 4356 2801 4412; x_wconf 91' lang='lat' dir='ltr'>fuit</span> <span class='ocrx_word' id='word_1_656' title='bbox 2832 4339 3079 4423; x_wconf 30' lang='lat' dir='ltr'>ante,&#39;ct</span> <span class='ocrx_word' id='word_1_657' title='bbox 3107 4360 3314 4428; x_wconf 89' lang='lat' dir='ltr'>postea</span> <span class='ocrx_word' id='word_1_658' title='bbox 3366 4364 3489 4411; x_wconf 87' lang='lat' dir='ltr'>tam</span> <span class='ocrx_word' id='word_1_659' title='bbox 3520 4330 3704 4425; x_wconf 82' lang='lat' dir='ltr'>longa</span> 
     </span>
    </p>
   </div>
   <div class='ocr_carea' id='block_1_92' title="bbox 273 4447 1939 4519">
    <p class='ocr_par' dir='ltr' id='par_1_92' title="bbox 273 4447 1939 4519">
     <span class='ocr_line' id='line_1_92' title="bbox 273 4447 1939 4519; baseline 0.002 -16"><span class='ocrx_word' id='word_1_660' title='bbox 273 4452 404 4503; x_wconf 89' lang='lat' dir='ltr'>tare</span> <span class='ocrx_word' id='word_1_661' title='bbox 445 4447 794 4517; x_wconf 80' lang='lat' dir='ltr'>gaudentes,</span> <span class='ocrx_word' id='word_1_662' title='bbox 832 4447 1174 4519; x_wconf 89' lang='lat' dir='ltr'>aperiamus</span> <span class='ocrx_word' id='word_1_663' title='bbox 1200 4447 1419 4517; x_wconf 85' lang='lat' dir='ltr'>jugitcr</span> <span class='ocrx_word' id='word_1_664' title='bbox 1446 4447 1610 4504; x_wconf 89' lang='lat' dir='ltr'>labia</span> <span class='ocrx_word' id='word_1_665' title='bbox 1635 4453 1840 4506; x_wconf 91' lang='lat' dir='ltr'>nostra</span> <span class='ocrx_word' id='word_1_666' title='bbox 1861 4449 1939 4506; x_wconf 88' lang='lat' dir='ltr'>ad</span> 
     </span>
    </p>
   </div>
   <div class='ocr_carea' id='block_1_93' title="bbox 274 4532 1597 4607">
    <p class='ocr_par' dir='ltr' id='par_1_93' title="bbox 274 4532 1597 4607">
     <span class='ocr_line' id='line_1_93' title="bbox 274 4532 1597 4607; baseline -0.002 -15"><span class='ocrx_word' id='word_1_667' title='bbox 274 4532 761 4592; x_wconf 86' lang='lat' dir='ltr'>annuntiandam</span> <span class='ocrx_word' id='word_1_668' title='bbox 790 4536 1036 4592; x_wconf 89' lang='lat' dir='ltr'>laudem</span> <span class='ocrx_word' id='word_1_669' title='bbox 1068 4540 1253 4592; x_wconf 89' lang='lat' dir='ltr'>tuam.</span> <span class='ocrx_word' id='word_1_670' title='bbox 1292 4546 1353 4607; x_wconf 68' lang='grc' dir='ltr'>ηε.</span> <span class='ocrx_word' id='word_1_671' title='bbox 1388 4537 1597 4591; x_wconf 84' lang='lat' dir='ltr'>Amen.</span> 
     </span>
    </p>
   </div>
   <div class='ocr_carea' id='block_1_94' title="bbox 353 4616 1321 4681">
    <p class='ocr_par' dir='ltr' id='par_1_94' title="bbox 353 4616 1321 4681">
     <span class='ocr_line' id='line_1_94' title="bbox 353 4616 1321 4681; baseline 0.003 -2"><span class='ocrx_word' id='word_1_672' title='bbox 353 4627 458 4680; x_wconf 89' lang='lat' dir='ltr'>Per</span> <span class='ocrx_word' id='word_1_673' title='bbox 484 4623 981 4681; x_wconf 89' lang='lat' dir='ltr'>misericordiam.</span> <span class='ocrx_word' id='word_1_674' title='bbox 1320 4616 1321 4623; x_wconf 39' lang='grc'><em>“</em></span> 
     </span>
    </p>
   </div>
   <div class='ocr_carea' id='block_1_95' title="bbox 349 4708 1934 4782">
    <p class='ocr_par' dir='ltr' id='par_1_95' title="bbox 349 4708 1934 4782">
     <span class='ocr_line' id='line_1_95' title="bbox 349 4708 1934 4782; baseline 0.001 -13"><span class='ocrx_word' id='word_1_675' title='bbox 349 4714 438 4769; x_wconf 82' lang='lat' dir='ltr'>Ad</span> <span class='ocrx_word' id='word_1_676' title='bbox 463 4708 797 4770; x_wconf 81' lang='lat' dir='ltr'>Canticum.</span> <span class='ocrx_word' id='word_1_677' title='bbox 846 4712 1215 4782; x_wconf 74' lang='lat' dir='ltr'>Antiphona.</span> <span class='ocrx_word' id='word_1_678' title='bbox 1270 4713 1623 4782; x_wconf 84' lang='lat' dir='ltr'>Recordare,</span> <span class='ocrx_word' id='word_1_679' title='bbox 1666 4715 1934 4781; x_wconf 90' lang='lat' dir='ltr'>Domine,</span> 
     </span>
    </p>
   </div>
   <div class='ocr_carea' id='block_1_96' title="bbox 277 4799 1936 4877">
    <p class='ocr_par' dir='ltr' id='par_1_96' title="bbox 277 4799 1936 4877">
     <span class='ocr_line' id='line_1_96' title="bbox 277 4799 1936 4877; baseline 0.002 -22"><span class='ocrx_word' id='word_1_680' title='bbox 277 4799 429 4873; x_wconf 86' lang='lat' dir='ltr'>quid</span> <span class='ocrx_word' id='word_1_681' title='bbox 442 4802 701 4857; x_wconf 87' lang='lat' dir='ltr'>evenerit</span> <span class='ocrx_word' id='word_1_682' title='bbox 728 4801 935 4857; x_wconf 88' lang='lat' dir='ltr'>nobis:</span> <span class='ocrx_word' id='word_1_683' title='bbox 967 4801 1195 4857; x_wconf 91' lang='lat' dir='ltr'>intuere</span> <span class='ocrx_word' id='word_1_684' title='bbox 1218 4807 1273 4857; x_wconf 90' lang='lat' dir='ltr'>et</span> <span class='ocrx_word' id='word_1_685' title='bbox 1291 4802 1517 4873; x_wconf 91' lang='lat' dir='ltr'>respice</span> <span class='ocrx_word' id='word_1_686' title='bbox 1543 4802 1936 4877; x_wconf 88' lang='lat' dir='ltr'>obprobrium</span> 
     </span>
    </p>
   </div>
   <div class='ocr_carea' id='block_1_97' title="bbox 276 4894 578 4945">
    <p class='ocr_par' dir='ltr' id='par_1_97' title="bbox 276 4894 578 4945">
     <span class='ocr_line' id='line_1_97' title="bbox 276 4894 578 4945; baseline 0 -1"><span class='ocrx_word' id='word_1_687' title='bbox 276 4894 578 4945; x_wconf 80' lang='lat' dir='ltr'>n03trum.</span> 
     </span>
    </p>
   </div>
   <div class='ocr_carea' id='block_1_98' title="bbox 353 4976 1585 5049">
    <p class='ocr_par' dir='ltr' id='par_1_98' title="bbox 353 4976 1585 5049">
     <span class='ocr_line' id='line_1_98' title="bbox 353 4976 1585 5049; baseline 0.002 -18"><span class='ocrx_word' id='word_1_688' title='bbox 353 4976 679 5033; x_wconf 76' lang='lat' dir='ltr'>Canticum.</span> <span class='ocrx_word' id='word_1_689' title='bbox 712 4980 1000 5034; x_wconf 87' lang='lat' dir='ltr'>Memento</span> <span class='ocrx_word' id='word_1_690' title='bbox 1028 4978 1295 5033; x_wconf 91' lang='lat' dir='ltr'>Domine.</span> <span class='ocrx_word' id='word_1_691' title='bbox 1320 4980 1433 5049; x_wconf 77' lang='lat' dir='ltr'>fol.</span> <span class='ocrx_word' id='word_1_692' title='bbox 1462 4983 1585 5035; x_wconf 74' lang='lat'>206.</span> 
     </span>
    </p>
   </div>
   <div class='ocr_carea' id='block_1_99' title="bbox 348 5066 1938 5139">
    <p class='ocr_par' dir='ltr' id='par_1_99' title="bbox 348 5066 1938 5139">
     <span class='ocr_line' id='line_1_99' title="bbox 348 5066 1938 5139; baseline 0.003 -20"><span class='ocrx_word' id='word_1_693' title='bbox 348 5066 437 5119; x_wconf 85' lang='lat' dir='ltr'>Ad</span> <span class='ocrx_word' id='word_1_694' title='bbox 462 5066 831 5123; x_wconf 81' lang='lat' dir='ltr'>Benedictus.</span> <span class='ocrx_word' id='word_1_695' title='bbox 866 5067 1239 5136; x_wconf 74' lang='lat' dir='ltr'>Antiphona.</span> <span class='ocrx_word' id='word_1_696' title='bbox 1283 5067 1655 5139; x_wconf 73' lang='lat' dir='ltr'>Praeceptum</span> <span class='ocrx_word' id='word_1_697' title='bbox 1702 5069 1938 5125; x_wconf 92' lang='lat' dir='ltr'>Domini</span> 
     </span>
    </p>
   </div>
   <div class='ocr_carea' id='block_1_100' title="bbox 272 5154 1939 5220">
    <p class='ocr_par' dir='ltr' id='par_1_100' title="bbox 272 5154 1939 5220">
     <span class='ocr_line' id='line_1_100' title="bbox 272 5154 1939 5220; baseline 0.002 -11"><span class='ocrx_word' id='word_1_698' title='bbox 272 5154 565 5220; x_wconf 88' lang='lat' dir='ltr'>lucidum,</span> <span class='ocrx_word' id='word_1_699' title='bbox 587 5156 954 5210; x_wconf 86' lang='lat' dir='ltr'>inluminans</span> <span class='ocrx_word' id='word_1_700' title='bbox 973 5155 1197 5210; x_wconf 91' lang='lat' dir='ltr'>oculos.</span> <span class='ocrx_word' id='word_1_701' title='bbox 1221 5155 1283 5213; x_wconf 53' lang='grc' dir='ltr'>Υ.</span> <span class='ocrx_word' id='word_1_702' title='bbox 1307 5156 1501 5211; x_wconf 89' lang='lat' dir='ltr'>Timor</span> <span class='ocrx_word' id='word_1_703' title='bbox 1520 5158 1751 5212; x_wconf 90' lang='lat' dir='ltr'>Domini</span> <span class='ocrx_word' id='word_1_704' title='bbox 1770 5173 1939 5212; x_wconf 88' lang='lat' dir='ltr'>sanc-</span> 
     </span>
    </p>
   </div>
   <div class='ocr_carea' id='block_1_101' title="bbox 276 5242 1396 5313">
    <p class='ocr_par' dir='ltr' id='par_1_101' title="bbox 276 5242 1396 5313">
     <span class='ocr_line' id='line_1_101' title="bbox 276 5242 1396 5313; baseline -0.002 -14"><span class='ocrx_word' id='word_1_705' title='bbox 276 5247 375 5299; x_wconf 88' lang='lat' dir='ltr'>tus</span> <span class='ocrx_word' id='word_1_706' title='bbox 418 5248 730 5313; x_wconf 86' lang='lat' dir='ltr'>permanet</span> <span class='ocrx_word' id='word_1_707' title='bbox 760 5244 817 5297; x_wconf 91' lang='lat' dir='ltr'>in</span> <span class='ocrx_word' id='word_1_708' title='bbox 860 5242 1141 5297; x_wconf 66' lang='lat' dir='ltr'>sreculum</span> <span class='ocrx_word' id='word_1_709' title='bbox 1176 5244 1396 5297; x_wconf 70' lang='lat' dir='ltr'>smculi.</span> 
     </span>
    </p>
   </div>
   <div class='ocr_carea' id='block_1_102' title="bbox 349 5331 1698 5403">
    <p class='ocr_par' dir='ltr' id='par_1_102' title="bbox 349 5331 1698 5403">
     <span class='ocr_line' id='line_1_102' title="bbox 349 5331 1698 5403; baseline 0.001 -16"><span class='ocrx_word' id='word_1_710' title='bbox 349 5331 687 5387; x_wconf 78' lang='lat' dir='ltr'>Canticum.</span> <span class='ocrx_word' id='word_1_711' title='bbox 722 5332 1071 5386; x_wconf 81' lang='lat' dir='ltr'>Benedictus</span> <span class='ocrx_word' id='word_1_712' title='bbox 1102 5347 1163 5386; x_wconf 89' lang='lat' dir='ltr'>es</span> <span class='ocrx_word' id='word_1_713' title='bbox 1194 5332 1463 5386; x_wconf 90' lang='lat' dir='ltr'>Domine.</span> <span class='ocrx_word' id='word_1_714' title='bbox 1502 5334 1612 5402; x_wconf 78' lang='lat' dir='ltr'>fol.</span> <span class='ocrx_word' id='word_1_715' title='bbox 1648 5338 1698 5403; x_wconf 89' lang='lat'>6,</span> 
     </span>
    </p>
   </div>
   <div class='ocr_carea' id='block_1_103' title="bbox 344 5420 1938 5493">
    <p class='ocr_par' dir='ltr' id='par_1_103' title="bbox 344 5420 1938 5493">
     <span class='ocr_line' id='line_1_103' title="bbox 344 5420 1938 5493; baseline 0.001 -19"><span class='ocrx_word' id='word_1_716' title='bbox 344 5420 576 5477; x_wconf 86' lang='lat' dir='ltr'>Lauda.</span> <span class='ocrx_word' id='word_1_717' title='bbox 609 5421 867 5477; x_wconf 87' lang='lat' dir='ltr'>Laudate</span> <span class='ocrx_word' id='word_1_718' title='bbox 899 5421 1086 5475; x_wconf 92' lang='lat' dir='ltr'>Deum</span> <span class='ocrx_word' id='word_1_719' title='bbox 1114 5436 1327 5476; x_wconf 90' lang='lat' dir='ltr'>omnes</span> <span class='ocrx_word' id='word_1_720' title='bbox 1355 5422 1603 5479; x_wconf 91' lang='lat' dir='ltr'>virtutes</span> <span class='ocrx_word' id='word_1_721' title='bbox 1624 5422 1755 5493; x_wconf 90' lang='lat' dir='ltr'>ejus</span> <span class='ocrx_word' id='word_1_722' title='bbox 1782 5440 1795 5481; x_wconf 85' lang='lat'><strong>:</strong></span> <span class='ocrx_word' id='word_1_723' title='bbox 1828 5421 1938 5478; x_wconf 77' lang='lat' dir='ltr'>mi-</span> 
     </span>
    </p>
   </div>
   <div class='ocr_carea' id='block_1_104' title="bbox 282 5507 1866 5583">
    <p class='ocr_par' dir='ltr' id='par_1_104' title="bbox 282 5507 1866 5583">
     <span class='ocr_line' id='line_1_104' title="bbox 282 5507 1866 5583; baseline 0.003 -18"><span class='ocrx_word' id='word_1_724' title='bbox 282 5507 429 5566; x_wconf 79' lang='lat' dir='ltr'>litiae</span> <span class='ocrx_word' id='word_1_725' title='bbox 454 5508 821 5582; x_wconf 88' lang='lat' dir='ltr'>Angelorum</span> <span class='ocrx_word' id='word_1_726' title='bbox 850 5507 1168 5567; x_wconf 89' lang='lat' dir='ltr'>Dominum</span> <span class='ocrx_word' id='word_1_727' title='bbox 1199 5508 1457 5583; x_wconf 88' lang='lat' dir='ltr'>laudate.</span> <span class='ocrx_word' id='word_1_728' title='bbox 1489 5513 1547 5566; x_wconf 91' lang='lat' dir='ltr'>P.</span> <span class='ocrx_word' id='word_1_729' title='bbox 1580 5509 1866 5569; x_wconf 90' lang='lat' dir='ltr'>Laudate.</span> 
     </span>
    </p>
   </div>
   <div class='ocr_carea' id='block_1_105' title="bbox 2047 4443 3703 4517">
    <p class='ocr_par' dir='ltr' id='par_1_105' title="bbox 2047 4443 3703 4517">
     <span class='ocr_line' id='line_1_105' title="bbox 2047 4443 3703 4517; baseline -0.001 -16"><span class='ocrx_word' id='word_1_730' title='bbox 2047 4447 2193 4509; x_wconf 90' lang='lat' dir='ltr'>dies,</span> <span class='ocrx_word' id='word_1_731' title='bbox 2228 4445 2542 4501; x_wconf 87' lang='lat' dir='ltr'>obediente</span> <span class='ocrx_word' id='word_1_732' title='bbox 2567 4446 2818 4501; x_wconf 91' lang='lat' dir='ltr'>Domino</span> <span class='ocrx_word' id='word_1_733' title='bbox 2854 4446 2987 4501; x_wconf 92' lang='lat' dir='ltr'>voci</span> <span class='ocrx_word' id='word_1_734' title='bbox 3018 4443 3277 4501; x_wconf 92' lang='lat' dir='ltr'>hominis</span> <span class='ocrx_word' id='word_1_735' title='bbox 3303 4445 3703 4517; x_wconf 84' lang='lat' dir='ltr'>expugnantis</span> 
     </span>
    </p>
   </div>
   <div class='ocr_carea' id='block_1_106' title="bbox 2046 4524 3702 4606">
    <p class='ocr_par' dir='ltr' id='par_1_106' title="bbox 2046 4524 3702 4606">
     <span class='ocr_line' id='line_1_106' title="bbox 2046 4524 3702 4606; baseline 0 -17"><span class='ocrx_word' id='word_1_736' title='bbox 2046 4550 2156 4606; x_wconf 91' lang='lat' dir='ltr'><strong>pro</strong></span> <span class='ocrx_word' id='word_1_737' title='bbox 2184 4534 2376 4588; x_wconf 68' lang='lat' dir='ltr'>Israel.</span> <span class='ocrx_word' id='word_1_738' title='bbox 2415 4536 2825 4605; x_wconf 84' lang='lat' dir='ltr'>Reversusque</span> <span class='ocrx_word' id='word_1_739' title='bbox 2851 4538 2908 4588; x_wconf 90' lang='lat' dir='ltr'>et</span> <span class='ocrx_word' id='word_1_740' title='bbox 2940 4536 3116 4588; x_wconf 77' lang='lat' dir='ltr'>Josue</span> <span class='ocrx_word' id='word_1_741' title='bbox 3157 4549 3294 4589; x_wconf 90' lang='lat' dir='ltr'>cum</span> <span class='ocrx_word' id='word_1_742' title='bbox 3325 4534 3490 4591; x_wconf 90' lang='lat' dir='ltr'>omni</span> <span class='ocrx_word' id='word_1_743' title='bbox 3520 4524 3702 4589; x_wconf 71' lang='lat' dir='ltr'>Israel</span> 
     </span>
    </p>
   </div>
   <div class='ocr_carea' id='block_1_107' title="bbox 2045 4620 3703 4693">
    <p class='ocr_par' dir='ltr' id='par_1_107' title="bbox 2045 4620 3703 4693">
     <span class='ocr_line' id='line_1_107' title="bbox 2045 4620 3703 4693; baseline -0.001 -16"><span class='ocrx_word' id='word_1_744' title='bbox 2045 4622 2106 4677; x_wconf 92' lang='lat' dir='ltr'>in</span> <span class='ocrx_word' id='word_1_745' title='bbox 2128 4626 2321 4677; x_wconf 89' lang='lat' dir='ltr'>castra</span> <span class='ocrx_word' id='word_1_746' title='bbox 2344 4621 2619 4691; x_wconf 77' lang='lat' dir='ltr'>Galgalee.</span> <span class='ocrx_word' id='word_1_747' title='bbox 2650 4624 2945 4690; x_wconf 80' lang='lat' dir='ltr'>Fugerunt</span> <span class='ocrx_word' id='word_1_748' title='bbox 2969 4621 3128 4675; x_wconf 91' lang='lat' dir='ltr'>enim</span> <span class='ocrx_word' id='word_1_749' title='bbox 3144 4620 3411 4693; x_wconf 91' lang='lat' dir='ltr'>quinque</span> <span class='ocrx_word' id='word_1_750' title='bbox 3428 4635 3621 4689; x_wconf 84' lang='lat' dir='ltr'>reges,</span> <span class='ocrx_word' id='word_1_751' title='bbox 3647 4624 3703 4675; x_wconf 92' lang='lat' dir='ltr'>et</span> 
     </span>
    </p>
   </div>
   <div class='ocr_carea' id='block_1_108' title="bbox 2046 4706 3704 4781">
    <p class='ocr_par' dir='ltr' id='par_1_108' title="bbox 2046 4706 3704 4781">
     <span class='ocr_line' id='line_1_108' title="bbox 2046 4706 3704 4781; baseline -0.001 -16"><span class='ocrx_word' id='word_1_752' title='bbox 2046 4706 2108 4765; x_wconf 74' lang='lat' dir='ltr'>Se</span> <span class='ocrx_word' id='word_1_753' title='bbox 2138 4710 2652 4765; x_wconf 85' lang='lat' dir='ltr'>absconderuntin</span> <span class='ocrx_word' id='word_1_754' title='bbox 2681 4709 2968 4781; x_wconf 90' lang='lat' dir='ltr'>spelunca</span> <span class='ocrx_word' id='word_1_755' title='bbox 2990 4708 3423 4764; x_wconf 87' lang='lat' dir='ltr'>urbisMaceda.</span> <span class='ocrx_word' id='word_1_756' title='bbox 3463 4708 3704 4763; x_wconf 82' lang='lat' dir='ltr'>Nuntia-</span> 
     </span>
    </p>
   </div>
   <div class='ocr_carea' id='block_1_109' title="bbox 2046 4797 3701 4869">
    <p class='ocr_par' dir='ltr' id='par_1_109' title="bbox 2046 4797 3701 4869">
     <span class='ocr_line' id='line_1_109' title="bbox 2046 4797 3701 4869; baseline -0.002 -15"><span class='ocrx_word' id='word_1_757' title='bbox 2046 4803 2173 4854; x_wconf 89' lang='lat' dir='ltr'>tum</span> <span class='ocrx_word' id='word_1_758' title='bbox 2203 4804 2291 4853; x_wconf 88' lang='lat' dir='ltr'>est</span> <span class='ocrx_word' id='word_1_759' title='bbox 2314 4799 2516 4863; x_wconf 78' lang='lat' dir='ltr'>Josué,</span> <span class='ocrx_word' id='word_1_760' title='bbox 2548 4799 2714 4869; x_wconf 93' lang='lat' dir='ltr'>quod</span> <span class='ocrx_word' id='word_1_761' title='bbox 2746 4797 2969 4853; x_wconf 90' lang='lat' dir='ltr'>inventi</span> <span class='ocrx_word' id='word_1_762' title='bbox 3003 4803 3206 4851; x_wconf 87' lang='lat' dir='ltr'>essent</span> <span class='ocrx_word' id='word_1_763' title='bbox 3235 4797 3503 4868; x_wconf 90' lang='lat' dir='ltr'>quinque</span> <span class='ocrx_word' id='word_1_764' title='bbox 3529 4811 3701 4863; x_wconf 86' lang='lat' dir='ltr'>reges</span> 
     </span>
    </p>
   </div>
   <div class='ocr_carea' id='block_1_110' title="bbox 2044 4884 3704 4959">
    <p class='ocr_par' dir='ltr' id='par_1_110' title="bbox 2044 4884 3704 4959">
     <span class='ocr_line' id='line_1_110' title="bbox 2044 4884 3704 4959; baseline -0.001 -16"><span class='ocrx_word' id='word_1_765' title='bbox 2044 4886 2292 4943; x_wconf 90' lang='lat' dir='ltr'>latentes</span> <span class='ocrx_word' id='word_1_766' title='bbox 2319 4888 2379 4941; x_wconf 94' lang='lat' dir='ltr'>in</span> <span class='ocrx_word' id='word_1_767' title='bbox 2408 4887 2694 4959; x_wconf 90' lang='lat' dir='ltr'>spelunca</span> <span class='ocrx_word' id='word_1_768' title='bbox 2710 4886 2971 4941; x_wconf 82' lang='lat' dir='ltr'>Maceda.</span> <span class='ocrx_word' id='word_1_769' title='bbox 2992 4886 3101 4951; x_wconf 88' lang='lat' dir='ltr'>Qui</span> <span class='ocrx_word' id='word_1_770' title='bbox 3124 4886 3406 4957; x_wconf 66' lang='lat' dir='ltr'>praecepit</span> <span class='ocrx_word' id='word_1_771' title='bbox 3432 4884 3627 4951; x_wconf 91' lang='lat' dir='ltr'>sociis,</span> <span class='ocrx_word' id='word_1_772' title='bbox 3645 4888 3704 4941; x_wconf 92' lang='lat' dir='ltr'>et</span> 
     </span>
    </p>
   </div>
   <div class='ocr_carea' id='block_1_111' title="bbox 2046 4974 3703 5046">
    <p class='ocr_par' dir='ltr' id='par_1_111' title="bbox 2046 4974 3703 5046">
     <span class='ocr_line' id='line_1_111' title="bbox 2046 4974 3703 5046; baseline -0.001 -14"><span class='ocrx_word' id='word_1_773' title='bbox 2046 4978 2126 5032; x_wconf 89' lang='lat' dir='ltr'>ait</span> <span class='ocrx_word' id='word_1_774' title='bbox 2151 4995 2169 5029; x_wconf 90' lang='lat'><strong>:</strong></span> <span class='ocrx_word' id='word_1_775' title='bbox 2202 4975 2415 5031; x_wconf 88' lang='lat' dir='ltr'>Volvite</span> <span class='ocrx_word' id='word_1_776' title='bbox 2442 4991 2586 5031; x_wconf 80' lang='lat' dir='ltr'>saxa</span> <span class='ocrx_word' id='word_1_777' title='bbox 2611 4974 2877 5045; x_wconf 83' lang='lat' dir='ltr'>ingentia</span> <span class='ocrx_word' id='word_1_778' title='bbox 2903 4974 2980 5029; x_wconf 86' lang='lat' dir='ltr'>ad</span> <span class='ocrx_word' id='word_1_779' title='bbox 3007 4990 3076 5028; x_wconf 91' lang='lat' dir='ltr'>os</span> <span class='ocrx_word' id='word_1_780' title='bbox 3106 4974 3282 5045; x_wconf 72' lang='lat'><strong>232</strong></span> <span class='ocrx_word' id='word_1_781' title='bbox 3302 4974 3624 5046; x_wconf 62' lang='lat' dir='ltr'>speluncas,</span> <span class='ocrx_word' id='word_1_782' title='bbox 3646 4976 3703 5030; x_wconf 87' lang='lat' dir='ltr'>et</span> 
     </span>
    </p>
   </div>
   <div class='ocr_carea' id='block_1_112' title="bbox 2044 5062 3701 5137">
    <p class='ocr_par' dir='ltr' id='par_1_112' title="bbox 2044 5062 3701 5137">
     <span class='ocr_line' id='line_1_112' title="bbox 2044 5062 3701 5137; baseline -0.002 -18"><span class='ocrx_word' id='word_1_783' title='bbox 2044 5065 2248 5137; x_wconf 90' lang='lat' dir='ltr'>ponite</span> <span class='ocrx_word' id='word_1_784' title='bbox 2270 5064 2430 5119; x_wconf 87' lang='lat' dir='ltr'>viros</span> <span class='ocrx_word' id='word_1_785' title='bbox 2453 5063 2797 5127; x_wconf 84' lang='lat' dir='ltr'>industrios,</span> <span class='ocrx_word' id='word_1_786' title='bbox 2821 5064 2923 5134; x_wconf 92' lang='lat' dir='ltr'>qui</span> <span class='ocrx_word' id='word_1_787' title='bbox 2946 5062 3183 5117; x_wconf 88' lang='lat' dir='ltr'>clausos</span> <span class='ocrx_word' id='word_1_788' title='bbox 3209 5064 3701 5119; x_wconf 77' lang='lat' dir='ltr'>custodiantzvos</span> 
     </span>
    </p>
   </div>
   <div class='ocr_carea' id='block_1_113' title="bbox 2047 5153 3700 5225">
    <p class='ocr_par' dir='ltr' id='par_1_113' title="bbox 2047 5153 3700 5225">
     <span class='ocr_line' id='line_1_113' title="bbox 2047 5153 3700 5225; baseline -0.002 -16"><span class='ocrx_word' id='word_1_789' title='bbox 2047 5159 2246 5210; x_wconf 88' lang='lat' dir='ltr'>autem</span> <span class='ocrx_word' id='word_1_790' title='bbox 2270 5155 2446 5209; x_wconf 90' lang='lat' dir='ltr'>nolite</span> <span class='ocrx_word' id='word_1_791' title='bbox 2471 5158 2644 5218; x_wconf 90' lang='lat' dir='ltr'>stare,</span> <span class='ocrx_word' id='word_1_792' title='bbox 2677 5153 2783 5208; x_wconf 91' lang='lat' dir='ltr'>sed</span> <span class='ocrx_word' id='word_1_793' title='bbox 2816 5154 3245 5225; x_wconf 88' lang='lat' dir='ltr'>persequimini</span> <span class='ocrx_word' id='word_1_794' title='bbox 3280 5153 3500 5219; x_wconf 91' lang='lat' dir='ltr'>hostes,</span> <span class='ocrx_word' id='word_1_795' title='bbox 3521 5156 3575 5207; x_wconf 93' lang='lat' dir='ltr'>et</span> <span class='ocrx_word' id='word_1_796' title='bbox 3598 5167 3700 5205; x_wconf 89' lang='lat' dir='ltr'>ex-</span> 
     </span>
    </p>
   </div>
   <div class='ocr_carea' id='block_1_114' title="bbox 2045 5240 3701 5315">
    <p class='ocr_par' dir='ltr' id='par_1_114' title="bbox 2045 5240 3701 5315">
     <span class='ocr_line' id='line_1_114' title="bbox 2045 5240 3701 5315; baseline -0.002 -18"><span class='ocrx_word' id='word_1_797' title='bbox 2045 5248 2270 5299; x_wconf 86' lang='lat' dir='ltr'>tremos</span> <span class='ocrx_word' id='word_1_798' title='bbox 2298 5258 2575 5315; x_wconf 87' lang='lat' dir='ltr'>quosque</span> <span class='ocrx_word' id='word_1_799' title='bbox 2608 5242 2957 5313; x_wconf 77' lang='lat' dir='ltr'>fugientium</span> <span class='ocrx_word' id='word_1_800' title='bbox 2986 5242 3189 5297; x_wconf 64' lang='lat' dir='ltr'>credite</span> <span class='ocrx_word' id='word_1_801' title='bbox 3214 5261 3227 5295; x_wconf 90' lang='lat'><strong>:</strong></span> <span class='ocrx_word' id='word_1_802' title='bbox 3248 5256 3358 5296; x_wconf 91' lang='lat' dir='ltr'>nec</span> <span class='ocrx_word' id='word_1_803' title='bbox 3382 5240 3701 5296; x_wconf 88' lang='lat' dir='ltr'>dimittatio</span> 
     </span>
    </p>
   </div>
   <div class='ocr_carea' id='block_1_115' title="bbox 2045 5326 3701 5403">
    <p class='ocr_par' dir='ltr' id='par_1_115' title="bbox 2045 5326 3701 5403">
     <span class='ocr_line' id='line_1_115' title="bbox 2045 5326 3701 5403; baseline -0.002 -18"><span class='ocrx_word' id='word_1_804' title='bbox 2045 5348 2147 5387; x_wconf 65' lang='grc' dir='ltr'>ρος</span> <span class='ocrx_word' id='word_1_805' title='bbox 2178 5332 2415 5387; x_wconf 89' lang='lat' dir='ltr'>urbium</span> <span class='ocrx_word' id='word_1_806' title='bbox 2437 5348 2684 5386; x_wconf 87' lang='lat' dir='ltr'>suarum</span> <span class='ocrx_word' id='word_1_807' title='bbox 2712 5333 2929 5386; x_wconf 88' lang='lat' dir='ltr'>intrare</span> <span class='ocrx_word' id='word_1_808' title='bbox 2951 5331 3255 5403; x_wconf 72' lang='lat' dir='ltr'>praesidia,</span> <span class='ocrx_word' id='word_1_809' title='bbox 3278 5346 3434 5402; x_wconf 88' lang='lat' dir='ltr'>quos</span> <span class='ocrx_word' id='word_1_810' title='bbox 3460 5326 3701 5384; x_wconf 83' lang='lat' dir='ltr'>tradidit</span> 
     </span>
    </p>
   </div>
   <div class='ocr_carea' id='block_1_116' title="bbox 2044 5412 3696 5487">
    <p class='ocr_par' dir='ltr' id='par_1_116' title="bbox 2044 5412 3696 5487">
     <span class='ocr_line' id='line_1_116' title="bbox 2044 5412 3696 5487; baseline -0.005 -13"><span class='ocrx_word' id='word_1_811' title='bbox 2044 5421 2199 5475; x_wconf 93' lang='lat' dir='ltr'>Deus</span> <span class='ocrx_word' id='word_1_812' title='bbox 2242 5422 2303 5475; x_wconf 92' lang='lat' dir='ltr'>in</span> <span class='ocrx_word' id='word_1_813' title='bbox 2357 5435 2576 5476; x_wconf 90' lang='lat' dir='ltr'>manus</span> <span class='ocrx_word' id='word_1_814' title='bbox 2633 5424 2879 5477; x_wconf 87' lang='lat' dir='ltr'>vestras.</span> <span class='ocrx_word' id='word_1_815' title='bbox 2931 5420 3110 5475; x_wconf 76' lang='lat' dir='ltr'>Caesis</span> <span class='ocrx_word' id='word_1_816' title='bbox 3162 5433 3305 5487; x_wconf 88' lang='lat' dir='ltr'>ergo</span> <span class='ocrx_word' id='word_1_817' title='bbox 3344 5412 3696 5477; x_wconf 88' lang='lat' dir='ltr'>adversarii,</span> 
     </span>
    </p>
   </div>
   <div class='ocr_carea' id='block_1_117' title="bbox 2046 5506 3701 5583">
    <p class='ocr_par' dir='ltr' id='par_1_117' title="bbox 2046 5506 3701 5583">
     <span class='ocr_line' id='line_1_117' title="bbox 2046 5506 3701 5583; baseline -0.011 -13"><span class='ocrx_word' id='word_1_818' title='bbox 2046 5508 2227 5583; x_wconf 83' lang='lat' dir='ltr'>plaga</span> <span class='ocrx_word' id='word_1_819' title='bbox 2247 5524 2491 5581; x_wconf 88' lang='lat' dir='ltr'>magna,</span> <span class='ocrx_word' id='word_1_820' title='bbox 2506 5513 2562 5565; x_wconf 91' lang='lat' dir='ltr'>et</span> <span class='ocrx_word' id='word_1_821' title='bbox 2582 5524 2774 5580; x_wconf 89' lang='lat' dir='ltr'>usque</span> <span class='ocrx_word' id='word_1_822' title='bbox 2790 5508 2866 5566; x_wconf 88' lang='lat' dir='ltr'>ad</span> <span class='ocrx_word' id='word_1_823' title='bbox 2896 5506 3361 5564; x_wconf 90' lang='lat' dir='ltr'>internecionem</span> <span class='ocrx_word' id='word_1_824' title='bbox 3382 5516 3533 5576; x_wconf 89' lang='lat' dir='ltr'>pene</span> <span class='ocrx_word' id='word_1_825' title='bbox 3557 5512 3701 5553; x_wconf 65' lang='grc' dir='ltr'>(ΞΟΠ-ο</span> 
     </span>
    </p>
   </div>
   <div class='ocr_carea' id='block_1_118' title="bbox 2484 5596 3393 5623">
    <p class='ocr_par' dir='ltr' id='par_1_118' title="bbox 2484 5596 3393 5623">
     <span class='ocr_line' id='line_1_118' title="bbox 2484 5596 3393 5623; baseline 0.002 -2"><span class='ocrx_word' id='word_1_826' title='bbox 2484 5600 2487 5603; x_wconf 91' lang='grc'>·</span> <span class='ocrx_word' id='word_1_827' title='bbox 3388 5596 3393 5623; x_wconf 70' lang='lat' dir='ltr'>l</span> 
     </span>
    </p>
   </div>
  </div>
