4192 6422
473 317 579 373 407

474 528 612 582 sunt
627 522 892 580 civitates
903 520 1184 579 munitas.
1208 524 1620 595 Reversusque
1637 524 1725 579 est
1743 519 1939 577 omnis
1959 534 2120 575 exer-

475 615 625 671 citus
657 611 736 669 ad
763 612 942 666 Josue
979 609 1041 665 in
1074 609 1334 676 Maceda,
1366 609 1471 666 ubi
1511 615 1650 668 tunc
1684 613 1851 666 erant
1901 611 2118 673 castra,

477 702 628 770 sani,
659 705 716 757 et
751 700 981 769 integro
1024 713 1277 754 numero
1314 719 1328 755 :
1359 698 1678 770 nullusque
1721 702 1927 754 contra
1967 695 2120 751 ﬁlios

477 788 886 848 lsraélmutire
904 803 1086 842 ausus
1099 791 1201 842 est.
1235 788 1630 860 Preecepitque
1654 789 1854 852 Josue,
1879 786 2082 841 dicens
2106 801 2118 839 :

478 879 711 953 Aperite
741 893 808 933 os
848 875 1163 948 speluncae,
1196 880 1253 931 et
1290 875 1594 948 producite
1625 877 1703 932 ad
1733 891 1828 931 me
1857 875 2123 947 quinque

481 983 672 1038 reges,
701 965 804 1039 qui
833 965 893 1020 in
919 979 991 1020 ea
1019 964 1278 1020 latitant.
1308 967 1591 1021 Fecerunt
1618 964 1888 1028 ministri,
1919 967 1983 1020 ut
2013 962 2124 1018 sibi

481 1056 675 1112 fuerat
687 1055 1067 1125 imperatum,
1086 1056 1141 1108 et
1162 1053 1492 1109 eduxerunt
1511 1052 1590 1108 ad
1606 1067 1744 1108 eum
1760 1051 2024 1125 quinque
2039 1067 2126 1106 re-

483 1159 587 1216 ges
607 1143 680 1198 de
693 1141 993 1213 spelunca,
1017 1156 1220 1211 regem
1241 1141 1624 1208 Hierusalem,
1648 1155 1849 1210 regem
1869 1139 2124 1208 Hebron,

481 1245 684 1300 regem
733 1227 1080 1298 Hierimotb,
1139 1243 1342 1299 regem
1390 1229 1619 1294 Lachis,
1666 1244 1868 1299 regem
1907 1227 2118 1297 Eglon.

484 1321 749 1388 Cumque
779 1316 974 1372 educti
998 1316 1250 1372 fuissent
1300 1317 1377 1372 ad
1421 1333 1579 1382 eum,
1633 1316 1864 1373 vocavit
1921 1331 2129 1371 omnes

482 1407 642 1462 viros
675 1405 869 1470 Israel,
904 1409 961 1460 et
1000 1404 1082 1458 ait
1109 1404 1186 1460 ad
1230 1405 1532 1476 principes
1563 1405 1872 1471 exercitus,
1907 1405 2010 1477 qui
2040 1419 2129 1458 se-

484 1509 623 1549 cum
653 1496 820 1547 erant
847 1511 858 1549 :
892 1493 993 1557 Ite,
1021 1495 1077 1546 et
1106 1491 1308 1563 ponite
1338 1492 1522 1564 pedes
1546 1508 1724 1565 super
1747 1491 1902 1548 colla
1923 1506 2132 1562 regum

484 1581 764 1637 istoruns.
798 1578 908 1646 Qui
933 1595 1069 1634 cum
1087 1579 1496 1651 perrexissent,
1524 1585 1580 1636 et
1600 1581 2004 1651 subjectorum
2036 1595 2131 1652 pe-

485 1669 662 1725 dibus
704 1667 860 1724 colla
889 1667 1209 1737 calcarent,
1261 1684 1499 1724 rursum
1533 1669 1614 1725 ait
1663 1668 1738 1725 ad
1772 1685 1910 1728 eos:
1953 1668 2134 1724 Nolite

1743 269 2194 365 sanvmamu
2231 307 2630 373 GOTHICUM.

476 436 752 510 sumptis,
781 435 846 491 hi
882 433 985 506 qui
1035 434 1214 490 Israel
1248 434 1453 506 fugere
1493 433 1833 507 potuerunt,
1869 429 2118 501 ingressi
2144 429 2191 485 A

3777 307 3884 363 408

2550 437 2745 494 Lectio
2778 435 2918 492 libri
2942 436 3118 491 Josue
3154 433 3328 505 (Cap.
3352 433 3532 503 xxiv).

2298 534 2362 596 av.
2401 526 2520 582 Deo
2551 524 2797 594 gratias.

2297 613 2360 665 In
2378 611 2487 667 illis
2517 613 2766 668 diebus:
2801 610 3190 681 Congregavit
3216 611 3395 665 Josué
3435 625 3646 665 omnes
3686 608 3880 665 tribus

2225 700 2405 757 Israel
2428 702 2484 756 in
2521 701 2772 765 Sichem,
2803 705 2856 756 et
2878 699 3108 754 vocavit
3129 699 3388 768 majores
3416 704 3582 767 natu,
3617 714 3689 755 ac
3718 697 3882 770 prin-

2227 789 2411 862 cipes,
2449 788 2702 858 judices,
2755 794 2810 842 et
2853 788 3234 856 magistratus
3268 803 3281 842 :
3313 789 3598 842 steterunt
3639 786 3704 840 in
3735 801 3883 844 con-

2228 883 2431 949 spectu
2458 877 2690 931 Domini
2723 893 2734 931 :
2768 881 2824 931 et
2853 875 2932 931 ad
2975 875 3265 947 populum
3315 873 3400 930 sic
3446 874 3688 932 locutus
3741 877 3832 929 est
3861 891 3875 934 :

2229 967 2363 1021 Haac
2377 965 2518 1021 dicit
2540 966 2826 1020 Dominus
2847 965 3003 1019 Deus
3027 963 3205 1020 Israel
3235 979 3247 1017 :
3280 965 3461 1019 Trans
3492 963 3748 1019 ﬂuvium
3775 962 3880 1019 ha-

2229 1052 2567 1112 bitaverunt
2584 1059 2782 1125 patres
2798 1052 2976 1107 vestri
2997 1050 3075 1107 ab
3101 1051 3286 1118 initio,
3305 1051 3491 1107 Thare
3507 1055 3679 1123 pater
3694 1050 3884 1108 Abra-

2231 1140 2395 1210 ham,
2427 1145 2483 1196 et
2506 1141 2738 1197 Nachor
2769 1159 2781 1199 :
2820 1139 3149 1195 servierunt
3169 1138 3281 1194 diis
3309 1138 3540 1194 alienis.
3564 1138 3719 1194 Tulit
3741 1153 3887 1208 ergo

2232 1233 2464 1302 patrem
2479 1233 2742 1284 vestrum
2757 1228 3058 1284 Abraham
3074 1227 3147 1282 de
3164 1227 3609 1299 Mesopotamiae
3622 1225 3850 1282 ﬁnibus
3871 1244 3882 1284 :

2235 1323 2292 1376 et
2319 1317 2566 1375 adduxit
2591 1333 2728 1372 eum
2758 1318 2818 1372 in
2846 1322 3059 1372 terram
3085 1315 3371 1371 Chanaan
3401 1332 3412 1372 :
3449 1314 3890 1387 multiplicavit-

2236 1422 2352 1479 que
2375 1420 2575 1462 semen
2594 1406 2721 1476 ejus
2734 1409 2790 1461 et
2819 1405 2982 1460 dedit
3003 1405 3053 1459 ei
3092 1405 3261 1460 Isaac
3290 1403 3493 1476 illique
3523 1420 3765 1460 rursum
3786 1404 3887 1460 de-

2238 1495 2323 1552 dit
2353 1499 2614 1550 montem
2652 1494 2775 1551 Seir
2803 1493 2880 1549 ad
2911 1491 3347 1565 possidendum
3374 1512 3387 1548 :
3420 1491 3612 1548 Jacob
3643 1507 3799 1558 vero,
3829 1497 3888 1549 et

2238 1582 2343 1638 ﬁlii
2415 1583 2543 1654 ejus
2616 1582 3050 1639 descenderunt
3117 1581 3178 1636 in
3217 1579 3564 1653 Egyptum.
3619 1580 3890 1652 Misitque

2243 1674 2483 1743 Moysen
2525 1675 2582 1727 et
2605 1671 2821 1737 Aaron,
2874 1674 2931 1727 et
2973 1669 3263 1742 percussit
3303 1668 3634 1740 IEgyptum
3681 1669 3890 1725 multis

486 1756 2129 1828 timere,necpaveatis,confortamini,etestoterobusti:
2162 1771 2205 1826 Β
2244 1761 2428 1830 signis
2469 1764 2526 1816 et
2553 1759 2859 1832 portentis.
2915 1758 3245 1830 Eduxitque
3292 1763 3493 1830 patres
3542 1763 3774 1815 vestros
3819 1775 3894 1816 ex

489 1845 573 1902 sic
598 1845 754 1900 enim
789 1843 964 1899 faciet
1001 1845 1289 1899 Dominus
1319 1845 1548 1900 cunctis
1578 1845 1853 1901 hostibus
1898 1844 2132 1908 vestris,

489 1932 777 1990 adversus
807 1947 961 2004 quos
979 1931 1298 1988 dimicatis.
1325 1932 1736 2005 Percussitque
1751 1933 1954 2000 Josue,
1977 1938 2033 1989 et
2052 1933 2136 1988 in-

490 2020 715 2078 terfecit
741 2035 862 2086 eos,
887 2019 1198 2092 suspendit
1225 2035 1403 2091 super
1427 2020 1692 2093 quinque
1711 2022 1933 2092 stipites
1965 2041 1983 2076 ε
2016 2021 2136 2077 fue-

486 2112 742 2180 runtque
778 2112 953 2180 atque
984 2106 1262 2178 suspensi
1293 2123 1485 2181 usque
1504 2107 1580 2163 ad
1597 2124 1934 2181 vesperum.
1961 2110 2136 2164 Cum-

488 2200 606 2274 que
624 2195 1005 2253 occumberet
1023 2196 1139 2261 Sol,
1168 2197 1449 2268 praecepit
1470 2197 1663 2263 sociis,
1687 2203 1752 2254 ut
1770 2199 2138 2271 deponerent

490 2301 593 2343 eos
621 2285 696 2342 de
721 2285 1027 2357 patibulis.
1058 2284 1488 2357 Quidepositos
1512 2285 1888 2358 projecerunt
1909 2287 1970 2343 in
2002 2302 2135 2359 spe-

488 2373 754 2440 luncam,
786 2374 847 2430 in
877 2390 1000 2445 qua
1035 2373 1348 2441 latuerant,
1381 2379 1437 2430 et
1468 2380 1799 2448 posuerunt
1827 2391 2006 2448 super
2036 2392 2137 2432 eos

492 2477 640 2520 saxa
660 2461 948 2533 ingentia,
965 2477 1101 2535 quae
1115 2465 1467 2535 permanent
1479 2478 1668 2536 usque
1685 2464 1746 2520 in
1767 2479 2054 2536 praesens.
2070 2474 2133 2533 Βτ.

492 2551 703 2607 Amen.

567 2637 859 2708 Hymnus.
901 2641 1056 2695 Deus
1080 2640 1246 2695 Pater
1274 2638 1551 2709 ingenite.
1583 2640 1694 2711 fol.
1732 2643 1858 2698 101.

509 2781 512 2784 λ
571 2727 874 2797 Capitula.
914 2726 1031 2783 Lex
1079 2730 1181 2784 tua
1230 2727 1775 2800 inreprehensibilis
1834 2731 2140 2786 convertat

495 2815 730 2873 animas
746 2819 1001 2886 nostras,
1025 2820 1079 2873 et
1097 2815 1503 2874 testimonium
1523 2821 1692 2874 tuum
1708 2817 1882 2874 ﬁdele
1903 2822 2141 2890 praestet

493 2903 761 2976 parvulis
775 2902 1132 2977 sapientiam
1153 2921 1166 2960 :
1185 2910 1236 2961 te
1253 2921 1494 2979 quoque
1501 2905 1522 2976 j
1534 2905 1641 2962 usti
1652 2906 1727 2962 tia
1739 2907 1921 2963 corda
1933 2910 2140 2962 nostra

492 2991 820 3060 laatiﬁcent;
843 3008 965 3051 non
1009 2994 1399 3051 contristent:
1437 3000 1726 3068 tuumque
1768 3001 2140 3068 praeceptum

493 3079 698 3139 oculos
722 3082 1014 3140 mentium
1044 3086 1385 3141 nostrarum
1416 3082 1746 3140 inluminet.

572 3167 744 3225 Pater
770 3173 992 3226 noster.

565 3255 796 3314 Lauda.
827 3256 1106 3314 Fundasti
1133 3261 1370 3321 terram,
1391 3260 1445 3314 et
1467 3261 1810 3328 permanet;
1832 3261 1888 3313 et
1907 3257 2144 3314 ordina-

495 3341 655 3399 tione
696 3348 796 3400 tua
816 3350 1150 3416 perseverat
1183 3359 1194 3400 :
1227 3345 1299 3399 P.
1330 3341 1624 3409 Quoniam
1655 3344 1861 3400 omnia
1887 3345 2145 3400 serviunt

497 3428 623 3486 tibi.
658 3429 720 3491 Y.
750 3429 869 3487 Nisi
899 3431 1064 3503 quod
1093 3429 1188 3486 lex
1219 3433 1322 3486 tua
1350 3429 1660 3486 meditatio
1685 3447 1821 3487 mea
1838 3436 1925 3487 est
1958 3447 1969 3486 :
2001 3435 2141 3488 tunc

497 3515 743 3574 forsitan
766 3517 1075 3588 periissem
1106 3515 1169 3572 in
1193 3516 1522 3573 humilitate
1553 3532 1708 3574 mea.
1757 3517 1816 3574 Ρ.
1846 3518 2142 3586 Quoniam

497 3604 720 3659 omnia.
753 3603 814 3663 Ψ.
853 3602 1069 3673 Gloria,
1095 3608 1150 3661 et
1175 3603 1368 3660 honor
1391 3604 1569 3662 Patri.

573 3709 798 3766 Oratio.
827 3711 891 3764 In
905 3713 1192 3766 aaternum
1210 3710 1458 3767 Domine
1487 3711 1744 3769 Verbum
1765 3716 1957 3781 tuum,
1979 3715 2144 3784 quod

497 3798 878 3872 permanetin
895 3799 1064 3865 caelo,
1091 3799 1152 3855 in
1173 3799 1444 3857 Ecclesia:
1465 3804 1581 3858 tuas
1605 3818 1841 3875 semper
1855 3803 2144 3862 inhabitet

499 3886 722 3960 templo
749 3902 764 3954 ;
793 3890 855 3943 ut
884 3886 1297 3946 inhabitatoris
1327 3891 1648 3962 praesentia
1675 3890 2036 3950 habitaculis
2069 3895 2142 3951 sit

499 3975 736 4035 claritas
753 3974 1051 4034 indefessa
1063 4018 1076 4032 .
1115 3988 1180 4047 Br.
1211 3982 1398 4034 Amen
1412 4020 1425 4036 .

571 4067 674 4122 Per
696 4064 1186 4125 misericordiam.

1113 4182 1207 4238 Ad
1238 4183 1516 4240 Tertiam.

876 4298 1262 4354 Ecclesiastes
1286 4297 1458 4370 (Cap.
1498 4299 1752 4370 ultimo).

571 4415 634 4473 13,.
667 4405 788 4460 Deo
815 4403 1038 4472 gratias
1056 4444 1070 4458 .

572 4491 691 4558 Fili,
726 4507 865 4548 cum
893 4490 1300 4562 essetsapieus
1313 4489 1712 4557 Ecclesiastes,
1739 4490 1941 4548 docuit
1959 4507 2144 4565 popu-

497 4581 644 4646 lum,
677 4583 735 4637 et
759 4579 1021 4636 narravit
1053 4593 1187 4652 qum
1207 4578 1428 4635 fecerat
1461 4594 1473 4634 :
1515 4581 1570 4634 et
1601 4579 1965 4652 investigans
1988 4596 2147 4638 com-

499 4669 697 4744 posuit
720 4667 1043 4743 parabolas
1075 4667 1318 4739 multas,
1343 4683 1478 4740 quas
1507 4671 1646 4724 sunt
1674 4667 1854 4725 verba
1883 4668 2067 4733 utilia,
2091 4673 2146 4726 et

499 4763 736 4816 sanctos
763 4757 1000 4831 scripsit
1028 4771 1337 4814 sermones
1366 4754 1756 4822 rectissimos,
1790 4771 1861 4814 ac
1908 4757 2144 4814 veritate

495 4847 723 4920 plenos.
754 4845 945 4904 Verba
965 4844 1326 4920 sapientium
1352 4851 1415 4901 ut
1438 4843 1680 4912 stimuli,
1705 4849 1762 4902 et
1791 4846 1964 4919 quasi
1994 4845 2144 4902 clavi

495 4933 557 4989 in
595 4932 912 4999 altumﬁxi,
943 4949 1078 5008 qua:
1101 4949 1201 5007 per
1222 4932 1645 5004 magistrorum
1671 4933 1984 4989 consilium
2003 4932 2146 4989 data

497 5024 684 5078 sunta
713 5025 950 5093 pastore
972 5039 1112 5078 uno.
1147 5021 1244 5078 His
1274 5021 1531 5093 amplius
1552 5021 1634 5076 ﬁli
1662 5021 1743 5076 mi
1764 5037 1837 5076 ne
1853 5021 2141 5093 requiras.

496 5109 768 5168 Faciendi
807 5109 1004 5180 plures
1032 5110 1214 5165 libros
1262 5111 1467 5165 nullus
1500 5117 1585 5165 est
1619 5110 1752 5165 linis
1788 5127 1800 5164 :
1834 5109 2144 5182 frequens-

2242 1849 2516 1921 Egypto,
2549 1853 2606 1904 et
2656 1847 2892 1902 venistis
2921 1846 2999 1902 ad
3060 1862 3225 1902 mare
3252 1863 3263 1903 :
3293 1848 3714 1920 persecutique
3753 1861 3894 1904 sunt

2241 1936 2494 2008 Egyptii
2523 1941 2718 2008 patres
2747 1940 2977 1992 vestros
3017 1951 3155 1990 cum
3186 1934 3462 1991 curribus
3499 1939 3556 1990 et
3598 1935 3890 2007 equitatu,

2243 2040 2432 2097 usque
2465 2024 2542 2079 ad
2571 2039 2736 2080 mare
2777 2023 3064 2080 Rubrum.
3101 2023 3522 2079 Clamaverunt
3562 2027 3762 2079 autem
3812 2023 3892 2080 ad

2243 2113 2563 2168 Dominum
2583 2112 2687 2167 ﬁlii
2711 2111 2885 2167 Israel
2906 2127 2917 2165 :
2947 2112 3049 2184 qui
3072 2110 3273 2184 posuit
3291 2111 3570 2168 tenebras
3589 2112 3741 2168 inter
3760 2127 3892 2182 vos,

2244 2205 2300 2257 et
2318 2201 2642 2272 Egyptios,
2675 2205 2729 2256 et
2755 2199 3003 2256 adduxit
3034 2215 3213 2272 super
3242 2215 3345 2255 eos
3375 2215 3569 2271 mare,
3590 2205 3648 2256 et
3663 2201 3900 2272 operuit

2241 2288 2392 2346 illos.
2419 2287 2702 2345 Viderunt
2722 2287 2877 2344 oculi
2903 2288 3086 2344 nostri
3107 2292 3326 2344 cuncta
3353 2304 3492 2360 quae
3540 2289 3601 2345 in
3640 2291 3899 2361 Egypto

2243 2377 2396 2446 fecit,
2479 2382 2534 2433 et
2585 2375 2865 2432 habitasti
2939 2377 3001 2432 in
3074 2375 3394 2432 solitudine
3485 2376 3678 2433 multo
3750 2381 3899 2435 tem-

2244 2481 2386 2538 pore
2419 2485 2430 2525 :
2462 2469 2516 2521 et
2570 2463 2896 2520 introduxit
2945 2464 3006 2520 in
3069 2464 3508 2530 Amorrhaeum,
3571 2465 3678 2536 qui
3729 2464 3899 2521 habi-

2243 2551 2409 2608 tabat
2444 2556 2606 2607 trans
2627 2551 2967 2607 Jordanem.
3001 2553 3269 2623 Cumque
3315 2555 3657 2622 pugnarent
3688 2556 3899 2608 contra

2243 2656 2369 2710 vos,
2402 2639 2642 2697 tradidit
2685 2655 2787 2695 eos
2833 2639 2894 2694 in
2938 2654 3158 2695 manus
3200 2645 3450 2708 vestras,
3490 2645 3545 2695 et
3569 2638 3900 2711 possidetis

2245 2733 2486 2797 terram,
2529 2733 2707 2800 atque
2766 2727 3140 2784 interfecistis
3186 2725 3337 2782 illos.
3391 2727 3649 2783 Surrexit
3691 2732 3897 2784 autem

2249 2815 2420 2872 Balac
2499 2815 2656 2870 ﬁlius
2727 2815 2953 2885 Sephor
3019 2831 3121 2870 rex
3194 2814 3386 2880 Moab,
3470 2819 3527 2871 et
3599 2814 3898 2886 pugnavit

2249 2905 2423 2976 233
2457 2903 2829 2960 contraﬁlios
2858 2903 3053 2959 Israel.
3093 2901 3362 2974 Misitque
3407 2908 3467 2960 et
3515 2904 3748 2959 vocavit
3793 2905 3898 2959 Ba-

2247 2991 2404 3048 laam
2432 2992 2623 3048 ﬁlium
2649 2995 2809 3056 Beor,
2837 2995 2898 3046 ut
2925 2991 3306 3047 malediceret
3329 2991 3503 3049 vobis
3533 3012 3544 3051 :
3579 2997 3636 3048 et
3655 3007 3768 3062 ego
3796 3006 3901 3046 no-

2173 3112 2213 3167 ο
2248 3079 2333 3135 lui
2347 3080 2548 3137 audire
2562 3096 2721 3146 eum,
2738 3080 2885 3135 sede
2899 3080 3196 3136 contrario
3209 3095 3314 3152 per
3327 3079 3496 3136 illum
3508 3079 3901 3136 benedixivo-

2248 3168 2679 3234 bis,etliberavi
2693 3185 2798 3224 vos
2813 3168 2884 3222 de
2900 3184 3077 3224 manu
3089 3169 3137 3240 ej
3149 3169 3899 3232 us.TransistisJordanem,

2249 3263 2305 3314 et
2319 3256 2559 3312 venistis
2574 3255 2901 3312 adJericho.
2921 3259 3438 3328 Pugnaveruntque
3453 3262 3658 3313 contra
3670 3273 3781 3314 vos
3795 3256 3905 3312 viri

2250 3343 2492 3400 civitatis
2506 3343 2628 3414 ejus
2641 3343 3901 3415 Amorrhaaus,etPherezaaus,etChananaeus,

2249 3432 2610 3497 etIIethaaus,
2640 3437 2696 3487 et
2714 3430 3068 3503 Gergesaaus,
3096 3436 3152 3488 et
3169 3433 3438 3497 Hevaaus,
3464 3436 3524 3490 et
3539 3433 3854 3490 Jebusaaus
3884 3450 3898 3488 :

2250 3524 2307 3576 et
2336 3519 2550 3576 tradidi
2583 3519 2711 3576 illos
2738 3519 2797 3575 in
2824 3536 3040 3576 manus
3071 3525 3314 3579 vestras.
3335 3520 3603 3594 Misitque
3628 3526 3767 3579 ante
3793 3537 3903 3578 vos

2250 3607 2612 3666 crabrones:
2649 3608 2869 3679 etejeci
2910 3624 3011 3664 eos
3041 3608 3115 3666 de
3146 3608 3292 3664 locis
3344 3609 3487 3676 suis,
3530 3609 3687 3666 duos
3730 3626 3902 3682 reges

2249 3695 2758 3764 Amorrhaeorum,
2789 3711 2912 3752 non
2935 3695 3137 3766 gladio
3167 3700 3225 3753 et
3253 3712 3397 3753 arcu
3436 3701 3564 3754 tuo.
3605 3697 3900 3772 Deditque

2249 3783 2419 3840 vobis
2442 3788 2678 3851 terram,
2712 3783 2773 3839 in
2797 3799 2920 3856 qua
2950 3799 3072 3840 non
3102 3783 3441 3849 laborastis,
3469 3791 3526 3841 et
3546 3788 3726 3843 urbes
3747 3802 3902 3858 quas

2249 3887 2373 3928 non
2394 3871 2749 3938 aediﬁcastis,
2781 3875 2846 3926 ut
2860 3871 3204 3928 habitaretis
3223 3872 3284 3928 in
3314 3871 3400 3929 eis
3434 3887 3446 3928 :
3478 3873 3687 3931 vineas
3718 3879 3775 3931 et
3800 3873 3904 3930 oli-

2248 3965 2402 4026 veta,
2443 3976 2578 4032 quae
2610 3976 2728 4016 non
2752 3959 3086 4031 plantastis.
3121 3963 3287 4017 Nunc
3319 3976 3460 4031 ergo
3477 3961 3681 4020 timete
3703 3963 3906 4020 Domi-

2249 4065 2412 4113 num,
2459 4054 2513 4104 et
2533 4050 2744 4105 servite
2771 4049 2822 4104 ei
2855 4048 3111 4120 perfecto
3134 4049 3314 4106 corde
3336 4056 3517 4122 atque
3537 4051 3856 4108 verissimo
3889 4069 3900 4108 :

2250 4143 2306 4196 et
2337 4137 2557 4194 auferte
2587 4138 2753 4202 deos,
2785 4137 3008 4210 quibus
3047 4137 3382 4194 servierunt
3410 4145 3609 4211 patres
3638 4141 3818 4197 vestri
3844 4140 3907 4196 in

2252 4226 2675 4298 Mesopotamia
2699 4232 2755 4282 et
2781 4226 2840 4282 in
2861 4225 3140 4299 Egypto,
3165 4243 3234 4284 ac
3257 4228 3470 4286 servite
3493 4228 3772 4286 Domino.
3803 4230 3904 4286 Sin

2253 4319 2451 4372 autem
2481 4313 2710 4370 malum
2754 4315 2916 4370 vobis
2946 4314 3181 4372 videtur
3222 4322 3286 4372 ut
3325 4332 3449 4373 non
3501 4317 3776 4374 serviatis
3828 4318 3902 4383 ei,

2250 4403 2414 4476 optio
2432 4401 2602 4458 vobis
2615 4402 2789 4459 datur
2811 4423 2823 4459 :
2850 4403 3043 4473 eligite
3063 4403 3241 4460 hodie
3258 4405 3419 4476 quod
3435 4404 3649 4477 placet,
3666 4405 3764 4462 cui
3782 4421 3907 4462 ser-

2253 4492 2369 4549 vire
2383 4490 2764 4563 potissimum
2777 4491 3064 4558 debeatis,
3083 4495 3280 4548 utrum
3293 4493 3432 4562 diis,
3451 4493 3674 4565 quibus
3689 4496 3907 4551 servie-

2251 4585 2389 4637 runt
2413 4585 2610 4652 patres
2647 4580 2822 4636 vestri
2854 4579 2914 4635 in
2945 4581 3388 4652 Mesopotamia,
3431 4597 3509 4638 an
3545 4581 3660 4638 diis
3688 4586 3904 4640 Amor-

2250 4669 2571 4738 rhaaorum,
2602 4669 2663 4725 in
2689 4685 2946 4742 quorum
2967 4674 3119 4725 terra
3145 4668 3426 4727 habitatis
3448 4689 3461 4727 :
3490 4685 3602 4742 ego
3625 4676 3827 4728 autem
3846 4679 3907 4730 et

2251 4757 2470 4814 domus
2498 4773 2632 4813 mea
2663 4756 2989 4813 serviemus
3016 4756 3288 4816 Domino.
3324 4760 3906 4832 Responderuntque

2250 4845 2475 4918 populi,
2505 4849 2562 4901 et
2589 4845 2864 4900 dixerunt
2895 4861 2906 4898 :
2940 4843 3108 4900 Absit
3139 4845 3365 4901 anobis
3396 4853 3458 4902 ut
3487 4846 3910 4920 relinquamus

2255 4935 2594 4989 Dominum.
2626 4939 2681 4988 et
2702 4933 3031 4988 serviamus
3054 4933 3168 4988 diis
3187 4933 3411 4989 alienis.
3435 4935 3724 4990 Dominus
3748 4939 3911 4992 Deus

2251 5027 2452 5078 noster
2475 5024 2599 5092 ipso.
2633 5022 2833 5076 eduxit
2866 5037 2994 5086 nos,
3023 5027 3078 5077 et
3108 5028 3306 5093 patres
3342 5033 3599 5089 nostros,
3643 5024 3718 5080 de
3751 5029 3914 5082 terra

2251 5111 2504 5182 zEgypti,
2539 5107 2610 5161 de
2669 5110 2851 5163 domo
2901 5110 3190 5164 servitutis
3226 5109 3518 5182 :fecitque
3559 5111 3913 5169 videntibus

492 5213 611 5272 que
640 5197 960 5262 meditatio,
1013 5198 1206 5253 Carnis
1264 5197 1507 5253 afﬂictio
1541 5201 1650 5254 est.
1706 5199 1824 5252 Hoc
1868 5203 1956 5253 est
1983 5199 2143 5255 enim
2248 5197 2422 5253 nobis
2456 5197 2628 5266 signa
2651 5195 3012 5264 ingentia,et
3034 5197 3354 5253 custodivit
3378 5214 3488 5253 nos
3511 5198 3570 5253 in
3590 5201 3755 5255 omni
3786 5201 3908 5267 via,

491 5285 688 5346 omnis
714 5285 898 5344 homo
930 5305 942 5345 :
978 5291 1036 5342 et
1061 5290 1293 5353 cuncta,
1325 5301 1462 5357 qua:
1494 5285 1666 5354 ﬁunt,
1695 5283 1939 5342 adducit
1987 5288 2142 5343 Deus
2247 5301 2354 5359 per
2382 5301 2564 5358 quam
2595 5284 3056 5350 ambulavimus,
3079 5290 3135 5341 et
3157 5286 3218 5341 in
3245 5287 3474 5341 cunctis
3500 5287 3769 5360 populis,
3799 5305 3915 5361 per

490 5376 554 5434 in
576 5375 870 5449 judicium
888 5391 996 5449 pro
1019 5374 1183 5431 omni
1211 5377 1403 5442 reatu,
1435 5373 1560 5430 sive
1589 5372 1842 5441 bonum,
1877 5373 1998 5432 sive
2019 5390 2143 5433 ma-
2247 5389 2400 5448 quos
2415 5372 2816 5429 transivimus.
2837 5375 2902 5428 Et
2918 5373 3089 5444 ejecit
3107 5374 3419 5430 universas
3436 5381 3666 5445 gentes,
3691 5378 3913 5434 Amor-

487 5465 616 5524 lum
647 5464 741 5522 sit.
775 5463 979 5521 Finem
1015 5461 1300 5536 loquendi
1329 5476 1538 5518 omnes
1560 5459 1908 5518 audiamus.
1953 5461 2140 5523 Deum
2246 5461 2477 5518 rhaeum
2505 5459 2903 5517 habitatorem
2943 5464 3131 5528 terrae,
3161 5477 3346 5533 quam
3375 5477 3487 5518 nos
3515 5463 3907 5522 intravimus.

488 5555 651 5625 time,
686 5558 743 5614 et
770 5552 1059 5615 mandata
1086 5552 1218 5625 ejus
1251 5554 1525 5612 observa.
1555 5561 1620 5623 Hi.
1643 5552 1853 5610 Amen.
2249 5548 2586 5608 Serviemus
2614 5547 2793 5620 igitur
2833 5548 3110 5618 Domino,
3142 5548 3292 5623 quia
3320 5553 3406 5607 est
3434 5549 3564 5624 ipse
3603 5552 3905 5614 Dominus
