4192 6410
222 335 331 394 409

1402 337 1753 396 DOMINICA
1791 336 1865 393 III
1908 336 2527 407 QUADBAGESIME.

3538 322 3646 402 sit)

222 460 382 516 Deus
406 459 631 515 noster.
652 455 923 531 Dixitque
951 462 1129 519 Josue
1158 463 1235 520 ad
1258 464 1587 536 populum:
1625 465 1753 519 Non
1783 477 1886 535 po-
1914 461 1961 516 A
1998 466 2142 535 tera,
2175 468 2377 537 virtus,
2409 467 2717 540 sapientia,
2759 468 3032 539 placatus
3062 466 3142 525 da
3168 481 3430 525 veniam.
3460 466 3525 523 P.
3556 469 3641 523 Tu

225 548 411 605 teritis
445 546 665 603 servire
694 547 947 605 Domino
982 566 994 605 :
1022 552 1310 608 Dominus
1342 554 1503 609 enim
1529 556 1793 623 sanctus,
1832 555 1890 607 et

226 635 397 694 fortis
418 639 472 691 et
488 634 791 691 aemulator
811 643 919 704 est,
939 654 1047 695 nec
1062 641 1655 710 ignoscetsceleribus
1670 640 1886 695 nostris

228 730 408 797 atque
435 726 715 797 peccatis.
735 726 793 781 Si
825 726 1159 785 dimiseritis
1188 747 1297 803 pro
1328 730 1444 786 diis
1478 730 1704 799 alienis,
1745 745 1885 785 con-

225 819 410 870 vertet
432 812 767 883 se,afﬂiget
810 831 918 871 vos
979 822 1158 891 atque
1217 820 1515 878 subvertet
1562 823 1885 892 postquam

221 902 400 961 vobis
424 903 759 975 praestiterit
782 903 968 963 dona.
1009 907 1283 980 Dixitque
1315 909 1574 980 populus
1604 924 1615 963 :
1660 910 1887 979 Nequa-

222 1008 411 1065 quam
452 992 535 1047 ita
564 997 630 1046 ut
660 991 934 1065 loqueris,
959 995 1084 1059 erit,
1112 996 1216 1052 sed
1240 996 1494 1053 Domino
1520 998 1876 1054 serviemus.

218 1084 289 1137 Et
316 1080 500 1137 Josue
526 1079 607 1136 ad
633 1080 947 1153 populum,
972 1085 1188 1151 Testes,
1219 1085 1431 1157 inquit,
1451 1101 1560 1141 vos
1581 1083 1887 1156 estis,quia

218 1169 339 1243 ipsi
372 1168 551 1225 vobis
581 1167 871 1239 elegeritis
904 1172 1227 1228 Dominum
1258 1177 1323 1229 ut
1361 1173 1627 1230 servietis
1657 1174 1728 1229 ei.
1750 1176 1887 1229 Res-

216 1257 713 1329 ponderuntque:
748 1256 967 1313 Testes.
987 1262 1153 1316 Nunc
1178 1276 1341 1330 ergo,
1364 1262 1463 1328 ait,
1498 1261 1723 1317 auferte
1740 1260 1885 1317 deos

217 1347 455 1403 alienos
481 1345 556 1401 de
588 1345 787 1402 medio
816 1351 1104 1415 vestrum,
1138 1354 1193 1405 et
1235 1350 1518 1405 inclinate
1545 1350 1728 1405 corda
1759 1365 1883 1405 ves-

215 1441 312 1492 tra
332 1435 410 1491 ad
435 1434 755 1490 Dominum
778 1436 966 1491 Deum
1002 1437 1200 1493 Israel.
1219 1438 1489 1511 Dixitque
1516 1438 1776 1511 populus
1807 1438 1884 1494 ad

215 1525 406 1580 Josue
432 1541 445 1579 :
468 1523 723 1579 Domino
750 1526 873 1579 Deo
902 1526 1228 1582 serviemus
1249 1527 1593 1584 obedientes
1615 1543 1883 1599 praecep-

216 1614 291 1670 tis
318 1614 472 1684 ejus.
504 1612 801 1668 Percussit
828 1613 1008 1684 igitur
1031 1615 1211 1671 Josue
1250 1616 1311 1671 in
1343 1615 1438 1671 die
1463 1616 1562 1671 illo
1586 1616 1801 1679 foedus,
1823 1620 1882 1671 et

214 1701 424 1776 posuit
454 1701 680 1774 populo
720 1707 1021 1775 praecepta
1046 1707 1224 1775 atque
1263 1704 1491 1775 judicia
1519 1705 1580 1759 in
1625 1704 1881 1761 Sichem.

219 1791 589 1864 Scripsitque
615 1790 821 1847 omnia
862 1791 1047 1848 verba
1093 1793 1222 1848 haec
1272 1793 1334 1848 in
1376 1793 1676 1849 volumine
1736 1793 1882 1873 legis
1919 1800 1962 1855 Β

214 1882 323 1936 Dei
356 1897 367 1934 :
394 1884 451 1936 et
483 1878 889 1951 tulitlapidem
904 1880 1218 1951 grandem,
1244 1882 1561 1954 posuitque
1583 1898 1722 1938 eum
1750 1881 1883 1936 sub-

220 1973 310 2024 ter
337 1982 646 2039 quercum,
666 1982 805 2039 qum
845 1973 971 2023 erat
996 1968 1058 2023 in
1125 1970 1465 2025 sanctuario
1521 1969 1754 2025 Domini
1790 1973 1885 2025 εει

215 2055 367 2111 dixit
400 2054 480 2111 ad
519 2070 758 2111 omnem
776 2055 1070 2129 populum
1105 2060 1217 2112 :En
1250 2057 1403 2131 lapis
1436 2059 1547 2114 iste
1577 2058 1685 2113 erit
1711 2057 1883 2113 vobis

215 2144 280 2200 in
313 2144 749 2214 testimonium,
780 2144 947 2216 quod
980 2145 1283 2202 audieritis
1312 2148 1521 2202 omnia
1572 2148 1751 2202 verba
1775 2147 1880 2202 Do-

206 2232 382 2298 mini,
425 2248 564 2305 quaa
596 2231 831 2289 locutus
859 2238 945 2288 est
971 2233 1144 2289 vobis
1176 2251 1190 2290 :
1224 2250 1299 2289 ne
1328 2234 1476 2290 forte
1528 2239 1742 2307 postea
1784 2250 1883 2291 ne-

206 2337 357 2392 gare
390 2320 609 2389 velitis,
638 2326 693 2376 et
725 2322 961 2377 mentiri
982 2322 1236 2379 Domino
1259 2326 1377 2379 Deo
1398 2327 1612 2380 vestro.
1639 2323 1884 2379 Dimisit-

203 2425 330 2483 que
348 2408 668 2481 populum,
686 2409 952 2479 singulos
966 2409 1027 2466 in
1045 2411 1453 2481 possessiones
1470 2427 1629 2467 suas.
1650 2412 1718 2467 Et
1751 2416 1887 2484 post

202 2500 341 2555 haec
369 2504 645 2554 mortuus
684 2504 771 2554 est
798 2498 979 2555 Josue
1039 2498 1199 2555 ﬁlius
1251 2503 1383 2556 Nun
1429 2516 1635 2556 servus
1689 2500 1887 2556 Domi-

200 2588 283 2655 ni,
311 2591 556 2643 centum
610 2591 666 2643 et
718 2586 927 2642 decem
997 2602 1339 2643 annorum:
1396 2587 1882 2659 Sepelieruntque

202 2692 354 2732 eum
376 2676 438 2730 in
459 2674 683 2730 ﬁnibus
697 2675 1102 2746 possessionis
1126 2691 1249 2730 suae
1267 2676 1327 2730 in
1358 2675 1729 2740 Thamaiath,
1745 2690 1880 2747 quae

200 2762 499 2821 sitaestin
525 2772 729 2818 monte
753 2763 1054 2835 Ephraim,
1085 2763 1162 2818 ad
1194 2762 1720 2836 septentrionalem
1747 2779 1881 2835 par-

199 2857 334 2909 tem
362 2850 583 2907 montis
598 2851 775 2907 Gaas.
813 2851 1183 2923 Servivitque
1216 2851 1390 2907 Israel
1418 2851 1672 2907 Domino
1702 2866 1878 2907 cunc-

197 2940 271 3001 tis
303 2939 519 2995 diebus
550 2939 750 2995 Josue.
788 2950 857 3011 Ri.
880 2944 1093 2995 Amen.

267 3026 695 3097 Antiphonal.
719 3028 879 3083 State
895 3041 1074 3098 super
1120 3026 1269 3093 vias,
1304 3030 1359 3082 et
1380 3024 1596 3095 videte,
1622 3030 1677 3081 et
1704 3026 1878 3083 inter-

1998 552 2237 623 Christe,
2274 555 2579 612 miserere.
2609 554 2671 615 ἲν.
2706 554 2966 610 Gemitus
2997 554 3174 626 234.
3235 555 3507 611 omnium
3559 559 3643 611 at-

1997 640 2191 705 tende,
2214 641 2481 698 Domine:
2508 658 2643 714 quae
2664 642 2921 713 petimus
2945 642 3152 697 tribue.
3181 643 3244 697 P.
3272 642 3358 697 Tu
3394 642 3641 706 Christe,

1995 729 2295 785 miserere.
2320 731 2379 791 ἲν.
2408 734 2522 786 Nos
2548 730 2948 801 peccavimus,
3006 746 3116 785 nos
3146 730 3347 801 inique
3388 730 3641 798 egimus,

1994 832 2104 871 nos
2134 817 2315 889 impie
2365 820 2681 891 gessimus.
2716 821 2794 876 P.
2824 822 2907 874 Tu
2964 818 3205 883 Christe,
3265 818 3568 873 miserere.
3599 816 3641 876 ἲ(

1994 904 2204 970 Vitam,
2238 911 2293 962 et
2322 908 2545 964 veniam
2577 908 2739 963 dona
2790 908 3083 980 propitius
3122 926 3135 962 :
3161 910 3218 963 et
3240 920 3417 979 parce
3448 905 3640 977 paeni-

1994 994 2279 1051 tentibus.
2301 998 2385 1057 P.
2425 1000 2509 1053 Tu
2534 996 2778 1061 Christe,
2804 997 3094 1052 Miserere.

2062 1084 2356 1154 Hymnus.
2382 1087 2424 1142 0
2456 1088 2769 1151 Nazarene,
2797 1084 2918 1141 lux.
2967 1084 3568 1156 Requirefot.cx1.1v.

2066 1171 2291 1229 Oratio.
2341 1176 2627 1229 Memento
2660 1173 3137 1245 congregationis
3197 1176 3315 1228 tum
3368 1173 3636 1237 Domine,

1994 1274 2172 1330 quam
2195 1260 2405 1315 creasti
2423 1260 2500 1315 ab
2516 1260 2680 1315 initio
2712 1277 2725 1315 :
2752 1266 2814 1315 tu
2835 1260 3103 1329 Domine,
3128 1260 3229 1332 qui
3252 1275 3374 1315 non
3396 1258 3639 1314 oblivis-

1993 1346 2142 1402 caris
2173 1347 2464 1414 Ecclesiae,
2521 1365 2704 1420 quam
2732 1364 2768 1404 a
2832 1348 3050 1404 saeculo
3094 1347 3531 1419 prmdestinasti
3582 1348 3642 1403 in

1993 1434 2223 1490 Christo
2257 1452 2268 1490 ε
2303 1440 2476 1507 atque
2499 1437 2578 1491 ad
2602 1441 3021 1492 testamentum
3044 1442 3235 1505 tuum,
3263 1452 3495 1491 memor
3524 1444 3639 1491 tuae

1990 1524 2433 1589 misericordiae,
2457 1526 2685 1597 respice
2713 1543 2725 1582 :
2755 1530 2811 1583 et
2837 1526 3137 1599 promissa
3157 1542 3269 1582 nos
3318 1525 3543 1596 jugiter
3578 1524 3643 1580 Ιί-

1988 1610 2215 1669 bertate
2237 1614 2645 1686 complectere.

2066 1702 2238 1757 Pater
2252 1708 2474 1759 noster.

2631 1792 2731 1847 Ad
2744 1791 2999 1849 Sextam.

2132 1878 2328 1933 Lectio
2351 1877 2497 1933 libri
2522 1878 2791 1935 Danielis
2844 1879 3147 1950 Propheta:
3176 1878 3337 1951 (Cap.
3374 1881 3487 1949 Ill).

2064 1976 2128 2034 ἢν.
2165 1967 2281 2020 Deo
2304 1964 2546 2034 gratias.

2065 2052 2409 2108 Benedictus
2433 2069 2497 2108 es
2520 2054 2765 2110 Domine
2800 2055 2952 2110 Deus
2977 2061 3209 2126 patrum
3222 2057 3646 2119 nostrorum,et

1990 2140 2312 2207 laudabile,
2337 2145 2391 2196 et
2422 2142 2745 2211 gloriosum
2794 2158 3017 2198 nomen
3069 2147 3241 2198 tuum
3283 2142 3344 2197 in
3389 2142 3644 2198 saecula:

1991 2229 2137 2302 quia
2148 2230 2347 2302 justus
2364 2245 2427 2285 es
2447 2231 2507 2285 in
2520 2230 2803 2286 omnibus
2826 2247 2961 2303 qum
3000 2230 3185 2287 fecisti
3212 2230 3405 2296 nobis,
3439 2234 3496 2286 et
3517 2230 3648 2285 uni-

1998 2336 2166 2377 versa
2195 2335 2379 2392 opera
2404 2323 2506 2376 tua
2532 2336 2693 2389 vera,
2722 2325 2779 2375 et
2807 2320 2914 2376 viai
2938 2326 3054 2375 tuae
3099 2325 3293 2385 rectae,
3353 2325 3409 2376 et
3438 2320 3646 2376 omnia

1990 2408 2221 2480 Judicia
2240 2412 2343 2465 tua
2358 2424 2523 2465 vera.
2557 2410 2584 2463 J
2595 2408 2790 2466 udicia
2805 2408 2967 2465 enim
2997 2424 3136 2466 vera
3148 2408 3334 2465 fecisti
3342 2409 3363 2480 j
3374 2413 3513 2464 uxta
3529 2424 3645 2464 om-

1992 2496 2096 2553 nia
2124 2514 2259 2570 quae
2299 2496 2586 2553 induxisti
2636 2513 2815 2569 super
2854 2513 2966 2554 nos
3008 2502 3065 2555 et
3113 2513 3293 2570 super
3344 2497 3644 2553 civitatem

1995 2591 2269 2642 sanctam
2285 2590 2523 2657 patrum
2537 2589 2879 2641 nostrorum
2896 2585 3281 2641 Hierusalem:
3315 2585 3459 2657 quia
3472 2584 3533 2639 in
3544 2600 3647 2640 ve-

1989 2673 2179 2739 ritate,
2212 2677 2269 2728 et
2290 2672 2519 2743 judicio
2539 2672 2828 2728 induxisti
2856 2673 3061 2730 omnia
3079 2674 3207 2729 haec
3240 2680 3484 2746 propter
3500 2688 3643 2744 pec-

1989 2765 2122 2817 cata
2137 2769 2363 2816 nostra.
2385 2762 2767 2817 Peccavimus
2788 2761 2968 2827 enim,
2990 2766 3045 2817 et
3064 2762 3266 2834 inique
3292 2762 3523 2831 egimus
3552 2776 3644 2816 re-

1988 2848 2264 2905 cedentes
2294 2864 2329 2904 a
2360 2853 2413 2904 te
2442 2867 2454 2904 :
2488 2853 2545 2904 et
2564 2848 2926 2921 deliquimus
2956 2850 3018 2904 in
3048 2849 3334 2906 omnibus
3368 2866 3380 2903 :
3414 2854 3471 2904 et
3495 2864 3644 2921 prte-

1987 2942 2159 3009 cepta
2172 2942 2277 2993 tua
2295 2953 2414 2993 non
2432 2937 2791 3002 audivimus,
2816 2936 3217 3007 necfecimus,
3253 2937 3405 2993 sicut
3426 2952 3645 3009 praace-

1987 3042 2165 3098 peras
2194 3026 2371 3081 nobis
2399 3026 2635 3082 utbene
2656 3025 2831 3081 nobis
2858 3030 3015 3081 esset
3046 3043 3063 3079 ε
3095 3026 3299 3082 omnia
3329 3040 3643 3098 ergo,qu&:

193 3116 644 3188 rogateitinera
674 3115 912 3173 Domini
943 3120 1189 3187 aeterna,
1220 3119 1276 3171 et
1303 3115 1496 3171 videte
1522 3131 1657 3188 quae
1681 3116 1753 3172 sit
1778 3116 1879 3173 via
1907 3140 1949 3197 ο
1989 3114 2273 3170 induxisti
2302 3130 2627 3186 supernos,
2654 3119 2711 3170 et
2743 3115 3038 3184 universa,
3072 3130 3207 3187 quae
3237 3114 3423 3171 fecisti
3442 3114 3641 3181 nobis,

196 3206 401 3275 bona,
433 3209 490 3261 et
519 3204 823 3262 ambulate
864 3205 925 3261 in
967 3221 1037 3260 ea
1076 3220 1088 3259 :
1132 3208 1187 3260 et
1214 3204 1524 3261 invenietis
1548 3204 1876 3261 sanctiﬁca-

201 3296 281 3353 tio
297 3310 441 3351 nem
460 3292 776 3349 animabus
794 3294 1027 3351 vestris.
1054 3292 1118 3354 V.
1140 3294 1350 3349 Audite
1363 3294 1490 3349 haec
1509 3309 1719 3349 omnes
1738 3310 1877 3363 gen-

205 3388 296 3441 tes
327 3401 340 3438 :
381 3382 631 3439 auribus
668 3382 970 3455 percipite,
1003 3381 1108 3455 qui
1135 3382 1412 3439 habitatis
1463 3382 1692 3439 orbem.
1724 3384 1879 3442 Psal-

209 3488 347 3529 mus
376 3487 575 3528 XLVIll.

282 3562 520 3619 Oratio.
557 3559 819 3617 Audiant
837 3560 1019 3616 simul
1034 3564 1088 3615 te
1120 3562 1369 3617 Domine
1400 3576 1611 3618 omnes
1637 3564 1875 3631 gentes;

209 3650 448 3706 etdives
462 3663 533 3703 ac
558 3663 788 3720 pauper
800 3665 1008 3705 aurem
1022 3648 1128 3706 tibi
1152 3648 1349 3706 cordis
1370 3649 1836 3707 accommodent
1862 3667 1875 3703 :

207 3738 423 3811 ibique
452 3737 726 3792 omnium
756 3736 833 3791 ad
858 3736 1041 3793 ﬁdem
1065 3743 1439 3809 praeparetur
1473 3737 1725 3802 auditio,
1755 3754 1878 3810 quo

211 3824 525 3884 salvandis
557 3820 916 3893 promittitur
946 3824 1148 3894 gratiae
1192 3824 1521 3896 plenitudo.
1543 3836 1604 3894 [δι.
1668 3830 1875 3882 Amen.

286 3914 399 3966 Per
421 3910 895 3966 misericordiam
944 3917 1133 3969 tuam.

288 3998 647 4069 Antiphona
688 4002 739 4054 2.
769 3998 948 4055 Nobis
991 3999 1297 4055 adhaerere
1332 4002 1450 4056 Deo
1486 4001 1705 4056 bonum
1734 4008 1819 4058 est
1860 4022 1873 4061 :

209 4103 442 4164 ponere
474 4088 533 4143 in
554 4087 803 4143 Domino
837 4104 1008 4161 spem
1058 4093 1349 4145 nostram.
1392 4090 1665 4144 Psalmus
1704 4106 1875 4146 Lxxu.

285 4178 516 4234 Oratio.
534 4176 714 4233 Nobis
730 4176 1041 4233 adhaerere
1061 4176 1164 4233 tibi
1203 4177 1476 4244 Domino,
1498 4176 1728 4233 bonum
1743 4183 1830 4234 est
1861 4196 1873 4233 :

212 4267 324 4324 sed
342 4271 407 4322 tu
432 4265 795 4322 desiderium
826 4265 970 4323 boni
1002 4267 1084 4322 sic
1123 4267 1183 4322 in
1211 4266 1389 4322 nobis
1418 4266 1770 4332 accumula;
1815 4272 1878 4323 ut

211 4370 376 4428 spes,
407 4370 545 4426 quas
576 4369 688 4411 nos
720 4354 822 4410 tibi
850 4354 1127 4421 associat,
1166 4353 1331 4411 nulla
1355 4354 1493 4411 ﬁdei
1526 4354 1875 4414 titubatione

211 4444 487 4504 vacillet:
523 4444 629 4503 sed
668 4445 971 4504 charitatis
996 4445 1308 4502 stabilitate
1337 4446 1640 4518 perduret.
1666 4458 1727 4515 Ην.

214 4539 429 4589 Amen.

284 4624 402 4678 Per
432 4621 901 4679 misericordiam
937 4628 1125 4679 tuam.

284 4711 641 4780 Antiphone:
667 4715 717 4767 3.
746 4714 1033 4768 Memento
1064 4711 1544 4783 congregationis
1568 4715 1703 4776 tute,
1768 4714 1875 4768 Do-

217 4801 400 4868 mine,
429 4816 614 4871 quam
647 4800 859 4857 creasti
900 4801 977 4856 ab
1019 4801 1212 4861 initio.
1259 4802 1527 4858 Psalmus
1570 4818 1765 4857 Lxxm.

287 4890 718 4961 13;.Miserat01',
782 4894 839 4945 et
876 4889 1214 4945 misericors
1279 4890 1574 4945 Dominus.
1632 4890 1696 4945 P.
1758 4890 1873 4949 Pa-

216 4976 390 5041 tiens,
406 4980 463 5033 et
479 4976 735 5033 multum
765 4976 1123 5044 misericors,
1148 4983 1205 5033 et
1246 4977 1604 5033 obliviscens
1634 4985 1873 5049 peccata

215 5062 531 5120 hominum
564 5080 578 5119 :
612 5079 734 5120 non
762 5065 1012 5136 posuisti
1060 5065 1470 5137 paenitentiam
1501 5065 1703 5121 electis
1734 5069 1866 5123 tuis.

214 5150 270 5212 Υ.
301 5156 450 5209 Ecce
471 5154 783 5225 sequimur
812 5154 871 5208 in
900 5158 1020 5209 toto
1052 5153 1229 5209 corde
1244 5160 1445 5211 nostro
1478 5174 1489 5213 :
1516 5160 1569 5211 et
1590 5155 1870 5211 timemus

213 5242 286 5309 te,
318 5246 377 5299 et
414 5241 745 5314 quaerimus
769 5241 984 5299 faciem
1032 5247 1218 5310 tuam,
1262 5258 1337 5298 ne
1359 5243 1697 5300 confundas
1739 5260 1870 5300 nos.

212 5328 291 5388 P.
324 5330 578 5402 Patiens,
603 5333 660 5388 et
678 5329 959 5389 multum.
990 5330 1057 5392 Ψ.
1097 5331 1315 5401 Gloria,
1360 5336 1415 5389 et
1441 5332 1658 5390 honor.
1695 5334 1878 5391 Reite‘

213 5424 381 5475 retur
411 5429 477 5489 Ri.

278 5506 506 5564 Preces.
522 5506 942 5565 Paenitentiam
959 5511 1199 5580 agimus
1219 5523 1326 5581 pro
1340 5509 1517 5567 malis
1530 5509 1774 5567 nostris.
1801 5512 1866 5565 P.

212 5592 294 5655 Tu
321 5596 570 5667 Christe,
598 5596 881 5656 miserere
909 5615 922 5653 :
954 5596 1357 5675 peccavimus.
1383 5598 1446 5660 γ.
1504 5599 1690 5658 Patris
1731 5599 1872 5658 dex-

1988 3203 2047 3259 in
2078 3219 2218 3260 vero
2232 3203 2459 3274 judicio
2480 3202 2665 3259 fecisti
2690 3222 2706 3257 :
2734 3208 2787 3259 et
2809 3202 3099 3259 tradidisti
3114 3219 3225 3259 nos
3248 3203 3310 3259 in
3333 3218 3515 3259 manu
3537 3202 3643 3258 ini-

1989 3292 2273 3348 micorum
2300 3291 2665 3365 iniquorum,
2711 3297 2766 3347 et
2832 3291 3256 3363 pessimorum,
3287 3290 3643 3363 praevarica-

1988 3386 2327 3455 torumque,
2360 3385 2417 3436 et
2440 3380 2564 3451 regi
2588 3380 2828 3451 injusto,
2850 3384 2906 3435 et
2931 3381 3193 3452 pessimo
3216 3384 3369 3437 ultra
3398 3395 3643 3437 omnem

1990 3475 2227 3527 terram.
2253 3473 2317 3525 Et
2346 3485 2509 3525 nunc
2537 3485 2660 3525 non
2691 3486 3019 3541 possumus
3050 3470 3280 3542 aperire
3301 3485 3368 3526 os
3394 3486 3407 3525 :
3441 3470 3645 3525 confu-

1989 3559 2076 3616 sio
2090 3564 2146 3615 et
2166 3558 2560 3631 obprobrium
2591 3558 2730 3615 facti
2762 3574 2971 3614 sumus
2993 3558 3179 3614 servis
3198 3557 3332 3625 tuis,
3354 3562 3408 3614 et
3428 3558 3521 3613 his
3538 3558 3643 3631 qui

1990 3648 2265 3705 colebant
2280 3646 3048 3720 te.Ne,queesumus,tradas
3075 3646 3259 3703 nosin
3281 3651 3642 3720 perpetuum

1988 3742 2231 3811 propter
2251 3753 2473 3794 nomen
2505 3743 2698 3807 tuum,
2726 3742 2782 3794 et
2834 3752 2908 3793 ne
2940 3737 3192 3811 dissipes
3220 3741 3644 3793 testamentum

1989 3831 2158 3883 tuum
2191 3845 2203 3883 :
2230 3842 2419 3899 neque
2444 3826 2681 3883 auferas
2703 3826 3167 3882 misericordiam
3214 3829 3381 3881 tuam
3406 3841 3442 3881 a
3470 3824 3645 3881 nobis

1987 3920 2231 3988 propter
2260 3915 2568 3971 Abraham
2594 3915 2877 3971 dilectum
2909 3918 3099 3978 tuum,
3132 3917 3371 3971 etlsaac
3402 3930 3646 3970 servum

1987 4012 2178 4069 tuum,
2213 4009 2269 4059 et
2306 4003 2487 4060 Israel
2508 4008 2783 4058 sanctum
2814 4007 2984 4058 tuum
3014 4020 3025 4055 :
3058 4002 3281 4074 quibus
3312 4003 3551 4059 locutus
3579 4018 3642 4057 es

1986 4092 2272 4164 pollicens
2306 4091 2470 4163 quod
2495 4091 2923 4162 multiplicares
2981 4106 3184 4146 semen
3238 4106 3445 4145 eorum
3494 4091 3647 4147 sicut

1987 4180 2185 4237 stellas
2210 4180 2356 4243 coeli,
2382 4184 2437 4234 et
2464 4180 2615 4234 sicut
2634 4194 2883 4235 arenam
2913 4194 3048 4250 quea
3079 4183 3167 4233 est
3194 4178 3255 4233 in
3284 4178 3473 4233 littore
3520 4193 3645 4234 ma-

1985 4270 2065 4325 ris
2086 4286 2098 4325 :
2118 4269 2261 4341 quia
2277 4268 2524 4323 Domine
2550 4267 3074 4323 imminutisumus
3097 4266 3416 4339 plusquam
3442 4282 3645 4323 omnes

1986 4362 2209 4429 gentes,
2244 4371 2572 4429 sumusque
2600 4355 2856 4412 humiles
2878 4356 2939 4412 in
2969 4356 3250 4413 universa
3282 4360 3437 4413 terra
3464 4357 3642 4413 hodie

1906 4488 1951 4542 Β
1984 4451 2215 4520 propter
2225 4450 2466 4518 peccata
2478 4450 2699 4502 nostra.
2711 4448 2774 4501 Et
2787 4461 2907 4542 non
2922 4450 3009 4502 est
3022 4446 3082 4502 in
3095 4446 3209 4502 hoc
3226 4450 3477 4542 tempore
3492 4446 3643 4517 prin-

1985 4552 2145 4608 ceps,
2176 4550 2372 4608 neque
2395 4535 2704 4608 pr0pheta,
2739 4538 2795 4589 et
2820 4534 2963 4602 dux,
2985 4551 3180 4609 neque
3206 4534 3640 4603 holocaustum,

1984 4640 2179 4697 neque
2210 4623 2590 4689 sacriﬁcium,
2612 4638 2804 4695 neque
2823 4623 3065 4689 oblatio,
3087 4640 3283 4696 neque
3304 4624 3637 4690 incensum,

1984 4729 2180 4785 neque
2204 4712 2372 4769 locus
2404 4713 2800 4783 primitiarum
2848 4728 3052 4768 coram
3107 4718 3181 4778 te,
3213 4716 3278 4767 ut
3337 4712 3643 4784 possimus

1988 4802 2253 4857 invenire
2280 4799 2751 4856 misericordiam
2785 4815 2795 4852 :
2828 4800 2931 4855 sed
2954 4800 3013 4854 in
3066 4799 3273 4855 anima
3299 4800 3562 4866 contrita,
3588 4807 3643 4856 et

1985 4890 2194 4963 spiritu
2219 4888 2575 4944 humilitatis
2608 4888 3023 4959 suscipiamur.
3060 4887 3222 4945 Sicut
3244 4889 3302 4943 in
3322 4888 3639 4945 holocaus-

1985 4983 2045 5035 to
2070 4977 2353 5043 arietum,
2379 4982 2434 5033 et
2453 4982 2785 5041 taurorum,
2818 4990 2874 5031 et
2902 4976 3049 5032 sicut
3072 4976 3132 5032 in
3160 4976 3428 5033 millibus
3455 4995 3641 5049 agno-

1985 5084 2122 5123 rum
2147 5067 2459 5140 pinguium
2504 5084 2516 5121 :
2570 5066 2650 5121 sic
2697 5065 2802 5121 ﬁat
2848 5066 3207 5123 sacriﬁcium
3263 5075 3542 5125 nostrum
3574 5070 3637 5126 in

1987 5160 2313 5228 conspectu
2348 5160 2445 5210 tuo
2466 5154 2665 5221 hodie,
2692 5154 3001 5226 utplaceat
3027 5155 3153 5223 tibi,
3183 5161 3237 5212 et
3260 5158 3477 5229 perﬁce
3499 5158 3636 5213 sub-

1987 5248 2302 5317 sequentes
2323 5248 2397 5312 te,
2438 5243 2723 5316 quoniam
2756 5259 2876 5299 non
2909 5248 3000 5300 est
3028 5244 3303 5302 confusio
3336 5245 3639 5302 conﬁden-

1985 5331 2142 5389 tibus
2166 5332 2225 5388 in
2242 5336 2319 5389 te.
2343 5333 2409 5387 Et
2433 5346 2591 5386 nunc
2612 5330 2917 5403 sequimur
2942 5335 2997 5389 te
3025 5332 3087 5388 in
3113 5336 3234 5390 toto
3261 5334 3464 5399 corde,
3488 5336 3544 5388 et
3570 5333 3634 5388 ti-

1983 5436 2220 5478 memus
2248 5423 2322 5489 te,
2354 5418 2674 5492 quazrimus
2704 5418 2917 5477 faciem
2964 5424 3151 5478 tuam.
3188 5424 3268 5479 Ne
3299 5418 3636 5478 confundas

1984 5525 2114 5568 nos.
2144 5521 2208 5581 ἢ.
2264 5509 2471 5564 Amen.

2054 5597 2406 5669 Antiphona
2431 5599 2479 5652 t.
2508 5596 2934 5656 Conﬁtebimur
2962 5596 3067 5655 tibi
3095 5597 3252 5654 Deus
3286 5616 3301 5652 :
3334 5588 3635 5651 conﬁtebi-
