4192 6416
523 312 626 397 £11
1777 298 2237 387 BBEWIUN
2274 299 2664 385 GQTWFUM-
3825 301 3937 387 λέίὲ

534 448 673 515 mur.
696 434 802 513 tibi
827 434 886 513 et
915 430 1336 513 invocabimus
1379 443 1601 499 nomen
1652 432 1844 513 tuum,
1900 427 2170 509 Domiue.
2198 425 2246 505 ᾼ
2283 429 2407 515 tere
2424 428 2801 501 adversarios
2843 431 3109 509 nostros,
3139 424 3248 509 qui
3275 439 3389 515 nos
3413 439 3451 499 ιι
3480 425 3941 515 tuopraeceptq

533 512 1050 601 nummum.
1706 512 1711 513 ί
2281 514 2504 589 dolosis
2534 517 3058 591 promissionibus,
3087 519 3144 581 et
3171 513 3387 597 apertis
3404 512 3736 581 terroribus
3774 528 3944 572 aver-

602 610 827 668 Oratio.
859 606 1215 667 Conﬁtentes
1233 608 1342 666 tibi
1372 607 1618 669 Domine
1650 605 1967 681 placabilis
1985 604 2174 660 intue-
2281 604 2400 659 tere
2429 604 2789 666 moliuntur:
2818 607 2881 675 in
2906 603 3069 661 nullo
3102 604 3259 659 enim
3279 601 3592 677 proﬁcient
3609 616 3822 679 eorum
3856 601 3944 661 in-

528 711 595 755 re
626 702 721 754 :et
735 713 883 770 quos
903 696 1183 755 contritos
1233 696 1412 767 efﬁcit
1432 696 1607 751 timor
1652 709 1845 767 pinnas
1882 696 1975 749 :et
2004 706 2174 748 amor
2282 689 2470 759 sidiaa,
2499 693 2546 747 si
2583 698 2681 750 tuo
2714 693 3057 751 muniamur
3104 706 3338 775 semper
3369 689 3671 767 adiutorio
3698 689 3935 761 gratim.

529 776 911 857 indulgentias
950 783 1220 849 laetiﬁcat,
1248 788 1304 841 et
1332 783 1638 857 plenitudo
1692 780 2061 843 remissionis
2087 779 2172 839 in-
2282 789 2347 849 13;.
2379 783 2587 837 Amen.

535 872 755 948 deptaa.
793 885 860 945 131.
881 873 1090 928 Amen.
2350 866 2461 923 Per
2489 869 2960 927 misericordiam
3002 873 3196 929 tuam.
3900 912 3907 918 .

602 966 709 1019 Per
731 960 1204 1017 misericordiam
1222 962 1413 1028 tuam,
1437 961 1613 1029 Deus,
1671 961 1781 1016 etc.
2349 956 2697 1028 Antiphona
2729 963 2778 1016 t.
2811 958 3093 1033 Inclinate
3139 972 3349 1017 aurem
3375 959 3636 1012 vestram
3664 954 3728 1015 in
3753 955 3947 1014 verbo

598 1049 955 1119 Antiphone
982 1052 1035 1107 2.
1063 1047 1268 1107 Salvos
1320 1047 1415 1106 fac
1458 1047 1725 1127 Domine,
1754 1044 1986 1121 quietos
2006 1046 2173 1102 terrae
2280 1042 2401 1099 oris
2417 1045 2551 1102 mei.
2571 1046 2790 1119 Populo
2820 1063 2990 1105 meus
3031 1046 3290 1107 adtende
3306 1044 3503 1121 legem
3528 1060 3755 1117 meam.
3780 1045 3948 1131 Psal-

528 1137 802 1195 Psalmus
830 1153 1004 1198 Lxxv.
2281 1146 2411 1188 mus
2442 1150 2648 1192 Lxxvu.

604 1224 836 1281 Oratio.
869 1224 994 1283 Tibi
1027 1224 1277 1293 Domino
1330 1224 1487 1281 Patri
1546 1223 1821 1294 cogitatio
1863 1222 2177 1281 conﬁtetur
2356 1219 2569 1277 Oratio.
2599 1223 2891 1280 Ponentes
2917 1238 3090 1296 spem
3134 1225 3401 1280 nostram
3458 1221 3607 1295 inte
3661 1220 3946 1289 Domine,

531 1310 824 1382 Unigeniti
841 1312 924 1368 tui
956 1328 967 1367 :
998 1311 1146 1369 dum
1166 1311 1332 1384 quod
1350 1311 1540 1367 Adam
1553 1327 1658 1384 per
1677 1310 2019 1382 superbiam
2046 1326 2176 1383 per-
2281 1322 2403 1363 non
2433 1308 2842 1367 obliviscimus
2880 1328 3133 1384 operum
3162 1315 3437 1377 tuorum;
3472 1326 3611 1365 cum
3638 1326 3749 1384 per
3775 1309 3949 1382 justi-

528 1399 679 1457 didit
710 1416 723 1455 :
751 1398 933 1468 hujus
978 1398 1057 1455 ad
1096 1401 1150 1453 te
1186 1398 1528 1455 humanitas
1582 1398 1911 1455 humilitate
1948 1398 2176 1467 reducit
2282 1393 2427 1452 tiam
2452 1401 2624 1469 atque
2653 1398 3028 1455 clementiam
3051 1398 3342 1459 mirabilis
3377 1397 3440 1453 in
3468 1398 3721 1463 Sanctis,
3755 1402 3813 1454 et
3840 1405 3955 1454 ter-

527 1486 915 1545 obedientiaa:
952 1488 1107 1556 Ergo
1135 1490 1341 1543 nostra
1373 1486 1542 1543 stude
1581 1491 1822 1559 pectora
1860 1501 2170 1556 exercere;
2280 1482 2463 1538 ribilis
2484 1486 2811 1543 ostenderis
2827 1487 2888 1563 in
2928 1486 3149 1559 impiis,
3184 1487 3287 1560 qui
3313 1490 3658 1559 opportuna
3678 1485 3953 1557 remedia

529 1589 647 1646 quo
666 1572 940 1629 exercitio
964 1572 1114 1630 festa
1141 1572 1252 1630 tibi
1287 1574 1417 1629 haec
1452 1573 1821 1631 celebremus
1860 1574 2169 1633 solemnia.
2278 1570 2478 1641 justis,
2504 1588 2572 1628 ac
2590 1574 2793 1630 debita
2850 1575 3144 1651 supplicia
3199 1589 3629 1648 recompensas
3668 1573 3899 1659 iniquis
3935 1592 3949 1627 :

527 1673 592 1733 It.
617 1666 831 1718 Amen.
2284 1672 2637 1729 quaesumus
2667 1659 2868 1734 itaque
2896 1661 3164 1734 piissime
3208 1662 3363 1719 Deus
3390 1677 3403 1727 ;
3436 1664 3503 1717 ut
3528 1676 3687 1733 quos
3710 1676 3748 1717 a
3785 1660 3953 1718 tetris

596 1751 702 1806 Per
720 1748 1213 1805 misericordiam.
2202 1761 2248 1831 Β
2289 1743 2557 1835 hostibus
2581 1748 2758 1827 eruis,
2795 1754 3228 1825 praeceptorum
3274 1748 3406 1813 luce
3436 1747 3724 1821 clariﬁces
3746 1753 3944 1835 tenta-

597 1838 943 1915 ΑηείρΙιοηᾳ
957 1842 1008 1894 3.
1040 1838 1181 1911 Quis
1204 1838 1359 1905 Deus
1383 1853 1664 1915 magnus,
1693 1839 1846 1895 sicut
1863 1840 2019 1915 Deus
2036 1853 2176 1893 nos-
2289 1831 2516 1889 tionum
2534 1833 2750 1917 ﬂuctus
2779 1853 3050 1903 movens,
3091 1837 3198 1894 iter
3244 1835 3625 1909 salutiferam
3651 1831 3945 1910 pandas:

526 1927 747 1983 ter?tu
775 1941 838 1981 es
854 1928 1011 1982 Deus
1038 1926 1147 1998 qui
1176 1925 1326 1981 facis
1345 1926 1645 1983 mirabilia
1663 1926 1846 1985 solus.
1906 1927 2175 1987 Psalmus
2286 1921 2491 2015 Christi
2508 1923 2602 2015 tui
2618 1939 2867 2015 corpore
2918 1929 3210 2015 tanquam
3252 1924 3480 1995 ccelesti
3536 1940 3694 1999 pane
3738 1924 3802 2015 iu
3839 1923 3948 2003 hu-

527 2029 713 2097 mu.
2279 2006 2378 2089 jus
2409 2010 2606 2089 saeculi
2653 2012 2885 2068 deserto
2915 2013 3170 2073 reﬁcias.
3209 2024 3278 2082 ἢ.
3319 2017 3537 2068 Amen.

598 2112 661 2171 ne.
694 2100 990 2173 Propitius
1018 2103 1143 2163 esto
1171 2099 1584 2175 iniquitatibus
1634 2102 1876 2169 nostris,
1904 2100 2175 2177 Domine,
2353 2097 2703 2167 Antiphona
2732 2104 2784 2171 2.
2813 2103 3034 2169 Panem
3064 2098 3198 2167 caeli
3231 2101 3393 2173 dona
3425 2099 3621 2181 nobis,
3664 2100 3934 2183 Domine,

525 2192 583 2259 et
612 2204 761 2245 sana
782 2204 994 2245 omnes
1016 2187 1334 2263 languores
1357 2194 1598 2246 nostros
1623 2209 1633 2248 :
1654 2190 1721 2257 Ρ.
1764 2193 1829 2245 Et
1846 2189 2068 2247 redime
2103 2189 2177 2244 de
2285 2184 2404 2240 Psa
2415 2186 2564 2241 lmus
2587 2203 2797 2243 Lxxvu.

526 2275 764 2347 interitu
793 2276 1027 2333 animas
1067 2280 1325 2350 nostras.
1344 2276 1407 2338 )7.
1434 2280 1562 2334 Non
1579 2277 1911 2333 secundum
1933 2280 2178 2351 peccata
2358 2272 2581 2351 Oratio.
2608 2275 2783 2343 Deus,
2827 2276 2929 2351 qui
2951 2292 3175 2353 panem
3190 2275 3321 2332 caeli
3350 2275 3488 2347 ﬁliis
3505 2275 3821 2333 hominum
3853 2274 3949 2351 tri-

526 2368 737 2423 nostra
757 2363 945 2441 facias
970 2346 1145 2425 nobis
1173 2381 1186 2416 :
1217 2380 1418 2437 neque
1473 2364 1812 2439 secundum
1836 2346 2177 2437 iniquitates
2281 2346 2440 2435 buis,
2471 2346 2892 2437 terrenumque
2914 2346 3138 2422 animal
3164 2346 3557 2437 'Angelorum
3600 2363 3778 2438 adipe
3808 2346 3949 2441 pas-

524 2455 755 2527 nostras
806 2449 1094 2517 retribuas
1141 2450 1336 2508 nobis.
1366 2453 1410 2511 P
1457 2455 1524 2517 Et
1552 2452 1796 2515 redime.
1844 2451 1906 2512 Y.
1957 2451 2175 2535 Gloria,
2283 2447 2945 2529 cis;t'rumentationem
2975 2453 3137 2508 verbi
3159 2454 3243 2508 tui
3266 2452 3442 2533 nobis
3467 2453 3529 2508 in
3561 2451 3943 2535 abundantia

527 2542 587 2611 et
612 2538 806 2613 honor
857 2538 1028 2597 Patri.
1087 2539 1418 2598 Reiteretur
1443 2552 1509 2609 Bt.
1976 2626 1979 2627 ν
2010 2526 2013 2535 ’
2282 2526 2504 2613 tribues
2532 2551 2755 2627 :eoque
2770 2556 2876 2595 nos
2893 2541 3177 2614 spirituali
3196 2526 3372 2615 reﬁce
3424 2541 3577 2605 cibo,
3606 2556 3730 2617 quo
3749 2526 3949 2627 patres

598 2626 817 2693 Preces.
874 2628 1056 2683 Verus
1101 2627 1257 2683 Deus
1324 2628 1681 2684 misericors.
1715 2627 1776 2685 P.
1810 2626 2176 2711 Supplicanti
2280 2628 2521 2697 nostros
2547 2626 2815 2689 allevasti
2844 2629 2906 2684 in
2962 2645 3182 2689 eremo.
3214 2641 3276 2700 Bz-
3300 2634 3513 2707 Amen.
3894 2622 3898 2627 ’
3936 2622 3939 2627 ’

524 2712 771 2788 populo,
793 2712 1035 2783 Christe,
1061 2715 1357 2772 miserere.
1388 2715 1451 2776 in
1469 2717 1563 2791 Te,
1583 2716 1773 2780 Pater,
1802 2710 2171 2793 quaesumus,
2351 2711 2456 2783 Per
2485 2713 2961 2773 misericordiam
3000 2721 3176 2773 tuam.

523 2799 761 2875 ﬂetibus
790 2796 1148 2881 invocamus,
1174 2802 1391 2861 adsiste
1411 2817 1673 2859 oramus.
1693 2803 1754 2858 P.
1783 2802 2171 2876 Supplicanti.
2350 2800 2679 2871 Antiphona
2708 2807 2758 2873 3.
2786 2804 3072 2861 Dominus
3135 2804 3342 2876 adjuto
3362 2807 3609 2861 rnoster
3636 2821 3650 2860 :
3683 2806 3741 2881 et
3779 2803 3941 2879 Deus

521 2887 585 2949 ν.
618 2880 867 2963 Exaudi,
924 2887 1195 2956 Domine,
1243 2889 1777 2962 placare:intende
1805 2890 2081 2959 clemens,
2118 2893 2175 2947 et
2279 2887 2566 2955 excelsus,
2592 2889 2870 2947 liberator
2895 2898 3096 2948 noster
3125 2897 3228 2950 est.
3277 2893 3550 2950 Psalmus
3587 2908 3788 2961 Lxxvu.

518 2975 652 3063 pius
680 2974 943 3063 indulge.
981 2976 1046 3031 P.
1079 2975 1471 3051 Supplicanti.
1509 2977 1571 3038 iit.
1595 2980 1944 3035 Cunctorum
1979 2975 2172 3047 cordi-
2298 3060 2314 3063 _
2352 2974 2576 3034 Oratio.
2604 2978 2839 3035 Excelse
2862 2980 3110 3037 Domine
3132 2986 3257 3036 esto
3320 2979 3563 3053 adjutor
3585 2986 3787 3037 noster
3824 2995 3838 3036 :
3871 2983 3939 3035 ut

526 3054 644 3157 bus
664 3054 883 3157 largire
897 3064 1291 3157 studia-pacis,
1326 3067 1381 3157 et
1400 3079 1577 3157 parce
1606 3064 1893 3157 placatus,
2025 3065 2173 3135 Sup-
2200 3100 2244 3157 ο
2279 3060 2754 3157 tie-abundantia
2782 3070 2897 3122 tuae
2916 3067 3144 3124 virtutis
3184 3069 3527 3147 repleamur
3545 3067 3757 3157 solatio
3779 3066 3943 3157 forti-

519 3146 879 3243 plicanti._i_t'.
913 3149 1289 3227 Fertilitatem
1319 3149 1555 3243 pluviae,
1595 3166 1665 3208 ac
1693 3151 1877 3207 vitam
1904 3150 2085 3218 dona,
2118 3154 2174 3223 et
2205 3146 2244 3157 “”
2281 3150 2506 3205 tudinis
2530 3169 2543 3218 ;
2564 3157 2705 3210 etex
2730 3155 3206 3213 redundantibus
3233 3157 3438 3227 gratiae
3465 3162 3579 3214 tuae
3607 3156 3784 3227 donis
3797 3155 3945 3243 dite-

523 3237 767 3293 veniam
786 3236 1038 3313 largam.
1074 3238 1146 3293 P.
1180 3237 1565 3311 Supplicanti.
2276 3252 2413 3317 mur
2440 3241 2788 3298 muneribus
2817 3242 3095 3300 liberatis.
3128 3243 3192 3305 ἲν.
3222 3245 3433 3301 Amen.

592 3323 886 3396 Hymnus.
916 3325 959 3381 Ο
983 3327 1298 3389 Nazarene,
1327 3325 1443 3380 lux.
1484 3325 1602 3393 fol.
1639 3340 1825 3381 cxmv.
2349 3326 2459 3382 Per
2479 3327 2948 3389 misericordiam
2980 3335 3166 3390 tuam.

596 3413 773 3505 235
799 3413 1024 3470 Oratio.
1050 3414 1378 3471 Precamur
1399 3412 1666 3475 Domine,
1695 3418 1759 3499 ut
1787 3417 1889 3470 tua
1913 3429 2024 3469 nos
2047 3428 2171 3471 non
2346 3423 2409 3482 Βρ.
2440 3416 2682 3487 Propter
2727 3426 2971 3488 peccata
3023 3424 3225 3477 nostra
3272 3424 3561 3479 venerunt
3594 3436 3780 3505 super
3826 3434 3941 3503 nos

518 3476 771 3571 ret—iollas
791 3517 827 3575 a
847 3500 1297 3577 prepitiatione;
1330 3499 1436 3553 sed
1480 3476 1817 3556 obtinendae
1848 3500 2171 3557 misericor.
2274 3501 2479 3557 omnia
2509 3476 2670 3559 mala
2703 3476 3130 3578 {peccavimus
3160 3508 3284 3579 tibi,
3322 3509 3593 3567 Domine.
3760 3488 3941 3577 Ecce;

521 3587 639 3653 diae
661 3591 900 3675 tempus
925 3602 1162 3660 appone
1192 3606 1206 3657 ;
1237 3590 1301 3642 ut
1324 3587 1585 3651 dextera,
1608 3604 1743 3660 quae
1794 3587 1902 3644 fuit
1950 3590 2169 3646 vindex
2273 3586 2553 3663 dentibus
2585 3607 2620 3663 a
2650 3594 2707 3647 te
2732 3609 2805 3648 ne
2820 3593 3055 3651 auferas
3074 3596 3545 3653 misericordiam
3566 3601 3735 3675 tuam
3765 3613 3804 3653 a
3833 3612 3940 3675 no-

520 3675 811 3731 inultione
842 3666 1206 3733 facinorum:
1235 3675 1368 3751 ipsa
1393 3677 1465 3732 sit
1494 3677 1667 3761 nobis
1696 3677 1957 3734 contritis
1998 3680 2057 3735 in
2083 3694 2168 3734 re-
2273 3675 2385 3757 bis.
2409 3676 2470 3736 Ψ.
2501 3677 2704 3735 Justus
2731 3698 2814 3748 es,
2837 3682 3085 3761 Domine
3112 3684 3266 3767 Deus
3298 3690 3517 3750 noster,
3546 3685 3609 3741 in
3648 3666 3940 3767 omnibus

520 3763 793 3837 medium
832 3748 1279 3845 sempiternum.
1500 3750 1505 3761 ’
2274 3748 2559 3836 operibus
2631 3769 2772 3837 tuis;
2806 3774 2861 3825 et
2901 3754 3042 3843 non.
3074 3748 3421 3829 audivimus
3460 3756 3703 3829 vocem”
3730 3752 3936 3851 tuam.

591 3850 761 3937 Pater
782 3853 1003 3908 noster.
2272 3854 2653 3949 peccavimus
2673 3857 3198 3933 enim,iniquitate_s
3220 3860 3488 3917 fecimus.
3520 3846 3942 3949 P.8ccedeuti-

1119 3940 1217 3995 Ad
1238 3942 1593 4029 Vesperum.
1626 4028 1635 4029 ί
2271 3937 2385 3995 bus
2415 3957 2451 3997 a
2485 3948 2558 3999 te.
2591 3943 2655 4005 ἲν.
2690 3945 2981 4015 Gloria,et
3018 3948 3229 4003 honor.
3265 3946 3331 4002 P.
3370 3949 3830 4029 accedentibus.

589 4025 817 4101 Lauda.
849 4026 1122 4100 Vespere,
1152 4044 1351 4092 mane,
1374 4032 1428 4083 et
1453 4028 1698 4085 meridie
1728 4034 1784 4085 te
1820 4029 2161 4096 laudamus,
2884 4036 2954 4091 In
3005 4035 3326 4092 Laudibus.
3424 4034 3427 4039 ’
3700 4026 3703 4031 ’

518 4113 790 4203 Domine.
821 4106 1108 4191 Dominus
1140 4114 1215 4203 sit
1245 4132 1493 4188 semper.
1524 4127 1585 4185 ἢ.
1626 4120 1692 4173 Et
1719 4133 1878 4173 cum.
2340 4120 2703 4190 Antiphone.
2728 4126 2932 4179 Averte
2948 4122 3161 4180 faciem
3185 4128 3373 4190 tuam,
3409 4127 3584 4193 Deus,
3610 4142 3645 4182 a
3673 4126 3945 4203 peccatis

584 4194 1159 4293 Autiplionaﬂuam
1176 4202 1374 4260 bonus
1406 4203 1557 4258 Deus
1583 4204 1764 4260 Israel
1780 4206 1862 4259 eis
1882 4205 1987 4279 qui
2003 4209 2165 4279 recto
2269 4211 2488 4272 nostris
2520 4226 2531 4264 :
2575 4214 2632 4265 et
2660 4224 2870 4265 omnes
2922 4209 3266 4287 iniquitates
3303 4217 3544 4277 nostras
3587 4194 3743 4287 dele.
3776 4194 3950 4293 Psal-

516 4289 732 4346 corde!
767 4292 1042 4348 Psalmus
1061 4307 1236 4347 Lxxu.
2273 4316 2406 4359 mus
2438 4315 2489 4354 1..

586 4377 832 4484 [ἔῃαιξιίιέἶ
862 4378 1176 4484 Quomodo
1205 4378 1387 4434 dilexi
1413 4378 1614 4484 legem
1633 4380 2166 4484 turama‘Domine?
2195 4430 2239 4484 Β
2344 4388 2561 4484 Oratio:
2588 4385 3026 4484 Avertefaciem
3057 4390 3271 4444 tuama
3304 4388 3566 4484 pecpatis
3588 4358 3816 4469 nostris
3831 4390 3950 4484 Do-

516 4462 585 4520 P.
613 4465 757 4519 Tota
775 4462 870 4519 die
896 4458 1205 4521 meditatio
1263 4481 1400 4549 mea
1442 4470 1546 4521 est.
1572 4465 1631 4526 ll’.
1688 4467 1964 4522 Retribue
1996 4484 2165 4524 servo
2196 4449 2239 4484 υ
2280 4478 2478 4542 mine;
2513 4470 3137 4545 etomnesiniquitates
3152 4449 3536 4532 nostraedele
3571 4464 3851 4534 :remove
3866 4477 3951 4553 ab

517 4554 641 4617 tuo,
681 4550 884 4607 vivam
912 4568 924 4607 :
958 4556 1015 4607 et
1042 4553 1375 4608 custodiam
1405 4569 1711 4608 sermones
1738 4559 1890 4609 tuos.
1922 4555 2160 4611 P.Tota.

2288 4564 2456 4621 >culis
2474 4562 2589 4618 tuis
2603 4561 2896 4617 malarum
2916 4568 3257 4619 nostrarum
3278 4564 3510 4643 facinus
3526 4550 3943 4639 voluptatum;

515 4639 582 4701 ῒ.
614 4639 825 4711 Gloria,
860 4646 916 4697 et
949 4641 1161 4697 honor.
1203 4642 1265 4695 P.
1293 4643 1456 4696 Tota.
2269 4658 2597 4723 nostraque
2614 4649 2968 4705 confessioni
2984 4650 3304 4707 clementer
3324 4639 3496 4729 tuum
3511 4669 3754 4729 appone
3773 4653 3954 4727 audi-

585 4729 884 4821 qyninus.
930 4729 1150 4821 adesto
1179 4730 1398 4821 nostris
1448 4729 1748 4821 precibus.
1768 4732 1877 4801 fol.
1902 4732 2019 4787 160.
2269 4726 3406 4810 tum.Miserere.queesumusrogantibus
3424 4726 3954 4821 nobisqui'prOpi-

591 4816 896 4923 Capiiula‘.
930 4818 1010 4923 Si‘t
1041 4818 1256 4917 festum
1283 4818 1599 4923 jeju'riiunm.
1644 4820 1914 4923 [012149.
2270 4828 2385 4884 tius
2408 4825 2653 4921 respicis
2683 4823 2745 4879 in
2774 4824 3072 4882 adversis:
3098 4831 3155 4882 et
3182 4828 3283 4899 qui
3312 4827 3653 4900 desperatis
3680 4845 3786 4886 cor
3817 4816 3952 4923 poe-

591 4904 816 4960 Lauda.
837 4906 1372 4963 Fundastiterram.
1392 4907 1471 4962 Et
1495 4907 1724 4965 Oratio.
1766 4908 1823 4962 lu
1852 4912 2161 4978 aeternum,
2269 4911 2709 4981 nitenstribuis;
2733 4904 3948 4976 aconfessionibusnullatenusavertaris.

522 4988 793 5045 Domine.
823 4990 1074 5061 Require
1096 4996 1204 5064 fol.
1236 4998 1360 5049 232.
2270 5005 2422 5073 Ergo
2451 5001 2599 5074 quia
2625 4999 2821 5055 cordis
2842 5001 3075 5057 contriti
3107 5003 3366 5073 placaris
3400 4984 3717 5083 sacriﬁciis

1118 5096 1284 5135 manu
1334 5096 1558 5143 omam.
2270 5086 3099 5162 nobishoctibiofferri,quod
3144 5089 3421 5163 prcecipis
3451 5110 3463 5161 ;
3499 5096 3557 5147 et
3604 5074 3952 5171 promereri

1088 5167 1188 5263 Ad
1217 5168 1602 5263 Matutinum.
1786 5259 1792 5263 Δ
2273 5174 2719 5263 indulgentiam,
2739 5190 2921 5246 quam
2937 5162 3231 5247 promittis
3249 5176 3452 5247 gratiae
3484 5162 3628 5235 tuae:
3646 5162 3765 5235 Sed
3794 5162 3953 5263 quia

592 5251 950 5323 Antiphona.
966 5255 1049 5313 Tu
1066 5259 1264 5309 autem
1283 5255 1530 5308 Domine
1564 5259 1870 5326 susceptor
1890 5272 2056 5311 meus
2082 5274 2165 5314 es.
2272 5260 2633 5333 Publicanus
2650 5262 2867 5333 alonge
2889 5269 3074 5329 stans,
3107 5266 3511 5336 etpercutiens
3526 5272 3737 5341 pectus
3760 5251 3950 5341 suurn

517 5342 791 5398 Psalmus
816 5356 897 5395 ιιι.
1286 5428 1298 5440 .
2276 5350 2407 5405 sola
2424 5350 2797 5405 contessione
2816 5358 3106 5421 purgatus
3123 5357 3213 5409 est
3236 5370 3248 5407 :
3280 5338 3546 5409 similiter
3563 5360 3619 5410 et
3658 5372 3776 5441 nos
3806 5338 3952 5431 pec1

593 5429 827 5487 Oratio.
872 5431 1102 5500 Exurge
1131 5428 1379 5485 Domine
1412 5431 1562 5484 Deus
1582 5430 1857 5486 nosterin
1880 5433 2167 5523 auxilium
2276 5441 2507 5495 catores
2536 5437 2751 5492 exaudi
2780 5454 2791 5492 :
2817 5442 2880 5513 ut
2907 5440 3058 5494 sicut
3081 5439 3161 5494 illi
3226 5440 3438 5496 merito
3464 5428 3772 5523 peiitionis
3808 5428 3949 5519 suae

521 5516 865 5617 humilium,
898 5516 1457 5609 etinexterminium
1490 5519 1975 5617 persequentium
1999 5540 2011 5581 :
2033 5512 2169 5615 coni
2277 5524 2542 5581 fructum
2581 5524 2821 5619 donasti
2858 5526 2975 5615 :ita
2990 5531 3046 5603 et
3074 5526 3251 5601 nobis
3282 5512 3768 5631 supplicantibus
3789 5512 3951 5627 indi:
