4192 6418
199 291 306 371 ΗΒ

1357 300 1709 377 DOMINIGA
1746 300 1822 369 III
1863 299 2467 375 QUADRAGESIMJE.

3519 315 3625 399 4M,

199 416 391 473 servis
420 418 545 475 tuis
574 419 814 478 veniam
850 422 1111 493 digneris
1152 424 1421 503 impendi
1465 427 1539 485 de
1568 427 1856 501 peccatis.
1888 427 1932 499 Α
1978 428 2034 485 Si
2049 428 2505 505 inveni,iniquit,
2526 435 2779 506 gratiam
2801 450 3004 493 coram
3018 439 3093 504 te,
3122 439 3201 509 ad
3221 439 3366 517 mihi
3383 440 3625 521 signum

200 516 263 577 ἢ.
301 507 520 563 Amen.

271 597 381 649 Per
409 596 917 657 misericordiam.

270 684 373 738 Ad
396 684 746 746 Canticum.
775 690 1447 760 Antiphona.Levemus
1465 696 1647 753 corda
1667 701 1866 756 nostra

204 787 343 827 cum
376 775 681 830 manibus
704 777 779 833 ad
810 779 1131 835 Dominum
1171 782 1229 837 in
1258 783 1436 839 caelis.

278 862 617 922 Canticum.
653 867 805 931 Quid
839 872 1230 928 murmuravit
1264 873 1466 930 homo.
1490 874 1595 944 fol.
1627 891 1707 931 cn.

701 975 877 1048 236
902 978 1384 1037 Matutt'narium.

242 1046 243 1049 Ἰ
272 1076 370 1133 Ad
398 1077 779 1139 Benedictus.
804 1046 1181 1154 Antiphona.
1216 1087 1299 1143 Sit
1328 1088 1609 1159 splendor
1630 1090 1865 1147 Domini

202 1166 299 1222 Dei
320 1167 513 1223 nostri
546 1184 727 1241 super
765 1186 895 1227 nos.
926 1173 997 1231 P.
1035 1175 1272 1246 Respice
1302 1176 1362 1232 in
1394 1194 1594 1235 servos
1622 1184 1776 1245 tuos,
1809 1184 1865 1237 et

196 1252 257 1311 in
284 1268 478 1325 opera
506 1259 651 1313 tua:
681 1262 735 1313 et
759 1258 946 1329 dirige
976 1261 1135 1319 ﬁlios
1167 1280 1398 1321 eorum.

267 1342 625 1400 Canticum.
666 1347 1013 1404 Benedictus
1043 1365 1105 1405 es
1137 1350 1405 1409 Domine.
1435 1356 1551 1424 fol.
1580 1359 1637 1411 6.

257 1432 494 1487 Lauda.
544 1435 811 1491 Laudate
842 1438 1162 1495 Dominum
1184 1441 1241 1495 in
1281 1444 1500 1498 sanctis
1532 1445 1661 1514 ejus
1694 1462 1707 1499 :
1736 1444 1860 1501 lau-

189 1518 321 1576 date
350 1535 498 1576 eum
531 1521 599 1577 in
632 1523 1012 1583 ﬁrmamento
1037 1529 1268 1586 virtutis
1298 1532 1446 1602 ejus.
1490 1534 1553 1589 P.
1596 1534 1857 1590 Laudate

190 1608 517 1665 Dominum
530 1653 543 1666 .

500 1718 711 1775 Lectio
744 1720 1179 1792 librijudz'cum
1218 1725 1399 1795 (Cap.
1436 1729 1546 1797 vi).

265 1834 331 1893 Β».
362 1823 487 1879 Deo
524 1826 771 1895 gratias.

268 1932 330 1984 In
358 1929 471 1986 illis
490 1929 709 1987 diebus
733 1948 744 1989 :
766 1935 1048 1992 Fecerunt
1066 1935 1162 1993 filii
1180 1937 1359 1999 Israel
1384 1939 1611 2009 malum
1633 1941 1692 1996 in
1716 1958 1859 1999 con-

207 2023 401 2091 spectu
427 2018 681 2075 Domini
710 2038 721 2078 :
755 2023 858 2096 qui
890 2024 1131 2083 tradidit
1161 2041 1262 2083 eos
1304 2028 1365 2083 in
1413 2045 1598 2085 manu
1629 2032 1861 2088 Madian

200 2111 422 2177 septem
455 2109 664 2176 annis,
692 2114 749 2164 et
777 2114 1051 2191 oppressi
1078 2119 1214 2172 sunt
1232 2115 1402 2172 valde
1443 2117 1520 2172 ab
1552 2118 1655 2175 eis.
1682 2120 1863 2175 Fece-

194 2200 451 2267 runtque
480 2196 605 2252 sibi
625 2202 798 2255 antra
822 2201 1202 2271 etspeluncas
1222 2204 1280 2260 in
1304 2205 1630 2269 montibus,
1653 2212 1709 2262 et
1731 2224 1863 2264 mu-

192 2282 492 2340 nitissima
540 2286 618 2340 ad
647 2290 1109 2360 repugnandum
1142 2292 1293 2348 loco.
1320 2294 1584 2367 Cumque
1612 2296 1860 2353 sevisset

191 2371 386 2439 Israel,
412 2374 791 2449 ascendebat
816 2377 875 2432 in
908 2378 1165 2447 Madian,
1194 2385 1249 2437 et
1270 2381 1530 2451 Amalec,
1554 2387 1609 2438 et
1631 2385 1858 2440 caeteris

188 2458 584 2516 orientalium
618 2463 928 2519 nationum
959 2483 971 2520 :
1008 2468 1242 2540 etapud
1272 2484 1371 2524 eos
1403 2470 1651 2539 figentes
1672 2476 1857 2528 tento-

185 2548 289 2616 ria,
322 2550 479 2605 sicut
493 2556 669 2607 erant
699 2552 758 2607 in
776 2553 850 2608 he
866 2554 987 2609 rbis
1007 2560 1221 2612 cuncta
1240 2558 1561 2613 vastabant
1575 2576 1762 2632 usque
1778 2561 1856 2617 ad

184 2636 493 2695 introitum
529 2640 694 2695 Gazae
730 2658 741 2696 :
770 2642 1036 2715 nihilque
1066 2645 1313 2701 omnino
1346 2647 1423 2702 ad
1468 2647 1653 2704 vitam
1684 2651 1857 2720 perti-

185 2740 334 2781 nens
366 2727 803 2799 relinquebant
834 2730 895 2785 in
927 2731 1127 2799 Israel,
1164 2748 1286 2787 non
1318 2749 1477 2799 oves,
1497 2750 1619 2789 non
1646 2736 1853 2801 boves,

187 2828 308 2868 non
341 2814 576 2870 asinas.
613 2816 723 2887 Ipsi
754 2817 913 2873 enim
937 2824 992 2874 et
1012 2820 1269 2875 universi
1300 2836 1509 2889 greges
1535 2838 1742 2877 eorum
1764 2839 1857 2877 ve-

187 2901 596 2958 niebantcum
615 2905 1041 2977 tabernaculis,
1065 2911 1119 2960 et
1142 2908 1326 2964 instar
1346 2908 1713 2965 locustarum
1729 2910 1858 2965 uni-

188 3004 368 3046 versa
398 2991 809 3063 complebant,
840 2993 1157 3050 innumera
1177 2996 1494 3052 multitudo
1518 2995 1855 3062 hominum,

190 3080 245 3133 et
260 3080 662 3149 camelorum,
685 3070 977 3154 quidquid
1004 3082 1723 3151 tetigerantdevastantes.
1744 3086 1859 3142 Hu-

195 3169 592 3243 miliatusque
611 3175 694 3226 est
710 3171 1074 3243 lsraelvalde
1090 3173 1149 3231 in
1166 3180 1487 3249 conspectu
1502 3176 1753 3253 Madian.
1793 3177 1861 3232 Et

196 3257 483 3315 clamavit
507 3259 585 3315 ad
612 3260 935 3339 Dominum
964 3262 1280 3334 postulans
1315 3264 1603 3329 auxilium
1653 3272 1861 3323 contra

195 3346 574 3403 Madianitas.
593 3349 699 3415 Qui
713 3340 875 3409 misit
896 3351 974 3406 ad
988 3366 1089 3407 eos
1110 3351 1304 3408 virum
1322 3353 1693 3426 prophetam,
1710 3359 1764 3410 et
1778 3355 1859 3412 lo-

194 3439 370 3491 cutus
392 3441 483 3492 est
506 3454 518 3493 :
549 3440 678 3494 Haec
699 3437 837 3493 dicit
858 3440 1147 3495 Dominus
1167 3441 1322 3496 Deus
1345 3441 1524 3498 Israel
1548 3460 1558 3497 :
1587 3442 1734 3514 Ergo
1750 3460 1858 3499 vos

191 3521 305 3577 feci
327 3525 735 3583 conscendere
758 3527 831 3582 de
852 3526 1139 3600 z’Egypto,
1166 3533 1221 3584 et
1244 3530 1420 3585 eduxi
1441 3531 1515 3585 de
1537 3531 1719 3587 domo
1741 3547 1862 3588 ser-

191 3610 453 3682 virtutis,
468 3618 525 3669 et
540 3613 867 3670 liberavide
886 3632 1066 3671 manu
1096 3619 1515 3691 Egyptiorum,
1536 3620 1859 3678 etomnium

188 3699 604 3767 inimicorum,
627 3704 729 3775 qui
748 3702 1095 3773 affligebant
1111 3707 1514 3781 voszejecique
1546 3724 1647 3763 eos
1668 3709 1746 3766 ad
1772 3710 1859 3765 in-

190 3789 443 3843 troitum
465 3794 750 3854 vestrum,
780 3796 835 3845 et
862 3792 1076 3846 tradidi
1100 3793 1272 3846 vobis
1298 3799 1516 3849 terram
1544 3812 1770 3851 eorum.
1796 3797 1862 3852 Et

188 3875 362 3931 dixi:
381 3877 535 3943 Ergo
552 3876 839 3931 Dominus
858 3879 1015 3932 Deus
1044 3883 1252 3943 vester,
1275 3896 1349 3935 ne
1373 3881 1624 3938 timeatis
1642 3888 1859 3939 terram

190 3960 707 4026 Amorrheeorum,
728 3963 788 4016 in
806 3978 1064 4035 quorum
1090 3970 1245 4021 terra
1263 3966 1562 4021 habitatis.
1583 3971 1646 4024 Et
1670 3970 1860 4024 nolui-

191 4047 306 4101 stis
333 4050 543 4105 audire
566 4066 774 4106 vocem
800 4068 1019 4107 meam.
1045 4053 1213 4107 Venit
1243 4059 1444 4109 autem
1472 4056 1731 4125 Angelus
1756 4059 1862 4112 Do-

187 4136 361 4206 mini,
394 4138 539 4194 sedit
562 4138 675 4194 sub
692 4155 939 4211 quercu,
963 4156 1099 4211 quae
1120 4146 1245 4196 erat
1264 4142 1321 4199 in
1346 4142 1584 4217 Eplirai,
1616 4148 1670 4199 et
1696 4144 1862 4217 perti-

187 4225 379 4280 nebat
402 4226 478 4281 ad
500 4227 637 4281 Joas
660 4231 891 4298 patrem
912 4227 1144 4287 familim
1166 4230 1308 4285 Ezri.
1333 4222 1608 4302 Aumque
1629 4233 1858 4288 Gedeon

187 4312 350 4368 ﬁlius
367 4315 498 4384 ejus
514 4320 811 4372 excuteret
827 4324 1005 4389 atque
1028 4323 1311 4391 purgaret
1342 4319 1649 4393 frumenta
1666 4322 1726 4377 in
1744 4326 1859 4377 tor-

189 4402 397 4468 culari,
419 4408 483 4458 ut
501 4403 727 4474 fugeret
742 4400 973 4485 Madian
991 4406 1268 4479 apparuit
1292 4408 1345 4463 ei
1381 4408 1662 4479 Angelus,
1679 4413 1734 4463 et
1747 4411 1854 4466 ait:

189 4488 486 4546 Dominus
527 4495 742 4557 tecum,
776 4472 1444 4573 virorum‘fortissime.
1505 4497 1774 4572 Dixitque
1805 4500 1856 4555 ei
1892 4463 1934 4537 ρ

192 4575 1039 4649 Gedeon:Obsecro,Domine,
1068 4576 1447 4667 sinobiscum
1464 4585 1857 4643 estDominus

192 4679 295 4721 cur
312 4668 837 4747 adprehenderunt
859 4686 968 4725 nos
990 4662 1119 4727 haec
1139 4658 1511 4741 omnia‘?'ubi
1532 4675 1859 4734 suntmira-

191 4754 316 4811 rilia
330 4758 381 4828 ej
395 4774 485 4825 us,
501 4774 636 4831 quea
652 4765 1045 4835 narraverunt
1063 4765 1265 4831 patres
1282 4761 1491 4826 nostri,
1509 4767 1687 4834 atque
1704 4756 1859 4819 dixe-

190 4848 323 4899 runt
349 4862 359 4898 :
392 4847 468 4900 De
511 4848 764 4920 Egypto
782 4847 1112 4903 eduxitnos
1140 4848 1417 4903 Dominus
1445 4848 1473 4903 ?
1492 4852 1647 4905 Nunc
1666 4855 1855 4907 autem

193 4928 504 5021 dereliquit
534 4950 668 5001 nos,
702 4939 759 4991 et
798 4934 1035 4991 tradidit
1068 4935 1128 4990 in
1159 4937 1443 4991 manibus
1470 4936 1700 4993 Madian
1734 4941 1855 4995 Bei~

190 5022 473 5094 pexitque
498 5021 576 5077 ad
600 5039 739 5079 eum
766 5024 1078 5089 Dominus,
1111 5024 1193 5101 ait
1230 5044 1241 5082 :
1271 5024 1427 5079 Vade
1454 5024 1515 5080 in
1554 5025 1669 5081 hac
1700 5025 1855 5083 forti-

189 5108 390 5166 tudine
413 5116 537 5172 tua,
556 5116 613 5166 et
632 5110 916 5167 liberabis
942 5111 1127 5168 Israel
1144 5114 1214 5167 de
1238 5129 1423 5169 manu
1445 5114 1678 5170 Madian
1704 5128 1716 5169 :
1743 5114 1855 5170 sci-

188 5196 242 5251 to
265 5199 436 5271 quod
456 5199 728 5255 miserim
761 5204 834 5255 te.
870 5199 986 5264 Qui
1009 5200 1384 5272 respondens
1409 5200 1488 5256 ait
1522 5219 1534 5259 :
1570 5200 1849 5268 Obsecro,

185 5283 451 5354 Domine,
479 5287 537 5343 in
571 5304 691 5360 quo
724 5280 996 5344 liberabo
1052 5288 1229 5343 lsrael
1259 5303 1394 5343 ecce
1440 5288 1669 5345 familia
1718 5306 1853 5347 mea

182 5368 411 5432 inﬁrma
422 5375 581 5432 estin
596 5379 1071 5447 Manasse,etego
1087 5392 1187 5432 ero
1200 5376 1473 5432 minimus
1488 5377 1547 5432 in
1561 5378 1736 5434 domo
1749 5393 1853 5451 pa_

181 5460 277 5516 tris
297 5464 438 5520 mei.
464 5463 734 5537 Dixitque
756 5463 835 5519 ad
856 5479 995 5521 eum
1014 5464 1308 5520 Dominus
1334 5484 1345 5523 :
1368 5466 1490 5535 Ego
1506 5479 1607 5521 ero
1628 5470 1848 5529 tecum;

181 5550 234 5603 et
255 5550 556 5621 percuties
588 5540 825 5609 Madian
854 5552 1026 5623 quasi
1083 5566 1273 5608 unum
1309 5551 1531 5639 virum.
1699 5551 1796 5639 ille
1832 5572 1845 5610 :

1973 516 2139 588 quod
2162 524 2223 573 tu
2241 521 2318 575 sis
2345 523 2449 593 qui
2465 524 2727 595 loquaris
2749 522 2826 580 ad
2848 540 2961 579 me.
2978 527 3054 579 Ne
3066 516 3308 583 recedas
3332 516 3622 597 hinc,do-

1973 620 2081 660 nec
2106 612 2367 664 revertar
2396 610 2475 665 ad
2496 616 2572 678 te,
2606 616 2851 684 portans
2886 612 3260 679 sacriﬁcium,
3293 619 3347 670 et
3369 617 3623 683 offerens

1973 694 2101 749 tibi.
2145 697 2254 759 Qui
2305 699 2610 769 respondit
2664 719 2675 757 :
2712 703 2830 768 Ego
2869 700 3255 771 praestolabor
3301 703 3619 762 adventum

1976 784 2495 854 tuum.lngressus
2519 793 2603 843 est
2626 788 2826 862 itaque
2850 789 3090 844 Gedeon
3115 794 3171 844 et
3200 790 3357 846 coxit
3382 792 3624 863 haedum

1976 875 2031 927 et
2046 874 2118 927 de
2140 872 2340 930 farinae
2358 877 2552 933 modio
2567 894 2799 949 azymos
2822 894 3005 950 panes
3031 896 3041 934 :
3063 895 3384 952 carnesque
3400 896 3624 953 ponens

1975 960 2036 1015 in
2060 962 2339 1030 canistro,
2373 970 2429 1021 et
2454 966 2555 1036 jus
2588 968 2859 1022 carnium
2890 968 3126 1023 mittens
3158 968 3218 1023 in
3246 967 3449 1034 ollam,
3498 969 3626 1025 tulit

1974 1051 2177 1106 omnia
2206 1052 2319 1107 sub
2337 1070 2625 1126 quercum
2652 1060 2708 1111 et
2731 1055 2941 1112 obtulit
2959 1056 3028 1111 ei.
3063 1056 3167 1112 Cui
3196 1055 3341 1129 dixit
3365 1056 3625 1129 Angelus

1974 1137 2209 1194 Domini
2239 1142 2427 1197 :Tolle
2454 1159 2639 1215 panes
2670 1160 2911 1215 azymos
2937 1148 2993 1199 et
3022 1159 3231 1199 carnes
3257 1150 3312 1200 et
3333 1160 3489 1217 pone
3526 1161 3627 1199 su-

1972 1240 2079 1296 per
2108 1232 2335 1300 petram
2365 1230 2544 1293 illam,
2582 1236 2637 1287 et
2662 1232 2762 1301 jus
2814 1232 3072 1304 desuper
3100 1232 3306 1287 funde.
3357 1233 3624 1305 Cumque

1970 1313 2323 1379 fecissetita,
2366 1319 2625 1373 extendit
2653 1319 2911 1388 Angelus
2942 1319 3174 1375 Domini
3215 1320 3623 1376 summitatem

1967 1402 2168 1473 virgae,
2203 1421 2389 1476 quam
2421 1407 2657 1462 tenebat
2685 1408 2745 1461 in
2772 1424 2976 1473 manu,
3007 1413 3060 1463 et
3119 1408 3306 1477 tetigit
3335 1423 3544 1463 carnes
3568 1412 3626 1473 et

1968 1506 2212 1561 azymos
2240 1510 2425 1563 panes
2460 1514 2470 1553 :
2503 1495 2890 1566 ascenditque
2923 1496 3076 1563 ignis
3097 1496 3169 1550 de
3202 1500 3452 1568 petra,et
3481 1511 3622 1551 con-

1969 1582 2223 1651 sumpsit
2250 1598 2263 1635 :
2291 1582 2549 1651 Angelus
2577 1588 2776 1638 autem
2806 1586 3039 1639 Domini
3070 1588 3309 1641 evanuit
3340 1601 3413 1640 ex
3434 1585 3623 1653 oculis

1970 1668 2020 1738 ej
2032 1685 2117 1723 us.
2135 1668 2471 1740 Vidensque
2487 1671 2727 1725 Gedeon
2742 1672 2905 1744 quod
2923 1678 3074 1727 esset
3088 1672 3347 1741 Angelus
3367 1673 3617 1729 Domini.

1883 1772 1931 1837 Β
1971 1756 2089 1811 ait:
2124 1760 2246 1812 Heu
2266 1759 2510 1812 Domine
2538 1760 2693 1812 Deus
2724 1777 2735 1813 :
2767 1760 2910 1831 quia
2926 1760 3043 1814 vidi
3068 1761 3360 1831 Angelum
3385 1759 3622 1831 Domini

1926 1844 1927 1859 ³
1969 1843 2117 1900 facie
2145 1844 2221 1900 ad
2250 1844 2484 1900 faciem.
2520 1846 2793 1918 Dixitque
2810 1848 2863 1901 ei
2894 1848 3215 1902 Dominus:
3249 1848 3365 1904 Pax
3395 1852 3617 1918 tecum:

1968 1948 2044 1988 ne
2092 1933 2319 1993 timeas,
2366 1949 2487 1988 non
2528 1935 2817 1991 morieris.
2860 1935 3187 1990 {Ediﬁcavit
3225 1951 3365 2004 ergo
3393 1934 3476 1991 ibi
3518 1938 3623 1989 Ge-

1970 2020 2125 2076 deon
2144 2022 2327 2077 altare
2352 2023 2622 2092 Domino,
2650 2024 3005 2093 vocavitque
3032 2023 3198 2088 illud,
3225 2022 3459 2079 Domini
3480 2038 3619 2096 pax:

1969 2126 2160 2183 usque
2191 2111 2248 2165 in
2275 2116 2629 2182 praesentem
2652 2112 2829 2166 diem.
2857 2124 2917 2183 [tu
2950 2116 3155 2166 Amen.

2038 2200 2326 2270 Hymnus.
2364 2202 2422 2253 In
2454 2200 2746 2254 Matutinis
2778 2200 3101 2270 surgimus.
3141 2201 3252 2270 fol.
3285 2201 3405 2273 103.

2043 2288 2350 2355 Capitula.
2384 2288 2465 2341 Sit
2494 2288 2777 2359 splendor
2814 2292 2975 2343 tuus.
3006 2290 3117 2357 fol.
3152 2294 3274 2344 2H.

2036 2376 2269 2431 Lauda.
2291 2376 2592 2441 Quomodo
2611 2376 2786 2431 dilexi
2817 2376 2999 2448 legem
3017 2382 3187 2440 tuam,
3207 2376 3617 2434 Domine?Tota

1966 2463 2061 2518 die
2081 2464 2389 2520 meditatio
2415 2480 2548 2519 mea
2566 2470 2673 2520 est.
2707 2465 2767 2523 ιν.
2801 2466 2984 2536 Super
3004 2466 3276 2521 inimicos
3300 2482 3463 2522 meos
3485 2482 3623 2539 pru-

1966 2552 2206 2608 dentem
2235 2569 2327 2608 me
2358 2553 2550 2608 fecisti
2576 2554 2864 2611 mandato
2896 2557 2996 2609 tuo
3026 2571 3037 2610 :
3074 2555 3215 2625 quia
3242 2555 3303 2611 in
3333 2560 3621 2612 aeternum

1965 2643 2113 2697 mihi
2157 2648 2269 2697 est.

2040 2730 2265 2783 Oratio.
2301 2731 2385 2783 Da
2432 2729 2630 2793 nobis,
2689 2730 2957 2798 Domine,
3016 2727 3097 2784 sic
3150 2730 3392 2799 diligere
3427 2730 3621 2799 legem

1966 2821 2130 2872 tuam
2151 2834 2164 2882 ;
2184 2821 2246 2871 ut
2263 2818 2995 2887 eamjugitermeditemur
3018 2816 3077 2871 in
3093 2816 3291 2883 corde,
3309 2822 3620 2891 etaccepto

1965 2904 2070 2960 tibi
2102 2904 2484 2977 perﬁciamur
2512 2905 2571 2958 in
2614 2920 2792 2977 opere
2820 2922 2833 2959 :
2859 2915 2923 2973 Βε.
2950 2904 3156 2969 Amen.

1968 2993 2076 3048 Per
2119 2991 2609 3048 misericordiam.

2614 3118 2714 3174 Ad
2735 3118 3015 3175 Tertiam.

2287 3240 2598 3311 Sapientia
2629 3242 2965 3297 Salomonis
2995 3241 3167 3313 (Cap.
3200 3239 3362 3309 xvii).

2038 3346 2099 3405 Ψ.
2132 3346 2251 3401 Deo
2289 3348 2527 3416 gratias.

2040 3434 2158 3505 Fili,
2186 3451 2408 3505 magna
2438 3439 2571 3491 sunt
2592 3435 2815 3506 judicia
2842 3436 3077 3491 Domini
3107 3439 3180 3500 et,
3198 3431 3619 3491 inenarrabilia

1968 3538 2152 3597 opera
2191 3524 2319 3593 ejus
2353 3541 2363 3578 :
2394 3528 2450 3579 et
2482 3512 2715 3596 pr0pter
2744 3524 2857 3579 hoc
2895 3523 3352 3596 indisciplinatze
3402 3521 3617 3577 animus

1968 3616 2321 3667 erraverunt.
2355 3612 2497 3667 Dum
2516 3614 2661 3667 enim
2690 3628 3022 3682 persuasum
3050 3610 3619 3685 habentiuiquipos-

1968 3716 2031 3755 se
2048 3701 2343 3756 dominari
2364 3702 2589 3773 nationi
2613 3706 2862 3757 sanctae:
2884 3701 3136 3781 vinculis
3159 3700 3546 3755 tenebrarum
3565 3702 3619 3752 et

1968 3790 2163 3858 longe;
2194 3790 2387 3845 noctis
2418 3791 2759 3862 compediti,
2793 3791 3005 3846 inclusi
3034 3790 3145 3845 sub
3168 3790 3355 3853 tectis,
3388 3786 3620 3856 fugitivi

1970 3882 2272 3949 perpetuae
2294 3878 3031 3949 providentimjacuerunt.
3056 3879 3121 3931 Et
3146 3877 3294 3931 dum
3316 3880 3528 3948 putant
3558 3890 3619 3929 se

1968 3963 2147 4020 latere
2166 3964 2225 4018 in
2247 3966 2516 4019 obscuris
2542 3967 2819 4037 peccatis,
2852 3966 3161 4019 tenebroso
3183 3965 3497 4019 oblivionis
3523 3978 3617 4017 ve-

1968 4052 2234 4107 lamento
2255 4052 2506 4123 dispersi
2528 4058 2682 4121 sunt,
2718 4057 3001 4122 paventes
3026 4053 3195 4125 237
3224 4052 3539 4123 horrende,
3565 4055 3621 4105 et

1970 4154 2107 4194 cum
2127 4139 2519 4194 admiratione
2537 4140 2723 4194 nimia
2734 4140 3282 4209 perturbatLNeque
3306 4140 3464 4192 enim
3484 4154 3618 4209 quas

1970 4227 2317 4282 continebat
2344 4227 2474 4282 illos
2500 4227 2801 4299 spelunca,
2840 4227 2961 4281 sine
3005 4227 3216 4281 timore
3250 4225 3620 4282 custodiebat

1969 4332 2068 4371 eos
2104 4333 2115 4369 ε
2149 4332 2285 4370 cum
2314 4315 2540 4370 sonitus
2575 4315 2948 4370 descendens
2978 4314 3369 4388 perturbabat
3386 4314 3535 4382 illos,
3563 4318 3618 4370 et

1969 4421 2233 4478 personae
2253 4406 2439 4461 tristes
2456 4409 2801 4476 apparentes
2817 4422 3089 4477 pavorem
3104 4404 3215 4459 illis
3230 4404 3613 4477 praestabant-

1970 4497 2035 4549 Et
2056 4494 2206 4563 ignis
2233 4493 2477 4565 quidem
2505 4493 2736 4548 nullum
2758 4498 2987 4565 poterat
3011 4494 3086 4548 illi
3110 4494 3314 4548 lumen
3345 4493 3612 4565 prebere,

1966 4599 2077 4638 nec
2107 4582 2364 4637 siderum
2386 4582 2647 4654 limpidm
2671 4582 2931 4637 ﬂammae
2959 4583 3315 4637 inluminare
3344 4585 3617 4654 poterant

1964 4671 2131 4726 illam
2146 4676 2380 4727 noctem
2398 4671 2754 4727 horrendam
2767 4713 2780 4727 .
2804 4672 3145 4743 Apparebat
3167 4676 3367 4725 autem
3393 4668 3505 4723 illis
3523 4685 3616 4722 su-

1964 4759 2242 4814 bitaneus
2274 4759 2453 4829 ignis,
2487 4760 2697 4813 timore
2729 4759 2940 4829 plenus
2976 4778 2986 4813 :
3026 4766 3080 4812 et
3115 4759 3319 4814 timore
3358 4756 3613 4829 perculsi

1965 4845 2145 4913 illius,
2171 4862 2308 4918 quae
2339 4862 2459 4901 non
2488 4846 2817 4909 videbatur,
2854 4845 3435 4909 faciei,zestiniabant
3460 4844 3616 4899 dete-

1962 4935 2121 4990 riora
2150 4950 2276 4989 esse
2292 4948 2426 5007 qua:
2448 4926 3164 5006 videbanturzetmagicze
3192 4935 3331 4989 artis
3357 4933 3609 5007 appositi

1963 5028 2130 5077 erant
2158 5022 2412 5086 derisus,
2456 5026 2510 5075 et
2563 5020 2863 5093 sapientia:
2896 5021 3095 5092 gloria-3
3153 5023 3443 5094 correptio
3474 5036 3613 5077 cum

1961 5110 2339 5165 contumelia.
2364 5110 2510 5166 Solis
2529 5114 2725 5165 autem
2742 5110 2849 5165 illis
2868 5113 3243 5191 superposita
3257 5115 3381 5167 erat
3413 5110 3610 5180 gravis

1959 5214 2100 5263 nox,
2118 5200 2319 5267 imago
2334 5199 2874 5272 tenebrarum,quze
2893 5206 3323 5272 superventura
3338 5200 3450 5258 illis
3464 5203 3608 5260 erat,

1959 5288 2077 5358 Ipsi
2102 5304 2242 5356 ergo
2274 5287 2387 5341 sibi
2418 5294 2583 5343 erant
2606 5289 2903 5358 graviores
2932 5290 3187 5344 tenebrae
3219 5307 3231 5354 ;
3262 5286 3479 5343 sanctis
3508 5301 3606 5341 au-

1959 5380 2077 5432 tem
2104 5377 2217 5431 tuis
2236 5392 2459 5448 magna
2488 5382 2612 5433 erat
2641 5378 2754 5433 lux.
2792 5388 2852 5445 ἢν.
2882 5380 3090 5433 Amen.

2240 5466 2440 5521 Lectio
2474 5466 2613 5521 libri
2639 5466 2967 5523 Jerusalem
2994 5467 3159 5537 (Cap.
3195 5465 3303 5535 vr).

2028 5564 2090 5623 no.
2127 5553 2241 5609 Deo
2272 5554 2510 5624 gratias.
