4192 6438
194 326 291 392 417

1340 315 1694 385 DOMINICA
1732 321 1808 381 III
1851 316 2466 393 QUADRAGESIMzE.

3479 338 3587 402 418

262 454 605 525 Antiphona
627 456 681 508 2.
701 450 965 510 Exultate
983 452 1102 510 Deo
1120 452 1378 526 adjutori
1398 456 1601 511 nostro
1634 468 1645 507 :
1671 448 1825 523 jubi—
1860 434 1908 506 Α
1931 448 2465 526 justiﬁcationibus
2486 458 2701 515 nostris
2730 460 3159 533 prosternimus
3186 480 3393 538 preces
3447 471 3585 526 ante

196 549 305 603 late
334 546 451 599 Deo
479 540 681 597 Jacob.
709 541 986 598 Psatmus
1017 549 1183 598 Lxxx.

263 634 486 689 Oratio.
514 629 971 687 Exultemustibi
995 631 1263 696 Domine,
1286 646 1468 704 quem
1490 630 1825 702 adjutorem

199 726 455 778 nostrum
488 719 928 788 cognoscimus,
961 725 1018 775 et
1056 720 1312 776 fatemur
1340 737 1352 775 :
1381 724 1623 792 propter
1660 717 1826 791 quod

199 811 361 867 etiam
388 807 488 863 tibi
511 806 780 879 jubilain
801 806 1108 863 desideriis
1127 807 1444 879 sumimus,
1468 808 1530 863 in
1556 807 1827 863 doctrina

199 895 569 972 psalmum,in
584 895 1035 952 mortiﬁcatione
1048 896 1354 952 reddimus
1368 900 1725 968 tympanum
1741 914 1758 949 ε
1773 898 1827 950 te

198 987 339 1042 enim
354 982 657 1040 laudando
671 983 817 1040 festa
829 985 1537 1057 peragimus,tuorumque
1555 982 1826 1040 recorda-

198 1075 339 1130 tione
355 1071 692 1128 mirabilium
702 1072 1110 1143 jocundamur
1130 1090 1140 1127 :
1159 1072 1637 1145 Concedeitaque
1650 1071 1825 1128 nobis

199 1162 445 1233 Domine,
477 1165 539 1216 ut
559 1160 663 1233 qui
696 1166 795 1217 tua
826 1161 1140 1217 recolimus
1171 1162 1482 1233 beneﬁcia,
1515 1166 1617 1218 tua
1642 1161 1824 1233 perci-

196 1250 417 1323 piamus
445 1254 501 1305 et
540 1249 806 1321 praemia.
835 1260 903 1319 ἢ.
933 1251 1139 1306 Amen.

261 1338 361 1393 Per
388 1337 877 1393 misericordiam.

256 1427 599 1496 Antiphona
613 1430 664 1483 3.
682 1428 864 1496 Surge
880 1427 1050 1493 Deus,
1055 1426 1075 1499 j
1087 1426 1260 1484 udica
1273 1430 1488 1483 terram
1504 1426 1825 1500 :quonlam

197 1521 249 1571 tu
273 1514 600 1571 dominaris
624 1515 683 1570 in
710 1514 991 1570 omnibus
1013 1516 1306 1587 gentibus.
1337 1517 1611 1573 Psalmus
1631 1531 1821 1572 Lxxx1.

258 1617 314 1675 [γ.
344 1604 648 1675 Numquid
677 1603 737 1659 in
769 1609 1056 1660 aeternum
1080 1605 1320 1676 repellet
1347 1606 1519 1671 Deus,
1562 1610 1664 1662 aut
1703 1620 1826 1661 non

196 1698 462 1765 apponat,
485 1697 559 1748 ut
584 1691 917 1749 benefaciat
934 1692 1131 1748 adhuc
1152 1709 1165 1759 ;
1195 1699 1296 1749 aut
1320 1694 1379 1749 in
1403 1697 1585 1750 ﬁnem
1606 1694 1829 1749 miseri-

195 1782 441 1837 cordiam
458 1798 628 1837 suam
644 1780 910 1837 abscidet
924 1781 1025 1837 ?P.
1044 1783 1379 1854 Aprogenie
1394 1784 1452 1838 in
1465 1782 1824 1855 progeniem.
1866 1794 1912 1850 Β

194 1871 293 1927 Aut
334 1869 633 1942 numquid
665 1868 1045 1926 obliviscetur
1072 1869 1338 1926 misereri
1364 1870 1645 1932 DeusH’.
1680 1874 1827 1928 Con-
1902 1918 1906 1920 .

196 1964 336 2015 verte
355 1975 461 2015 nos
486 1962 647 2014 Deus
684 1958 960 2014 salutaris
990 1963 1193 2015 noster
1224 1976 1237 2013 :
1263 1965 1317 2015 et
1346 1975 1421 2015 ne
1450 1960 1510 2015 in
1540 1964 1831 2016 aeternum

200 2048 447 2104 irascaris
461 2047 664 2113 nobis,
681 2062 875 2119 neque
888 2047 1353 2104 extendasiram.
1368 2048 1445 2103 P.
1468 2048 1512 2102 A
1526 2048 1828 2121 progenie.

200 2136 250 2194 Ψ.
279 2136 483 2200 Gloria,
519 2140 631 2192 etc.
671 2136 1000 2192 Reiteretur
1019 2147 1082 2206 ἣν.

257 2225 467 2282 Preces.
500 2224 748 2296 Respice
765 2223 1078 2296 placabilis
1102 2223 1348 2281 Domine
1371 2224 1635 2282 salvator
1646 2225 1836 2283 omni-

196 2317 408 2384 potens.
442 2314 513 2367 P.
552 2312 835 2377 Miserere,
872 2316 928 2368 et
955 2311 1173 2368 exaudi
1202 2326 1334 2368 nos.
1363 2312 1427 2373 γ.
1468 2313 1733 2369 Extensis
1758 2312 1837 2370 ad

198 2406 243 2456 te
268 2401 572 2468 manibus,
600 2400 771 2457 Pater
784 2416 1038 2467 summe,
1058 2399 1439 2470 confugimus
1464 2420 1475 2460 :
1497 2405 1838 2458 convertere

195 2490 265 2545 ad
293 2508 398 2546 nos
425 2491 603 2563 pium
626 2488 923 2546 intuitum.
954 2489 1021 2544 P.
1053 2488 1337 2546 Miserere.
1365 2489 1427 2550 ἵν.
1456 2489 1705 2547 Eﬁ‘unde
1735 2507 1839 2547 su—

197 2595 289 2652 per
318 2580 540 2635 faciem
579 2582 746 2634 terrea
786 2577 1190 2649 largissimam
1216 2578 1503 2650 pluviam,
1537 2583 1593 2636 et
1621 2584 1841 2651 praasta

195 2670 431 2736 cunctis,
476 2683 619 2740 quae
650 2666 972 2739 postulant.
1017 2668 1077 2721 P.
1119 2668 1405 2723 Miserere.
1446 2666 1508 2727 ἲν.
1551 2670 1840 2725 Memento

194 2759 367 2814 nostri
386 2756 643 2814 Domine
662 2756 995 2821 miserator,
1025 2758 1081 2811 et
1104 2756 1334 2827 patiens
1355 2756 1487 2828 :qui
1508 2760 1641 2813 ante
1659 2772 1844 2812 sescu-

190 2844 244 2901 la
264 2847 409 2902 vivis
442 2844 729 2918 perennis
747 2842 891 2901 Rex.
921 2844 985 2897 Ρ.
1017 2843 1301 2900 Miserere.
1334 2842 1398 2902 ir.
1431 2843 1682 2899 Peccata
1719 2859 1843 2916 pae-

188 2933 511 2991 nitentibus
540 2936 603 2989 tu
623 2931 892 3002 ignosce,
912 2934 971 2987 et
986 2930 1187 2987 debita
1202 2930 1431 2987 dimitte
1452 2950 1471 2987 :
1490 2930 1619 3003 jam
1639 2935 1842 2990 nostra

187 3022 424 3094 indulge
456 3021 730 3078 crimina.
759 3021 823 3075 P.
854 3019 1140 3075 Miserere.

252 3112 551 3183 Hymnus.
595 3113 637 3166 O
672 3110 987 3165 Nazarene.
1021 3110 1134 3178 fol.
1161 3112 1287 3165 144.

256 3202 480 3257 Oratio.
520 3202 748 3268 Exurge
780 3197 1050 3263 Domine,
1080 3197 1181 3269 qui
1209 3196 1447 3267 judicas
1497 3200 1711 3254 terram
1747 3216 1759 3255 :
1787 3204 1843 3256 et

192 3290 289 3360 qui
314 3288 501 3345 ﬁdem
540 3286 811 3342 omnium
826 3285 1095 3357 gentium
1117 3285 1251 3357 pius
1281 3300 1591 3357 possessor
1609 3286 1842 3344 inhabi-

195 3383 298 3445 tas,
334 3395 409 3433 ne
437 3375 681 3449 patiaris
712 3390 822 3431 nos
854 3374 914 3429 in
955 3373 1212 3430 tenebris
1241 3389 1585 3443 remanere;
1617 3374 1723 3430 sed
1750 3375 1845 3433 fac

193 3483 302 3523 nos
326 3467 531 3521 lumen
565 3469 679 3520 tuae
706 3463 968 3520 veritatis
1006 3462 1270 3536 aspicere
1306 3479 1317 3518 :
1347 3467 1412 3518 ut
1454 3461 1847 3522 fundamenta

194 3554 330 3611 ﬁdei
344 3559 567 3611 nostrae
580 3568 701 3610 non
717 3568 897 3625 super
912 3566 1179 3618 arenam,
1199 3567 1379 3624 quam
1395 3550 1569 3607 turbo
1585 3550 1845 3623 dejiciat,

192 3642 565 3700 aediﬁcamus
592 3657 605 3708 ;
628 3641 733 3697 sed
756 3656 941 3713 supra
960 3644 1213 3712 petram,
1228 3639 1401 3712 cujus
1424 3643 1485 3696 tu
1510 3655 1572 3695 es
1595 3640 1849 3698 ﬁrmitas

191 3732 604 3789 conlocemur.

265 3822 445 3876 Pater
482 3823 699 3875 noster.

833 3904 918 3959 Ad
936 3903 1198 3960 Sextum.

336 3995 539 4051 Lectio
568 3994 713 4050 libri
744 3992 1007 4050 Danielis
1042 3991 1363 4062 Prophetas
1393 3990 1561 4060 (Cap.
1594 3993 1697 4064 rx).

263 4096 329 4154 3;.
380 4083 504 4139 Deo
531 4082 772 4153 gratias.

258 4174 479 4228 Justus
501 4171 791 4227 Dominus
812 4170 968 4225 Deus
983 4167 1255 4225 nosterin
1272 4166 1555 4224 omnibus
1576 4167 1858 4241 operibus

187 4262 343 4332 suis,
364 4275 506 4333 quae
526 4259 663 4317 fecit
685 4277 698 4313 :
723 4274 846 4315 non
860 4256 1020 4314 enim
1039 4254 1373 4313 audivimus
1397 4271 1605 4313 vocem
1619 4257 1767 4329 ejus.
1795 4260 1860 4315 Et

192 4367 361 4411 nunc
376 4349 620 4407 Domine
633 4349 789 4404 Deus
805 4350 1024 4413 noster,
1039 4346 1136 4418 qui
1149 4345 1400 4402 eduxisti
1413 4346 1684 4418 populum
1700 4351 1859 4403 tuum

193 4442 271 4499 de
291 4445 453 4497 terra
470 4437 706 4510 Egypti
723 4437 783 4493 in
801 4451 987 4493 manu
1010 4433 1217 4506 Moysi,
1236 4439 1294 4490 et
1307 4433 1495 4490 fecisti
1516 4434 1616 4491 tibi
1639 4451 1859 4492 nomen

198 4527 534 4588 secundum
548 4526 707 4583 diem
722 4526 877 4582 hanc
893 4521 1666 4596 :peccavimus,iniquitates
1683 4525 1860 4597 239

198 4614 717 4681 fecimus,Domine
733 4614 793 4670 in
814 4628 1040 4670 omnem
1050 4610 1331 4683 justitiam
1354 4614 1509 4667 tuam
1534 4628 1547 4667 :
1567 4617 1864 4670 avertatur

199 4709 461 4765 obsecro
504 4705 594 4761 ira
624 4709 743 4767 tua,
776 4708 834 4761 et
862 4703 1027 4759 furor
1050 4706 1192 4758 tuus
1238 4705 1274 4757 ὁ.
1303 4700 1533 4757 civitate
1578 4705 1696 4769 tua,
1741 4703 1865 4760 Hie-

200 4796 498 4861 rusalem,
535 4798 589 4851 et
617 4810 653 4850 a
676 4798 882 4850 monte
918 4796 1123 4849 sancto
1150 4796 1270 4848 tuo.
1321 4793 1563 4863 Propter
1616 4797 1865 4864 peccata

200 4887 365 4943 enim
396 4888 621 4947 nostra,
643 4886 699 4939 et
719 4880 1065 4954 iniquitates
1086 4884 1325 4953 patrum
1347 4884 1713 4948 nostrorum,
1740 4881 1865 4937 Hie-

198 4975 461 5032 rusalem
474 4977 530 5029 et
544 4970 794 5044 populus
816 4974 953 5027 tuus
966 4969 1025 5025 in
1052 4969 1428 5040 obprobrium
1442 4969 1863 5027 suntomnibus

202 5080 307 5136 per
326 5060 650 5120 circuitum
673 5062 964 5115 nostrum.
995 5061 1159 5114 Nunc
1182 5060 1378 5113 autem
1402 5058 1691 5114 Dominus
1708 5059 1863 5115 Deus

200 5156 409 5210 noster
427 5148 647 5207 exaudi
661 5147 993 5205 orationem
1013 5145 1166 5202 servi
1186 5145 1285 5211 tui,
1311 5150 1365 5201 et
1385 5161 1590 5218 preces
1615 5147 1745 5218 ejus
1771 5165 1784 5203 :
1808 5150 1865 5204 et

200 5240 457 5298 ostende
482 5237 688 5295 faciem
704 5241 861 5293 tuam
878 5235 1468 5307 supersanctuarium
1490 5239 1674 5306 tuum,
1698 5234 1864 5309 quod

198 5330 513 5386 desertum
528 5331 866 5399 estpropter
879 5324 1273 5396 temetipsum.
1288 5323 1512 5381 Inclina
1530 5327 1683 5381 Deus
1699 5340 1863 5381 meus

201 5433 419 5475 aurem
439 5422 625 5482 tuam,
653 5421 709 5472 et
737 5412 950 5471 exaudi
976 5434 990 5469 :
1019 5411 1184 5485 aperi
1213 5412 1417 5470 oculos
1453 5417 1606 5483 tuos,
1634 5418 1691 5470 et
1732 5414 1863 5470 vide

200 5505 645 5564 desolationem
662 5508 954 5569 nostram,
975 5500 1359 5569 etcivitatem,
1380 5516 1558 5572 super
1578 5517 1763 5573 quam
1780 5501 1867 5557 in-

201 5600 496 5654 vocatum
513 5596 601 5651 est
621 5608 845 5651 nomen
871 5594 1147 5650 sanctum
1170 5592 1340 5648 tuum
1362 5610 1375 5645 :
1398 5604 1596 5663 neque
1614 5589 1779 5648 enim
1804 5589 1866 5646 in

1895 4480 1941 4535 D

1936 539 2141 599 faciem
2170 549 2355 612 tuam,
2389 545 2495 603 sed
2516 545 2575 602 in
2598 547 3082 607 miserationibus
3106 553 3219 609 tuis
3246 554 3585 614 multis.Ex-

1936 632 2076 687 audi
2110 634 2624 707 Domine,placare
2653 637 2899 693 Domine
2924 655 2936 693 :
2964 642 3199 697 attende
3228 643 3494 711 Domine,
3528 649 3586 702 et

1934 718 2064 778 fac:
2097 723 2423 778 nemoreris
2460 730 2703 796 propter
2740 726 3127 798 temetipsum
3157 729 3310 784 Deus
3367 746 3534 787 meus
3568 748 3579 785 :

1932 808 2076 879 quia
2104 824 2327 865 nomen
2359 816 2525 867 tuum
2565 811 2910 870 invocatum
2940 820 3027 871 est
3058 831 3236 888 super
3265 817 3583 883 civitatem,

1934 900 2020 952 est
2049 913 2228 968 super
2252 900 2547 971 populum
2571 904 2760 958 tuum.
2788 914 2851 973 Bg.
2879 907 3087 960 Amen.

2005 986 2344 1058 Antiphona
2380 992 2426 1042 1.
2453 991 2606 1045 Deus
2632 990 2767 1062 quis
2819 990 3031 1048 similis
3070 994 3224 1051 tibi?
3263 1010 3333 1050 ne
3364 998 3585 1062 taceas,

1932 1086 2128 1147 neque
2158 1076 2357 1133 sileas.
2389 1078 2662 1135 Psalmus
2691 1096 2894 1136 Lxxxu.

2004 1164 2228 1221 Oratio.
2258 1168 2504 1235 Exurge,
2558 1183 2632 1223 ne
2666 1172 2890 1238 taceas,
2944 1185 3139 1242 neque
3190 1173 3589 1244 compescaris

1931 1251 2083 1307 Deus
2117 1268 2129 1318 ;
2158 1253 2263 1309 sed
2291 1253 2433 1325 quia
2464 1255 2729 1311 odientes
2750 1261 2825 1322 te,
2859 1258 3193 1316 extulerunt
3223 1265 3407 1332 caput
3433 1275 3446 1325 ;
3479 1260 3589 1317 im-

1931 1340 2025 1411 ple
2044 1339 2224 1396 facies
2255 1357 2463 1397 eorum
2480 1342 2843 1415 ignominia;
2867 1349 2931 1401 ut
2955 1361 3177 1402 nomen
3201 1352 3368 1403 tuum
3387 1348 3592 1418 cogni-

1930 1432 1994 1484 ta
2022 1428 2369 1486 confusione
2386 1431 2731 1503 perquirant
2759 1450 2773 1498 ;
2807 1434 3172 1505 etpopulum
3200 1439 3367 1491 tuum
3399 1435 3588 1501 salva,

1930 1519 1997 1572 ut
2023 1516 2431 1573 testimonium
2484 1523 2599 1574 tua;
2631 1519 2857 1575 virtutis
2895 1520 3255 1591 intelligant:
3296 1527 3419 1579 esto
3458 1539 3590 1595 pro-

1931 1605 2110 1678 pitius
2136 1621 2316 1677 super
2342 1606 2723 1663 hereditatem
2748 1612 2915 1664 tuam
2949 1625 2961 1674 ;
2996 1610 3097 1681 qui
3129 1610 3289 1666 solus
3327 1626 3391 1667 es
3419 1611 3590 1668 Altis—

1939 1694 2130 1750 simus
2160 1709 2339 1765 super
2367 1708 2611 1750 omnem
2640 1702 2879 1750 terram.
2919 1696 2983 1751 P.
3027 1698 3233 1752 Amen.

2038 1785 2143 1839 Per
2172 1782 2661 1838 misericordiam.

2009 1871 2361 1940 Antiphona
2383 1872 2823 1941 2.Cognoscant
2839 1874 3364 1945 gentes,quoniam
3378 1888 3593 1932 nomen

1939 1960 2048 2017 tibi
2078 1960 2361 2016 Dominus
2388 1979 2401 2018 :
2437 1963 2498 2014 tu
2528 1958 2691 2015 solus
2722 1959 3059 2017 Altissimus
3109 1976 3288 2034 super
3352 1978 3595 2019 omnem

1941 2052 2180 2106 terram.
2216 2047 2501 2105 Psalmus
2535 2062 2739 2103 LXXXII.

2013 2137 2237 2194 Oratio.
2273 2137 2649 2204 Cognoscant
2676 2138 2882 2206 gentes
2914 2135 3158 2202 Christe,
3201 2138 3597 2209 quodnomen

1942 2226 2049 2284 tibi
2094 2226 2165 2281 sit
2197 2224 2517 2293 Dominus;
2548 2239 2657 2296 pro
2683 2224 2979 2296 quibusﬂes
2996 2225 3268 2297 patibulo
3289 2227 3478 2282 crucis
3494 2227 3598 2283 ad-

1943 2330 2169 2389 pensus
2198 2331 2211 2369 :
2245 2328 2519 2387 quosque
2549 2313 2791 2384 ignavia
2817 2312 3167 2384 ignorantiae
3198 2313 3381 2383 dedit,
3410 2315 3598 2371 scien-

1947 2406 2026 2463 tia
2052 2403 2321 2461 restituat
2351 2403 2643 2459 conditori
2673 2419 2685 2458 :
2721 2406 2786 2459 ut
2828 2402 2947 2459 ﬁde
2998 2408 3377 2461 convertatur
3432 2420 3602 2462 cons-

1947 2493 2162 2551 cientia
2195 2511 2208 2561 ;
2240 2496 2298 2548 et
2327 2507 2430 2563 spe
2471 2490 2701 2547 laetetur
2726 2490 2787 2547 in
2816 2490 3025 2561 gloria.
3060 2502 3125 2562 ﬁ.
3165 2492 3372 2550 Amen.

2019 2586 2124 2639 Per
2155 2579 2650 2637 misericordiam.

2020 2670 2355 2740 Antiphona
2382 2668 2593 2734 3.Quia
2615 2672 2677 2723 tu
2698 2666 2947 2723 Domine
2969 2668 3171 2725 suavis
3196 2683 3266 2725 ac
3282 2670 3440 2726 mitis
3466 2685 3527 2726 es
3548 2674 3605 2726 et

1948 2759 2204 2817 multum
2227 2757 2560 2813 misericors
2580 2755 2999 2812 invocantibus
3013 2761 3085 2813 te.
3110 2757 3380 2815 Psalmus
3397 2776 3603 2815 Lxxxv.

2020 2859 2084 2918 ἢν.
2111 2849 2238 2902 Non
2265 2843 2617 2900 secundum’
2657 2848 2902 2915 peccata
2964 2848 3168 2901 nostra
3193 2845 3378 2903 facias
3404 2846 3603 2916 nobis,

1950 2940 2105 2993 Deus
2137 2952 2147 2989 :
2178 2949 2373 3006 neque
2398 2932 2733 2988 secundum
2760 2931 3096 3004 iniquitates
3128 2942 3359 2989 nostras
3388 2935 3607 2991 reddas

1949 3023 2142 3081 nobis.
2177 3026 2233 3078 P.
2269 3020 2849 3087 Mcmento,Domine,
2885 3021 3049 3092 quod
3073 3028 3224 3077 terra
3256 3036 3486 3078 sumus.
3527 3023 3597 3079 P.

1882 3140 1923 3197 ο
1953 3114 2109 3170 Sicut
2146 3110 2457 3166 miseretur
2495 3115 2662 3180 pater
2727 3107 2882 3173 ﬁliis,
2934 3108 3012 3164 ita
3062 3108 3342 3166 miserere
3378 3110 3555 3167 nobis
3589 3108 3603 3152 ε

1950 3200 2089 3273 quia
2110 3207 2169 3254 tu
2200 3197 2313 3254 scis
2347 3197 2699 3267 ﬁgmentum
2747 3203 3037 3253 nostrum.
3077 3197 3134 3252 P.
3185 3200 3495 3255 Memento.
3529 3200 3595 3254 P.

1952 3288 2164 3354 Gloria,
2202 3293 2309 3342 etc.
2344 3287 2676 3342 Reiteretur
2708 3296 2771 3355 8;.

2023 3374 2476 3433 Preces.Christe
2497 3373 2837 3445 Redemptor
2868 3372 3002 3444 pius
3020 3373 3361 3446 animarum,
3393 3376 3608 3433 exaudi

1954 3468 2208 3539 gemitus
2238 3463 2670 3519 ﬂentium.P.Et
2698 3461 2996 3518 miserere.
3027 3462 3091 3520 P.
3123 3464 3385 3529 Attende,
3432 3464 3607 3531 Deus,

1957 3552 2279 3609 Ecclesiam
2303 3557 2500 3606 tuam:
2531 3556 2587 3605 et
2607 3549 2831 3605 cunctis
2857 3549 3019 3607 dona
3044 3550 3612 3624 indulgentiam,pro

1957 3641 2172 3714 quibus
2226 3640 2501 3711 pietatem
2551 3637 2946 3710 postulamus.
2990 3638 3053 3693 P.
3087 3642 3152 3694 Et
3175 3639 3484 3697 miserere.
3534 3640 3603 3695 P.

1958 3733 2245 3789 Memento
2270 3727 2479 3795 nostri,
2506 3727 2653 3800 quia
2672 3726 2870 3799 pulvis
2901 3742 3111 3785 sumus
3136 3744 3147 3784 :
3174 3728 3385 3786 iterum
3416 3728 3477 3784 in
3504 3732 3615 3785 ter-

1958 3835 2090 3876 ram
2117 3816 2447 3887 redigimur
2472 3833 2490 3887 ;
2514 3822 2575 3871 tu
2604 3829 2715 3871 nos
2742 3814 3005 3873 reforma
3050 3816 3112 3872 in
3170 3815 3399 3873 melius.
3438 3819 3502 3873 P.
3552 3819 3618 3871 Et

1960 3904 2579 3975 miserereﬂlgnosce
2609 3902 2777 3968 vivis,
2811 3905 3054 3973 ignosce
3093 3904 3400 3974 defunctis,
3437 3905 3618 3977 capti-

1960 3997 2050 4051 vis
2080 4001 2345 4051 restaura
2369 3991 2947 4065 patriam,etcunctis
2969 3992 3291 4064 dona,quaa
3320 3992 3619 4063 postulant

1964 4084 2023 4139 P.
2053 4086 2117 4139 Et
2146 4082 2443 4138 miserere.
2475 4079 2783 4137 P.Dimitte
2813 4093 3060 4146 noxam,
3087 4079 3314 4136 dimitte
3349 4086 3613 4151 peccata,

1965 4171 2192 4227 dimitte
2223 4174 2575 4224 cunctorum
2595 4165 2813 4231 debita,
2840 4166 3123 4223 omnibus
3144 4167 3334 4224 tribue
3354 4166 3617 4223 veniam.

1970 4257 2032 4313 P.
2058 4261 2124 4313 Et
2150 4256 2445 4313 miserere.

2040 4349 2314 4418 Hymnus.
2344 4346 2386 4401 0
2410 4343 2728 4411 Nazarene,
2762 4339 3011 4413 lux.fol.
3068 4340 3192 4402 144.

2044 4435 2340 4507 Capitula.
2360 4432 2630 4491 Miserere
2650 4432 2888 4488 Domine
2913 4433 2989 4489 ad
3008 4438 3061 4489 te
3092 4438 3211 4490 tota
3238 4431 3333 4490 die
3360 4431 3622 4489 claman-

1972 4525 2127 4582 tibus
2149 4540 2161 4591 ;
2187 4522 2431 4596 tequein
2448 4520 2829 4578 tribulatione
2854 4520 3265 4579 invocantibus
3286 4521 3466 4578 existe
3488 4536 3622 4593 pro-

1970 4613 2149 4688 pitius
2172 4618 2265 4668 :ut
2280 4611 2339 4667 in
2356 4609 2575 4683 quibus
2596 4610 2966 4683 majestatem
2984 4616 3149 4667 tuam
3171 4610 3478 4667 adorando
3495 4609 3621 4665 lau-

1971 4704 2210 4769 damus,
2230 4699 2407 4770 digne
2422 4698 2712 4771 suscipias
2739 4717 2757 4770 ;
2801 4707 2975 4772 etpro
3005 4700 3225 4773 quibus
3247 4705 3302 4755 te
3320 4697 3617 4761 timemus,

1971 4792 2107 4864 pius
2136 4794 2438 4861 ignoscas.
2468 4787 2720 4844 Timoris
2742 4788 2919 4857 igitur
2959 4787 3040 4842 tui
3068 4787 3407 4843 obedientia
3437 4784 3623 4842 corda

1970 4886 2177 4936 nostra
2201 4877 2435 4933 lzetiﬁca
2467 4894 2480 4932 :
2505 4882 2560 4932 et
2588 4875 3011 4932 consolationis
3033 4874 3623 4931 dulcedinedubieta-

1974 4977 2090 5024 tem
2112 4973 2327 5024 nostrae
2359 4965 2573 5020 mentis
2615 4963 2887 5021 contorta
2910 4984 2922 5024 :
2943 4963 3047 5021 sed
3077 4964 3221 5036 quia
3240 4970 3300 5020 tu
3325 4963 3527 5021 suavis
3551 4978 3622 5020 ac

1970 5056 2128 5113 mitis
2151 5070 2234 5121 es,
2260 5052 2609 5110 suavitatem
2637 5068 2707 5109 ex
2733 5050 3215 5124 tuaindulgentia
3230 5051 3616 5121 hauriemus;

1970 5150 2026 5199 et
2053 5145 2116 5200 in
2140 5142 2526 5200 retribuendo
2549 5141 2717 5215 pium
2742 5148 2795 5198 te
2817 5141 3145 5215 mitemque
3174 5142 3513 5199 sentiamus.

2043 5232 2213 5289 Pater
2240 5237 2459 5288 noster.

2611 5319 2709 5376 Ad
2727 5320 2983 5379 Nonam.

2290 5408 2603 5480 Sapientia:
2631 5410 2961 5467 Salomonis
2999 5408 3167 5481 (Cap.
3200 5407 3300 5478 v1).

2046 5510 2108 5567 Ri.
2142 5499 2262 5555 Deo
2295 5499 2536 5568 gratias.

2052 5586 2181 5659 Fili,
2207 5586 2420 5646 melior
2440 5593 2527 5644 est
2541 5584 2832 5659 sapientia
2857 5601 3039 5659 quam
3064 5584 3218 5641 vires
3250 5598 3265 5638 :
3294 5586 3351 5638 et
3372 5577 3467 5663 vir
3485 5586 3620 5645 pru-
