4192 6426
539 360 642 460 iis

1800 355 2250 443 BREVIARIUltl
2290 387 2682 444 GOTHICUM.

3840 378 3951 434 420

541 526 690 580 dens
713 536 899 594 quam
921 516 1319 574 fortis.Auditc
1345 530 1484 584 ergo
1514 531 1700 584 reges,
1721 521 1775 568 et
1803 489 2190 580 intelligite,et
2225 512 2273 565 A
2301 513 2502 568 matris
2532 529 2700 568 meae.
2727 511 2874 566 Vivit
2895 509 3201 572 Dominus,
3229 509 3278 562 si
3301 505 3644 562 servassetis
3667 520 3803 573 eos,
3825 519 3955 559 non

541 611 753 668 discite
774 608 1004 681 judices
1033 604 1244 658 ﬁnium
1266 604 1723 659 terrae.Praebete
1750 616 1924 657 aures
1958 615 2194 670 vos,qui

543 695 851 756 continetis
880 691 1403 757 multitudinem,et
1431 690 1672 761 placetis
1702 688 1871 744 vobis
1902 688 1956 741 in
2005 687 2192 743 turbis

541 786 856 844 nationum
892 801 905 835 :
937 781 1220 854 quoniam
1252 779 1392 834 data
1415 786 1501 833 est
1545 796 1582 834 a
1623 777 1873 833 Domino
1931 783 2191 848 potestas

543 875 743 942 vobis,
772 880 826 928 et
854 873 1037 927 virtus
1066 868 1142 925 ab
1162 867 1586 938 Altissimo,qui
1606 863 1987 934 interrogabit
2010 878 2194 935 opera

544 970 760 1032 vestra,
801 968 856 1016 et
881 957 1264 1027 cogitationes
1295 954 1649 1010 scrutabitur
1685 970 1697 1009 :
1730 953 2019 1024 quoniam
2054 965 2190 1005 cum

547 1050 750 1108 essetis
769 1045 1019 1104 ministri
1047 1044 1212 1116 regni
1237 1043 1412 1113 illius,
1446 1058 1565 1098 non
1604 1049 1758 1096 recte
1780 1039 2062 1112 judicatis
2089 1053 2194 1093 ne-

548 1154 666 1211 que
694 1133 1030 1191 custodistis
1059 1132 1250 1200 legem
1275 1130 1728 1201 justitite,neque
1747 1127 2078 1183 secundum
2095 1141 2195 1181 vo-

547 1221 836 1282 luntatem
867 1221 967 1275 Dei
993 1218 1680 1276 ambulastis.Horrendae
1706 1223 1760 1271 et
1789 1216 1902 1271 cito
1942 1229 2194 1286 appare-

546 1310 632 1367 bit
660 1308 828 1365 vobis
853 1326 865 1363 ε
897 1306 1181 1378 quoniam
1206 1303 1496 1376 judicium
1562 1305 1950 1359 durissimum
1984 1303 2045 1357 in
2074 1301 2190 1356 his.

473 1425 479 1429 -
547 1399 648 1470 qui
671 1402 949 1468 praesunt,
981 1393 1103 1454 ﬁet.
1145 1393 1368 1463 Exiguo
1394 1394 1553 1449 enim
1579 1393 1918 1448 conceditur
1971 1390 2196 1446 miseri-

548 1483 750 1542 cordia
782 1500 794 1538 :
818 1488 1078 1554 potentes
1100 1488 1289 1536 autem
1310 1489 1569 1551 potenter
1590 1487 1871 1535 tormenta
1886 1479 2191 1550 patientur.

548 1577 674 1630 Non
691 1572 840 1629 enim
865 1569 1158 1624 subtrahet
1181 1584 1487 1639 personam
1505 1570 1790 1640 cujusque
1819 1565 2096 1637 Deus,qui
2111 1569 2197 1621 est

547 1660 818 1716 omnium
839 1656 1310 1721 dominator,nec
1335 1657 1700 1714 reverebitur
1717 1651 2196 1724 magnitudinem

549 1748 906 1817 cujusquam
933 1762 944 1801 :
972 1743 1258 1813 quoniam
1285 1742 1568 1813 pusillum
1593 1751 1947 1813 etmagnum
1971 1742 2098 1812 ipse
2119 1741 2194 1796 fe-

2299 617 2407 656 vos
2436 600 2788 656 occiderem.
2825 599 3095 670 Dixitque
3124 596 3319 652 Jether
3348 593 3771 666 promogenito
3799 607 3912 648 suo
3935 611 3954 647 ε

2301 691 2504 755 Surge,
2541 695 2596 742 et
2629 688 2890 744 interﬁce
2920 703 3040 743 eos.
3075 685 3184 750 Qui
3233 700 3358 740 non
3387 681 3592 739 eduxit
3623 680 3903 752 gladium
3936 697 3951 734 :

2298 775 2543 830 timebat
2571 776 2750 842 enim,
2777 776 2919 848 quia
2947 774 3145 830 adhuc
3186 787 3335 844 puer
3363 775 3506 827 erat.
3537 770 3955 840 Dixeruntque

2297 862 2480 918 Zebee
2511 869 2566 919 et
2592 864 2890 919 Salmana.
2919 865 3001 918 Tu
3032 876 3229 930 surge,
3261 864 3318 916 et
3336 860 3493 915 irrue
3512 859 3577 913 in
3606 873 3724 914 nos
3756 875 3768 912 :
3807 857 3957 928 quia

2293 949 2462 1019 juxta
2479 950 3271 1015 attatemi'oburesthominis.
3289 946 3666 1017 Surrexitque
3680 944 3954 1010 Gedeon,

2300 1043 2354 1094 et
2377 1039 2663 1095 interfecit
2690 1039 2876 1094 Zebee
2907 1043 2964 1095 et
2988 1037 3266 1094 Selmana
3295 1053 3308 1090 :
3335 1040 3392 1092 et
3423 1034 3556 1090 tulit
3585 1038 3958 1090 ornamenta

2300 1142 2370 1183 ac
2398 1127 2613 1195 bullas,
2647 1127 2867 1200 quibus
2898 1126 3050 1183 colla
3071 1124 3364 1194 regalium
3385 1121 3756 1179 camelorum
3777 1121 3957 1178 deco-

2299 1215 2418 1270 rari
2430 1215 3040 1287 solent.Dixeruntque
3052 1229 3261 1271 omnes
3272 1213 3379 1269 viri
3391 1211 3570 1268 Israel
3586 1211 3666 1268 ad
3679 1210 3954 1267 Gedeon:

2301 1304 2616 1359 Dominare
2669 1305 2851 1359 nostri
2905 1308 2986 1368 tu,
3045 1308 3100 1358 et
3150 1301 3306 1358 ﬁlius
3350 1305 3512 1364 tuus,
3565 1304 3622 1355 et
3660 1299 3821 1354 ﬁlius
3846 1299 3958 1355 ﬁlii

2303 1392 2384 1449 tui
2408 1410 2421 1445 :
2455 1392 2598 1463 quia
2616 1391 2998 1447 liberastinos
3018 1390 3092 1446 de
3110 1405 3296 1446 manu
3317 1387 3574 1445 Madian.
3605 1387 3838 1453 Quibus
3855 1388 3954 1444 ille

2303 1480 2384 1536 ait
2417 1499 2430 1532 :
2471 1483 2596 1536 Non
2620 1480 2977 1536 dominabor
2993 1478 3188 1545 vestri,
3220 1491 3418 1548 neque
3449 1473 3868 1531 dominabitur
3889 1473 3953 1529 in

2302 1583 2406 1624 vos
2432 1567 2586 1622 ﬁlius
2624 1584 2814 1633 meus,
2847 1568 2952 1623 sed
2990 1565 3398 1622 dominabitur
3425 1562 3602 1620 vobis
3632 1562 3947 1618 Dominus.

2304 1654 2577 1727 Dixitque
2589 1655 2666 1711 ad
2687 1671 2788 1711 eos
2812 1673 2824 1710 :
2855 1657 3042 1711 Unam
3062 1653 3409 1727 petitionem
3427 1650 3666 1722 postulo
3679 1665 3716 1707 a
3740 1648 3915 1706 vobis
3937 1665 3948 1704 :

2302 1745 2443 1799 Date
2469 1743 2611 1798 mihi
2635 1743 2873 1799 inaures
2905 1759 2978 1798 ex
3011 1742 3216 1814 praeda
3244 1744 3460 1796 vestra.
3494 1742 3742 1794 lnaures
3791 1738 3952 1793 enim

549 1815 704 1903 cit,et
730 1815 1035 1903 aequaliter
1053 1845 1196 1886 cura
1223 1837 1312 1884 est
1332 1829 1411 1885 illi
1438 1831 1505 1886 de
1527 1830 1824 1886 omnibus.
1859 1840 1930 1900 ﬁ.
1969 1833 2180 1885 Amen.
2303 1845 2515 1888 aureas
2563 1830 2866 1886 lsmaelitte
2902 1828 3123 1886 habere
3169 1831 3634 1885 consueverant.
3677 1825 3788 1892 Qui
3835 1841 3952 1882 res-

828 1920 1023 1974 Lectio
1077 1917 1216 1973 libri
1257 1918 1538 1975 Judicum
1567 1919 1731 1991 (Cap.
1766 1917 1910 1989 vni).

619 2019 690 2078 13¢.
729 2008 845 2062 Deo
877 2006 1112 2075 gratias.

623 2097 688 2151 In
709 2095 817 2149 illis
837 2093 1046 2148 diebus
1074 2110 1086 2148 :
1120 2093 1268 2149 Cum
1299 2095 1551 2150 venisset
1602 2094 1836 2150 Gedeon
1887 2093 1964 2148 ad
1990 2093 2197 2150 Jorda-

549 2182 976 2250 nem,transivit
1000 2197 1137 2237 eum
1198 2198 1336 2237 cum
1379 2183 1651 2239 trecentis
1679 2181 1839 2248 viris,
1876 2180 2052 2253 240
2091 2181 2194 2253 qui

553 2287 754 2328 secum
776 2277 978 2326 erant:
1003 2277 1058 2325 et
1076 2285 1194 2340 prce
1217 2270 1585 2336 lassitudine,
1616 2270 1898 2339 fugientes
1922 2269 2193 2340 persequi

551 2374 674 2415 non
702 2357 1267 2430 poterant.Dixitque
1288 2357 1367 2412 ad
1394 2359 1545 2412 viros
1578 2358 1827 2413 Soccoth
1845 2373 1870 2415 .'
1901 2360 2056 2426 Date,
2091 2355 2196 2412 ob-

553 2444 968 2516 secro,populo
989 2445 1091 2516 qui
1123 2461 1358 2501 mecum
1388 2452 1705 2518 est,panes,
1733 2446 1876 2518 quia
1899 2445 2072 2501 valde
2103 2443 2194 2500 de-

553 2534 857 2590 fecerunt:
891 2539 954 2587 ut
974 2533 1271 2604 possimus
1302 2533 1578 2605 persequi
1619 2534 1803 2590 Zebee
1828 2541 1884 2588 et
1913 2532 2196 2590 Salmana

552 2637 722 2692 reges
741 2621 1448 2693 Madian.Responderunt
1459 2623 1756 2693 principes
1773 2623 2053 2678 Soccoth:
2067 2625 2196 2678 For-

554 2710 706 2765 sitan
725 2709 941 2781 palmse
967 2725 1256 2765 manuum
1300 2709 1482 2766 Zebee
1516 2717 1572 2766 et
1603 2707 1883 2766 Salmana
1918 2711 1979 2765 in
2008 2724 2196 2766 manu

553 2797 654 2854 tua
680 2804 834 2862 sunt,
861 2804 915 2854 et
941 2795 1158 2854 idcirco
1189 2797 1452 2868 postulas
1478 2806 1540 2853 ut
1555 2800 1761 2854 demus
1790 2799 2064 2854 exercitui
2096 2806 2196 2854 tuo

553 2897 738 2959 panes
763 2887 791 2941 ?
820 2885 1044 2952 Quibus
1075 2883 1167 2940 ille
1198 2887 1278 2941 ait
1311 2903 1321 2942 :
1349 2887 1493 2941 Cum
1520 2902 1660 2956 ergo
1684 2886 1985 2942 tradiderit
2005 2887 2198 2942 Domi-

553 2988 667 3028 nus
688 2973 871 3028 Zebee
898 2979 953 3028 et
993 2972 1276 3029 Salmana
1305 2974 1365 3028 in
1397 2990 1618 3028 manus
1671 2989 1859 3041 meas,
1891 2981 2197 3028 conteram

554 3062 762 3142 carnes
783 3067 1002 3116 vestras
1018 3077 1157 3115 cum
1171 3060 1358 3131 spinis
1377 3060 1722 3131 tribulisque
1737 3060 1969 3116 deserti.
1991 3063 2054 3115 Et
2067 3060 2197 3115 inde

2301 1919 2640 1992 ponderunt
2657 1937 2670 1974 :
2687 1918 3086 1975 Libentissime
3102 1917 3393 1974 dabimus.
3410 1914 3952 1987 Expandentesque

2302 2023 2480 2078 super
2503 2012 2722 2063 terram
2742 2005 3009 2078 pallium,
3036 2006 3413 2078 projecerunt
3433 2003 3498 2058 in
3523 2019 3594 2059 eo
3613 2001 3854 2058 inaures
3875 2001 3952 2057 de

2302 2095 2508 2166 praeda
2535 2100 2591 2149 et
2612 2094 2719 2149 fuit
2735 2095 2971 2166 pondus
2992 2090 3766 2165 postulataruminaurium,
3788 2089 3946 2145 mille

2304 2181 2664 2254 septingenti
2689 2181 2819 2237 auri
2848 2181 2990 2249 sicli,
3010 2180 3230 2251 absque
3258 2178 3654 2241 ornamentis,
3686 2182 3742 2233 et
3761 2177 3950 2232 moni-

2300 2270 2477 2336 libus,
2511 2274 2565 2326 et
2591 2275 2747 2326 veste
2777 2285 3099 2342 purpurea,
3131 2267 3352 2340 quibus
3383 2266 3623 2324 Madian
3655 2282 3827 2337 reges
3869 2265 3954 2321 tui

2304 2358 2454 2414 soliti
2479 2363 2664 2429 erant,
2697 2362 2752 2414 et
2781 2363 2990 2430 praeter
3021 2362 3261 2428 torques
3293 2371 3514 2413 aureas
3547 2353 3946 2410 camelorum.

2305 2447 2573 2518 Fecitque
2602 2446 2676 2501 de
2701 2462 2772 2502 eo
2803 2445 3040 2502 Gedeon
3063 2444 3292 2516 Ephod,
3327 2448 3382 2500 et
3403 2443 3608 2516 posuit
3628 2443 3776 2498 illud
3801 2443 3862 2498 in
3880 2441 3988 2520 οἰκ

2301 2534 2481 2590 vitate
2498 2550 2607 2590 sua
2628 2534 2846 2606 Ephra.
2873 2533 3338 2605 Fornicatusque
3356 2537 3447 2588 est
3468 2532 3668 2588 omnis
3689 2530 3869 2588 Israel
3891 2531 3953 2587 in

2303 2638 2393 2690 eo,
2427 2627 2482 2679 et
2507 2623 2732 2679 factum
2762 2628 2853 2679 est
2880 2622 3137 2679 Gedeoni
3171 2626 3226 2678 et
3259 2623 3427 2679 omni
3463 2621 3693 2678 domini
3725 2621 3855 2692 ejus
3893 2621 3954 2677 in

2301 2710 2560 2767 ruinam.
2592 2710 2946 2767 Humiliatus
2985 2715 3075 2766 est
3100 2714 3300 2767 autem
3321 2709 3555 2767 Madian
3576 2725 3782 2765 coram
3812 2708 3952 2764 ﬁliis

2303 2798 2502 2864 Israel,
2534 2813 2644 2854 nec
2671 2803 2949 2869 poterant
2985 2797 3138 2854 ultra
3188 2797 3423 2854 elevare
3479 2796 3809 2852 cervicem:
3840 2794 3950 2851 sed

2303 2886 2520 2958 quievit
2545 2891 2696 2942 terra
2726 2902 2832 2958 per
2858 2885 3262 2957 quadraginta
3292 2901 3508 2951 annos,
3539 2883 3761 2956 quibus
3794 2899 3949 2955 pree-

2303 2974 2412 3029 fuit
2435 2974 2692 3029 Gedeon.
2714 2974 2869 3028 Abiit
2888 2974 3086 3045 itaque
3105 2972 3384 3029 Jerobaal
3412 2973 3573 3028 ﬁlius
3592 2973 3751 3036 Joas,
3775 2975 3832 3027 et
3850 2971 3956 3028 ha-

2303 3061 2510 3118 bitavit
2532 3062 2594 3117 in
2623 3062 2806 3117 domo
2831 3079 2940 3119 sua
2971 3079 2985 3118 :
3009 3062 3339 3134 habuitque
3363 3061 3750 3136 septuaginta
3776 3061 3952 3127 ﬁlios,

555 3146 1142 3213 conscendens,venit
1162 3147 1221 3201 in
1243 3147 1897 3218 Phanuel:locutusque
1924 3148 2101 3202 estad
2121 3146 2198 3202 vi-
2304 3150 2408 3222 qui
2438 3149 2657 3220 egressi
2688 3155 2826 3206 sunt
2853 3151 2927 3206 de
2966 3150 3187 3206 femore
3220 3151 3350 3221 ejus
3392 3167 3405 3206 :
3439 3166 3511 3206 eo
3549 3149 3717 3222 quod
3761 3149 3960 3220 plures

551 3250 652 3291 ros
674 3234 785 3290 loci
809 3232 961 3289 illius
987 3231 1221 3289 similia.
1255 3233 1359 3287 Cui
1385 3240 1442 3287 et
1465 3233 1548 3288 illi
1571 3234 2022 3303 responderunt,
2054 3234 2200 3290 sicut

551 3321 983 3393 responderant
1011 3321 1122 3375 viri
1145 3321 1415 3376 Soccoth.
1447 3319 1600 3374 Dixit
1635 3319 1831 3390 itaque
1893 3322 1976 3375 eis
2005 3339 2018 3374 :
2052 3323 2198 3377 Cum

551 3425 822 3466 reversus
839 3408 1005 3464 fuero
1025 3408 1211 3464 victor
1225 3407 1285 3461 in
1307 3407 1778 3477 pace,destruam
1799 3409 2005 3463 turrim
2018 3408 2193 3465 hanc.

551 3497 735 3552 Zebee
760 3504 959 3552 autem
985 3501 1042 3548 et
1065 3494 1345 3548 Salmana
1371 3493 1820 3563 requiescebant
1845 3511 1980 3550 cum
2032 3497 2194 3552 omni

551 3583 810 3638 exercitu
840 3579 1326 3645 suo.Quindecim
1353 3581 1510 3636 enim
1540 3581 1723 3638 millia
1754 3584 1859 3638 viri
1891 3599 2195 3639 remanse-

550 3675 689 3725 runt
704 3685 775 3723 ex
787 3663 1067 3723 omnibus
1085 3668 1292 3722 turmis
1305 3668 1678 3724 orientalium
1703 3670 2196 3741 populorum,cae-

552 3757 632 3813 sis
661 3764 898 3812 centum
923 3755 1120 3825 viginti
1144 3754 1394 3811 millibus
1414 3756 1765 3814 bellatorum
1814 3760 2194 3816 educentium

551 3844 838 3915 gladium.
875 3841 1332 3916 Ascendensque
1371 3845 1606 3901 Gedeon
1655 3863 1760 3918 per
1777 3848 1937 3903 viam
1986 3864 2194 3904 eorum

551 3931 648 4004 qui
669 3931 730 3986 in
747 3931 1133 3986 tabernaculis
1157 3930 1524 3988 morabantur
1539 3933 1611 3989 ad
1624 3934 1952 3992 orientalem
1975 3925 2193 4007 plagam

550 4018 797 4085 Nobe,et
819 4021 1354 4094 Jacbaa,percussit
1373 4029 1567 4078 castra
1585 4022 1980 4097 hostium,qui
2002 4024 2194 4082 securi

551 4115 735 4174 erant,
765 4109 819 4163 et
845 4107 990 4164 nihil
1013 4103 1244 4165 adversi
1264 4109 1743 4183 suspicabantur.
1770 4113 2191 4187 Fugeruntque

547 4193 729 4253 Zebee
758 4204 812 4252 et
843 4198 1141 4263 Salmana,
1173 4215 1325 4270 quos
1349 4216 1716 4272 persequens
1777 4201 2014 4258 Gedeon
2037 4217 2190 4257 com-

545 4285 873 4356 prehendit,
907 4285 1140 4342 turbato
1154 4287 1318 4342 omni
1333 4288 1587 4342 exercitu
1607 4304 1834 4344 eorum.
1855 4292 2192 4344 Revertens-

546 4387 664 4442 que
693 4371 766 4426 de
788 4371 938 4428 bello
959 4379 1092 4429 ante
1124 4374 1262 4429 solis
1280 4382 1494 4441 ortum,
1513 4376 1901 4446 apprehendit
1938 4392 2191 4448 puerum

548 4455 622 4514 de
643 4457 782 4513 viris
808 4461 1081 4517 Soccoth:
1103 4460 1601 4533 interrogavitque
1615 4479 1752 4518 eum
1766 4463 2012 4519 nomina
2032 4463 2192 4534 prin-

548 4547 749 4618 cipum
764 4547 817 4603 et
830 4549 1131 4605 seniorum
1147 4548 1475 4616 Soccoth,et
1487 4549 1799 4621 descripsit
1814 4552 2192 4622 septuaginta

545 4639 601 4691 et
629 4643 851 4708 Septem
878 4639 1060 4692 viros.
1105 4637 1384 4708 Venitque
1407 4637 1483 4692 ad
1509 4638 1778 4708 Soccoth,
1801 4644 1856 4695 et
1881 4637 2025 4693 dixit
2053 4641 2135 4694 eis
2173 4657 2185 4696 :

545 4725 627 4778 En
649 4726 828 4779 Zebee
853 4731 909 4778 et
941 4723 1245 4791 Salmana,
1279 4741 1458 4796 super
1507 4725 1725 4796 quibus
1784 4728 2188 4799 exprobrastis

544 4810 708 4875 mihi,
733 4811 995 4866 dicentes
1031 4828 1044 4865 :
1075 4812 1336 4868 Forsitan
1369 4829 1588 4869 manus
1619 4815 1802 4871 Zebee
1825 4824 1878 4872 et
1907 4817 2184 4874 Salmana

545 4895 605 4950 in
631 4897 909 4952 manibus
939 4898 1052 4953 tuis
1084 4900 1267 4954 sunt?
1314 4900 1534 4958 idcirco
1587 4905 1852 4976 postulas
1884 4913 1948 4961 ut
1976 4905 2190 4960 demus

544 4982 706 5047 viris,
733 4983 834 5055 qui
865 4984 1006 5039 lassi
1046 4993 1181 5041 sunt
1209 4995 1264 5044 et
1288 4989 1643 5061 defecerunt,
1666 4993 2190 5064 panes.Tulitergo

545 5071 806 5126 seniores
836 5072 1078 5130 civitatis
1110 5082 1165 5130 et
1197 5077 1399 5148 spinas
1457 5078 1670 5135 deserti
1729 5097 1798 5136 ac
1843 5079 2108 5144 tribulos,
2138 5087 2192 5136 et

547 5151 818 5215 contrivit
843 5177 977 5217 cum
1016 5164 1118 5226 eis,
1147 5170 1322 5236 atque
1345 5168 1697 5223 comminuit
1726 5169 1881 5222 viros
1924 5168 2190 5222 Soccoth.

544 5248 770 5302 Turrim
801 5265 1037 5322 quoque
1059 5252 1325 5308 Phanuel
1353 5255 1878 5318 subvertit,occisis
1903 5253 2193 5310 habitato-

541 5334 706 5390 ribus
732 5337 1000 5392 civitatis.
1024 5340 1293 5412 Dixitque
1309 5341 1382 5394 ad
1405 5341 1586 5396 Zebee
1614 5350 1666 5397 et
1695 5341 1978 5396 Salmana
2012 5345 2193 5406 :Qua-

541 5420 624 5478 les
649 5423 883 5480 fuerunt
909 5427 1036 5493 viri,
1065 5444 1211 5498 quos
1234 5428 1523 5482 occidistis
1555 5430 1613 5482 in
1649 5429 1883 5485 Thabor
1906 5433 1920 5484 ι
1945 5431 2051 5496 Qui
2099 5446 2191 5485 re-

541 5513 910 5591 sponderunt
938 5532 948 5570 :
985 5516 1214 5570 Similes
1245 5517 1346 5580 tui,
1372 5522 1426 5568 et
1455 5532 1608 5572 unus
1629 5533 1704 5574 ex
1725 5518 1807 5573 eis
1833 5519 2005 5591 quasi
2035 5518 2190 5573 ﬁlius

543 5591 718 5669 regis.
751 5580 980 5666 bulbus
1026 5601 1125 5661 ille
1164 5591 1274 5661 ait:
1330 5603 1555 5663 Fratres
1615 5606 1731 5663 mei
1790 5580 2044 5675 fuerunt,
2086 5605 2188 5664 ﬁlii

2304 3238 2552 3295 haberet
2569 3253 2800 3294 uxores.
2818 3239 3160 3295 Concubina
3177 3244 3379 3296 autem
3391 3239 3765 3310 illius,quam
3780 3237 3964 3294 habe-

2303 3325 2402 3383 bat
2417 3326 2478 3381 in
2493 3326 2939 3397 Sichem,genuit
2953 3329 3005 3384 ei
3022 3327 3204 3384 ﬁlium
3222 3329 3451 3384 nomine
3465 3327 3788 3383 Abimelech
3801 3329 3962 3382 .Mor-

2305 3421 2562 3486 tuusque
2581 3420 2671 3470 est
2712 3416 2949 3472 Gedeon
2979 3417 3136 3473 ﬁlius
3167 3419 3309 3472 Joas
3336 3418 3400 3472 in
3440 3420 3743 3473 senectute
3772 3416 3956 3487 bona,

2305 3509 2360 3558 et
2377 3503 2641 3574 sepultus
2661 3508 2748 3559 est
2762 3505 2822 3558 in
2845 3504 3161 3576 sepulchro
3181 3507 3322 3562 Joas
3337 3505 3521 3578 patris
3535 3506 3646 3560 sui.
3663 3517 3729 3576 Βι.
3743 3509 3957 3561 Amen.

2370 3591 2712 3662 Antiphona
2743 3593 2793 3647 1.
2824 3592 3094 3660 Domine,
3116 3593 3416 3663 refugium
3445 3593 3643 3650 factus
3670 3609 3735 3649 es
3755 3593 3954 3661 nobis,

2302 3693 2339 3734 a
2377 3681 2752 3748 generatione
2772 3681 2832 3736 in
2854 3682 3156 3752 progenie.
3187 3682 3408 3738 Psalm.
3432 3698 3662 3737 Lxxxix.

2374 3767 2594 3823 Oratio.
2653 3770 2790 3823 Esto
2848 3767 3144 3838 refugium
3200 3775 3475 3826 nostrum
3514 3769 3955 3842 Domine;ple-

2299 3854 2559 3926 bemque
2583 3859 2748 3910 tuam
2773 3856 2963 3926 patrio
2987 3856 3394 3926 gubernaculo
3420 3873 3558 3927 rege
3593 3877 3605 3913 :
3641 3873 3712 3914 ac
3740 3858 3895 3914 sicut
3921 3873 3957 3913 a

2303 3943 2536 3998 saeculis
2578 3949 2813 4014 patrum
2844 3949 2945 4000 tua
2975 3951 3289 4002 senserunt
3307 3947 3614 4016 remedia;
3645 3947 3731 4004 ita
3751 3952 3959 4004 nostra

2299 4030 2360 4086 in
2393 4031 2609 4088 saecula
2635 4037 2736 4088 tua
2766 4032 3099 4104 intelligant
3134 4033 3452 4092 beneﬁcia.
3492 4045 3557 4106 It.
3597 4039 3813 4091 Amen.

2372 4122 2476 4174 Per
2513 4120 2984 4177 misericordiam
3017 4126 3199 4178 tuam.

2369 4208 2719 4275 Antiphona
2753 4213 2806 4262 2.
2858 4211 3086 4265 Bonum
3134 4215 3220 4266 est
3271 4211 3541 4268 conﬁteri
3585 4210 3869 4280 Domino,
3903 4215 3960 4267 et

2299 4296 2555 4368 psallere
2586 4296 2818 4353 nomini
2843 4302 2944 4354 tuo
2977 4298 3292 4355 Altissime.
3323 4299 3537 4357 Psalm.
3571 4316 3693 4359 XCI.

2373 4385 2596 4440 Oratio.
2615 4387 2847 4440 Bonum
2864 4392 2950 4441 est
2979 4402 3089 4443 nos
3115 4387 3218 4443 tibi
3233 4389 3485 4446 Domino
3515 4388 3808 4455 conﬁteri,
3832 4393 3959 4446 tuo-

2224 4489 2269 4556 D
2299 4488 2415 4545 que
2437 4473 2723 4529 altissimo
2747 4475 2976 4530 nomini
3001 4475 3256 4547 psallere
3289 4493 3302 4531 :
3337 4481 3400 4533 ut
3435 4492 3548 4534 nos
3569 4482 3627 4533 et
3652 4476 3958 4534 confessio

2299 4577 2335 4617 a
2365 4561 2642 4633 periculis
2670 4568 2874 4630 eruat;
2904 4570 2960 4619 et
2993 4564 3288 4635 psallendi
3319 4565 3620 4624 industria
3668 4581 3874 4624 coram
3902 4569 3960 4622 te

2297 4651 2582 4721 gratiores
2614 4651 2912 4708 exhibeat.
2946 4663 3014 4723 ﬁ.
3055 4653 3264 4710 Amen.

2371 4742 2493 4794 Per.

2368 4831 2404 4880 Α
2415 4827 2706 4895 ntiphona
2719 4831 2772 4885 3.
2786 4828 2914 4883 Non
2927 4829 3169 4902 repellet
3181 4829 3469 4886 Dominus
3481 4829 3724 4902 plebem
3739 4848 3919 4890 suam
3939 4851 3955 4890 :

2297 4918 2353 4971 et
2410 4914 2798 4972 hereditatem
2855 4933 3026 4974 suam
3074 4934 3197 4975 non
3254 4918 3643 4992 derelinquet.
3691 4921 3960 4979 Psalmus

2296 5019 2426 5060 XClll
2442 5044 2454 5057 .

2368 5088 2659 5156 Hymnus.
2695 5089 2736 5142 Ο
2764 5087 3080 5160 Nazarene,
3121 5089 3243 5146 lux.
3265 5092 3378 5160 fol.
3416 5095 3532 5147 144.

2373 5174 2487 5246 24
2501 5175 2542 5244 ι
2566 5175 2793 5230 Oratio.
2811 5179 2936 5232 Non
2955 5178 3226 5249 repellas,
3241 5179 3499 5247 Domine,
3519 5178 3772 5250 plebem,
3789 5197 3969 5254 quam

2299 5265 2586 5316 mercatus
2601 5277 2662 5315 es
2681 5279 2692 5328 ;
2711 5279 2816 5318 nec
2831 5265 3202 5337 derelinquas
3213 5264 3613 5332 hereditatem,
3631 5283 3743 5338 pro
3759 5285 3888 5340 qua
3905 5270 3971 5325 in

2299 5365 2466 5405 cruce
2481 5366 2762 5420 appensus
2779 5367 2869 5406 es:
2893 5353 2989 5406 sed
3005 5355 3323 5425 quousquej
3335 5354 3704 5420 ustitia,nunc
3717 5357 3968 5423 occulta,

2297 5438 2601 5492 manifesto
2616 5439 2896 5494 clareatin
2910 5441 3132 5511 judicio
3145 5444 3356 5513 pietate
3371 5450 3640 5514 porrecta
3650 5459 3768 5500 nos
3784 5461 3929 5516 rege
3950 5463 3965 5503 :

2298 5531 2354 5580 et
2369 5525 2577 5581 secund
2588 5543 2676 5581 um
2691 5527 3102 5598 multitudinem
3116 5530 3380 5586 dolorum
3392 5537 3722 5589 nostrorum
3736 5538 3840 5591 tua
3852 5550 3966 5590 nos

2296 5611 2530 5676 laetiﬁca
2542 5614 2947 5676 exhortatione
2967 5635 2981 5676 :
3003 5618 3456 5689 utquidolorem
3486 5635 3652 5678 nunc
3684 5621 3874 5694 ﬁngis
3894 5622 3964 5682 in
