4192 6446
663 32 668 42 :
689 32 730 42 ἐτ
759 34 1010 46 -Ξπ--η---
1049 44 1079 46 _

549 345 654 406 423

1816 327 2263 393 BREVIARIUM
2301 328 2688 389 GOTHICUM.

3841 329 3945 390 424

544 486 673 529 ram
697 483 814 526 non
833 466 1018 534 bibat,
1041 464 1206 523 nullo
1228 472 1495 523 vescatur
1511 449 1822 521 immundo
1843 483 1854 522 :
1877 468 1932 520 et
1947 457 2111 534 quod
2128 457 2184 516 ei
2221 456 2266 513 A
2297 457 2523 516 homini
2536 456 2753 532 quiete.
2769 457 2967 516 Mulier
2979 453 3364 528 siprimatum
3380 450 3622 520 habeat,
3645 455 3951 514 contraria

541 557 819 632 praecepi,
833 552 1075 628 impleat
1091 562 1268 628 atque
1286 546 1864 624 custodiat.Dixitque
1879 551 2087 608 Manue
2105 547 2184 604 ad

541 645 834 716 Angelum
850 645 1082 701 Domini
1102 663 1113 703 :
1133 643 1390 701 Obsecro
1405 648 1457 698 te
1474 648 1536 698 ut
1548 641 1890 714 acquiescas
1906 636 2182 712 precibus

543 735 714 800 meis,
737 733 1088 790 etfaciemus
1112 731 1459 788 tibihaedum
1471 731 1544 787 de
1575 730 1772 802 capris
1792 749 1803 789 :
1825 729 1926 802 qui
1941 740 2184 799 respon-

543 820 629 879 dit
655 821 912 894 Angelus
932 821 1163 878 Domini
1197 839 1210 873 :
1241 819 1296 878 Si
1327 835 1422 876 me
1455 819 1638 889 cogis,
1687 833 1810 874 non
1868 814 2182 873 comedam

542 927 732 983 panes
761 917 894 966 tuos
919 927 931 965 ε
958 911 1004 966 si
1023 913 1220 966 autem
1251 908 1335 964 vis
1356 907 1774 964 holocaustum
1805 905 2016 970 facere,
2037 901 2182 958 offer

545 998 684 1053 illud
706 998 843 1054 Deo.
879 999 944 1052 Et
963 996 1265 1052 nesciebat
1288 998 1493 1053 Manue
1513 993 1678 1066 quod
1705 992 1962 1062 Angelus
1989 990 2181 1046 Domi-

544 1086 606 1140 ni
627 1092 796 1141 esset.
817 1085 1085 1158 Dixitque
1103 1083 1325 1140 adeum
1362 1100 1372 1136 :
1408 1081 1577 1148 Quod
1615 1080 1822 1137 esttibi
1851 1083 2176 1148 nomen,ut,

545 1174 592 1228 si
620 1187 813 1228 sermo
842 1178 980 1227 tuus
1006 1171 1180 1227 fuerit
1233 1170 1518 1242 expletus,
1587 1167 2038 1224 honoriﬁcemus
2077 1172 2128 1220 te
2153 1165 2180 1219 ?

545 1260 644 1315 Cui
668 1259 760 1314 ille
793 1258 1135 1329 respondit:
1168 1261 1394 1314 Nomen
1424 1271 1626 1312 meum
1647 1263 1733 1312 est
1772 1253 2180 1311 mirabile.’l‘u-

541 1345 819 1418 lititaque
848 1349 1054 1402 Manue
1079 1345 1324 1401 haedum
1351 1344 1425 1400 de
1450 1345 1662 1416 capris,
1685 1343 2102 1408 etlibamenta,
2125 1347 2180 1396 et

541 1434 737 1505 posuit
756 1449 934 1505 super
961 1432 1468 1504 petram,oﬂ‘erens
1491 1432 1764 1498 Domino,
1797 1431 1902 1502 qui
1924 1428 2180 1485 fecitmi-

540 1521 751 1578 rabilia
783 1522 948 1593 :ipse
978 1527 1174 1577 autem
1204 1527 1258 1577 et
1275 1520 1564 1590 uxorejns
1587 1518 1981 1575 intuebantur.
2005 1517 2179 1572 Cum-

541 1625 657 1683 que
688 1609 1035 1666 ascenderet
1057 1609 1305 1665 ﬂamma
1335 1608 1535 1664 altaris
1559 1607 1619 1663 in
1650 1607 1885 1677 coelum,
1918 1605 2176 1676 Angelus

539 1697 762 1754 Domini
780 1697 998 1768 pariter
1015 1697 1073 1751 in
1091 1696 1339 1752 ﬂamma
1358 1695 1645 1752 ascendit.
1663 1694 1833 1760 Quod
1852 1711 1986 1750 cum
2004 1693 2180 1750 vidis-

2296 553 2386 605 est
2412 548 2538 606 viro
2561 564 2687 606 suo.
2722 549 2832 605 Cor
2859 544 3106 611 humile,
3138 549 3194 600 et
3222 540 3403 600 facies
3435 542 3637 609 tristis,
3671 549 3730 600 et
3762 543 3948 618 plaga

2294 637 2517 702 mortis,
2545 637 2755 693 mulier
2801 651 3085 709 nequam.
3121 635 3328 689 Manus
3364 630 3612 703 debiles,
3659 635 3718 689 et
3747 648 3950 704 genua

2292 724 2600 791 dissoluta,
2627 725 3000 796 mislier,quee
3015 738 3136 778 non
3151 720 3446 777 beatiﬁcat
3457 719 3652 776 virum
3667 726 3949 778 suum.At

2291 811 2780 868 muliereinitium
2795 812 3020 868 factum
3043 815 3132 866 est
3151 808 3396 882 peccati,
3429 812 3606 881 etper
3631 808 3798 865 illam
3818 825 3947 866 om-

2288 917 2393 956 nes
2421 900 2728 957 morimur.
2753 900 2954 956 Mulier
2974 899 3139 956 fortis
3160 897 3415 954 oblectat
3437 897 3636 953 virum
3659 914 3864 966 suum,
3894 903 3950 956 et

2289 1005 2480 1045 annos
2509 990 2640 1046 vitae
2662 988 2821 1045 illius
2852 1005 2909 1044 1n
2943 1002 3089 1060 pace
3119 985 3406 1059 implebit.
3446 997 3512 1056 nr.
3543 986 3759 1043 Amen.

2584 1078 2772 1134 Lectio
2799 1077 2942 1133 libri
2970 1076 3247 1132 Judicum
3279 1075 3451 1145 (Cap.
3479 1078 3624 1142 xiv.)

2359 1177 2421 1235 BI.
2456 1166 2575 1221 Deo
2605 1165 2843 1235 gratias.

2360 1254 2426 1310 In
2443 1253 2553 1308 illis
2575 1253 2813 1309 diebus:
2832 1251 3145 1309 Descendit
3167 1253 3417 1309 Samson
3441 1250 3504 1306 in
3515 1250 3904 1308 Thamnatha
3927 1273 3942 1305 :

2289 1339 2610 1412 vidensque
2655 1340 2772 1396 illic
2813 1340 3124 1396 mulierem
3163 1339 3237 1395 de
3281 1338 3523 1394 filiabus
3556 1338 3945 1405 Philisthiim,

2287 1429 2569 1494 ascendit,
2604 1435 2659 1484 et
2692 1429 2988 1485 nuntiavit
3024 1428 3175 1501 patri
3207 1441 3340 1494 suo,
3383 1433 3441 1483 et
3467 1428 3662 1492 matri,
3691 1427 3903 1484 dicens
3930 1443 3943 1484 :

2288 1516 2414 1571 Vidi
2441 1515 2749 1573 mulierem
2780 1517 2841 1572 in
2869 1516 3248 1573 Thamnatha
3273 1515 3346 1571 de
3377 1514 3616 1570 filiabus
3647 1515 3947 1572 Philisthi-

2288 1619 2544 1660 norum:
2586 1621 2771 1677 quam
2799 1620 3005 1677 quaeso
3048 1608 3113 1659 ut
3151 1602 3294 1658 mihi
3328 1603 3637 1674 accipiatis
3671 1619 3944 1660 uxorem.

2290 1691 2394 1749 Cui
2439 1691 2714 1749 dixerunt
2741 1697 2909 1765 pater
2943 1697 2999 1748 et
3028 1695 3216 1748 mater
3269 1706 3422 1747 sua:
3470 1691 3774 1763 Numquid
3820 1707 3946 1748 non

541 1787 885 1841 sentManue
901 1791 1118 1840 etuxor
1137 1783 1472 1855 ejus,proni
1503 1783 1839 1839 ceciderunt
1861 1783 1921 1838 in
1940 1789 2175 1848 terram,
2214 1801 2258 1856 Β
2289 1783 2375 1836 est
2405 1780 2614 1837 mulier
2639 1781 2712 1836 de
2748 1780 2989 1836 ﬁliabus
3021 1780 3270 1836 fratrum
3303 1784 3564 1844 tuorum,
3599 1783 3658 1836 et
3685 1779 3748 1836 in
3777 1780 3946 1837 omni

539 1879 595 1929 et
615 1873 764 1928 ultra
787 1887 910 1928 non
935 1872 1018 1927 eis
1047 1872 1320 1943 apparuit
1353 1869 1610 1940 Angelus
1638 1871 1895 1926 Domini.
1947 1870 2177 1927 Statim-

539 1976 658 2032 que
694 1959 972 2016 intellexit
989 1961 1196 2016 Manue
1226 1958 1516 2028 Angelum
1546 1973 1678 2014 esse
1721 1958 1972 2026 Domini,
2001 1963 2060 2013 et
2082 1957 2176 2013 'di-

538 2047 623 2103 xit
660 2047 738 2103 ad
763 2063 1009 2103 uxorem
1047 2063 1210 2103 suam
1234 2063 1250 2100 :
1274 2049 1448 2102 Morte
1491 2047 1838 2112 moriemur,
1869 2047 2011 2118 quia
2045 2045 2181 2099 vidi-

538 2151 674 2191 mus
700 2137 904 2190 Deum.
929 2134 1030 2191 Cui
1059 2133 1365 2206 respondit
1384 2134 1595 2190 mulier
1629 2154 1639 2192 :
1671 2135 1725 2190 Si
1754 2133 2039 2190 Dominus
2067 2149 2178 2189 nos

537 2224 710 2280 vellet
735 2223 1022 2288 occidere,
1055 2222 1129 2278 de
1175 2222 1455 2279 manibus
1500 2223 1720 2278 nostris
1762 2222 2179 2278 holocaustum

538 2311 930 2367 etlibamenta
949 2325 1071 2366 non
1123 2309 1496 2381 suscepisset,
1542 2325 1650 2366 nec
1687 2309 2040 2365 ostendisset
2077 2324 2179 2366 no-

535 2398 630 2454 bis
656 2398 784 2454 haac
805 2397 1028 2468 omnia,
1061 2412 1254 2469 neque
1280 2413 1349 2453 ea
1381 2413 1520 2469 quce
1555 2404 1692 2453 sunt
1722 2404 1974 2454 ventura
2002 2397 2178 2453 dixis-

538 2493 642 2542 set.
677 2484 904 2556 Peperit
965 2486 1162 2557 itaque
1204 2484 1392 2541 ﬁlium
1418 2493 1473 2541 et
1523 2487 1754 2542 vocavit
1792 2501 2012 2542 nomen
2048 2489 2176 2556 ejus

538 2571 798 2630 Samson.
831 2573 1136 2645 Crevitque
1161 2589 1325 2645 puer,
1358 2580 1412 2630 et
1447 2573 1748 2630 benedixit
1769 2574 1818 2629 ei
1867 2574 2173 2641 Dominus,

540 2662 844 2734 Coepitque
875 2661 1120 2733 Spiritus
1147 2662 1377 2718 Domini
1417 2678 1548 2717 esse
1579 2678 1717 2718 cum
1754 2678 1844 2718 eo.
1867 2661 1931 2722 ἲν.

604 2751 901 2818 Hymnus.
933 2751 1161 2804 IEterne
1193 2749 1340 2805 lucis
1394 2749 1682 2806 conditor.
1735 2751 1844 2819 fol.
1879 2753 1996 2807 l70.

607 2837 883 2908 Capitula
900 2877 912 2891 .
933 2831 1206 2893 Paratum
1219 2853 1322 2893 cor
1335 2844 1625 2905 nostrum,
1645 2838 1911 2904 Domine,
1926 2853 1994 2893 eo
2010 2835 2176 2909 quod

531 2924 782 2997 placeris
806 2939 1072 2989 munere,
1093 2923 1365 2995 comple;
1390 2929 1453 2980 ut
1469 2931 1521 2980 te
1534 2925 1869 2995 cognitione
1897 2926 2018 2981 veri
2049 2925 2176 2980 lau-

532 3012 825 3077 demus,et
839 3011 1140 3069 reformati
1153 3011 1212 3068 in
1231 3011 1441 3068 melius
1467 3013 1525 3068 in
1538 3019 1638 3070 tuo
1655 3012 1881 3070 honore
1896 3012 2173 3084 laetemup

602 3101 772 3156 Pater
794 3104 1015 3156 noster.

601 3188 828 3244 Lauda;
850 3187 1179 3243 Bonitatem
1208 3187 1390 3244 fecisti
1414 3205 1551 3245 cum
1578 3204 1749 3245 servo
1771 3193 1870 3245 tuo
1901 3189 2166 3245 Domine.

533 3276 595 3328 P.
627 3275 964 3331 Secundum
985 3275 1232 3331 verbum
1261 3280 1430 3332 tuum
1442 3276 1675 3333 viviﬁca
1700 3293 1815 3332 me.
1835 3276 1895 3337 li.
1930 3277 2171 3332 Bonita-

529 3365 665 3428 tem,
708 3367 763 3419 et
813 3362 1208 3434 disciplinam,
1239 3368 1296 3420 et
1321 3365 1628 3420 scientiam
1677 3364 1825 3419 doce
1854 3380 1950 3420 me
1977 3381 1992 3417 :
2016 3364 2171 3436 lquia

527 3451 826 3507 mandatis
851 3452 964 3507 tuis
983 3450 1223 3506 credidi.
1257 3452 1319 3505 P.
1346 3452 1707 3509 Secundum.
1760 3451 1820 3510 ἲν.
1845 3450 2060 3520 Gloria,
2115 3455 2172 3509 et

525 3538 717 3596 honor
744 3538 918 3595 Patri.
946 3538 1006 3594 P.
1035 3538 1376 3595 Secundum
1399 3540 1674 3596 verbum.

599 3627 821 3682 Oratio.
835 3625 1163 3683 Bonitatem
1179 3633 1232 3684 et
1244 3627 1621 3700 disciplinam
1636 3631 1692 3684 et
1705 3627 2007 3684 scientiam
2020 3626 2167 3683 doce

525 3719 638 3770 nos
661 3713 908 3769 Domine
933 3726 944 3768 :
977 3718 1041 3771 ut
1085 3731 1194 3772 nec
1223 3715 1450 3772 malitia
1475 3730 1751 3786 asperos;
1778 3729 1888 3770 nec
1941 3714 2168 3772 desidia

525 3801 974 3872 remissos;nec
1000 3804 1243 3861 stultitia
1282 3803 1495 3860 reddat
1519 3804 1787 3874 ignavos.
1821 3813 1893 3873 131.
1956 3808 2161 3861 Amen.

597 3889 705 3945 Per
732 3890 1204 3948 misericordiam
1241 3895 1426 3958 tuam,
1469 3894 1640 3946 Deus.

597 3978 879 4036 Dominus
896 3981 968 4038 sit
987 3995 1225 4053 semper
1241 3979 1565 4035 vobiscum.
1591 3990 1654 4049 ἢ.
1678 3982 1744 4036 Et
1767 3994 1924 4035 cum.

1116 4068 1217 4124 Ad
1249 4068 1522 4124 Tertiam.

777 4156 1172 4215 Ecclesiastici
1212 4155 1525 4212 Salomonis
1556 4156 1716 4226 (Cap.
1749 4157 1915 4226 xxv).

539 4252 548 4261 '
591 4253 653 4314 Βι.
684 4248 802 4302 Deo
834 4245 1077 4315 gratias.

591 4332 713 4400 Fili,
744 4333 938 4388 omnis
967 4332 1166 4404 plaga,
1217 4330 1448 4388 tristitia
1473 4331 1669 4387 cordis
1714 4335 1838 4388 est:
1880 4336 1934 4388 et
1961 4333 2155 4390 omnis

517 4417 1031 4489 malitia,nequitia
1049 4419 1332 4475 mulieris.
1363 4419 1428 4474 Et
1444 4433 1678 4477 omnem
1699 4419 2013 4492 plagam,et
2035 4438 2156 4479 non

2249 1915 2252 1918 .
2289 1869 2515 1940 populo
2546 1884 2702 1938 meo,
2732 1870 2874 1940 quia
2912 1868 2997 1924 vis
3049 1868 3316 1940 accipere
3347 1883 3599 1925 uxorem
3631 1869 3704 1924 de
3737 1868 3943 1927 Philis-

2287 1956 2478 2021 thiim,
2501 1957 2605 2030 qui
2628 1956 3024 2012 incircumcisi
3063 1957 3248 2013 sunt?
3276 1957 3552 2029 Dixitque
3581 1959 3837 2014 Samson
3863 1957 3943 2014 ad

2286 2049 2517 2117 patrem
2547 2061 2722 2100 suum
2755 2061 2766 2098 :
2793 2047 2953 2100 Hanc
2966 2043 3169 2116 accipe
3191 2045 3334 2100 mihi
3358 2061 3371 2100 :
3397 2045 3543 2117 quia
3556 2044 3771 2117 placuit
3791 2062 3941 2102 ocu-v

2287 2133 2360 2191 lis
2392 2133 2567 2188 meis.
2599 2136 2872 2189 Parentes
2897 2136 3096 2189 autem
3129 2132 3258 2203 ejus
3282 2133 3630 2190 nesciebant
3649 2134 3813 2206 quod
3839 2149 3934 2190 res

2287 2237 2322 2278 a
2360 2221 2607 2277 Domino
2627 2220 2812 2290 ﬁeret,
2845 2225 2900 2276 et
2919 2226 3210 2292 quaereret
3223 2221 3570 2278 occasiones
3588 2229 3794 2278 contra
3807 2221 3939 2278 Phi-

2284 2309 2548 2380 listhiim,
2581 2308 2685 2381 qui
2711 2308 3100 2365 dominantur
3131 2309 3333 2366 lsrael.
3378 2310 3695 2367 Descendit
3740 2311 3944 2382 itaque

2287 2399 2537 2453 Samson
2568 2412 2705 2452 cum
2734 2401 2902 2468 patre
2933 2412 3063 2467 suo,
3107 2402 3163 2453 et
3191 2403 3380 2454 matre
3441 2398 3503 2453 in
3549 2399 3945 2454 Thamnatha.

2287 2487 2546 2556 Cumque
2561 2485 2866 2541 venissent
2878 2484 2954 2540 ad
2967 2485 3176 2541 vineas
3193 2486 3404 2558 oppidi
3425 2486 3949 2559 apparuitcatulus

2285 2573 2475 2629 leonis
2507 2589 2719 2639 saevus,
2755 2573 3018 2643 rugiens,
3058 2579 3113 2629 et
3142 2573 3401 2630 occurrit
3430 2575 3502 2630 ei.
3546 2573 3718 2630 Irruit
3745 2581 3947 2630 autem

2286 2661 2533 2734 Spiritus
2554 2661 2788 2719 Domini
2816 2662 2875 2717 in
2909 2665 3178 2728 Samson,
3209 2667 3266 2719 et
3311 2662 3654 2720 dilaceravit
3677 2663 3943 2727 leonem,

2283 2751 2453 2821 quasi
2482 2749 2724 2805 haedum
2756 2749 2814 2804 in
2845 2749 3063 2806 frustra
3092 2751 3655 2823 concerperet,nihil
3685 2752 3940 2806 omnino

2282 2837 2510 2893 habens
2551 2837 2613 2892 in
2660 2852 2890 2892 manu:
2944 2841 3001 2893 et
3053 2837 3168 2894 hoc
3225 2841 3380 2910 patri
3410 2839 3594 2895 noluit
3644 2839 3938 2897 indicare.

2287 2924 2738 2996 Descenditque,
2761 2930 2817 2979 et
2844 2924 3077 2981 locutus
3096 2930 3187 2981 est
3203 2926 3458 2993 mulieri,
3481 2943 3612 2999 quin
3625 2925 3941 2999 placuerat

2283 3013 2470 3068 oculis
2498 3014 2647 3084 ejus.
2676 3014 2771 3069 Est
2793 3018 2928 3086 post
2960 3013 3194 3086 aliquos
3223 3015 3350 3071 dies
3381 3020 3676 3072 revertens
3709 3021 3772 3072 ut
3787 3016 3938 3072 acci-

2212 3141 2252 3196 Ο
2283 3105 2447 3172 peret
2471 3117 2627 3166 eam,
2662 3101 2977 3196 declinavit
2997 3107 3061 3158 ut
3085 3102 3311 3196 videret
3335 3104 3837 3196 cadaver‘leonis,
3879 3108 3937 3196 et

2285 3204 2420 3244 ecce
2450 3204 2699 3244 examen
2726 3205 2910 3261 apum
2941 3189 3002 3244 in
3029 3207 3131 3246 ore
3158 3190 3348 3246 leonis
3369 3197 3578 3248 eratac
3595 3191 3769 3248 favus
3791 3192 3936 3248 mel-

2283 3277 2378 3331 lis.
2411 3278 2597 3342 Quem
2620 3293 2757 3332 cum
2793 3279 3146 3350 sumpsisset
3166 3278 3227 3334 in
3249 3280 3553 3351 manibus,
3580 3280 3936 3339 comedebat

2279 3364 2340 3419 in
2372 3364 2465 3419 via
2502 3381 2515 3419 :
2558 3363 2923 3436 veniensque
2974 3365 3051 3422 ad
3077 3371 3309 3438 patrem
3343 3383 3522 3423 suum
3565 3373 3622 3424 et
3650 3375 3930 3435 matrem,

2278 3451 2436 3508 dedit
2460 3452 2544 3507 eis
2567 3458 2797 3524 partem
2815 3453 2917 3525 qui
2931 3455 3114 3526 etipsi
3133 3456 3522 3512 comederunt
3549 3474 3563 3512 :
3588 3472 3698 3512 nec
3728 3463 3932 3514 tamen

2277 3541 2359 3596 eis
2384 3539 2564 3596 voluit
2593 3539 2856 3596 indicare
2885 3542 3050 3614 quod
3076 3543 3195 3599 mel
3225 3543 3298 3599 de
3329 3560 3576 3616 corpore
3611 3545 3805 3602 leonis
3835 3563 3932 3602 as-

2279 3631 2626 3700 sumpserat.
2645 3628 2948 3685 Descendit
2962 3631 3162 3702 itaque
3178 3635 3344 3702 pater
3354 3633 3404 3704 ej
3416 3649 3484 3688 us
3500 3633 3573 3689 ad
3591 3634 3928 3701 mulierem,

2275 3717 2474 3772 etfecit
2486 3716 2606 3771 ﬁlio
2625 3732 2732 3773 suo
2747 3718 2997 3774 Samson
3015 3719 3481 3776 convivium.Sic
3493 3721 3654 3777 enim
3673 3723 3930 3792 juvenes

2274 3804 2465 3861 facere
2489 3811 2938 3863 consueverant.
2974 3810 3120 3864 Cum
3145 3823 3286 3878 ergo
3313 3809 3473 3864 cives
3493 3809 3609 3866 loci
3639 3811 3932 3867 vidissent

2271 3893 2458 3959 illum,
2487 3893 2776 3950 dederunt
2805 3894 2858 3950 ei
2889 3894 3146 3966 sodales,
3186 3897 3292 3968 qui
3326 3906 3521 3954 essent
3558 3915 3698 3954 cum
3721 3915 3795 3956 eo
3826 3900 3930 3956 tri-

2273 3982 2454 4052 ginta.
2481 3981 2706 4047 Quibus
2723 3981 2954 4038 locutus
2975 3989 3066 4040 est
3079 3985 3332 4041 Samson
3357 3985 3731 4058 :Proponam
3748 3988 3924 4044 vobis

2272 4071 2582 4142 problema
2611 4071 2809 4143 :quod
2840 4072 2887 4127 si
2911 4072 3361 4130 solveritismihi
3385 4075 3539 4132 intra
3553 4081 3785 4148 septem
3798 4076 3926 4133 dies

2271 4160 2539 4224 convivii,
2573 4158 2727 4214 dabo
2751 4159 2924 4215 vobis
2951 4160 3191 4230 triginta
3221 4160 3525 4229 sindones,
3585 4167 3644 4219 et
3675 4165 3925 4220 totidem

2269 4248 2501 4304 tunicas
2540 4247 2665 4302 :sin
2693 4251 2892 4303 autem
2916 4264 3024 4304 vos
3054 4264 3178 4305 non
3207 4251 3518 4321 potueritis
3533 4251 3786 4320 solvere,
3819 4269 3926 4310 vos

2269 4336 2487 4392 dabitis
2508 4335 2652 4391 mihi
2672 4335 2913 4405 triginta
2936 4336 3240 4407 sindones,
3274 4339 3670 4412 ejusdemque
3707 4343 3926 4400 nuneri

2267 4425 2518 4480 tunicas.
2550 4423 2658 4488 Qui
2691 4425 3127 4495 responderunt
3149 4427 3200 4482 ei
3231 4442 3242 4480 :
3278 4429 3548 4500 Propone
3579 4429 3923 4501 problema,

516 4504 760 4578 plagam
778 4487 1212 4562 videbitcordis
1237 4521 1248 4562 :
1269 4511 1326 4563 et
1342 4521 1582 4563 omnem
1604 4487 2013 4581 nequitiam,et
2033 4527 2156 4568 non
2191 4487 2236 4540 D
2269 4517 2329 4566 ut
2359 4487 2701 4567 audiamus.
2768 4487 3038 4584 Dixitque
3076 4513 3160 4570 eis
3192 4531 3203 4568 :
3233 4518 3313 4570 De
3361 4487 3714 4572 comedente
3745 4487 3930 4576 exivit

515 4592 842 4665 nequitiam
874 4593 1134 4650 mulieris
1169 4613 1187 4667 ;
1221 4600 1278 4651 et
1303 4610 1544 4652 omnem
1574 4596 1922 4664 obductum,
1955 4604 2010 4655 et
2034 4615 2155 4656 non

513 4680 841 4738 obductum
864 4681 1189 4739 odientium
1220 4704 1233 4743 :
1259 4688 1316 4741 et
1345 4699 1585 4742 omnem
1602 4687 1947 4756 vindictam,
1968 4693 2155 4744 etnon

511 4769 833 4827 vindictam
851 4771 1382 4830 inimicorum.Non
1405 4779 1491 4830 est
1511 4779 1689 4847 caput
1704 4777 1957 4848 nequius
1978 4792 2156 4849 super

511 4863 689 4928 caput
719 4859 945 4915 colubri
988 4865 1086 4921 :et
1113 4877 1236 4918 non
1285 4866 1373 4918 est
1391 4862 1476 4918 ira
1503 4878 1682 4934 super
1714 4863 1867 4919 iram
1914 4864 2152 4923 inimici.

511 4945 878 5003 Commorari
913 4947 1070 5004 leoni
1083 4955 1138 5006 et
1151 4950 1395 5008 draconi
1410 4949 1879 5023 'placebit,quam
1893 4951 2154 5009 habitare

509 5047 647 5090 cum
673 5034 918 5090 muliere
947 5051 1231 5110 nequam.
1267 5039 1538 5112 Nequitia
1576 5039 1840 5095 mulieris
1877 5040 2155 5098 immutat

507 5119 719 5178 faciem
750 5123 876 5192 ejus
896 5167 912 5192 ,
943 5129 1001 5181 et
1027 5129 1290 5183 obcaecat
1305 5127 1538 5183 vultum
1557 5143 1736 5182 suum
1751 5132 2040 5198 tanquam
2060 5145 2154 5184 ur-

507 5224 608 5265 sus
633 5211 895 5283 :etquasi
920 5215 1511 5271 saccumostendit.ln
1530 5213 1727 5269 medio
1740 5214 2152 5285 proximorum

511 5297 684 5369 243
721 5299 1114 5370 ingemuitvir
1137 5302 1346 5373 ejus,et
1362 5300 1614 5358 audiens
1642 5301 2150 5372 suspiravitmodi-

503 5402 661 5442 cum.
697 5390 886 5445 Brevis
913 5391 1108 5445 omnis
1130 5389 1354 5445 malitia
1371 5402 1545 5459 super
1559 5388 1849 5444 malitiam
1869 5391 2148 5458 mulieris,

505 5489 635 5531 sors
655 5483 1040 5548 peccatorum
1062 5476 1239 5533 cadat
1263 5489 1436 5546 super
1451 5474 1640 5532 illam.
1685 5476 1843 5532 Sicut
1866 5492 2148 5536 ascensus

500 5577 788 5622 arenosus
817 5564 878 5620 in
897 5563 1152 5634 pedibus
1202 5563 1483 5631 veterani,
1540 5564 1625 5620 sic
1645 5563 1858 5622 mulier
1880 5565 2144 5639 linguam

2266 4601 2452 4665 cibus,
2479 4601 2624 4656 etde
2644 4600 2774 4656 forti
2789 4617 3025 4673 egressa
3053 4609 3142 4659 est
3165 4603 3420 4660 dulcedo
3446 4621 3585 4661 :nec
3598 4613 3930 4678 potuerunt

2265 4704 2369 4761 per
2385 4695 2498 4745 tres
2519 4689 2645 4744 dies
2662 4691 3129 4761 pr0positionem
3147 4693 3667 4766 solvere.Cumque
3683 4697 3930 4753 adesset

2264 4777 2389 4833 dies
2403 4777 2990 4849 septimus,dixerunt
3005 4780 3083 4836 ad
3105 4797 3351 4837 uxorein
3374 4783 3681 4839 Samsonis
3707 4804 3721 4841 :
3751 4786 3927 4842 Blan-

2264 4866 2390 4922 dire
2415 4866 2541 4921 viro
2572 4871 2694 4930 tuo,
2722 4871 2778 4922 et
2799 4868 2983 4925 suade
3009 4869 3081 4938 ei,
3112 4875 3176 4926 ut
3199 4871 3418 4927 indicet
3438 4871 3541 4927 tibi
3564 4872 3716 4944 quid
3733 4875 3926 4946 signi-

2264 4953 2719 5026 ﬁcetproblema
2743 4971 2755 5010 :
2778 4956 2944 5027 quod
2961 4957 3008 5013 si
3019 4957 3210 5014 facere
3226 4959 3485 5015 nolueris
3504 5002 3518 5028 ,
3538 4961 3929 5021 incendimus

2263 5050 2339 5112 te,
2370 5047 2426 5097 et
2456 5042 2705 5099 domum
2727 5045 2914 5115 patris
2932 5047 3046 5102 tui:
3077 5061 3155 5102 an
3175 5046 3396 5104 idcirco
3419 5050 3671 5106 vocastis
3699 5067 3815 5107 nos
3843 5053 3930 5110 ad

2261 5130 2501 5202 nuptias
2518 5136 2580 5186 ut
2597 5131 2928 5203 spoliaretis
2954 5134 2983 5190 ‘I
3005 5136 3146 5200 Quae
3169 5134 3458 5193 fundebat
3479 5137 3644 5210 apud
3658 5140 3928 5198 Samson

2260 5218 2624 5290 lachrymas,
2651 5224 2706 5276 et
2733 5221 3092 5292 querebatur
3116 5223 3351 5279 dicens:
3386 5223 3524 5281 Odis
3558 5242 3676 5290 me,
3712 5232 3772 5284 et
3797 5245 3928 5287 non

2261 5307 2460 5378 diligis
2488 5324 2498 5362 :
2522 5308 2740 5364 idcirco
2754 5309 3080 5382 problema,
3098 5312 3261 5383 quod
3280 5315 3643 5386 proposuisti
3659 5316 3801 5372 ﬁliis
3818 5335 3929 5390 po-

2260 5395 2384 5467 puli
2412 5395 2529 5450 mei
2546 5411 2666 5452 non
2698 5397 2784 5452 vis
2806 5399 2951 5454 mihi
2981 5415 3302 5472 exponere.
3336 5402 3406 5456 At
3432 5401 3526 5457 iile
3555 5406 3882 5474 respondit
3910 5424 3924 5462 :

2265 5482 2420 5537 Patri
2449 5498 2586 5540 meo
2616 5489 2669 5540 et
2701 5485 2875 5542 matri
2903 5486 3067 5543 nolui
3122 5487 3357 5543 dicere:
3391 5494 3449 5544 et
3487 5490 3593 5546 tibi
3647 5493 3928 5552 indicare

2263 5573 2462 5641 potero
2483 5570 2512 5624 ‘I
2551 5573 2784 5644 Septem
2813 5573 2992 5644 igitur
3015 5573 3225 5630 diebus
3246 5577 3501 5632 convivii
3532 5577 3721 5637 ﬂebat
3752 5584 3927 5655 apud
