4192 6446
520 338 620 396 427

520 463 577 516 et
594 457 810 514 veritas
829 459 931 512 tua
950 454 1010 510 in
1036 443 1282 509 circuitu
1300 456 1421 510 tuo.
1446 453 1714 509 Psalmus
1743 462 2012 504 LXXXVIII.

592 543 768 616 245
793 543 1014 600 Oratio.
1040 541 1261 597 Christe
1281 541 1308 594 J
1315 556 1438 604 esu,
1476 539 1570 594 Dei
1592 539 1746 628 filius
1765 533 2153 628 admirabilis,

519 633 613 688 cui
635 631 839 688 nullus
870 629 1018 686 inter
1034 628 1188 684 ﬁlios
1215 627 1316 682 Dei
1346 642 1456 682 nec
1476 625 1718 698 aequalis
1752 626 1926 687 extat,
1943 635 2049 676 nec
2079 625 2154 674 si-

518 719 678 777 milis
702 733 717 784 ;
744 718 823 774 ad
850 720 905 772 te
928 716 1174 772 Domine
1193 729 1431 786 precem
1456 717 1722 769 nostram
1738 709 2070 779 dirigimus,
2094 710 2160 762 ut

519 805 1200 875 misericordiam,quam
1215 801 1508 874 pollicitus
1528 816 1590 856 es
1613 813 1850 855 servare
1909 794 2151 864 Sanctis,

519 894 779 964 digneris
794 906 1112 966 prorogare
1129 889 1423 946 conversis
1442 905 1455 942 :
1475 904 1544 944 ac
1561 887 2156 958 sic,quaasumus,nos

517 981 930 1038 moderamine
949 978 1275 1049 disciplinas
1296 976 1577 1048 corrigas,
1604 977 1671 1032 ut
1689 971 2060 1029 clementiam
2093 970 2154 1026 in

517 1069 608 1126 ira
657 1083 781 1126 non
844 1066 1116 1124 auferas:
1145 1080 1254 1121 nec
1298 1065 1704 1138 prophanetur
1733 1064 2152 1117 testamentum

518 1159 686 1212 tuum
710 1156 790 1211 ob
827 1153 1097 1210 admissa
1144 1153 1441 1219 facinora;
1465 1150 1571 1207 sed
1615 1153 1973 1221 temperetur
2009 1145 2153 1201 ultio

514 1241 890 1298 miseratione
915 1254 1204 1312 superna:
1228 1245 1285 1295 et
1303 1239 1432 1311 ipse
1457 1243 1668 1307 totum,
1687 1236 1851 1309 quod
1863 1233 2150 1304 displicet,

515 1329 756 1395 abluas;
780 1329 885 1401 qui
913 1331 1252 1400 peccatores
1275 1327 1352 1384 ad
1377 1330 1433 1383 te
1460 1329 1816 1383 revertentes
1827 1321 2151 1394 justiﬁcan-

513 1417 591 1474 do
615 1415 940 1486 gloriﬁcas:
972 1414 1197 1488 quique
1225 1429 1349 1470 non
1369 1429 1500 1470 esse
1523 1411 1759 1470 voluisti
1789 1427 1860 1467 ex
1877 1408 2060 1466 nihilo
2089 1407 2151 1464 id

511 1503 673 1578 quod
699 1518 908 1559 sumus
933 1519 947 1570 ;
973 1503 1101 1574 ipse
1121 1500 1399 1573 concede,
1445 1507 1512 1557 ut
1560 1499 1897 1557 coelestibus
1951 1496 2150 1568 regnis

511 1593 652 1666 apti,
681 1596 880 1648 tecum
905 1590 1033 1647 sine
1057 1589 1176 1646 ﬁne
1204 1590 1508 1646 vivamus.
1533 1599 1598 1660 ﬁt.
1631 1589 1837 1644 Amen.

580 1680 690 1736 Per
715 1678 1192 1736 misericordiam
1230 1682 1398 1735 tuam
1424 1680 1578 1734 Deus
1609 1683 1828 1740 noster,
1856 1677 1969 1730 etc.

1775 316 2224 381 BR—EVIARIUM
2268 321 2655 381 GOTHICUM.

2183 442 2231 498 Α
2267 448 2471 518 populi
2497 449 2694 513 mei,et
2724 451 2902 521 pelles
2926 467 3134 509 eorum
3148 456 3404 527 desuper
3423 456 3886 527 expoliaverunt
3911 468 3922 506 :

3817 331 3927 385 428

2265 537 2320 588 et
2345 551 2480 590 ossa
2505 553 2707 591 eorum
2741 540 3649 608 confregerunt,etconciderunt
3677 544 3834 598 sicut
3862 546 3924 598 in

2263 619 2531 686 lebete,et
2551 624 2728 694 quasi
2753 641 2992 682 carnem
3023 628 3081 682 in
3100 629 3297 685 medio
3314 630 3465 685 ollae.
3501 631 3666 686 Tunc
3699 631 3929 687 clama-

2260 706 2410 763 bunt
2434 710 2510 764 ad
2539 711 2877 779 Dominum,
2901 721 2955 769 et
2981 731 3100 770 non
3122 718 3396 773 exaudiet
3419 735 3521 773 eos
3551 733 3563 773 :
3589 724 3646 773 et
3669 719 3928 774 abscon-

2260 795 2359 850 det
2387 795 2594 852 faciem
2620 815 2793 854 suam
2815 801 2887 854 ab
2913 802 2997 856 eis
3024 803 3082 857 in
3129 808 3392 875 tempore
3446 804 3569 871 illo,
3605 805 3760 859 sicut
3823 821 3929 860 ne-

2259 882 2455 953 quiter
2473 891 2716 953 egerunt
2741 888 2800 941 in
2854 889 3378 946 adinventionibus
3410 891 3554 946 suis.
3612 896 3748 947 Haec
3777 893 3928 949 dicit

2259 968 2546 1027 Dominus
2577 990 2753 1044 super
2782 979 3127 1047 prophetas,
3160 980 3264 1050 qui
3295 980 3591 1036 seducunt
3619 981 3926 1052 populum

2257 1071 2461 1114 meum
2491 1075 2502 1115 :
2523 1061 2625 1131 qui
2651 1063 2926 1119 mordent
2949 1064 3223 1120 dentibus
3242 1067 3443 1131 suis,et
3466 1068 3924 1139 praedicantpa-

2258 1159 2416 1204 cem:
2445 1151 2503 1202 et
2527 1149 2575 1202 si
2588 1150 2724 1220 quis
2754 1165 2876 1206 non
2888 1150 3188 1208 dederitin
3211 1169 3313 1209 ore
3331 1169 3541 1210 eorum
3566 1155 3922 1228 quippiam,

2257 1235 2626 1293 sanctificant
2649 1253 2827 1310 super
2854 1255 2990 1296 eum
3017 1241 3639 1315 prieliumPropterea
3666 1261 3790 1301 nox
3818 1261 3925 1301 νος

2255 1319 2348 1375 bis
2376 1337 2486 1392 pro
2513 1323 2738 1380 visione
2767 1327 2896 1392 erit,
2927 1332 2982 1383 et
3020 1329 3280 1385 tenebras
3334 1330 3510 1386 vobis
3541 1347 3655 1402 pro
3687 1333 3924 1389 divina-

2256 1406 2414 1463 tione
2439 1424 2452 1463 :
2485 1413 2542 1464 et
2555 1411 2870 1468 occumbet
2893 1413 2982 1469 sol
3010 1430 3192 1486 super
3211 1417 3558 1487 prophetas,
3587 1423 3646 1474 et
3671 1419 3922 1476 obtene-

2253 1494 2523 1553 brabitur
2547 1515 2726 1571 super
2753 1515 2855 1556 eos
2875 1501 3018 1557 dies.
3040 1506 3104 1558 Et
3124 1505 3568 1562 confundentur
3586 1508 3690 1578 qui
3707 1508 3918 1565 vident

2253 1583 2532 1655 visiones,
2566 1592 2623 1642 et
2645 1588 3084 1646 confundentur
3111 1591 3294 1647 divini
3317 1607 3328 1646 :
3351 1597 3406 1648 et
3422 1594 3695 1665 operient
3719 1596 3917 1651 vultus

2256 1686 2398 1751 suos
2425 1687 2653 1744 omnes,
2685 1676 2828 1747 quia
2853 1692 2976 1732 non
3005 1682 3091 1734 est
3108 1695 3456 1751 responsum
3485 1682 3590 1736 Dei
3615 1683 3677 1737 in
3700 1683 3918 1741 eis.Ve-

579 1767 927 1833 Antiphona
955 1770 1008 1823 2.
1038 1765 1388 1822 Laudamini
1407 1765 1467 1820 in
1491 1763 1733 1822 nomine
1759 1767 1966 1818 sancto
1981 1762 2140 1832 ejus:
2173 1741 2593 1828 BJrumtamen
2614 1741 2726 1832 ego
2775 1763 3032 1835 repletus
3088 1741 3224 1821 sum
3267 1767 3613 1824 fortitudine
3667 1770 3913 1842 spiritus

507 1855 734 1912 laetetur
760 1870 861 1911 cor
879 1853 1270 1926 quasrentium
1297 1853 1640 1909 Dominum.
1660 1851 1929 1907 Psalmus
1963 1865 2072 1906 Civ.

579 1943 801 1999 Oratio.
832 1945 1146 1998 Narrantes
1172 1941 1466 1998 mirabilia
1495 1944 1616 2008 tua,
1647 1939 1915 2004 Domine,
1940 1940 2146 1994 sancto

508 2035 611 2088 tuo
637 2030 908 2086 laetemur
921 2029 981 2084 in
1001 2029 1275 2087 nomine:
1309 2027 1389 2085 da
1419 2028 1593 2084 nobis
1621 2033 1676 2083 te
1723 2025 2031 2099 quaerendi
2056 2040 2146 2080 so-

505 2118 736 2175 lertiam
760 2136 776 2188 ;
803 2122 859 2174 et
875 2116 1205 2173 inveniendi
1231 2116 1421 2173 tribue
1460 2115 1906 2172 efficaciammt
1943 2118 1996 2168 te
2026 2128 2148 2168 me-

505 2221 745 2264 reamur
766 2205 1050 2278 aspicere,
1075 2207 1133 2261 et
1156 2203 1357 2261 vultus
1414 2203 1500 2260 tui
1531 2218 1769 2276 semper
1809 2201 2146 2258 ostensione

505 2294 787 2366 gaudere.
812 2304 876 2364 ne.
903 2296 1113 2348 Amen.

576 2385 682 2439 Per
712 2379 1177 2437 misericordiam
1205 2382 1394 2435 tuam.

574 2469 923 2538 Antiphona
943 2467 1250 2532 3.Qua=.rite
1267 2465 1674 2533 Dominum,et
1693 2461 2108 2521 confortamini
2127 2481 2141 2518 :

503 2556 750 2630 quaerite
772 2554 983 2610 faciem
1003 2555 1131 2625 ejus
1161 2568 1414 2626 semper.
1447 2554 1716 2610 Psalmus
1736 2567 1846 2608 CIV.

573 2655 638 2715 13;.
661 2641 960 2714 Numquid
982 2641 1043 2696 in
1071 2645 1356 2697 aeternum
1378 2639 1709 2696 continebis
1730 2645 1804 2706 te,
1846 2637 2092 2694 Domine
2115 2637 2144 2693 ‘I

503 2730 725 2787 tacebis
765 2733 824 2785 et
864 2727 1092 2798 efﬂiges
1126 2743 1238 2783 nos
1284 2727 1460 2782 nimis
1483 2729 1512 2784 ?
1540 2727 1774 2783 Utinam
1814 2725 2146 2795 disrumpe-

500 2833 595 2875 res
613 2817 878 2884 omlos,et
891 2814 1283 2873 descenderes
1305 2815 1383 2871 ad
1407 2814 1782 2871 liberandum
1801 2829 1930 2869 nos.
1950 2813 2010 2872 V.
2043 2814 2144 2868 Fa-

503 2907 579 2963 cti
626 2919 835 2962 sumus
862 2905 1037 2977 quasi
1053 2905 1113 2958 in
1128 2902 1587 2975 principio,cum
1604 2917 1725 2959 non
1747 2899 2142 2958 dominareris

501 2995 685 3051 nostri
704 3009 717 3048 :
745 3008 939 3066 neque
963 2993 1338 3048 invocaretur
1356 3005 1578 3046 nomen
1606 2996 1776 3046 tuum
1793 3005 1968 3060 super
1995 3003 2106 3043 nos
2119 3029 2132 3043 .

2254 1844 2509 1913 Domini,
2536 1847 2780 1918 judicio,
2811 1856 2868 1905 et
2892 1850 3161 1908 veritate.
3202 1865 3267 1923 Ep.
3295 1859 3512 1910 Amen.

2323 1933 2668 2002 Antiphona
2703 1939 2978 1994 LMemor
3007 1945 3131 1995 esto
3152 1943 3337 1997 nostri
3373 1942 3623 2000 Domine
3645 1945 3703 2000 in
3729 1945 3909 2002 benc-

2252 2019 2471 2092 placito
2501 2024 2704 2094 populi
2745 2025 2845 2080 tui.
2876 2026 3150 2082 Psalmus
3183 2045 3272 2084 cv.

2325 2109 2549 2166 Oratio.
2579 2112 2846 2178 Benedic,
2878 2115 3128 2170 Domine
3161 2118 3520 2181 Deus,lsrael
3549 2135 3584 2174 a
3612 2120 3828 2176 saeculo
3845 2125 3902 2176 et

2251 2210 2442 2267 usque
2467 2197 2527 2252 in
2553 2198 2837 2254 saeculum
2864 2217 2877 2267 ;
2908 2217 3091 2272 quem
3121 2204 3433 2276 multiplex
3461 2212 3731 2262 creatura
3744 2207 3902 2262 mul-

2251 2283 2432 2354 tiplici
2447 2289 2795 2342 naturarum
2808 2289 3090 2344 varietate
3109 2291 3479 2348 conlaudant
3503 2310 3516 2348 :
3539 2308 3773 2350 memor
3783 2299 3908 2351 esto

2251 2373 2584 2427 testamenti
2608 2375 2792 2429 sancti
2822 2375 2905 2430 tui
2927 2394 2940 2443 ;
2968 2381 3024 2431 et
3039 2377 3324 2448 poeniteat
3339 2384 3392 2434 te
3409 2381 3748 2438 secundum
3763 2383 3909 2437 mul-

2250 2458 2562 2514 titudinem
2588 2463 3004 2518 misericordiae
3031 2470 3178 2523 tuas:
3213 2472 3278 2521 ut
3306 2467 3910 2541 iniquitatem,quam

2251 2544 2520 2613 fecimus,
2545 2552 2600 2603 et
2619 2555 2952 2620 peccatum,
2979 2553 3143 2623 quod
3174 2569 3313 2609 cum
3355 2557 3629 2626 patribus
3660 2559 3908 2614 traduce

2251 2635 2477 2704 peccati
2509 2637 2934 2706 contraximus,
2962 2644 3012 2694 te
3042 2639 3783 2716 donante,lachrymarum
3798 2645 3910 2700 ﬂu-

2251 2721 2513 2776 minibus
2542 2723 2857 2795 cordisque
2882 2727 3201 2795 gemitibus
3225 2729 3778 2787 abluamus.Libera
3800 2733 3910 2801 igi-

2251 2812 2345 2864 tur
2371 2812 2856 2880 nos,Domine,de
2878 2830 3064 2870 manu
3115 2815 3435 2888 spirituum
3460 2820 3830 2887 odientium;
3854 2827 3914 2878 et

2249 2897 2476 2953 redime
2500 2899 2574 2954 de
2603 2899 2833 2955 insidiis
2883 2902 3295 2961 inimicorum:
3321 2907 3548 2979 quique
3584 2909 3774 2964 verbo
3808 2915 3912 2966 tuo

2250 2985 2935 3055 credimus,credulitatis
2956 2990 3137 3060 ipsius
3160 2991 3504 3050 fortitudine
3521 2997 3909 3065 muniamur;

501 3083 566 3138 P.
601 3081 840 3138 Utinam
864 3078 1294 3151 disrumperes.
1315 3078 1381 3139 Ῡ.
1407 3077 1623 3145 Gloria,
1656 3085 1711 3133 et
1731 3079 1925 3132 honor
1948 3076 2132 3132 Patri.
2171 3069 2213 3126 C
2254 3071 2428 3142 246
2452 3088 2520 3128 ac
2542 3073 2626 3128 sic
2651 3075 2940 3131 confessio
2962 3077 3600 3145 humilium,ccelorum
3622 3084 3745 3141 alta
3769 3101 3915 3140 con-

501 3171 1125 3327 l’.Plrj'elcl'iezfnliogamus
1151 3257 1223 3326 te,
1255 3256 1378 3311 Rex
1405 3253 1778 3319 saaculorum,
1811 3253 1967 3306 Deus
2011 3265 2146 3306 san-

501 3348 692 3403 cte.P.
723 3345 856 3401 Jam
903 3345 1181 3400 miserere
1215 3361 1230 3411 ;
1264 3342 1639 3414 precavimus
1692 3339 1818 3396 tibi.
1874 3340 1934 3398 in
1992 3338 2144 3394 Audi

501 3433 846 3490 clamantes.
887 3431 1058 3487 Pater
1075 3430 1382 3500 altissime,
1407 3436 1462 3485 et
1484 3445 1620 3501 quas
1654 3442 1994 3500 precamur,
2029 3425 2143 3480 cle-

500 3537 671 3578 mens
693 3519 964 3584 attribue,
1009 3518 1225 3575 exaudi
1262 3533 1374 3575 nos
1395 3515 1660 3573 Domine.
1706 3518 1764 3570 P.
1790 3517 1921 3570 Jam
1965 3515 2141 3569 mise-

501 3623 650 3664 rere.
679 3605 744 3666 tlt.
775 3605 1018 3674 lndulge
1042 3605 1248 3678 lapsis,
1297 3603 1541 3673 indulge
1592 3601 1856 3674 perditis,
1912 3601 2142 3657 dimitte

501 3709 746 3760 noxam,
778 3691 952 3748 ablue
977 3692 1243 3758 crimina,
1275 3691 1527 3748 acclives
1547 3695 1612 3746 tu
1642 3689 1906 3746 subleva.
1924 3689 1986 3742 P.
2009 3690 2143 3745 Jam

502 3781 802 3837 miserere.
829 3778 891 3840 il'.
919 3783 998 3837 Ne
1024 3779 1352 3838 recorderis
1382 3784 1586 3835 nostra
1619 3778 1916 3848 facinora;
1935 3777 2034 3832 sed
2061 3777 2146 3832 in-

502 3867 808 3939 dulgendo
826 3883 937 3924 nos
953 3884 1160 3925 omnes
1171 3867 1269 3939 adj
1280 3882 1395 3922 uva
1412 3883 1424 3922 :
1440 3869 1767 3938 prostratos
1784 3868 1846 3920 tu
1859 3864 2070 3920 releva.
2080 3866 2140 3920 P.

500 3957 635 4013 Jam
655 3955 1319 4017 miserere.tlt.0mnesin
1340 3969 1549 4019 unum,
1590 3959 1663 4023 te,
1700 3954 1928 4020 Sancte,
1957 3952 2146 4024 posci-

499 4060 797 4117 mus,quaa
823 4044 1283 4117 postulamus,tu
1312 4041 1474 4097 dona
1496 4041 1744 4110 largius:
1765 4041 1978 4096 exaudi
1995 4056 2141 4113 pro-

501 4134 702 4206 pitius.
728 4137 794 4190 P.
833 4133 966 4188 Jam
1003 4131 1285 4187 miserere
1315 4145 1333 4199 ;
1362 4128 1742 4201 peccavimus
1780 4128 1904 4186 tibi.

573 4221 860 4290 Hymnus.
892 4221 934 4274 Ο
965 4221 1284 4282 Nazarene,
1315 4216 1436 4272 lux.
1463 4216 1571 4285 fol.
1596 4217 1720 4272 144.

576 4306 796 4362 Oratio.
820 4305 1231 4369 Quaerentibus
1252 4309 1326 4370 te,
1350 4305 1618 4370 Domine,
1647 4303 1838 4360 tribue
1860 4304 2146 4361 fortitudi-

2252 3159 2588 3223 scendat,ut
2615 3176 2651 3216 a
2681 3161 2869 3218 Verbo
2900 3168 3004 3220 tuo
3025 3165 3278 3222 salvatio
3303 3169 3481 3225 nobis
3505 3171 3754 3242 profusa
3771 3171 3916 3228 sub-

2251 3246 2470 3302 veniat.
2504 3258 2566 3317 ἢ.
2605 3250 2822 3307 Amen.

2323 3336 2428 3388 Per
2453 3335 2944 3394 misericordiam.

2320 3421 2671 3490 Antiphona
2691 3429 2742 3480 2.
2769 3427 2952 3483 Visita
3011 3444 3120 3485 nos
3152 3431 3400 3488 Domine
3437 3433 3497 3489 in
3525 3433 3719 3492 salute
3772 3439 3905 3494 tua.

2254 3508 2525 3565 Psalmus
2546 3526 2636 3566 cv.

2323 3598 2541 3652 Oratio.
2577 3601 2862 3657 Memento
2888 3604 3093 3673 nostri,
3127 3605 3399 3673 Domine,
3429 3608 3490 3663 in
3522 3609 3918 3682 beneplacito

2251 3686 2455 3756 populi
2487 3687 2589 3749 tui,
2611 3692 2666 3742 et
2695 3688 2876 3745 intuo
2897 3707 3006 3746 nos
3037 3693 3210 3749 visita
3261 3695 3506 3753 salutari
3529 3715 3544 3757 :
3565 3702 3631 3754 ut
3655 3699 3764 3770 qui
3808 3715 3920 3756 no-

2251 3775 2386 3829 stris
2417 3791 2554 3830 cum
2575 3777 2841 3848 patribus
2873 3796 3076 3837 coram
3131 3787 3188 3838 te
3239 3785 3442 3856 inique
3501 3788 3804 3856 gessimus
3835 3807 3850 3856 ;
3882 3807 3920 3847 a

2253 3861 2653 3919 damnationis
2682 3866 2906 3936 origine
2929 3873 2984 3923 et
3014 3869 3260 3926 actualis
3284 3874 3505 3942 peccati
3527 3876 3917 3946 contagione,

2251 3953 2356 4004 tua
2380 3949 2595 4007 reduce
2618 3953 2808 4021 gratia
2830 3953 3169 4012 liberemur.
3196 3969 3260 4027 ne.
3288 3963 3504 4016 Amen.

2323 4038 2431 4092 Per
2456 4038 2945 4097 misericordiam.

2321 4127 2671 4195 Antiphona
2704 4129 2971 4186 3.Libera
2995 4134 3668 4208 nos,Domine,propter
3685 4153 3921 4196 nomen

2253 4219 2433 4270 tuum:
2450 4221 2708 4270 etnotam
2722 4217 2811 4273 fac
2824 4219 2996 4274 nobis
3009 4223 3329 4291 potentiam
3348 4226 3805 4282 tuam.Psalmus
3819 4244 3917 4285 cv.

2323 4314 2386 4371 Ην.
2417 4305 2716 4375 Numquid
2739 4321 2861 4362 non
2886 4308 3037 4365 valet
3061 4326 3280 4366 manus
3314 4313 3547 4369 Domini
3571 4314 3782 4373 salv05
3801 4332 3921 4373 nos

503 4408 677 4460 nem;
701 4399 758 4448 et
779 4392 1081 4464 quaerendi
1110 4405 1164 4448 te
1187 4393 1405 4462 jugiter
1423 4392 1669 4448 infunde
1694 4399 1966 4449 sanctum
1981 4409 2145 4450 amo-
2171 4405 2220 4463 ι)
2251 4390 2479 4448 facere:
2505 4396 2607 4448 aut
2633 4393 2907 4462 grababit
2929 4411 3154 4464 aurem,
3184 4399 3248 4453 P.
3292 4402 3361 4456 Ut
3405 4417 3530 4457 non
3567 4403 3864 4462 exaudiat
3894 4405 3920 4460 τ

502 4497 631 4538 rem
655 4497 666 4536 :
701 4479 890 4552 utqui
916 4484 1079 4536 tuam
1101 4480 1443 4538 desiderant
1465 4497 1700 4538 cernere
1741 4481 1973 4549 faciem,
2014 4497 2141 4554 per-

500 4570 795 4627 niciosam
825 4568 1033 4624 mundi
1051 4584 1169 4625 non
1192 4573 1470 4641 appetant
1508 4570 1901 4642 voluptatem:
1921 4585 2144 4642 eosque

502 4659 703 4714 saeculi
746 4657 1159 4714 blandimenta
1209 4674 1330 4715 non
1373 4659 1676 4715 detineant
1717 4674 2144 4731 usquequaque

500 4747 769 4819 captivos
801 4763 816 4814 ;
843 4752 905 4802 ut
932 4748 1033 4803 lux
1060 4746 1256 4804 vultus
1283 4747 1368 4804 tui
1397 4747 1676 4805 clariﬁcet
1693 4749 1824 4820 jam
1840 4747 2073 4804 beatos.

573 4837 739 4892 Pater
765 4841 987 4892 noster.

1115 4926 1214 4982 Ad
1262 4928 1519 4983 Sextum.

644 5014 841 5070 Lectio
877 5015 1016 5070 libri
1042 5015 1312 5072 Micheece
1358 5015 1660 5084 Propheta:
1704 5013 1870 5084 (Cap.
1897 5015 1998 5079 ιιι).

573 5112 637 5173 ἢ.
670 5101 787 5158 Deo
818 5105 1055 5173 gratias.

570 5192 779 5247 Audite
809 5191 1108 5264 principes
1135 5189 1406 5256 Jacob,et
1429 5189 1613 5244 duces
1663 5188 1883 5243 domus
1924 5189 2140 5248 Israel:

500 5279 802 5351 Numquid
827 5295 948 5335 non
973 5283 1236 5332 vestrum
1262 5283 1352 5332 est
1374 5276 1524 5331 scire
1542 5275 1856 5346 judicium,
1879 5276 1981 5347 qui
2005 5277 2144 5333 odio

498 5366 733 5422 habetis
775 5366 1027 5430 bonum,
1083 5369 1139 5420 et
1159 5363 1396 5432 diligitis
1429 5361 1694 5420 malum:
1728 5363 1832 5433 qui
1861 5362 2146 5421 violenter

501 5455 701 5511 tollitis
732 5454 914 5525 pelles
941 5468 1146 5508 eorum
1176 5451 1433 5523 desuper
1457 5451 1564 5518 eis,
1597 5456 1653 5506 et
1676 5467 1916 5508 carnem
1937 5469 2144 5511 eorum

502 5542 758 5618 desuper
782 5540 1020 5599 ossibus
1049 5555 1256 5598 eorum
1286 5539 1316 5596 7
1335 5540 1446 5606 Qui
1473 5539 1862 5598 comederunt
1903 5556 2143 5600 carnem

2255 4477 2366 4534 Sed
2398 4484 2639 4550 peccata
2667 4487 2865 4538 nostra
2892 4483 3044 4540 inter
3067 4500 3199 4554 nos,
3249 4492 3305 4543 et
3359 4491 3547 4545 Deum
3588 4497 3910 4563 separant.

2251 4565 2314 4626 ἲν.
2341 4568 2641 4639 Numquid
2668 4568 3094 4638 abbreviata,et
3113 4575 3365 4646 parvula
3385 4575 3544 4634 facta
3567 4585 3657 4635 est
3691 4596 3920 4637 manus

2253 4656 2510 4724 Domini,
2544 4662 2607 4714 ut
2632 4659 2865 4716 salvare
2895 4668 3186 4733 nequeat:
3207 4669 3311 4721 aut
3354 4666 3500 4723 tales
3526 4675 3668 4724 sunt
3687 4671 3921 4740 cogita-

2253 4743 2444 4800 tiones
2468 4745 2686 4816 ejus.P.
2716 4750 2784 4803 Ut
2807 4764 2929 4804 non
2957 4752 3277 4809 exaudiat?
3305 4754 3418 4810 Sed
3437 4762 3686 4827 peccata
3701 4765 3920 4816 nostra

2252 4832 2403 4888 inter
2423 4849 2552 4898 nos,
2577 4839 2632 4890 et
2662 4837 2849 4892 Deum
2876 4845 3174 4910 separant.
3212 4840 3274 4902 ἣν.
3309 4841 3528 4913 Gloria,
3556 4849 3616 4902 et
3641 4846 3915 4906 honor...

2253 4923 2586 4978 Reiteretur
2613 4934 2682 4992 BI.

2323 5011 2555 5067 Preces.
2585 5013 2742 5067 Servi
2769 5013 3404 5084 tui,Domine,acclives
3425 5026 3620 5079 orant.
3648 5027 3715 5082 P.
3763 5027 3919 5082 Cum

2252 5099 2682 5156 misericordia.
2715 5100 2775 5160 ἣν.
2799 5106 3024 5160 Amove
3051 5111 3323 5163 nostrum
3371 5108 3642 5170 facinus:
3674 5117 3732 5168 et
3762 5114 3920 5184 pelle

2251 5204 2386 5260 quae
2413 5189 2807 5260 pavescimus.
2839 5193 2897 5246 P.
2927 5192 3092 5249 Cum.
3125 5194 3186 5255 ἲν.
3223 5198 3306 5252 Da
3327 5198 3567 5255 veniam
3614 5203 3923 5271 peccanti-

2250 5275 2389 5342 bus,
2420 5280 2477 5332 et
2501 5276 2758 5332 fructum
2784 5281 3231 5350 paenitentibus.
3261 5287 3318 5340 P.
3345 5287 3514 5344 Cum.
3537 5287 3599 5349 Ψ.
3645 5292 3920 5372 Mortem,

2251 5367 2494 5428 famem,
2523 5364 2616 5420 vel
2645 5365 2911 5435 gladium
2939 5385 2976 5426 a
3003 5371 3179 5427 nobis
3211 5374 3420 5444 procul
3446 5364 3918 5436 etlusa.P.Cum:

2252 5453 2316 5512 it.
2346 5456 2565 5522 Regem
2591 5459 2864 5514 nostrum
2893 5474 3029 5515 cum
3061 5459 3335 5532 plebibus
3368 5463 3534 5523 solve
3566 5483 3604 5526 a
3649 5469 3920 5528 crimini-

2251 5541 2392 5599 bus.
2422 5542 2481 5600 P.
2522 5544 2688 5600 Cum.
