4192 6412
315 263 431 318 433

384 386 675 456 Hymnus.
720 391 871 445 Deus
902 395 1130 449 creator
1160 394 1454 452 omnium.
1476 398 1586 466 fol.
1616 403 1735 453 I75.

386 475 670 545 Capitula.
698 478 1156 538 Misericordiam
1184 487 1239 538 et
1264 484 1557 553 judicium
1590 482 1965 554 Redemptori

304 564 415 618 tibi
448 564 699 620 Domino
755 573 1064 624 cantemus
1096 577 1151 626 et
1175 572 1401 642 judiei;
1447 574 1545 629 illa
1579 590 1691 629 nos
1722 573 1966 645 quidem

302 652 586 723 suscipis,
619 654 733 709 hoc
772 654 1035 712 deterres
1066 676 1078 712 :
1110 658 1226 714 illic
1256 668 1345 715 est
1375 662 1475 717 lux
1523 661 1963 724 miserationis;

297 740 403 795 hic
426 741 644 796 modus
664 745 987 800 examinis:
1018 747 1206 802 tribue
1222 748 1400 818 igitur
1422 750 1666 805 Domine
1688 749 1966 821 supplici-

297 828 422 884 bus
458 829 594 892 tuis,
628 834 689 885 ut
715 846 815 885 cor
847 848 1094 902 pravum
1122 835 1293 890 nobis
1323 852 1443 892 non
1462 838 1853 905 adhaereat;et
1878 852 1966 891 res

298 917 470 971 mala
483 923 620 973 ante
634 919 838 975 oculos
853 926 1087 977 nostros
1104 923 1465 980 inlecebram
1480 942 1599 981 non
1614 925 1961 997 praetendat:

296 1005 411 1059 sed
437 1006 789 1063 innocentiae
822 1010 1195 1082 simplicitate
1213 1014 1573 1081 gradientes,
1592 1014 1768 1086 249
1792 1012 1963 1069 mise-

292 1098 468 1149 rator
500 1099 555 1149 et
581 1096 715 1165 pius
746 1099 1019 1169 porrigas
1042 1116 1055 1164 ;
1080 1104 1137 1156 et
1156 1100 1343 1171 judex
1366 1118 1543 1158 verus
1575 1103 1873 1158 absolvas.

379 1183 553 1236 Pater
584 1187 802 1239 noster.

374 1270 605 1325 Lauda.
641 1273 849 1327 Manus
880 1276 993 1329 tuae
1015 1273 1281 1333 fecerunt
1301 1292 1417 1344 me,
1447 1282 1500 1332 et
1517 1276 1964 1347 plasmaverunt

290 1370 399 1411 me
435 1358 537 1411 :P.
570 1358 655 1413 Da
708 1359 853 1415 mihi
897 1361 1259 1418 intellectum
1300 1364 1568 1429 Domine,
1634 1373 1696 1419 ut
1733 1364 1962 1418 discam

289 1444 594 1501 mandata
624 1450 746 1503 tua.
781 1448 840 1507 Ψ.
877 1450 985 1514 Qui
1017 1450 1225 1507 timent
1254 1451 1624 1516 te,videbunt
1655 1467 1769 1516 me,
1795 1452 1962 1506 etlae-

287 1531 588 1589 tabuntur
610 1554 621 1592 :
647 1535 786 1605 quia
815 1536 875 1592 in
903 1538 1081 1594 verbo
1105 1542 1205 1595 tuo
1224 1540 1477 1610 speravi.
1510 1542 1581 1596 P.
1608 1541 1695 1596 Da
1715 1537 1957 1598 mihiJV.

294 1618 525 1675 Gloria.
551 1623 620 1676 P.
666 1624 751 1678 Da
780 1626 952 1680 mihi.

1478 272 1831 331 DOMINICA
1869 268 1941 325 III
1981 263 2594 337 QUADRAGESIMIE.

3628 270 3730 328 434

1996 392 2044 447 Α
2079 390 2211 448 dias
2241 408 2346 464 per
2367 395 2680 452 circuitum
2700 394 2865 451 urbis
2886 395 3089 451 Gabaa
3116 411 3129 449 :
3154 400 3211 452 et
3232 397 3401 453 tertia
3420 395 3550 453 vice
3579 397 3732 453 sicut

2080 480 2253 535 semel
2265 487 2319 536 et
2340 482 2656 546 bis,contra
2671 482 2972 552 Benjamin
2986 484 3297 538 exercitum
3309 486 3449 555 prod
3460 488 3726 541 uxerunt.

2080 568 2189 624 Sed
2205 574 2259 624 et
2283 570 2383 624 ﬁlii
2404 572 2698 640 Benjamin
2712 570 3017 627 audaciter
3036 579 3419 643 erumperunt
3435 574 3508 628 de
3528 574 3730 630 civita-

2078 661 2149 717 te,
2183 663 2238 713 et
2270 658 2559 727 fugientes
2590 658 3219 728 adversarioslongius
3248 662 3543 730 persecuti
3568 669 3724 731 sunt,

2076 744 2157 799 ita
2172 749 2234 799 ut
2262 746 2637 802 vulnerarent
2656 763 2729 803 ex
2747 748 2832 803 eis
2852 750 2995 801 sicut
3018 747 3212 817 primo
3244 752 3300 801 et
3327 750 3592 802 secundo
3611 750 3726 815 die,

2076 839 2130 885 et
2154 832 2446 888 caederent
2478 850 2580 905 per
2610 836 2759 889 duas
2790 834 3032 889 semitas
3066 838 3231 901 terga
3253 839 3729 907 vertentes,qua-

2074 935 2209 975 rum
2234 936 2355 976 una
2376 921 2672 978 ferebatur
2701 923 2760 977 in
2794 922 3014 990 Bethel,
3048 926 3105 975 et
3130 922 3314 977 altera
3334 922 3389 975 in
3412 922 3729 988 Gabaa,at-

2074 1023 2185 1079 que
2200 1014 2637 1079 prosternerent
2653 1011 2890 1079 triginta
2912 1010 3139 1065 circiter
3156 1010 3313 1065 viros
3333 1031 3346 1065 :
3369 1014 3729 1080 putaverunt

2074 1095 2223 1150 enim
2239 1097 2410 1153 solito
2427 1114 2529 1153 eos
2548 1114 2700 1153 more
2720 1098 3081 1162 credere.Qui
3097 1097 3294 1166 fugam
3310 1103 3432 1153 arte
3447 1097 3731 1152 simulan-

2074 1183 2443 1247 tes,inierunt
2455 1187 2763 1241 consilium
2777 1190 2838 1242 ut
2851 1186 3253 1241 abstraherent
3267 1200 3370 1241 eos
3389 1184 3457 1239 de
3473 1186 3724 1251 civitate,

2072 1275 2128 1325 et
2140 1271 2306 1341 quasi
2319 1272 2605 1344 fugientes
2624 1274 2696 1329 ad
2710 1273 3067 1344 supradictas
3086 1273 3313 1329 semitas
3328 1272 3725 1343 perducerent.

2072 1358 2289 1413 Omnes
2316 1360 2510 1433 itaque
2540 1361 2643 1417 ﬁlii
2670 1361 2846 1417 Israel
2870 1365 3178 1432 surgentes
3204 1361 3278 1416 de
3311 1359 3556 1416 sedibus
3579 1360 3729 1426 suis,

2072 1447 2442 1504 tetenderunt
2464 1450 2653 1505 aciem
2674 1450 2734 1504 in
2755 1449 2907 1515 loco,
2957 1450 3060 1521 qui
3106 1448 3434 1505 vocabatur
3453 1447 3727 1504 Baaltha-

2071 1551 2221 1590 mar.
2244 1537 2473 1593 Insidiaa
2494 1553 2756 1609 quoque,
2782 1554 2913 1608 quae
2930 1538 3087 1593 circa
3110 1538 3316 1593 urbem
3330 1536 3728 1608 erant,paula-

2073 1624 2176 1678 tim
2217 1639 2278 1678 se
2304 1626 2535 1695 aperire
2558 1631 2883 1696 cceperunt,
2918 1631 2973 1681 et
3006 1625 3084 1680 ad
3101 1624 3532 1681 occidentalem
3559 1624 3725 1680 urbis

372 1708 605 1765 Oratio.
640 1712 727 1766 Ad
755 1717 807 1767 te
831 1714 1077 1769 Domine
1107 1716 1312 1771 oculos
1358 1722 1591 1772 nostros
1638 1714 1955 1783 erigimus;
1988 1732 2032 1787 Β
2072 1717 2303 1781 partem
2324 1713 2784 1784 procedere.Sed
2807 1718 2862 1768 et
2882 1713 2999 1769 alia
3020 1712 3229 1768 decem
3249 1713 3434 1769 millia
3455 1713 3725 1768 virorum

290 1797 446 1868 quia
477 1813 771 1855 manuum
794 1805 1035 1857 tuarum
1062 1803 1381 1859 artiﬁcium
1414 1820 1621 1858 sumus
1649 1820 1659 1858 :
1684 1803 1764 1859 da
1786 1802 1960 1875 nobis

287 1884 661 1941 intellectum
687 1888 956 1945 discendi
976 1890 1263 1947 mandata
1284 1897 1414 1959 tua;
1440 1898 1493 1947 et
1516 1894 1787 1947 timentes
1810 1895 1862 1946 te
1874 1906 1960 1946 re-

289 1972 394 2044 ple
414 1972 617 2030 laetitia
650 1992 662 2030 :
698 1978 901 2033 Veniat
928 1978 987 2034 in
1021 1980 1493 2035 consolationem
1526 1981 1711 2035 nostri
1732 1980 1959 2035 miseri-

289 2062 507 2118 cordia
538 2066 638 2120 tua
664 2083 675 2133 ;
706 2081 841 2138 quas
871 2082 980 2123 nos
1007 2073 1063 2123 et
1091 2085 1127 2124 a
1160 2068 1333 2124 malis
1371 2069 1651 2123 omnibus
1692 2074 1876 2133 eruat,
1905 2072 1962 2125 et

285 2163 541 2221 operum
566 2152 917 2221 dignitatem
947 2155 1352 2227 tibiplacitam
1381 2156 1645 2211 edoceat.
1668 2157 1955 2226 BbAmen.

380 2237 489 2294 Per
516 2240 991 2298 misericordiam
1024 2248 1213 2299 tuam.

934 2332 1030 2385 Ad
1061 2332 1340 2387 Tertiam.

376 2419 569 2476 Lectio
598 2418 735 2475 libri
747 2419 1203 2477 Proverbiorum
1221 2422 1553 2478 Salomonis
1584 2422 1748 2492 (Cap.
1774 2423 1954 2492 xx1v).

368 2522 435 2579 ῐςι.
476 2511 593 2563 Deo
620 2507 868 2575 gratias.

366 2598 491 2662 Fili,
512 2594 814 2666 Sapientia
831 2596 1151 2652 aediﬁcavit
1166 2596 1275 2651 sibi
1289 2596 1624 2663 domum,et
1638 2596 1958 2667 prudentia

278 2684 702 2743 roborabitur.
731 2687 790 2738 In
822 2684 1093 2740 doctrina
1122 2684 1512 2755 replebuntur
1540 2684 1797 2747 cellaria,
1828 2685 1957 2739 uni-

275 2789 469 2829 versa
487 2771 821 2826 substantia
835 2772 1091 2843 pretiosa
1102 2777 1159 2826 et
1172 2772 1681 2843 pulcherrima.Vir
1694 2772 1954 2841 sapiens,

275 2861 461 2917 fortis
494 2866 581 2914 est
614 2876 627 2912 ε
671 2864 724 2913 et
745 2858 829 2912 vir
858 2858 1091 2924 doctus,
1125 2859 1407 2914 robustus
1439 2864 1495 2913 et
1521 2858 1775 2913 validus.
1808 2858 1955 2918 Quia

275 2965 433 3004 cum
458 2945 845 3017 dispositione
895 2946 1077 3001 initur
1116 2946 1330 3000 bellum
1372 2961 1383 2998 :
1418 2950 1475 3000 et
1506 2946 1613 3001 erit
1658 2944 1820 3000 salus
1852 2944 1956 3000 ubi
2014 3010 2019 3013 τ

2072 1801 2146 1855 de
2178 1802 2452 1857 universo
2486 1802 2681 1867 Israel,
2707 1802 3073 1858 habitatores
3100 1802 3267 1856 urbis
3298 1802 3378 1857 ad
3402 1800 3726 1857 certamina

2072 1890 2499 1960 provocabant.
2522 1894 3009 1962 Ingravatumque
3022 1895 3106 1946 est
3122 1890 3336 1945 bellum
3352 1895 3560 1945 contra
3574 1889 3727 1944 ﬁlios

2072 1976 2467 2046 Benjaminzet
2496 1994 2618 2033 non
2648 1978 3062 2034 intellexerunt
3086 1978 3244 2049 quod
3278 1994 3346 2033 ex
3366 1978 3531 2032 omni
3553 1980 3727 2047 parte

2069 2064 2179 2119 illis
2208 2071 2383 2121 staret
2423 2066 2709 2121 interitus.
2748 2066 3165 2137 Percussitque
3218 2080 3319 2120 eos
3338 2064 3629 2119 Dominus
3665 2064 3727 2118 in

2070 2158 2392 2224 conspectu
2416 2154 2675 2209 ﬁliorum
2699 2153 2896 2219 Israel,
2916 2152 3400 2209 etinterfecerunt
3414 2152 3609 2207 exillis
3628 2151 3725 2207 illo

2067 2240 2163 2296 die
2184 2241 2393 2311 viginti
2432 2241 2701 2314 quinque
2746 2242 2930 2298 millia
2949 2246 3007 2297 et
3027 2246 3269 2297 centum
3295 2241 3478 2309 viros,
3511 2255 3724 2296 omnes

2066 2330 2385 2386 bellatores
2406 2336 2463 2385 et
2482 2330 2805 2386 educentes
2826 2330 3115 2400 gladium.
3144 2329 3265 2385 Filii
3297 2334 3495 2384 autem
3523 2328 3726 2398 Benja-

2067 2419 2212 2485 min,
2234 2435 2372 2475 cum
2399 2434 2460 2474 se
2487 2419 2793 2475 inferiores
2815 2435 2947 2475 esse
2977 2418 3280 2484 vidissent,
3310 2421 3618 2488 coeperunt
3641 2416 3729 2471 fu-

2066 2523 2222 2577 gere.
2267 2508 2436 2573 Quod
2478 2513 2783 2562 cernentes
2820 2507 2926 2562 ﬁlii
2958 2506 3154 2572 Israel,
3205 2506 3502 2575 dederunt
3532 2504 3613 2559 eis
3649 2504 3728 2560 ad

2067 2594 2418 2662 fugiendum
2440 2594 2634 2649 locum
2647 2594 2819 2660 ,utad
2840 2598 3210 2665 praeparatas
3226 2592 3473 2648 insidias
3490 2592 3729 2648 deveni-

2065 2687 2213 2740 rent.
2231 2699 2383 2753 quas
2405 2683 2577 2751 juxta
2602 2681 2814 2737 urbem
2836 2681 3297 2752 posuerant.Qui
3327 2697 3466 2736 eum
3482 2683 3725 2752 repente

2067 2770 2135 2825 de
2149 2770 2401 2825 latibulis
2415 2770 2872 2835 surrexissent,et
2889 2770 3179 2839 Benjamin
3199 2776 3361 2838 terga
3373 2768 3725 2823 caedentibus

2066 2857 2251 2922 daret,
2286 2856 2537 2927 ingressi
2565 2862 2705 2911 sunt
2734 2855 3112 2919 civitatem,et
3141 2860 3564 2925 percusserunt
3590 2870 3726 2910 eam

2069 2946 2127 3000 in
2144 2960 2244 2999 ore
2271 2944 2475 3013 gladii.
2499 2944 2746 3013 Signum
2764 2948 2964 2999 autem
2989 2943 3284 2999 dederunt
3302 2943 3405 2997 ﬁlii
3434 2942 3611 2997 Israel
3631 2942 3725 2997 his

273 3038 483 3095 multa
508 3036 755 3092 consilia
773 3037 1049 3100 sunt.Qui
1080 3035 1301 3104 cogitat
1330 3034 1490 3090 mala
1517 3035 1956 3100 facere,stultus
1986 3071 2027 3128 Ο
2067 3048 2222 3104 quos
2246 3032 2307 3086 in
2329 3032 2553 3087 insidiis
2588 3031 3044 3128 collocaverunt,
3078 3036 3142 3086 ut
3174 3035 3493 3128 postquam
3513 3030 3723 3128 urbem

271 3126 625 3184 vocabitur.
656 3124 941 3193 Cogitatio
973 3125 1131 3180 stulti
1155 3130 1467 3195 peccatum
1489 3129 1609 3179 est:
1636 3128 1691 3179 et
1720 3123 1953 3179 abomi-

273 3216 454 3271 natio
485 3214 799 3268 hominum
828 3213 1145 3269 detractor.
1177 3213 1234 3269 Si
1259 3212 1667 3283 desperaveris
1688 3211 1955 3267 lassusin

276 3304 390 3359 die
414 3302 705 3369 angustias
732 3318 744 3355 :
779 3301 1166 3357 imminuetur
1192 3301 1476 3356 fortitudo
1499 3305 1619 3357 tua.
1650 3303 1797 3355 Erue
1829 3315 1951 3364 eos,

274 3390 397 3465 qui
416 3390 717 3445 ducuntur
743 3390 820 3445 ad
849 3395 1102 3446 mortem
1126 3406 1137 3440 :
1170 3394 1229 3444 et
1249 3388 1350 3461 qui
1379 3390 1693 3445 trahuntur
1715 3388 1793 3444 ad
1812 3388 1956 3443 inte-

275 3482 474 3536 ritum
498 3477 750 3533 liberare
772 3494 895 3533 non
922 3494 1138 3534 cesses.
1159 3478 1215 3534 Si
1237 3478 1639 3541 dixeris,Vires
1667 3493 1788 3533 non
1818 3493 1957 3549 sup-

280 3571 539 3641 petunt:
567 3567 667 3636 qui
698 3567 997 3637 inspector
1028 3571 1119 3623 est
1163 3566 1381 3631 cordis,
1416 3566 1541 3637 ipse
1572 3566 1866 3635 intelligit,
1899 3569 1956 3622 et
2006 3592 2013 3625 ;

282 3658 654 3712 servatorem
670 3655 888 3709 animae
910 3661 1023 3710 tuas
1042 3654 1190 3709 nihil
1204 3654 1705 3726 fallit,reddetque
1722 3654 1956 3709 homini

277 3746 459 3816 juxta
474 3758 655 3811 Opera
667 3744 883 3795 sua.Ne
901 3740 1220 3806 insidieris,
1251 3746 1307 3796 et
1321 3758 1557 3812 quaeras
1582 3742 1955 3813 impietatem

286 3830 356 3882 in
385 3828 568 3881 domo
587 3827 751 3895 justi,
784 3842 977 3897 neque
1004 3833 1205 3883 vastes
1244 3829 1514 3898 requiem
1541 3829 1690 3896 ejus.
1728 3829 1955 3897 Septies

289 3914 457 3969 enim
496 3914 554 3967 in
584 3913 680 3967 die
711 3912 873 3967 cadit
908 3915 1125 3983 justus,
1150 3919 1205 3968 et
1221 3916 1475 3983 resurgit
1508 3932 1521 3968 :
1552 3915 1721 3984 impii
1753 3920 1955 3971 autem

292 4007 577 4057 corruent
597 4001 657 4055 in
687 4000 1088 4056 malumﬂum
1114 4002 1388 4055 ceciderit
1413 4001 1693 4056 inimicus
1712 4006 1954 4067 tuus,ne

288 4088 656 4161 gaudeas,in
679 4089 852 4144 ruina
878 4090 1008 4159 ejus
1028 4104 1102 4143 ne
1124 4088 1455 4144 exulteteor
1481 4094 1648 4144 tuum
1678 4104 1787 4144 :ne
1807 4088 1954 4146 forte

282 4177 491 4232 videat
522 4177 829 4243 Dominus,
861 4182 919 4232 et
948 4176 1262 4248 displiceat
1295 4176 1365 4240 ei,
1401 4181 1456 4231 et
1512 4176 1746 4232 auferat
1776 4177 1853 4232 ab
1885 4192 1954 4233 eo

284 4266 443 4321 iram
459 4269 735 4320 suam.Ne
757 4266 1083 4321 contendas
1097 4280 1237 4320 cum
1263 4264 1561 4335 pessimis,
1589 4279 1701 4319 nec
1717 4264 1955 4320 temule-

284 4356 373 4409 ris
406 4354 623 4424 impios
657 4352 987 4425 :quoniam
1012 4368 1134 4408 non
1154 4352 1379 4408 habent
1405 4369 1576 4423 spem
1614 4352 1954 4409 futurorum

283 4441 517 4507 mali,et
544 4442 785 4497 lucerna
809 4443 1121 4513 impiorum
1143 4443 1541 4510 extinguetur:
1566 4441 1854 4512 quoniam
1869 4457 1953 4496 re-

284 4536 464 4602 pente
479 4536 797 4597 consurget
811 4532 1058 4602 perditio
1078 4546 1305 4585 eorum:
1331 4536 1387 4584 et
1405 4531 1631 4584 ruinam
1648 4530 1954 4600 utriusque

283 4619 426 4691 quis
459 4619 664 4674 novit?
708 4622 785 4674 Ne
809 4621 887 4673 sis
916 4620 1080 4674 testis
1118 4619 1339 4673 frustra
1364 4621 1581 4675 contra
1610 4618 1953 4688 proximum

287 4713 463 4763 tuum
484 4723 495 4759 :
517 4723 626 4761 nec
642 4707 824 4762 lactes
840 4723 1210 4778 quemquam
1232 4707 1293 4761 in
1319 4706 1493 4762 labiis
1507 4706 1733 4762 tuis.Ne
1747 4707 1910 4762 dicas
1935 4725 1947 4761 :

286 4795 608 4862 Quomodo
640 4795 773 4849 fecit
799 4795 963 4859 mihi,
991 4795 1075 4849 sic
1096 4794 1317 4849 faciam
1345 4811 1357 4848 :
1388 4793 1707 4849 etreddam
1726 4794 1952 4849 unicui-

284 4897 407 4954 que
439 4882 772 4938 secundum
804 4897 956 4953 Opus
990 4898 1186 4937 suum.
1221 4893 1282 4952 Bg.
1318 4882 1529 4938 Amen.

604 4970 803 5026 Lectio
847 4970 986 5025 libri
1014 4969 1277 5026 Judieum
1302 4968 1474 5039 (Cap.
1508 4969 1634 5039 xx).

364 5070 427 5127 ﬁt.
462 5060 579 5113 Deo
611 5058 858 5127 gratias.

364 5149 425 5200 In
440 5145 554 5201 illis
577 5144 809 5201 diebus:
832 5145 1272 5202 Consuluerunt
1290 5145 1392 5201 ﬁlii
1409 5145 1584 5202 Israel
1602 5145 1946 5210 Dominum,

288 5241 469 5305 atque
482 5234 953 5289 dixeruntzExire
969 5234 1119 5289 ultra
1132 5234 1423 5289 debemus
1449 5234 1526 5289 ad
1551 5235 1949 5305 pugnandum

290 5326 502 5377 contra
529 5321 679 5375 ﬁlios
700 5322 837 5391 Benj
850 5321 1013 5376 amin
1037 5321 1245 5376 fratres
1259 5328 1598 5383 nostros,an
1612 5320 1949 5391 quiescere?

292 5410 526 5475 Quibus
554 5411 634 5465 ait
654 5411 942 5465 Dominus
970 5428 987 5463 :
1016 5411 1346 5478 Aseendite,
1380 5426 1510 5466 cras
1528 5410 1688 5465 enim
1712 5409 1947 5464 tradam

292 5514 397 5554 eos
420 5498 481 5553 in
508 5513 724 5555 manus
739 5505 975 5555 vestras.
1007 5501 1455 5571 Posueruntque
1472 5498 1576 5555 ﬁlii
1598 5497 1783 5558 Israel
1804 5497 1949 5553 insi-

2067 3120 2523 3191 cepissent,igne
2545 3118 2963 3174 accenderent:
2986 3123 3049 3172 ut
3069 3118 3428 3173 ascendente
3459 3118 3519 3171 in
3539 3116 3726 3172 altum

2068 3208 2497 3278 fumo,captam
2523 3208 2732 3262 urbem
2747 3205 3426 3271 demonstrarent.Quod
3446 3221 3584 3259 cum
3606 3220 3728 3260 eer-

2067 3301 2275 3351 nerent
2303 3295 2405 3349 ﬁlii
2434 3294 2609 3349 Israel
2636 3294 2695 3349 in
2727 3294 2858 3365 ipso
2881 3293 3207 3349 certamine
3237 3292 3439 3364 positi,
3466 3295 3728 3363 (putave-

2068 3390 2206 3440 runt
2225 3384 2387 3439 enim
2414 3383 2515 3438 ﬁlii
2536 3382 2844 3454 Benjamin
2858 3383 3200 3453 eosfugere,
3218 3388 3273 3437 et
3293 3382 3609 3437 instantius
3640 3396 3728 3437 se-

2066 3472 2424 3545 quebantur,
2458 3472 2627 3527 caesis
2651 3472 2725 3527 de
2748 3471 3009 3527 exercitu
3039 3487 3248 3527 eorum
3272 3468 3719 3539 trigintaviris):

2068 3561 2243 3617 Israel
2272 3577 2414 3616 vero
2447 3565 2602 3616 retro
2634 3559 2932 3632 aspiciens
2959 3576 3099 3615 cum
3137 3564 3379 3629 captam
3417 3559 3724 3613 cernerent

2066 3650 2441 3715 civitatem,et
2472 3648 2753 3705 ﬂammas
2804 3649 2865 3703 in
2916 3648 3172 3705 sublime
3204 3647 3372 3702 ferri:
3427 3646 3530 3717 qui
3562 3645 3725 3718 prius

2067 3737 2494 3794 simulaverant
2524 3738 2750 3808 fugam,
2775 3738 2952 3809 250
2976 3753 3148 3793 versa
3172 3736 3321 3792 facie
3342 3735 3565 3791 fortiter
3587 3734 3727 3789 resi-

2068 3826 2500 3891 stebant.Quod
2523 3843 2661 3882 eum
2676 3824 3495 3896 vidissentﬁliiBenjamin,in
3516 3823 3724 3892 fugam

2063 3915 2217 3970 versi
2249 3919 2471 3980 sunt,et
2516 3915 2593 3970 ad
2623 3914 2786 3970 viam
2816 3915 3034 3969 deserti
3089 3914 3173 3970 ire
3200 3916 3528 3985 cceperunt,
3586 3911 3726 3967 illuc

2065 4017 2303 4073 quoque
2325 4018 2427 4056 eos
2438 4002 2796 4056 adversariis
2814 4000 3336 4071 persequentibus:
3357 4000 3461 4055 sed
3474 4005 3529 4056 et
3544 4000 3606 4054 hi
3619 3998 3722 4070 qui

2064 4088 2276 4143 urbem
2302 4088 2754 4152 succenderant,
2788 4093 3179 4142 occurrerunt
3198 4087 3301 4141 eis.
3326 4091 3517 4158 Atque
3539 4087 3619 4141 ita
3642 4086 3724 4142 fa-

2065 4180 2225 4231 etum
2253 4179 2516 4239 est,utex
2543 4180 2793 4245 utraque
2815 4179 2982 4245 parte
3014 4174 3095 4229 ab
3124 4172 3401 4229 hostibus
3426 4173 3723 4228 caederen-

2064 4267 2179 4327 tur,
2207 4278 2316 4318 nec
2347 4267 2471 4318 erat
2496 4262 2618 4317 ulla
2642 4260 3017 4317 morientium
3062 4262 3319 4333 requies.
3347 4260 3719 4327 Ceciderunt,

2064 4355 2242 4423 atque
2255 4350 2534 4422 prostrati
2561 4354 2699 4405 sunt
2716 4349 2793 4405 ad
2807 4348 3159 4406 orientalem
3184 4349 3430 4422 plagam
3444 4348 3725 4405 urbisGa-

2064 4439 2689 4495 baa.Fueruntautem
2719 4439 2823 4510 qui
2868 4438 2930 4493 in
2979 4455 3049 4494 eo
3086 4438 3215 4494 loco
3239 4438 3525 4495 interfecti
3562 4441 3721 4503 sunt,

2063 4528 2271 4583 decem
2302 4532 2358 4581 et
2388 4533 2520 4583 octo
2549 4526 2732 4582 millia
2756 4527 3044 4595 virorum,
3080 4544 3291 4583 omnes
3318 4526 3725 4583 robustissimi

2068 4615 2630 4687 pugnatores.Quod
2649 4632 2785 4671 eum
2800 4615 3083 4671 vidissent
3100 4616 3202 4687 qui
3220 4632 3423 4671 reman
3435 4620 3641 4671 serunt
3656 4615 3727 4671 de

2062 4703 2772 4775 Benjamin,1ugeruutin
2800 4704 3264 4777 solitudinem:et
3294 4702 3624 4774 pergebant
3647 4702 3725 4759 ad

2058 4798 2311 4865 petram,
2339 4794 2510 4863 cujus
2540 4792 2908 4848 vocabulum
2923 4798 3010 4847 est
3030 4795 3340 4847 Remmon.
3366 4794 3427 4846 In
3452 4790 3552 4847 illa
3573 4794 3726 4847 duo-

2058 4896 2176 4951 que
2202 4880 2345 4948 fuga
2370 4879 2660 4950 palantes,
2694 4885 2749 4934 et
2785 4881 2843 4934 in
2882 4879 3119 4935 diversa
3144 4880 3471 4948 tendentes,
3494 4879 3728 4935 occide-

2057 4974 2196 5023 runt
2226 4969 2493 5040 quinque
2506 4968 2693 5024 millia
2706 4969 3063 5023 virorum.Et
3085 4985 3225 5023 eum
3248 4968 3402 5024 ultra
3416 4963 3728 5025 tenderent

2057 5057 2351 5128 persecuti
2372 5061 2511 5111 sunt
2536 5072 2656 5120 eas,
2692 5062 2749 5113 et
2787 5056 3208 5113 interfecerunt
3228 5056 3406 5113 etiam
3440 5056 3557 5114 alia
3604 5056 3727 5113 duo

2056 5144 2335 5200 millia.Et
2355 5144 2438 5201 sic
2466 5144 2690 5201 factum
2713 5150 2819 5215 est,
2849 5151 2913 5201 ut
2930 5161 3140 5202 omnes
3152 5144 3257 5218 qui
3288 5145 3627 5202 ceciderant
3651 5145 3725 5199 de

2058 5232 2367 5303 Benjamin
2394 5234 2452 5288 in
2487 5233 2740 5288 diversis
2769 5233 2936 5298 locis,
2986 5238 3183 5289 essent
3213 5233 3421 5303 viginti
3451 5233 3721 5306 quinque

2059 5322 2635 5393 millia,pugnatores
2650 5324 2726 5377 ad
2751 5322 2905 5377 bella
2930 5323 3727 5394 promptissimi.Remanse-

2059 5415 2194 5462 runt
2223 5409 2421 5479 itaque
2439 5409 2511 5463 de
2539 5410 2969 5465 omninumero
2994 5410 3328 5480 Benjamin,
3355 5408 3455 5478 qui
3475 5404 3723 5461 evadere

2060 5501 2458 5567 potuerant,et
2481 5497 2687 5569 fugere
2712 5499 2775 5555 in
2798 5498 3144 5568 solitudine,
3182 5496 3436 5553 sexcenti
3474 5491 3587 5548 viri
3610 5509 3622 5557 ;
3649 5506 3710 5546 SB
