4192 6406
324 312 429 367 437

1485 309 1839 370 DOMINICA
1875 307 1948 365 IV
1986 302 2591 375 QUADRAGESIMAE.

3623 288 3731 347 438

325 434 433 490 stis
452 433 513 489 in
545 434 945 506 profundum:
978 441 1034 493 et
1051 452 1161 510 ego
1174 436 1435 493 eruditor
1450 437 1722 493 omnium
1737 448 1970 491 eorum.
1998 430 2046 485 A
2084 428 2272 484 ﬂictos
2303 427 2500 497 corde,
2526 426 2589 481 P.
2624 426 2779 480 Deus
2825 418 3170 510 θηληῶηῂ
3198 416 3366 510 Deliis
3389 414 3723 510 attritos,_l?.

320 525 444 592 Ego
471 524 594 579 scio
628 523 930 594 Ephraim,
962 530 1016 582 et
1044 525 1220 581 lsrael
1249 540 1371 580 non
1400 530 1486 580 est
1511 523 1908 581 absconditus
1937 536 1973 577 a

318 626 445 664 me:
476 610 621 680 quia
649 626 806 665 nunc
829 612 1150 668 fornicatus
1182 610 1972 683 estEphraim,contamina-

319 702 414 752 tus
446 706 537 752 est
560 698 758 754 Israel.
799 703 925 755 Non
956 700 1187 756 dabunt
1212 700 1607 771 cogitationes
1622 715 1762 754 suas
1796 704 1855 752 ut
1876 712 1971 751 re—

319 790 630 841 vertantur
659 788 737 841 ad
768 788 1083 843 Dominum
1112 806 1287 844 suum
1314 808 1325 847 :
1352 789 1494 861 quia
1515 789 1753 859 spiritus
1794 784 1974 841 forni-

321 874 631 930 cationum
655 875 715 930 in
749 877 948 933 medio
960 893 1187 942 eorum,
1214 883 1267 931 et
1284 876 1602 932 Dominum
1618 891 1741 930 non
1760 888 1971 942 cogno-

320 966 556 1017 verunt.
582 963 651 1019 Et
677 964 1419 1035 respondebitarrogantia
1454 963 1634 1020 lsrael
1668 962 1727 1017 in
1760 961 1974 1017 faciem

321 1052 480 1120 ejus:
507 1056 563 1107 et
588 1053 785 1117 Israel,
811 1056 866 1109 et
896 1053 1177 1125 Ephraim
1215 1058 1462 1109 ruerunt
1489 1051 1799 1124 iniquitate
1842 1064 1971 1115 sua,

318 1145 453 1195 ruet
481 1142 660 1196 etiam
689 1144 714 1197 Ι
724 1141 867 1196 udas
897 1158 1035 1197 cum
1061 1142 1166 1199 eis.
1198 1144 1261 1197 In
1290 1141 1569 1211 gregibus
1617 1140 1763 1208 suis,
1800 1142 1856 1194 et
1887 1152 1973 1193 ar-

319 1229 543 1283 mentis
557 1229 679 1284 suis
690 1229 912 1286 vadent
926 1229 1004 1286 ad
1015 1229 1298 1301 quasrend
1311 1246 1411 1284 um
1432 1227 1838 1292 Dominum,et
1853 1239 1974 1281 non

317 1315 653 1372 invenient:
686 1318 829 1389 quia
860 1317 1094 1373 ablatus
1115 1323 1201 1372 est
1225 1316 1302 1373 ab
1332 1317 1437 1373 eis.
1462 1320 1524 1371 ln
1555 1315 1804 1370 Domino
1825 1328 1971 1385 prte-

318 1405 888 1478 varicatisunt,quia
908 1405 1065 1462 ﬁlios
1090 1406 1316 1461 alienos
1343 1407 1705 1474 genuerunt:
1737 1405 1794 1457 et
1814 1415 1975 1456 nunc

320 1493 637 1548 devorabit
655 1510 755 1548 eos
779 1494 991 1549 messis
1022 1510 1159 1548 cum
1176 1493 1523 1565 parentibus
1556 1488 1974 1557 suis.Clangite

317 1581 581 1637 buccina
609 1581 670 1636 in
698 1582 1148 1645 Gabaa,tubain
1170 1584 1391 1636 Rama:
1436 1580 1657 1636 ululate
1683 1579 1743 1633 in
1774 1577 1974 1633 Betha-

320 1686 458 1733 ven,
490 1673 627 1741 post
655 1674 886 1738 tergum
918 1675 1089 1725 tuum
1114 1668 1726 1739 Benjamin.Ephraim
1754 1666 1815 1720 in
1846 1665 1975 1719 des-

2080 516 2238 572 Deus
2265 514 2500 571 exaudi.
2532 514 2595 575 1V.
2629 509 2953 567 Confractis
2986 506 3174 571 malis,
3200 505 3265 563 P.
3298 506 3451 561 Deus
3478 500 3717 559 exaudi.

2078 604 2141 665 ἲν.
2170 606 2249 659 De
2291 602 2618 669 tuiscoalis,
2650 601 2711 654 P.
2737 604 2887 654 Deus
2909 594 3145 652 exaudi.
3174 593 3240 653 tr.
3302 592 3590 647 Flentium
3618 603 3725 644 vo-

2081 708 2193 747 ces.
2222 692 2283 744 P.
2326 692 2481 745 Deus
2511 688 2747 744 exaudi.
2773 685 2834 747 ir.
2861 682 3233 739 Gementium
3260 679 3461 748 corda,
3484 679 3545 731 P.
3570 679 3725 732 Deus

2080 778 2318 835 exaudi.
2348 778 2410 839 ἲν.
2442 779 2627 833 Onere
2654 790 2911 847 pressos,
2938 774 2997 827 P.
3030 772 3179 825 Deus
3209 762 3534 825 exaudiJV.
3571 767 3635 817 1n
3672 766 3727 817 te

2083 870 2408 938 sperantes,
2446 865 2507 922 P.
2543 864 2696 919 Deus
2734 860 2975 918 exaudi.
3009 857 3074 919 ἲν.
3121 859 3409 923 Lugentes
3454 849 3633 938 mala,

2080 935 2235 1010 Deus
2275 953 2513 1010 exaudi.
2533 952 2594 1013 Y.
2625 951 2772 1007 Mala
2796 953 3099 1021 paventes,
3123 947 3182 999 P.
3217 942 3372 997 Deus
3395 936 3633 995 exaudi.
3650 935 3719 996 Ψ.

2081 1046 2310 1099 Noxam
2338 1040 2643 1107 deﬂentes,
2675 1040 2734 1092 P.
2762 1037 2920 1091 Deus
2949 1028 3274 1090 exaudiJl'.
3300 1030 3583 1099 Optantes
3626 1039 3731 1097 pa-

2082 1147 2230 1195 cem,
2262 1133 2319 1185 P.
2372 1130 2526 1184 Deus
2562 1127 2623 1188 νιν.
2662 1124 3032 1182 Pulsantium
3056 1134 3253 1183 voces,
3310 1116 3373 1171 P.
3433 1117 3607 1170 Deus.
3659 1112 3725 1174 iv.

2082 1218 2191 1285 Qui
2213 1217 2377 1274 solus
2407 1216 2570 1281 vivis,
2602 1215 2667 1272 P.
2711 1216 2889 1270 Deus.
2916 1211 2977 1271 if.
3014 1212 3135 1265 Rex
3181 1204 3377 1263 omnis
3416 1205 3603 1259 terrae.
3647 1201 3720 1257 P.

2081 1305 2336 1366 Deus.v.
2360 1303 2546 1361 Simul
2570 1315 2878 1371 rogamus,
2900 1299 2964 1355 P.
2992 1299 3172 1352 Deus.
3205 1293 3268 1356 ην.
3321 1294 3396 1348 Te
3448 1289 3729 1361 depreca-

2081 1410 2233 1460 mur,
2266 1396 2323 1449 P.
2355 1390 2607 1453 DeusJV.
2640 1392 2811 1453 Voce,
2833 1385 3100 1444 etcorde.
3126 1383 3195 1438 P.
3215 1384 3387 1437 Deus.

2151 1484 2443 1553 Hymnus.
2472 1483 2514 1536 Ο
2540 1482 2851 1543 Nazarene,
2878 1474 3137 1544 lux,fol.
3175 1469 3296 1525 144.

2155 1552 2377 1628 oratio.
2404 1568 2671 1633 Domine,
2696 1566 2799 1638 qui
2836 1560 3091 1637 posuisti
3138 1555 3503 1615 Hierusalem
3531 1552 3729 1610 termi-

2083 1676 2233 1716 num
2258 1659 2454 1731 pacis;
2483 1655 2744 1711 credenti
2772 1651 2999 1725 populo
3019 1647 3317 1720 pacistuaa
3341 1643 3527 1731 tribue
3545 1640 3729 1731 pleni-

322 1728 616 1813 solatione
639 1728 926 1813 eritindie
953 1728 1382 1829 corruptionis:
1409 1756 1470 1811 in
1493 1728 1770 1811 tribubus
1794 1749 1973 1808 Israel
2003 1764 2047 1819 Β
2086 1728 2353 1804 tudinem
2383 1763 2394 1800 :
2420 1745 2559 1817 ipsa
2594 1759 2706 1798 nos
2748 1732 3192 1796 immortalitate
3233 1736 3401 1803 regat
3428 1748 3443 1797 ;
3497 1728 3730 1825 ipsa'in

322 1846 561 1903 ostendi
580 1845 783 1901 ﬁdem.
800 1847 957 1902 Facti
980 1850 1120 1901 sunt
1147 1845 1479 1917 principesJ
1489 1843 1608 1899 uda
1621 1842 1794 1914 quasi
1810 1857 1975 1897 assu-

325 1940 554 1991 mentes
569 1935 915 1990 terminum:
936 1949 1117 2005 super
1128 1950 1229 1989 eos
1244 1933 1551 1989 effundam
1564 1931 1735 2002 quasi
1749 1945 1974 2001 aquam

324 2023 475 2079 iram
506 2038 730 2080 meam.
752 2023 1126 2078 Calumniam
1156 2022 1409 2094 patiens,
1442 2027 1497 2076 et
1522 2019 1693 2091 quasi
1719 2018 1975 2090 putredo

320 2111 722 2169 domuiJuda.
744 2115 809 2167 Et
833 2111 982 2167 vidit
1010 2110 1291 2182 Ephraim
1316 2109 1669 2178 languorem
1697 2122 1900 2171 suum,
1919 2110 1976 2163 et

322 2201 512 2257 Judas
538 2200 850 2256 vinculum
877 2216 1054 2257 suum
1079 2217 1091 2255 :
1117 2206 1172 2254 et
1192 2198 1339 2254 abiit
1360 2197 1633 2269 Ephraim
1655 2195 1733 2251 ad
1766 2196 1972 2261 Assur,

319 2292 379 2345 et
408 2288 568 2344 misit
607 2288 686 2344 ad
715 2303 917 2357 regem
955 2286 1248 2342 Ultorem:
1295 2290 1349 2341 et
1404 2285 1536 2356 ipse
1573 2299 1697 2339 non
1761 2282 1976 2355 poterit

317 2392 536 2433 sanare
561 2388 692 2443 vos,
728 2392 836 2431 nec
873 2375 1100 2431 solvere
1130 2375 1344 2447 poterit
1374 2390 1410 2429 a
1436 2372 1611 2428 vobis
1641 2370 1970 2427 vinculum.

315 2465 612 2532 Quoniam
631 2481 741 2535 ego
762 2465 936 2537 quasi
952 2466 1141 2522 leaena
1155 2463 1456 2535 Ephraim,
1475 2465 1530 2517 et
1550 2460 1724 2532 quasi
1743 2458 1975 2515 catulus

314 2554 735 2623 leonisfdomui
758 2554 909 2610 Juda
937 2570 949 2607 :
983 2568 1095 2622 ego
1121 2550 1447 2623 capiam,et
1475 2547 1970 2611 vadamztollam,

316 2648 375 2700 et
420 2658 544 2698 non
591 2646 679 2698 est
724 2642 828 2713 qui
853 2645 1041 2697 eruat.
1094 2640 1334 2695 Vadens
1354 2644 1616 2694 revertar
1637 2636 1716 2692 ad
1768 2636 1971 2691 locum

313 2747 518 2787 meum
548 2731 773 2790 :donec
802 2728 1179 2798 deﬁciatis,et
1206 2726 1487 2799 quaeratis
1508 2740 1709 2781 meam
1736 2723 1972 2779 faciem.

312 2824 379 2876 1n
410 2819 791 2875 tribulatione
814 2834 925 2874 sua
957 2833 1153 2873 mane'
1179 2818 1551 2883 consurgunt
1582 2812 1663 2869 ad
1706 2827 1835 2867 me:
1870 2813 1972 2866 Ve-

314 2910 461 2976 nite,
491 2912 862 2964 revertamur
882 2906 959 2962 ad
978 2904 1318 2971 Dominum,
1346 2902 1491 2974 quia
1540 2901 1668 2974 ipse
1699 2899 1873 2971 cepit,
1915 2902 1974 2954 et

317 2996 561 3053 sanabit
589 3012 720 3051 nos.
757 3006 821 3065 Bg.
854 2999 1053 3049 Amen.

2086 1840 2306 1891 aeterna
2318 1834 2439 1889 vita
2449 1815 2751 1904 possideat
2766 1845 2778 1884 ε
2798 1826 3125 1884 Satiaturus
3144 1822 3345 1892 itaque
3356 1834 3468 1875 nos
3481 1815 3730 1873 Domine

2084 1940 2156 1980 ex
2181 1923 2357 1995 adipe
2387 1919 2657 1986 iumenti,
2690 1917 2902 1981 tribue,
2927 1918 2991 1971 ut
3020 1927 3157 1968 cum
3177 1909 3312 1973 hoc,
3354 1905 3519 1978 quod
3566 1917 3731 1959 nunc

2084 2012 2377 2068 cernimus
2397 2011 2459 2065 in
2485 2008 2822 2078 aenigmate,
2844 2004 2907 2060 in
2933 2000 3099 2059 omni
3114 2003 3167 2057 te
3190 1995 3572 2071 perfruamur
3599 2005 3728 2063 per-

2082 2102 2292 2174 spicua
2305 2099 2571 2156 veritate.

2152 2191 2319 2245 Pater
2349 2190 2575 2243 noster.

2198 2281 2263 2333 ΙΝ
2306 2273 2584 2343 ΟΠΑΒΤΟ
2625 2268 2961 2330 DOMINICO
3003 2258 3603 2332 QUADBAGESIMIE.

2662 2361 2758 2417 Ad
2806 2360 3144 2427 Vesperum.

2153 2454 2305 2511 Fecit
2332 2454 2560 2509 lunam.
2585 2450 2649 2512 ἲν.
2680 2448 2825 2505 Exiit
2852 2447 3057 2503 homo.
3080 2442 3195 2513 fol.
3230 2441 3349 2495 t78.

2152 2543 2521 2612 Antiphona.
2532 2539 2711 2596 Israel
2724 2553 2819 2593 me
2830 2550 2952 2594 non
2965 2529 3268 2603 cognovit:
3290 2523 3551 2612 populus
3562 2536 3733 2578 meus

2083 2648 2181 2689 me
2200 2611 2323 2687 non
2352 2629 2652 2685 intellexit.
2686 2627 2751 2681 P.
2782 2627 2879 2681 Vae
2908 2621 3069 2693 genti
3090 2614 3422 2691 peccatrici,
3447 2611 3587 2668 ﬁliis
3612 2624 3735 2665 sce—

2079 2719 2275 2776 leratis
2287 2734 2309 2774 .'
2328 2717 2772 2787 dereliquerunt
2802 2710 3141 2787 Dominum,
3157 2699 3731 2773 blasphemaverunt

2080 2814 2356 2863 sanctum
2409 2782 2608 2860 Israel.
2640 2801 2702 2864 ἡ.
2728 2802 2793 2855 Et
2818 2814 2943 2855 non
2985 2782 3209 2852 audivit
3250 2789 3513 2864 populus
3555 2800 3728 2843 meus

2085 2918 2290 2960 vocem
2315 2916 2549 2957 meam:
2583 2905 2638 2955 et
2672 2894 2855 2955 Israel
2892 2908 3014 2951 non
3038 2888 3289 2948 intendit
3312 2885 3473 2942 mihi.
3526 2886 3589 2939 P.
3631 2882 3730 2935 Vas

2078 2992 2257 3063 genti.

386 3085 741 3154 Anti-phona
777 3089 829 3140 1.
870 3081 981 3148 Qui
1013 3080 1185 3151 erigit
1204 3079 1398 3143 elisos,
1430 3081 1487 3134 et
1519 3076 1706 3133 solvet
1735 3090 1972 3148 compe—
2002 3095 2043 3152 ο
2149 3078 2437 3136 Dominus
2458 3076 2549 3132 sit.
2589 3086 2654 3147 ly.
2683 3076 2921 3129 Etcum.

313 3173 474 3230 ditos
497 3173 687 3240 ;viam
713 3176 1097 3243 peccatorum
1114 3168 1481 3224 exterminat.
1504 3166 1780 3222 Psalmus
1802 3180 1972 3222 cxnv.

389 3262 614 3318 Oratio.
633 3259 901 3324 Domine,
935 3258 1232 3331 quisolvis
1265 3255 1428 3311 verbi
1458 3255 1974 3327 potentiacompe-

313 3350 470 3406 ditos
495 3366 508 3415 ;
540 3354 593 3405 et
624 3363 730 3420 per
754 3348 1072 3404 madidum
1099 3344 1269 3401 humi
1298 3343 1614 3415 collyrium
1646 3357 1817 3398 sacro
1836 3356 1972 3412 spu-

311 3438 540 3496 tamine
568 3437 964 3493 circumlitum
992 3434 1298 3491 illuminas
1338 3448 1561 3490 ccecos:
1598 3429 1757 3486 solve
1796 3444 1971 3500 roga-

311 3544 373 3584 m
384 3545 449 3582 us
462 3530 801 3583 nostrorum
813 3524 1051 3581 vincula
1069 3521 1492 3596 peccaminum
1517 3539 1529 3589 ;
1554 3524 1611 3575 et
1625 3519 1970 3592 oppositum

308 3615 488 3672 nobis
518 3614 825 3685 disrumpe
863 3612 1205 3669 interitum:
1248 3610 1426 3667 elisos
1458 3608 1676 3679 alleva;
1712 3611 1767 3662 et
1799 3605 1971 3662 cceci-

309 3707 496 3760 tatem
525 3701 818 3757 mentium
848 3706 1195 3757 nostrarum
1226 3698 1375 3767 legis
1401 3702 1516 3752 tuae
1548 3695 1822 3753 doctrina
1846 3708 1970 3765 per-

309 3792 527 3854 lustra;
555 3805 646 3854 ac,
680 3788 911 3843 sicutin
943 3795 994 3843 te
1018 3787 1251 3858 justum
1273 3785 1479 3853 dirigis
1508 3799 1522 3849 ;
1551 3787 1607 3839 et
1630 3781 1969 3838 miserando

309 3878 393 3933 ad
412 3875 650 3931 veniam
682 3875 956 3945 suscipis,
986 3878 1041 3930 et
1084 3872 1383 3945 pupillum
1434 3870 1803 3940 viduamque
1832 3868 1969 3939 pius
2030 3928 2031 3931 η

312 3961 882 4035 protectorintendis
901 4003 914 4028 ,
938 3961 1020 4016 ita
1038 3962 1275 4015 nosmet
1289 3958 1353 4012 in
1365 3957 1477 4012 hac
1489 3954 1971 4027 peregrinatione

312 4052 617 4108 custodias
652 4068 664 4107 :
697 4056 763 4105 ut
790 4049 869 4106 ad
893 4045 1236 4105 aeternitatis
1257 4043 1641 4101 dulcedinem
1668 4046 1805 4114 post
1834 4057 1973 4100 con-

310 4156 484 4197 cessa
512 4139 763 4195 crimina
795 4138 969 4210 252
1003 4134 1389 4192 intromittas.
1419 4144 1482 4204 13,.
1507 4136 1719 4187 Amen.

384 4231 490 4285 Per
522 4227 999 4285 misericordiam
1014 4268 1027 4280 .

387 4318 724 4386 Antiphona
754 4321 810 4371 2.
852 4314 964 4381 Qui
994 4327 1172 4368 sanas
1198 4309 1485 4367 contritos
1516 4306 1731 4365 corde:
1758 4310 1814 4363 et
1836 4304 1969 4363 alli-

312 4421 425 4477 gas
456 4405 841 4461 contritiones
872 4417 1103 4459 eorum.
1132 4400 1403 4455 Psalmus
1435 4414 1619 4454 chvi.

388 4496 615 4550 Oratio.
646 4497 817 4559 Deus,
847 4492 949 4564 qui
974 4506 1157 4547 sanas
1195 4488 1475 4544 contritos
1525 4484 1739 4541 corde:
1778 4482 1972 4556 plagae

310 4587 533 4640 nostrae
560 4582 858 4637 medelam
883 4576 1196 4650 impende:
1230 4580 1287 4631 et
1307 4576 1410 4647 qui
1439 4574 1741 4630 stellarum
1766 4586 1973 4627 nume-

311 4688 416 4727 ras
450 4670 889 4726 multitudinem
914 4684 926 4735 ;
951 4684 1061 4723 nos
1088 4665 1166 4721 ad
1196 4664 1380 4719 vitam
1412 4659 1849 4735 praedestinatis
1867 4659 1974 4715 ad-

308 4762 501 4833 junge
534 4778 546 4828 ;
577 4757 1023 4831 beneplacitum
1053 4754 1157 4810 tibi
1195 4753 1269 4809 sit
1296 4753 1357 4808 in
1383 4752 1594 4816 nobis;
1622 4750 1757 4807 etin
1784 4748 1973 4804 salute
2030 4817 2043 4827 .

313 4864 429 4905 nos
464 4852 687 4904 aeterna
714 4846 931 4918 jubeas
960 4841 1230 4901 exaltari.
1265 4852 1329 4912 ῆι.
1358 4842 1573 4897 Amen.

389 4939 736 5096 istrtiphona
766 5026 817 5078 3.
844 5020 1004 5077 Pone
1042 5017 1291 5076 Domine
1331 5015 1555 5071 ﬁnibus
1602 5014 1825 5072 nostris
1872 5029 1974 5087 pa-

316 5130 450 5172 cem
480 5130 491 5167 :
526 5117 582 5168 et
606 5112 778 5183 adipe
812 5108 1091 5166 frumenti
1118 5106 1269 5162 satia
1294 5120 1427 5160 nos.
1452 5105 1726 5161 Psalmus
1770 5118 1971 5160 cmvu.

390 5215 458 5272 Rr.
479 5202 535 5259 Si
566 5200 786 5257 oblitus
823 5199 988 5254 fuero
1020 5196 1101 5252 tui
1150 5192 1539 5255 Hierusalem,
1585 5191 1975 5249 obliviscatur

320 5309 417 5349 me
446 5292 689 5346 dextera
711 5295 830 5343 tua.
858 5288 920 5341 P.
966 5285 1275 5341 Adheereat
1297 5282 1504 5352 lingua
1530 5297 1667 5337 mea
1696 5279 1973 5337 faucibus

318 5381 491 5445 meis,
519 5380 567 5433 si
585 5378 665 5433 tui
691 5392 813 5432 non
846 5375 1199 5431 meminero.
1233 5370 1295 5431 ἵ.
1326 5371 1383 5427 Si
1408 5386 1529 5425 non
1584 5383 1973 5441 prmposuero

319 5467 684 5527 Hierusalem
715 5466 774 5520 in
800 5463 1090 5537 principio
1115 5460 1325 5515 laetitiae
1341 5474 1516 5514 meae.
1546 5462 1604 5513 P.
1636 5457 1969 5513 Adbtereat.

392 5557 619 5614 Preces.
650 5554 738 5610 Ad
771 5559 820 5610 te
852 5553 1189 5615 clamantes,
1227 5551 1283 5605 P.
1321 5547 1475 5604 Deus
1505 5545 1746 5604 exaudi.
1780 5544 1844 5605 li’.
1880 5546 1974 5603 Af-
2032 5606 2057 5621 η

2148 3166 2377 3235 Lauda.
2403 3163 2781 3235 Multiplicata
2796 3163 2885 3217 est
2905 3171 3084 3229 super
3105 3169 3201 3211 me
3222 3150 3508 3224 iniquitas
3529 3158 3731 3217 super-

2077 3256 2326 3313 borum:
2366 3254 2437 3309 P.
2470 3256 2593 3323 Ego
2630 3255 2833 3307 autem
2863 3246 2926 3303 in
2955 3248 3078 3302 toto
3115 3241 3295 3299 corde
3335 3253 3472 3295 meo
3502 3238 3730 3291 scruta-

2077 3345 2191 3402 bor
2233 3342 2515 3399 mandata
2565 3344 2686 3397 tua.
2745 3334 3140 3407 Coagulatum
3172 3335 3263 3388 est
3309 3327 3459 3383 sicut
3485 3324 3579 3381 lac
3630 3336 3733 3378 cor

2079 3448 2289 3490 eorum
2304 3450 2317 3488 :
2331 3431 2523 3501 V.Ego
2540 3444 2678 3485 vero
2688 3427 2883 3496 legem
2896 3428 3068 3481 tuam
3084 3418 3402 3493 meditatus
3414 3413 3731 3501 sum,Deus

2080 3537 2269 3578 meus.
2301 3522 2373 3577 P.
2408 3498 2737 3575 Bonitatem
2767 3513 2958 3570 fecisti
2978 3526 3117 3567 cum
3138 3521 3309 3564 servo
3326 3508 3428 3562 tuo
3458 3498 3731 3562 Domine,

2078 3607 2413 3667 secundum
2438 3605 2693 3663 verbum
2724 3607 2909 3660 tuum.
2943 3600 3027 3657 P.
3058 3599 3180 3668 Ego
3209 3597 3431 3651 autem.

2750 3690 3043 3761 Hymnus.

2290 3782 2549 3841 Verbum
2577 3779 2780 3850 Patris,
2813 3776 2981 3851 quod
3038 3771 3259 3847 prodiit
3294 3768 3523 3851 factum
3553 3778 3729 3829 caro;

2183 3882 2389 3944 Agnus
2408 3871 2511 3926 Dei
2539 3872 2789 3942 peccata
2818 3862 3032 3923 mundi
3062 3859 3380 3939 auferens:

2183 3960 2273 4015 Ad
2311 3964 2367 4015 te
2403 3957 2682 4014 venimus
2712 3953 2936 4017 cernui,
2964 3955 3029 4027 ut
3063 3948 3357 4019 inclytum

2185 4047 2470 4105 Bibamus
2501 4044 2677 4119 alma;
2706 4037 3012 4115 passionis
3042 4034 3421 4105 sanguinem.

2293 4133 2548 4191 Ostende
2572 4130 2891 4186 vulnerum
2913 4138 3226 4182 sacrorum
3265 4119 3547 4190 stigmata
3571 4134 3584 4172 :

2185 4223 2446 4291 Exurgat
2472 4218 2722 4291 insignis
2755 4213 2959 4274 Crucis
2984 4208 3379 4268 fortissimum

2189 4311 2459 4383 Signum,
2490 4307 2657 4382 quod
2686 4306 2749 4362 in
2772 4303 2977 4374 vigore
3016 4296 3307 4374 perpetim

2188 4382 2451 4463 Manens,
2484 4393 2861 4452 credentibus
2892 4388 3287 4447 salvationem
3325 4382 3611 4441 conferat.

2290 4486 2558 4552 Arundo,
2590 4482 2759 4549 clavi,
2783 4484 2979 4552 sputa,
3011 4482 3189 4551 potus
3212 4472 3551 4547 myrrheus,

2188 4577 2421 4632 Corona
2442 4574 2762 4646 spirarum,
2794 4566 3054 4641 ﬂagella,
3080 4565 3313 4629 lancea,

2186 4668 2488 4735 Impressa
2508 4664 2645 4717 sunt
2669 4657 3073 4716 damnationis
3102 4652 3390 4709 verbera:

2187 4753 2312 4808 Iam
2342 4755 2544 4807 nostra
2568 4765 2680 4822 pro
2700 4747 2795 4803 his
2834 4748 3050 4803 cuncta
3079 4739 3208 4797 dele
3231 4736 3504 4794 crimina.

2297 4842 2449 4895 Fons
2474 4838 2741 4893 vulneris
2773 4833 2937 4892 Sacri
2966 4831 3118 4901 riget
3146 4824 3502 4900 praecordia.

2191 4931 2367 4984 Lavet
2394 4941 2589 4991 cruor,
2624 4923 2985 4994 malitieeque
3004 4916 3312 4986 contagia:

2192 5017 2275 5073 Sit
2298 5015 2423 5071 vita
2458 5028 2724 5087 praesens
2752 5010 2981 5083 absque
3003 5005 3172 5065 omni
3201 5003 3448 5061 crimine
3470 5019 3490 5070 ,'

2190 5108 2408 5161 Futura
2432 5103 2603 5158 detur
2628 5101 2691 5157 in
2722 5100 2901 5157 beato
2932 5110 3200 5154 munere.

2296 5195 2382 5263 Ut,
2413 5208 2551 5248 cum
2595 5187 2948 5260 resurgendi
2984 5185 3115 5242 dies
3142 5182 3448 5252 eﬁulserit,

2193 5282 2451 5353 Orbique
2480 5279 2651 5349 regni
2677 5278 2914 5335 claritas
2943 5273 3241 5337 inluxerit,

2192 5374 2525 5443 Sequamur
2547 5367 2783 5424 aetheris
2811 5366 2993 5431 viam,
3027 5379 3163 5436 quas
3185 5376 3297 5418 nos
3329 5358 3521 5443 trahat

2191 5462 2255 5515 In
2287 5475 2351 5514 se
2383 5464 2643 5529 receptos
2671 5457 2794 5527 jam
2814 5468 3108 5527 perennes
3132 5448 3379 5529 incolas.

2300 5540 2501 5595 Honor
2516 5525 2608 5594 ’δὴ
2636 5525 2873 5593 Eterno
2900 5535 3043 5596 Deo,
3074 5529 3148 5601 sit
3175 5525 3365 5599 gloria
