4192 6398
538 306 638 360 439

650 424 766 480 Uni
787 422 958 492 Patri,
999 421 1248 494 ejusque
1279 422 1391 479 soli
1413 421 1552 482 Filio

652 510 804 567 Cum
836 509 1075 582 Spiritu;
1106 525 1241 581 quae
1269 510 1516 567 Trinitas
1538 511 1872 583 perenniter

654 599 809 657 Vivit
840 603 1048 671 potens
1072 598 1135 654 in
1166 598 1525 655 saeculorum
1549 598 1799 656 saeculis.

763 689 971 743 Amen.

622 774 1021 845 Supplicatio.
1038 777 1282 831 Oremus
1295 774 1748 847 Redemptorem
1766 775 1977 832 mundi
1991 775 2186 832 Domi-

552 879 701 921 num
732 868 1002 920 nostrum
1024 866 1220 919 Jesum
1237 864 1689 929 Christum,cum
1702 865 1865 920 omni
1888 865 2184 936 supplica-

555 953 713 1009 tione
737 968 1016 1021 rogemus
1037 968 1050 1017 ;
1073 958 1136 1007 ut
1156 967 1267 1008 nos
1294 968 1399 1023 per
1432 952 1711 1021 stigmata
1734 953 2030 1024 passionis
2062 969 2185 1008 suae

552 1040 845 1113 propitius
868 1040 1189 1110 justiﬁcare
1218 1041 1507 1109 dignetur.
1532 1040 1730 1112 Kyrie,
1750 1040 1995 1098 eleison.
2030 1040 2186 1098 Chri-

556 1132 643 1185 ste
668 1128 903 1184 eleison.
926 1128 1123 1199 Kyrie,
1142 1128 1382 1184 eleison.

626 1216 924 1284 Capitula.
956 1215 1257 1271 Passionis
1278 1220 1390 1271 tuas
1433 1214 1668 1285 festum,
1701 1215 1921 1273 Christe
1975 1216 2077 1272 Dei
2105 1216 2187 1273 Fi-

551 1304 665 1361 lius
691 1302 921 1358 devotis
955 1302 1223 1358 cordium
1255 1301 1466 1358 ofﬁciis
1495 1318 1740 1360 recursu
1768 1304 2051 1376 temporis
2095 1304 2185 1360 in-

552 1392 979 1461 choantes,quo
1003 1404 1111 1461 pro
1126 1388 1304 1446 nobis
1328 1394 1385 1446 et
1406 1390 1642 1461 linguas
1658 1391 1818 1448 fuisti
1832 1407 2187 1465 persequen-

551 1480 699 1536 tium
716 1480 1017 1550 passus,et
1030 1477 1390 1534 tradentium
1402 1482 1456 1535 te
1467 1478 1816 1537 vulneribus
1831 1480 2147 1537 cruciﬁxus
2168 1498 2182 1548 ;

549 1581 833 1637 rogamus
850 1568 1028 1637 atque
1058 1566 1533 1637 exposcimus,ne
1558 1573 1612 1624 te
1631 1567 1872 1639 elonges
1900 1584 1936 1625 a
1963 1569 2137 1625 nobis
2168 1587 2181 1638 ;

550 1659 634 1719 ut,
665 1654 807 1726 quia
830 1653 1203 1725 proximante
1224 1653 1625 1722 tribulatione,
1646 1670 1761 1712 non
1786 1660 1873 1714 est
1898 1657 2001 1729 qui
2018 1656 2186 1727 adju-

1819 290 2269 358 BREVIARIUM
2310 298 2695 355 GOTHICUM.

3846 298 3949 353 440

2211 422 2259 477 A
2294 425 2521 479 rentem
2567 423 2828 480 remedio
2877 422 3180 479 salutifero
3239 420 3515 476 subleva:
3549 418 3800 490 tuisque
3820 420 3948 489 jus-

2297 510 2714 567 tiﬁcationibus
2752 510 3017 567 eductam
3040 508 3303 582 potentia
3327 506 3493 563 verbi
3547 506 3632 562 tui
3674 505 3942 571 viviﬁca,

2294 608 2359 668 3;.
2381 603 2588 653 Amen.

2364 686 2471 739 Per
2500 685 2989 742 misericordiam.

2361 772 2583 829 Lauda.
2618 776 2904 829 Memento
2955 772 3122 828 verbi
3164 772 3246 827 tui
3302 785 3474 825 servo
3529 771 3655 835 tuo,
3717 770 3781 824 in
3822 784 3942 841 quo

2291 860 2437 916 mihi
2466 877 2630 932 spem
2661 862 2887 916 dedisti.
2911 860 2969 914 P.
3000 864 3132 915 Haac
3157 874 3253 915 me
3280 857 3595 914 consolata
3626 860 3721 913 est
3752 858 3815 913 in
3842 858 3945 913 hu-

2291 948 2531 1004 militate
2554 965 2707 1006 mea.
2727 949 2787 1011 ir.
2812 949 3053 1020 Superbi
3084 948 3286 1019 inique
3314 947 3943 1018 agebantusquequa-

2289 1050 2444 1106 que:
2486 1053 2521 1092 a
2558 1036 2685 1105 lege
2711 1040 2910 1092 autem
2939 1040 3040 1092 tua
3064 1050 3186 1091 non
3222 1033 3539 1090 declinavi.

2360 1123 2423 1177 P.
2458 1126 2612 1181 Haec.

2361 1211 2577 1268 Oratio.
2611 1214 2809 1284 Spem,
2835 1227 3020 1284 quam
3050 1210 3265 1267 dedisti
3288 1208 3489 1272 nobis,
3510 1209 3785 1278 Domine,
3815 1212 3944 1282 ipsa

2292 1298 2363 1355 sit
2392 1299 2452 1355 in
2485 1300 2813 1357 humilitate
2834 1306 3037 1357 nostra
3060 1298 3411 1363 consolatio,
3444 1313 3582 1369 qua;
3625 1298 3806 1354 nobis
3838 1300 3943 1355 erit

2290 1387 2352 1443 in
2382 1387 2740 1444 exultatione
2771 1387 2971 1458 glorias
3002 1386 3330 1460 plenitudo.
3366 1396 3431 1455 ﬁ.
3457 1389 3670 1441 Amen.

2365 1478 2491 1533 Per.

2360 1565 2504 1622 Alia
2540 1564 2758 1623 Lauda.
2790 1567 3006 1621 Memor
3044 1563 3125 1619 fui
3143 1562 3504 1633 judiciorum
3535 1565 3778 1618 tuorum
3829 1563 3935 1619 Do-

2293 1652 2453 1708 mine
2482 1668 2517 1708 a
2558 1652 2773 1708 saeculo
2807 1669 2819 1707 :
2853 1653 2917 1706 P.
2975 1654 3040 1706 Et
3073 1650 3415 1707 consolatus
3472 1665 3629 1705 sum.
3676 1650 3736 1709 Ψ.
3771 1650 3936 1706 Defe-

550 1746 648 1799 vet
674 1760 693 1813 ;
729 1746 792 1797 tu
820 1740 981 1797 solus
1009 1741 1303 1812 passionis
1341 1745 1455 1797 tuas
1486 1758 1597 1799 nos
1632 1743 1905 1799 subleves
1924 1760 2075 1816 ope;
2108 1760 2182 1800 ne
2210 1759 2256 1815 Β
2294 1742 2408 1797 ctio
2429 1740 2611 1797 tenuit
2634 1756 2748 1806 me,
2784 1756 2891 1812 pro
2922 1740 3333 1812 peccatoribus
3387 1738 3935 1810 derelinquentibus

553 1830 752 1888 tradas
780 1844 919 1898 ergo
944 1843 1054 1885 nos
1090 1828 1346 1884 inimicis
1376 1831 1593 1887 nostris
1650 1831 1711 1888 in
1767 1831 2029 1899 malum;
2079 1832 2185 1888 sed

555 1917 729 1989 253
758 1917 960 1988 excipe
982 1932 1181 1971 servos
1212 1921 1342 1972 tuos
1372 1917 1433 1972 in
1454 1918 1719 1975 bonum:
1748 1924 1808 1975 ut
1831 1935 1942 1976 nos
1959 1921 2185 1976 calum-

550 2004 782 2061 niantes
824 2004 1086 2075 superbi,
1116 2003 1341 2060 inimici
1366 2005 1584 2063 scilicet
1603 2007 1942 2063 animarum
1964 2013 2187 2065 nostra-

550 2091 937 2159 rum,virtutis
959 2096 1072 2147 tuae
1092 2092 1357 2163 potentia
1382 2094 1788 2166 propellantur
1805 2098 1919 2152 :Tu
1940 2112 2002 2151 es
2028 2096 2187 2152 enim

550 2179 752 2237 divina
767 2179 1009 2236 lucerna
1022 2195 1126 2252 per
1142 2179 1557 2238 humanitatem
1570 2199 1748 2255 super
1766 2183 2188 2240 candelabrum

551 2269 749 2325 Crucis
766 2268 1052 2340 imposita
1072 2287 1085 2321 :
1104 2268 1235 2325 ideo
1258 2273 1311 2325 te
1332 2275 1710 2341 rogamus,ut
1729 2288 1851 2329 non
1872 2273 2184 2339 accendas,

549 2371 624 2412 ne
658 2354 1044 2413 veniamusin
1074 2358 1502 2427 pcenam.Quos
1524 2373 1666 2429 ergo
1688 2360 1976 2432 perspicis
1994 2360 2187 2416 initia-

551 2448 677 2500 tum
701 2444 1007 2516 passionis
1045 2447 1159 2500 tum
1184 2445 1399 2501 festum
1435 2446 1671 2503 devotis
1707 2447 1988 2504 cordibus
2020 2462 2187 2504 exce-

549 2532 733 2602 pisse,
752 2530 927 2587 facito
952 2546 1053 2586 eos
1068 2533 1368 2603 passionis
1391 2538 1503 2591 tua:
1525 2535 2004 2592 communicare:
2025 2541 2089 2593 ut
2110 2540 2187 2593 te-

550 2617 871 2675 nebrarum
911 2621 1251 2675 nostrarum
1289 2636 1485 2679 errore
1533 2622 1826 2688 discusso,
1870 2622 2019 2679 lucis
2071 2626 2187 2681 tum

549 2706 890 2763 muniamur
920 2706 1211 2778 praesidio.

618 2795 785 2851 Pater
812 2800 1026 2852 noster.

620 2882 953 2939 Humilitate
988 2898 1097 2939 vos
1131 2882 1547 2941 benedictioni.

620 2974 733 3028 Ben
743 2971 1231 3029 edictio.Christus
1251 2973 1655 3047 Dominus,cuj
1664 2990 1733 3031 us
1747 2975 2046 3047 passionis
2062 2976 2186 3032 vul-

2292 1829 2484 1899 legem
2515 1833 2701 1885 tuam.
2742 1831 2800 1883 P.
2837 1831 2900 1883 Et
2932 1828 3293 1883 consolatus.

2366 1918 2586 1973 Oratio.
2616 1920 2901 1974 Memores
2938 1917 3023 1971 tui
3077 1916 3137 1971 in
3177 1920 3375 1986 nocte,
3423 1916 3690 1981 Domine,
3742 1916 3931 1985 legem

2292 2005 2484 2062 tribue
2515 2005 2840 2060 custodire:
2876 2009 2930 2060 et
2959 2004 3060 2077 qui
3089 2004 3163 2059 de
3192 2010 3246 2059 te
3274 2019 3384 2058 nec
3438 2003 3500 2057 in
3538 2003 3925 2058 tribulationi-

2292 2093 2405 2149 bus
2429 2092 2619 2157 silent,
2648 2108 2963 2165 nunquam
2982 2108 3017 2148 θ.
3046 2092 3160 2149 tuis
3184 2090 3561 2147 sermonibus
3584 2091 3917 2155 claudicent,

2293 2182 2397 2238 sed
2426 2182 2542 2236 ﬁxa
2570 2182 2629 2237 in
2657 2186 2712 2237 te
2738 2181 3056 2237 stabilitate
3081 2180 3430 2253 perdurent.
3464 2191 3527 2249 Βι.
3554 2185 3753 2235 Amen.

2363 2271 2506 2326 Alia
2536 2269 3213 2326 Lauda.Confundantur
3239 2268 3508 2339 superbi,
3528 2268 3631 2339 qui
3661 2266 3927 2338 iniquita-

2294 2361 2410 2416 tem
2450 2358 2717 2414 fecerunt
2745 2358 2804 2413 in
2836 2373 2966 2413 me:
3017 2360 3075 2413 P.
3108 2359 3227 2425 Ego
3284 2360 3488 2412 autem
3542 2354 3851 2411 exercebor
3875 2355 3933 2409 in

2292 2447 2590 2503 mandatis
2614 2447 2746 2501 tuis.
2779 2445 2841 2507 ἴ.
2871 2449 3073 2501 Manus
3103 2449 3215 2500 tum
3245 2442 3513 2500 fecerunt
3539 2460 3654 2507 me,
3715 2448 3771 2499 et
3816 2442 3932 2514 pla-

2294 2538 2639 2589 smaverunt
2676 2550 2807 2589 me:
2848 2534 2927 2589 da
2972 2532 3118 2589 mihi
3148 2532 3537 2601 intellectum,
3597 2538 3662 2587 ut
3710 2532 3933 2588 discam

2294 2622 2581 2679 mandata
2610 2628 2728 2678 tua.
2762 2622 2823 2675 P.
2858 2624 3000 2691 Ego.

2365 2710 2586 2767 Oratio.
2616 2710 2737 2766 Fiat
2763 2724 2865 2766 cor
2894 2708 3472 2774 nostrum,Domine,
3501 2708 3562 2764 in
3594 2708 3712 2765 tuis
3730 2707 3933 2779 justiﬁ-

2294 2798 2626 2855 cationibus
2698 2796 3189 2867 immaculatum;
3264 2800 3328 2852 ut
3401 2812 3511 2852 nec
3555 2796 3938 2867 intelligentia

2292 2902 2477 2956 prava
2494 2902 2602 2942 nos
2617 2885 2979 2958 polluat,nec
3002 2884 3314 2957 dispositio
3334 2886 3578 2943 sinistra
3589 2886 3933 2943 confundat.

2292 2985 2362 3045 13:.
2398 2979 2604 3030 Amen.

548 3075 695 3116 nera
719 3059 1385 3130 gratissimadevotione
1402 3060 1782 3134 praacinenda
1798 3062 2185 3136 suscipitis,li-
2215 3096 2256 3153 ο
2362 3064 2658 3119 Psalmus.
2690 3062 2953 3118 Miserere
2984 3062 3102 3118 mei
3141 3062 3315 3118 Deus.
3352 3062 3581 3118 Totum.

545 3148 722 3204 beros
750 3164 861 3204 vos
879 3146 1102 3203 efﬁciat
1126 3162 1162 3203 a
1187 3149 1570 3220 passionibus
1589 3151 1797 3207 vestris
1825 3170 1839 3219 ;
1872 3162 1936 3222 ﬁ.
1963 3155 2176 3208 Amen.

548 3238 615 3291 Et
652 3236 755 3307 qui
780 3250 885 3307 per
909 3239 1285 3307 assumptam
1312 3252 1553 3293 carnem
1574 3235 1759 3294 voluit
1773 3239 2057 3308 cruciﬁgi,
2081 3254 2188 3310 per

546 3323 874 3380 Divinitatis
923 3338 1047 3379 suae
1102 3326 1417 3395 potentiam
1469 3325 1787 3398 participes
1825 3342 1935 3383 vos
1973 3326 2189 3383 efﬁciat

547 3414 716 3484 regni
742 3413 869 3469 sui:
901 3423 965 3485 Βι.
1003 3417 1203 3469 Amen.
1241 3416 1310 3470 Ut
1333 3414 1395 3470 in
1423 3415 1595 3485 cujus
1646 3415 1925 3487 passione
1962 3430 2190 3472 amare-

550 3503 733 3568 scitis,
767 3502 829 3557 in
862 3501 991 3572 ejus
1010 3502 1438 3560 resurrectione
1465 3501 1811 3575 plenissime
1850 3500 2187 3571 gaudeatis.

548 3603 615 3663 Βι.
652 3595 861 3646 Amen.

623 3678 753 3734 Per.

620 3765 853 3823 Lauda.
882 3764 1169 3823 Sederunt
1196 3766 1515 3839 principes,
1548 3770 1603 3823 et
1630 3765 1948 3823 adversum
1979 3781 2074 3822 me
2091 3765 2191 3822 de-

550 3854 898 3913 trahebant:
929 3870 1132 3911 servus
1171 3858 1372 3912 autem
1419 3859 1557 3911 tuus
1582 3855 1645 3911 P.
1686 3854 2076 3911 Exercebatur
2106 3854 2193 3910 in-
2244 3860 2247 3863 ‘

555 3943 671 4001 tuis
702 3942 1594 4015 justiﬁeationibusﬂﬂetribue
1620 3959 1790 4001 servo
1818 3943 2141 4009 tuo,vivam
2174 3960 2187 3999 :

552 4039 608 4090 et
631 4032 964 4090 custodiam
1011 4047 1316 4090 sermones
1345 4037 1504 4091 tuos.
1558 4032 1624 4090 P.
1684 4030 2079 4089 Exercebatur
2130 4030 2192 4087 in

550 4122 667 4181 tuis
679 4120 1210 4195 justiﬁcationibus
1223 4163 1237 4177 .

618 4211 845 4268 Oratio.
877 4209 1144 4265 Nominis
1170 4208 1279 4278 tui,
1316 4210 1470 4265 Deus
1514 4208 1993 4278 magnitudinem
2025 4205 2193 4263 dona

549 4298 727 4355 nobis
765 4296 1077 4353 oculorum
1099 4295 1452 4352 revelatione
1471 4295 1848 4352 considerare
1872 4311 1885 4349 :
1908 4299 2086 4367 atque
2108 4295 2193 4351 in-

554 4384 781 4440 colatus
790 4382 980 4437 nostri
1003 4380 1397 4437 humilitatem
1413 4381 1603 4439 alleva
1616 4380 2041 4437 mandatorum
2071 4398 2192 4439 ere-

555 4471 747 4527 ctione
779 4486 794 4536 ;
821 4473 878 4525 et
898 4469 1445 4539 concupiscentiam
1474 4468 1689 4525 animae
1726 4470 2190 4527 commutatione

554 4558 995 4616 desideriorum
1012 4555 1411 4627 spiritualium
1439 4556 1499 4612 in
1528 4572 1601 4612 ea
1621 4556 1899 4628 perﬁcere
1923 4575 1936 4611 :
1970 4555 2135 4612 aufer
2157 4570 2193 4613 a

553 4649 730 4707 nobis
808 4648 1232 4716 contemptum,
1286 4648 1342 4702 et
1413 4644 1847 4719 obprobrium:
1925 4650 2191 4702 tuorum-

552 4753 669 4811 que
726 4735 911 4793 corda
934 4732 1202 4791 ﬁdelium
1238 4747 1461 4793 renova
1497 4735 1839 4807 operatione
1884 4734 2192 4791 virtutum.

550 4834 618 4897 [τι.
648 4828 830 4881 Amen
842 4866 856 4881 .

622 4915 750 4968 Per.

623 5000 767 5057 Alia‘
797 4998 1030 5058 Lauda.
1062 4999 1301 5057 Adhaasi
1333 5000 1687 5059 testimoniis
1714 5000 1848 5065 tuis,
1904 4997 2187 5055 Domine:

549 5089 617 5147 P.
673 5087 800 5145 Noli
860 5104 934 5144 ne
980 5088 1363 5147 confundere.
1441 5090 1510 5152 ἵ.
1549 5088 1715 5145 Viam
1766 5086 2192 5143 mandatorum

552 5177 805 5241 cucurri,
833 5193 970 5235 cum
997 5178 1280 5237 dilatares
1300 5193 1403 5235 cor
1433 5193 1656 5233 meum.
1684 5174 1744 5230 P.
1773 5172 1902 5230 Noli
1932 5188 2017 5228 me
2056 5188 2193 5229 con-

549 5266 796 5323 fundere
809 5306 824 5321 .

624 5356 848 5412 Oratio.
879 5355 966 5411 Ab
996 5354 1322 5427 iniquitatis
1356 5352 1449 5408 via
1472 5348 2006 5416 remove,Domine,
2035 5363 2193 5417 gres-

549 5462 652 5503 sus
680 5449 943 5503 nostros:
980 5448 1037 5500 et
1061 5444 1269 5500 itinere
1290 5440 1717 5497 mandatorum
1739 5442 1977 5493 tuorum
2003 5442 2191 5494 statue

548 5549 796 5593 cursum
826 5537 1124 5593 nostrum:
1158 5529 1436 5588 Animam
1456 5526 1989 5601 igiturpavimento
2008 5527 2190 5585 inhie-

2367 3151 2557 3223 Kyrie,
2611 3150 2853 3206 eleison.
2910 3150 3154 3216 Christe,
3214 3150 3461 3208 eleison.
3538 3150 3738 3223 Kyrie,
3804 3149 3931 3206 elei-

2295 3254 2427 3296 SOI).

2364 3326 2531 3383 Pater
2560 3329 2781 3384 noster.

2365 3415 2587 3471 Preces.
2624 3413 2873 3470 Domine
2900 3414 3464 3472 misericordiarum.
3495 3417 3555 3471 P.
3581 3415 3944 3473 Obliviscere

2294 3508 2540 3576 peccata
2578 3509 2797 3560 nostra.
2826 3502 2889 3564 ll”.
2938 3504 3046 3570 Qui
3084 3504 3332 3575 injurias
3374 3506 3570 3561 carnis
3622 3510 3848 3561 nostras
3886 3505 3944 3559 in

2294 3596 2398 3649 tuo
2417 3606 2665 3663 corpore
2694 3590 3005 3663 pertulisti,
3052 3594 3109 3647 P.
3146 3591 3527 3649 Obliviscere.
3580 3592 3643 3654 ii.
3708 3595 3823 3660 Qui
3866 3593 3945 3648 vi-

2295 3684 2417 3736 tam
2445 3678 2816 3747 mortalibus,
2844 3680 3021 3736 caecis
3045 3679 3271 3746 lumen,
3305 3680 3582 3737 auditum
3606 3682 3818 3737 surdis
3851 3682 3945 3737 de-

2296 3768 2452 3835 disti,
2492 3769 2554 3822 P.
2589 3766 2961 3825 Obliviscere.
2982 3767 3045 3830 γ.
3080 3769 3189 3833 Qui
3216 3769 3565 3825 vulneratus
3594 3785 3677 3834 es,
3716 3775 3781 3827 ut
3826 3770 3950 3826 vul-

2295 3871 2441 3913 nera
2463 3862 2666 3912 nostra
2693 3871 2953 3919 curares,
2982 3856 3043 3913 P.
3079 3856 3453 3914 Obliviscere.
3474 3858 3539 3918 V.
3574 3858 3687 3923 Qui
3749 3858 3948 3931 perdi-

2298 3949 2423 4000 tum
2452 3944 2760 4000 hominem
2790 3959 2950 3999 nunc
2980 3944 3173 3999 crucis
3196 3949 3313 4001 tua;
3362 3945 3644 4014 passione
3674 3945 3947 4011 redimis,

2298 4032 2365 4088 P.
2401 4031 2777 4089 Obliviscere.
2817 4031 2885 4092 ῒ.
2925 4031 3077 4097 Quid
3100 4033 3251 4088 mori
3288 4033 3573 4103 dignatus
3630 4050 3722 4098 es,
3750 4039 3815 4091 ut
3840 4035 3949 4089 im-

2297 4119 2716 4176 mortalitatem
2769 4118 3117 4175 mortalibus
3169 4120 3565 4187 condonares,
3602 4124 3660 4177 P.
3698 4122 3952 4180 Oblivis-

2299 4222 2449 4263 cere.
2478 4207 2543 4267 ἲν.
2574 4207 2681 4271 Qui
2710 4211 3026 4278 peccantes
3053 4222 3174 4263 non
3199 4208 3439 4279 judicas
3466 4228 3479 4277 ;
3512 4209 3622 4265 sed
3652 4211 3739 4266 ad
3771 4209 3952 4282 poeni-

2299 4296 2541 4353 tentiam
2570 4311 2921 4367 provocans,
2955 4302 3286 4368 exspectas.

2404 4384 2626 4441 Oratio.
2663 4384 2889 4440 Exaudi
2930 4384 3261 4440 orationem
3296 4389 3584 4442 nostram.
3612 4387 3738 4455 fol.
3778 4391 3829 4443 3.

2860 4473 2956 4527 Ad
2986 4473 3375 4529 Matutinum.

2368 4562 2652 4630 Hymnus.
2690 4563 2917 4616 IEterne
2946 4576 3163 4615 rerum.
3195 4561 3306 4629 fol.
3342 4566 3391 4617 3.

2370 4650 2593 4705 Oratio.
2621 4650 2929 4704 zEternum
2949 4653 3003 4704 te
3023 4649 3342 4704 Dominum
3362 4664 3561 4705 rerum
3575 4690 3588 4703 .
3598 4650 3718 4719 fol.
3752 4652 3877 4705 2‘15.

2370 4736 2740 4806 Antiphona.
2775 4736 3040 4802 Domine,
3073 4736 3218 4807 quid
3245 4737 3617 4809 multiplicati
3666 4743 3811 4793 sunt
3848 4737 3948 4808 qui

2298 4825 2583 4882 tribulant
2598 4840 2692 4881 me
2711 4824 2738 4879 ?
2758 4824 2930 4881 multi
2953 4826 3268 4897 insurgunt
3289 4826 3610 4884 adversum
3628 4843 3749 4885 me.
3782 4826 3948 4884 Psal-

2299 4928 2429 4968 mus
2456 4926 2535 4969 111.

2367 5000 2738 5070 Antiphona.
2772 5002 2928 5058 Lava
2959 5017 3054 5057 me
3084 5002 3162 5057 ab
3196 5001 3483 5073 injustitia
3508 5018 3646 5060 mea
3677 5006 3865 5060 Deus:
3895 5006 3950 5059 et

2300 5105 2336 5147 a
2357 5094 2601 5161 peccato
2634 5103 2767 5144 meo
2790 5088 3020 5145 munda
3049 5106 3166 5147 me.
3199 5092 3467 5146 Psalmus
3488 5107 3536 5145 L.

2368 5177 2719 5246 Antiphona.
2746 5177 3024 5232 Paratum
3046 5193 3147 5233 cor
3186 5194 3413 5243 meum,
3448 5177 3622 5244 Deus,
3664 5184 3948 5252 paratum

2297 5281 2393 5322 cor
2418 5282 2654 5321 meum:
2690 5265 2967 5331 cantabo,
3000 5269 3054 5319 et
3083 5266 3358 5337 psallam.
3391 5266 3663 5323 Psalmus
3695 5286 3812 5325 LV].

2370 5352 2567 5424 254.
2595 5352 2799 5408 Oratio
2830 5353 3212 5423 Omnipotens
3247 5354 3509 5415 Domine,
3536 5356 3631 5409 cui
3672 5356 3732 5411 in
3775 5356 3946 5411 caele—

2298 5442 2487 5497 stibus
2510 5442 2614 5497 rite
2645 5440 2888 5496 offertur
2932 5456 3172 5495 summa
3193 5440 3270 5496 ab
3296 5442 3537 5510 Angelis
3580 5444 3773 5511 gloria
3806 5462 3818 5499 :
3857 5444 3945 5499 tri-

2295 5529 2431 5601 bus,
2454 5535 2517 5587 ut
2552 5530 2615 5586 in
2644 5536 2697 5585 te
2737 5528 2809 5585 sit
2836 5527 3108 5599 gloriatio
3147 5532 3377 5585 nostra:
3413 5532 3725 5600 perveniat
3767 5532 3845 5589 ad
3892 5537 3944 5587 te
