  <div class='ocr_page' id='page_1' title='image "/cluster/home/n/w/nwhite01/storage/ocr_20150623/86/umn.31951002477379d/228.png"; bbox 0 0 4192 6460; ppageno 0'>
   <div class='ocr_carea' id='block_1_1' title="bbox 270 340 375 395">
    <p class='ocr_par' dir='ltr' id='par_1_1' title="bbox 270 340 375 395">
     <span class='ocr_line' id='line_1_1' title="bbox 270 340 375 395; baseline 0.01 -1"><span class='ocrx_word' id='word_1_1' title='bbox 270 340 375 395; x_wconf 79' lang='grc'>441</span> 
     </span>
    </p>
   </div>
   <div class='ocr_carea' id='block_1_2' title="bbox 1464 349 2565 421">
    <p class='ocr_par' dir='ltr' id='par_1_2' title="bbox 1464 349 2565 421">
     <span class='ocr_line' id='line_1_2' title="bbox 1464 349 2565 421; baseline 0.012 -18"><span class='ocrx_word' id='word_1_2' title='bbox 1464 350 1813 408; x_wconf 87' lang='lat' dir='ltr'>DOMINICA</span> <span class='ocrx_word' id='word_1_3' title='bbox 1853 352 1929 407; x_wconf 91' lang='lat' dir='ltr'><strong>IV</strong></span> <span class='ocrx_word' id='word_1_4' title='bbox 1968 349 2309 421; x_wconf 81' lang='lat' dir='ltr'>QUADRAG</span> <span class='ocrx_word' id='word_1_5' title='bbox 2358 359 2565 416; x_wconf 69' lang='lat' dir='ltr'>SIM/E.</span> 
     </span>
    </p>
   </div>
   <div class='ocr_carea' id='block_1_3' title="bbox 3599 364 3704 421">
    <p class='ocr_par' dir='ltr' id='par_1_3' title="bbox 3599 364 3704 421">
     <span class='ocr_line' id='line_1_3' title="bbox 3599 364 3704 421; baseline 0 0"><span class='ocrx_word' id='word_1_6' title='bbox 3599 364 3704 421; x_wconf 76' lang='grc'>442</span> 
     </span>
    </p>
   </div>
   <div class='ocr_carea' id='block_1_4' title="bbox 264 463 3704 556">
    <p class='ocr_par' dir='ltr' id='par_1_4' title="bbox 264 463 3704 556">
     <span class='ocr_line' id='line_1_4' title="bbox 264 463 3704 556; baseline 0.007 -38"><span class='ocrx_word' id='word_1_7' title='bbox 264 463 535 556; x_wconf 72' lang='lat' dir='ltr'>humilis</span> <span class='ocrx_word' id='word_1_8' title='bbox 556 464 861 556; x_wconf 57' lang='lat' dir='ltr'>eonfessio</span> <span class='ocrx_word' id='word_1_9' title='bbox 890 469 1270 540; x_wconf 90' lang='lat' dir='ltr'>populorum,</span> <span class='ocrx_word' id='word_1_10' title='bbox 1304 475 1359 529; x_wconf 93' lang='lat' dir='ltr'>et</span> <span class='ocrx_word' id='word_1_11' title='bbox 1384 473 1457 529; x_wconf 93' lang='lat' dir='ltr'>de</span> <span class='ocrx_word' id='word_1_12' title='bbox 1483 474 1706 546; x_wconf 87' lang='lat' dir='ltr'>quibus</span> <span class='ocrx_word' id='word_1_13' title='bbox 1735 478 1787 532; x_wconf 91' lang='lat' dir='ltr'>te</span> <span class='ocrx_word' id='word_1_14' title='bbox 1815 493 1953 549; x_wconf 88' lang='lat' dir='ltr'>pec-</span> <span class='ocrx_word' id='word_1_15' title='bbox 1981 478 2030 536; x_wconf 85' lang='lat' dir='ltr'><strong>A</strong></span> <span class='ocrx_word' id='word_1_16' title='bbox 2066 480 2200 537; x_wconf 91' lang='lat' dir='ltr'>vivo</span> <span class='ocrx_word' id='word_1_17' title='bbox 2239 497 2349 553; x_wconf 90' lang='lat' dir='ltr'>ego</span> <span class='ocrx_word' id='word_1_18' title='bbox 2378 483 2440 540; x_wconf 90' lang='lat' dir='ltr'>in</span> <span class='ocrx_word' id='word_1_19' title='bbox 2471 488 2778 541; x_wconf 65' lang='lat' dir='ltr'>aeternum.</span> <span class='ocrx_word' id='word_1_20' title='bbox 2811 482 2875 544; x_wconf 58' lang='grc' dir='ltr'><strong>ν.</strong></span> <span class='ocrx_word' id='word_1_21' title='bbox 2932 484 3091 541; x_wconf 87' lang='lat' dir='ltr'>Vidit</span> <span class='ocrx_word' id='word_1_22' title='bbox 3137 485 3297 540; x_wconf 89' lang='lat' dir='ltr'>enim</span> <span class='ocrx_word' id='word_1_23' title='bbox 3350 500 3452 542; x_wconf 89' lang='lat' dir='ltr'>eos</span> <span class='ocrx_word' id='word_1_24' title='bbox 3494 484 3704 556; x_wconf 61' lang='lat' dir='ltr'>fatigaz</span> 
     </span>
    </p>
   </div>
   <div class='ocr_carea' id='block_1_5' title="bbox 267 552 1951 637">
    <p class='ocr_par' dir='ltr' id='par_1_5' title="bbox 267 552 1951 637">
     <span class='ocr_line' id='line_1_5' title="bbox 267 552 1951 637; baseline 0.009 -30"><span class='ocrx_word' id='word_1_25' title='bbox 267 553 479 608; x_wconf 88' lang='lat' dir='ltr'>cando</span> <span class='ocrx_word' id='word_1_26' title='bbox 505 552 895 620; x_wconf 71' lang='lat' dir='ltr'>offendimus,</span> <span class='ocrx_word' id='word_1_27' title='bbox 917 557 991 613; x_wconf 88' lang='lat' dir='ltr'>ad</span> <span class='ocrx_word' id='word_1_28' title='bbox 1014 555 1268 615; x_wconf 87' lang='lat' dir='ltr'>fructum</span> <span class='ocrx_word' id='word_1_29' title='bbox 1287 559 1666 633; x_wconf 84' lang='lat' dir='ltr'>indulgentiae</span> <span class='ocrx_word' id='word_1_30' title='bbox 1686 567 1738 619; x_wconf 89' lang='lat' dir='ltr'>te</span> <span class='ocrx_word' id='word_1_31' title='bbox 1758 566 1951 637; x_wconf 89' lang='lat' dir='ltr'>propi-</span> 
     </span>
    </p>
   </div>
   <div class='ocr_carea' id='block_1_6' title="bbox 270 639 1953 720">
    <p class='ocr_par' dir='ltr' id='par_1_6' title="bbox 270 639 1953 720">
     <span class='ocr_line' id='line_1_6' title="bbox 270 639 1953 720; baseline 0.01 -24"><span class='ocrx_word' id='word_1_32' title='bbox 270 639 356 696; x_wconf 89' lang='lat' dir='ltr'>tio</span> <span class='ocrx_word' id='word_1_33' title='bbox 393 641 729 697; x_wconf 84' lang='lat' dir='ltr'>redeamus</span> <span class='ocrx_word' id='word_1_34' title='bbox 763 660 773 697; x_wconf 93' lang='lat'>:</span> <span class='ocrx_word' id='word_1_35' title='bbox 812 646 878 699; x_wconf 90' lang='lat' dir='ltr'>ut</span> <span class='ocrx_word' id='word_1_36' title='bbox 930 646 1269 703; x_wconf 89' lang='lat' dir='ltr'>miserando</span> <span class='ocrx_word' id='word_1_37' title='bbox 1313 654 1508 706; x_wconf 87' lang='lat' dir='ltr'>errata</span> <span class='ocrx_word' id='word_1_38' title='bbox 1549 651 1847 720; x_wconf 84' lang='lat' dir='ltr'>ignoscas,</span> <span class='ocrx_word' id='word_1_39' title='bbox 1898 659 1953 712; x_wconf 88' lang='lat' dir='ltr'>et</span> 
     </span>
    </p>
   </div>
   <div class='ocr_carea' id='block_1_7' title="bbox 272 728 1946 813">
    <p class='ocr_par' dir='ltr' id='par_1_7' title="bbox 272 728 1946 813">
     <span class='ocr_line' id='line_1_7' title="bbox 272 728 1946 813; baseline 0.008 -28"><span class='ocrx_word' id='word_1_40' title='bbox 272 728 357 785; x_wconf 89' lang='lat' dir='ltr'>ad</span> <span class='ocrx_word' id='word_1_41' title='bbox 389 731 881 800; x_wconf 90' lang='lat' dir='ltr'>promerendum</span> <span class='ocrx_word' id='word_1_42' title='bbox 907 738 981 797; x_wconf 88' lang='lat' dir='ltr'>te,</span> <span class='ocrx_word' id='word_1_43' title='bbox 1021 734 1245 807; x_wconf 80' lang='lat' dir='ltr'>inclyta</span> <span class='ocrx_word' id='word_1_44' title='bbox 1274 737 1485 795; x_wconf 91' lang='lat' dir='ltr'>virtute</span> <span class='ocrx_word' id='word_1_45' title='bbox 1515 740 1852 798; x_wconf 86' lang='lat' dir='ltr'>subvenias.</span> <span class='ocrx_word' id='word_1_46' title='bbox 1882 755 1946 813; x_wconf 57' lang='lat' dir='ltr'>BI.</span> 
     </span>
    </p>
   </div>
   <div class='ocr_carea' id='block_1_8' title="bbox 270 820 497 872">
    <p class='ocr_par' dir='ltr' id='par_1_8' title="bbox 270 820 497 872">
     <span class='ocr_line' id='line_1_8' title="bbox 270 820 497 872; baseline 0.004 -2"><span class='ocrx_word' id='word_1_47' title='bbox 270 820 497 872; x_wconf 84' lang='lat' dir='ltr'>Amen.</span> 
     </span>
    </p>
   </div>
   <div class='ocr_carea' id='block_1_9' title="bbox 348 905 1203 967">
    <p class='ocr_par' dir='ltr' id='par_1_9' title="bbox 348 905 1203 967">
     <span class='ocr_line' id='line_1_9' title="bbox 348 905 1203 967; baseline 0.007 -5"><span class='ocrx_word' id='word_1_48' title='bbox 348 905 475 962; x_wconf 88' lang='lat' dir='ltr'>Per</span> <span class='ocrx_word' id='word_1_49' title='bbox 502 906 989 965; x_wconf 89' lang='lat' dir='ltr'>misericordiam</span> <span class='ocrx_word' id='word_1_50' title='bbox 1017 913 1203 967; x_wconf 90' lang='lat' dir='ltr'>tuam.</span> 
     </span>
    </p>
   </div>
   <div class='ocr_carea' id='block_1_10' title="bbox 341 1012 1950 1097">
    <p class='ocr_par' dir='ltr' id='par_1_10' title="bbox 341 1012 1950 1097">
     <span class='ocr_line' id='line_1_10' title="bbox 341 1012 1950 1097; baseline 0.009 -30"><span class='ocrx_word' id='word_1_51' title='bbox 341 1012 721 1080; x_wconf 76' lang='lat' dir='ltr'>Antiphona</span> <span class='ocrx_word' id='word_1_52' title='bbox 741 1015 788 1068; x_wconf 93' lang='grc'>1.</span> <span class='ocrx_word' id='word_1_53' title='bbox 820 1017 1012 1081; x_wconf 85' lang='lat' dir='ltr'>Quare</span> <span class='ocrx_word' id='word_1_54' title='bbox 1028 1018 1397 1078; x_wconf 86' lang='lat' dir='ltr'>fremuerunt</span> <span class='ocrx_word' id='word_1_55' title='bbox 1414 1023 1644 1090; x_wconf 86' lang='lat' dir='ltr'>Gentes,</span> <span class='ocrx_word' id='word_1_56' title='bbox 1670 1028 1725 1080; x_wconf 93' lang='lat' dir='ltr'>et</span> <span class='ocrx_word' id='word_1_57' title='bbox 1743 1026 1950 1097; x_wconf 90' lang='lat' dir='ltr'>populi</span> 
     </span>
    </p>
   </div>
   <div class='ocr_carea' id='block_1_11' title="bbox 269 1100 1951 1183">
    <p class='ocr_par' dir='ltr' id='par_1_11' title="bbox 269 1100 1951 1183">
     <span class='ocr_line' id='line_1_11' title="bbox 269 1100 1951 1183; baseline 0.009 -28"><span class='ocrx_word' id='word_1_58' title='bbox 269 1100 559 1157; x_wconf 80' lang='lat' dir='ltr'>meditati</span> <span class='ocrx_word' id='word_1_59' title='bbox 593 1106 733 1158; x_wconf 90' lang='lat' dir='ltr'>sunt</span> <span class='ocrx_word' id='word_1_60' title='bbox 758 1102 959 1161; x_wconf 90' lang='lat' dir='ltr'>inania</span> <span class='ocrx_word' id='word_1_61' title='bbox 980 1104 1008 1159; x_wconf 72' lang='lat' dir='ltr'>i’</span> <span class='ocrx_word' id='word_1_62' title='bbox 1037 1109 1094 1161; x_wconf 89' lang='lat' dir='ltr'>P.</span> <span class='ocrx_word' id='word_1_63' title='bbox 1126 1108 1450 1165; x_wconf 80' lang='lat' dir='ltr'>Astiterunt</span> <span class='ocrx_word' id='word_1_64' title='bbox 1479 1127 1646 1183; x_wconf 89' lang='lat' dir='ltr'>reges</span> <span class='ocrx_word' id='word_1_65' title='bbox 1679 1116 1864 1179; x_wconf 66' lang='lat' dir='ltr'>terrae,</span> <span class='ocrx_word' id='word_1_66' title='bbox 1894 1118 1951 1171; x_wconf 92' lang='lat' dir='ltr'>et</span> 
     </span>
    </p>
   </div>
   <div class='ocr_carea' id='block_1_12' title="bbox 268 1188 1949 1264">
    <p class='ocr_par' dir='ltr' id='par_1_12' title="bbox 268 1188 1949 1264">
     <span class='ocr_line' id='line_1_12' title="bbox 268 1188 1949 1264; baseline 0.01 -22"><span class='ocrx_word' id='word_1_67' title='bbox 268 1188 593 1261; x_wconf 86' lang='lat' dir='ltr'>principes</span> <span class='ocrx_word' id='word_1_68' title='bbox 634 1197 1042 1249; x_wconf 89' lang='lat' dir='ltr'>convenerunt</span> <span class='ocrx_word' id='word_1_69' title='bbox 1070 1194 1131 1250; x_wconf 93' lang='lat' dir='ltr'>in</span> <span class='ocrx_word' id='word_1_70' title='bbox 1180 1212 1389 1264; x_wconf 90' lang='lat' dir='ltr'>unum,</span> <span class='ocrx_word' id='word_1_71' title='bbox 1422 1199 1711 1255; x_wconf 88' lang='lat' dir='ltr'>adversus</span> <span class='ocrx_word' id='word_1_72' title='bbox 1756 1203 1949 1258; x_wconf 90' lang='lat' dir='ltr'>Domi-</span> 
     </span>
    </p>
   </div>
   <div class='ocr_carea' id='block_1_13' title="bbox 266 1278 1947 1360">
    <p class='ocr_par' dir='ltr' id='par_1_13' title="bbox 266 1278 1947 1360">
     <span class='ocr_line' id='line_1_13' title="bbox 266 1278 1947 1360; baseline 0.008 -28"><span class='ocrx_word' id='word_1_73' title='bbox 266 1291 445 1343; x_wconf 89' lang='lat' dir='ltr'>num,</span> <span class='ocrx_word' id='word_1_74' title='bbox 482 1282 545 1334; x_wconf 90' lang='lat' dir='ltr'>et</span> <span class='ocrx_word' id='word_1_75' title='bbox 577 1278 870 1335; x_wconf 89' lang='lat' dir='ltr'>adversus</span> <span class='ocrx_word' id='word_1_76' title='bbox 899 1281 1190 1339; x_wconf 86' lang='lat' dir='ltr'>Christum</span> <span class='ocrx_word' id='word_1_77' title='bbox 1216 1285 1366 1354; x_wconf 88' lang='lat' dir='ltr'>ejus.</span> <span class='ocrx_word' id='word_1_78' title='bbox 1395 1286 1456 1347; x_wconf 64' lang='lat' dir='ltr'>V.</span> <span class='ocrx_word' id='word_1_79' title='bbox 1493 1287 1947 1360; x_wconf 88' lang='lat' dir='ltr'>Disrumpamus</span> 
     </span>
    </p>
   </div>
   <div class='ocr_carea' id='block_1_14' title="bbox 266 1364 1947 1448">
    <p class='ocr_par' dir='ltr' id='par_1_14' title="bbox 266 1364 1947 1448">
     <span class='ocr_line' id='line_1_14' title="bbox 266 1364 1947 1448; baseline 0.009 -29"><span class='ocrx_word' id='word_1_80' title='bbox 266 1364 519 1422; x_wconf 88' lang='lat' dir='ltr'>vincula</span> <span class='ocrx_word' id='word_1_81' title='bbox 541 1381 791 1423; x_wconf 90' lang='lat' dir='ltr'>eorum:</span> <span class='ocrx_word' id='word_1_82' title='bbox 817 1373 872 1424; x_wconf 88' lang='lat' dir='ltr'>et</span> <span class='ocrx_word' id='word_1_83' title='bbox 892 1369 1285 1440; x_wconf 89' lang='lat' dir='ltr'>projiciamus</span> <span class='ocrx_word' id='word_1_84' title='bbox 1305 1388 1341 1430; x_wconf 88' lang='lat' dir='ltr'>a</span> <span class='ocrx_word' id='word_1_85' title='bbox 1364 1374 1538 1431; x_wconf 90' lang='lat' dir='ltr'>nobis</span> <span class='ocrx_word' id='word_1_86' title='bbox 1554 1375 1770 1446; x_wconf 90' lang='lat' dir='ltr'>jugum</span> <span class='ocrx_word' id='word_1_87' title='bbox 1787 1377 1947 1448; x_wconf 90' lang='lat' dir='ltr'>ipso-</span> 
     </span>
    </p>
   </div>
   <div class='ocr_carea' id='block_1_15' title="bbox 265 1468 427 1509">
    <p class='ocr_par' dir='ltr' id='par_1_15' title="bbox 265 1468 427 1509">
     <span class='ocr_line' id='line_1_15' title="bbox 265 1468 427 1509; baseline 0 -1"><span class='ocrx_word' id='word_1_88' title='bbox 265 1468 401 1509; x_wconf 89' lang='lat' dir='ltr'>rum</span> <span class='ocrx_word' id='word_1_89' title='bbox 413 1496 427 1508; x_wconf 92' lang='lat'>.</span> 
     </span>
    </p>
   </div>
   <div class='ocr_carea' id='block_1_16' title="bbox 338 1560 1939 1636">
    <p class='ocr_par' dir='ltr' id='par_1_16' title="bbox 338 1560 1939 1636">
     <span class='ocr_line' id='line_1_16' title="bbox 338 1560 1939 1636; baseline 0.007 -21"><span class='ocrx_word' id='word_1_90' title='bbox 338 1560 592 1619; x_wconf 87' lang='lat' dir='ltr'>Oratio.</span> <span class='ocrx_word' id='word_1_91' title='bbox 641 1561 884 1627; x_wconf 83' lang='lat' dir='ltr'>Christe,</span> <span class='ocrx_word' id='word_1_92' title='bbox 936 1564 1038 1620; x_wconf 90' lang='lat' dir='ltr'>Dei</span> <span class='ocrx_word' id='word_1_93' title='bbox 1094 1564 1284 1622; x_wconf 86' lang='lat' dir='ltr'>Patris</span> <span class='ocrx_word' id='word_1_94' title='bbox 1328 1566 1629 1626; x_wconf 76' lang='lat' dir='ltr'>ineffabile</span> <span class='ocrx_word' id='word_1_95' title='bbox 1662 1570 1939 1636; x_wconf 90' lang='lat' dir='ltr'>Verbum,</span> 
     </span>
    </p>
   </div>
   <div class='ocr_carea' id='block_1_17' title="bbox 259 1652 1937 1724">
    <p class='ocr_par' dir='ltr' id='par_1_17' title="bbox 259 1652 1937 1724">
     <span class='ocr_line' id='line_1_17' title="bbox 259 1652 1937 1724; baseline 0.007 -21"><span class='ocrx_word' id='word_1_96' title='bbox 259 1652 476 1705; x_wconf 90' lang='lat' dir='ltr'>contra</span> <span class='ocrx_word' id='word_1_97' title='bbox 503 1665 703 1721; x_wconf 88' lang='lat' dir='ltr'>quem</span> <span class='ocrx_word' id='word_1_98' title='bbox 731 1654 788 1705; x_wconf 90' lang='lat' dir='ltr'>et</span> <span class='ocrx_word' id='word_1_99' title='bbox 814 1666 981 1721; x_wconf 90' lang='lat' dir='ltr'>reges</span> <span class='ocrx_word' id='word_1_100' title='bbox 1033 1656 1199 1707; x_wconf 75' lang='lat' dir='ltr'>terrae</span> <span class='ocrx_word' id='word_1_101' title='bbox 1228 1656 1524 1711; x_wconf 87' lang='lat' dir='ltr'>attrociter</span> <span class='ocrx_word' id='word_1_102' title='bbox 1553 1656 1937 1724; x_wconf 90' lang='lat' dir='ltr'>fremuerunt,</span> 
     </span>
    </p>
   </div>
   <div class='ocr_carea' id='block_1_18' title="bbox 255 1737 1936 1813">
    <p class='ocr_par' dir='ltr' id='par_1_18' title="bbox 255 1737 1936 1813">
     <span class='ocr_line' id='line_1_18' title="bbox 255 1737 1936 1813; baseline 0.006 -21"><span class='ocrx_word' id='word_1_103' title='bbox 255 1741 311 1793; x_wconf 89' lang='lat' dir='ltr'>et</span> <span class='ocrx_word' id='word_1_104' title='bbox 343 1737 568 1809; x_wconf 90' lang='lat' dir='ltr'>populi</span> <span class='ocrx_word' id='word_1_105' title='bbox 628 1738 834 1795; x_wconf 90' lang='lat' dir='ltr'>inania</span> <span class='ocrx_word' id='word_1_106' title='bbox 880 1740 1148 1797; x_wconf 86' lang='lat' dir='ltr'>meditati</span> <span class='ocrx_word' id='word_1_107' title='bbox 1182 1748 1353 1813; x_wconf 76' lang='lat' dir='ltr'>sunt;</span> <span class='ocrx_word' id='word_1_108' title='bbox 1394 1744 1474 1801; x_wconf 90' lang='lat' dir='ltr'>da</span> <span class='ocrx_word' id='word_1_109' title='bbox 1522 1746 1791 1801; x_wconf 67' lang='lat' dir='ltr'>Ecclesiae</span> <span class='ocrx_word' id='word_1_110' title='bbox 1820 1750 1936 1802; x_wconf 60' lang='lat' dir='ltr'>tua)</span> 
     </span>
    </p>
   </div>
   <div class='ocr_carea' id='block_1_19' title="bbox 2059 570 2172 625">
    <p class='ocr_par' dir='ltr' id='par_1_19' title="bbox 2059 570 2172 625">
     <span class='ocr_line' id='line_1_19' title="bbox 2059 570 2172 625; baseline -0.018 0"><span class='ocrx_word' id='word_1_111' title='bbox 2059 570 2172 625; x_wconf 89' lang='lat' dir='ltr'>tos.</span> 
     </span>
    </p>
   </div>
   <div class='ocr_carea' id='block_1_20' title="bbox 2133 654 3321 726">
    <p class='ocr_par' dir='ltr' id='par_1_20' title="bbox 2133 654 3321 726">
     <span class='ocr_line' id='line_1_20' title="bbox 2133 654 3321 726; baseline 0.001 -13"><span class='ocrx_word' id='word_1_112' title='bbox 2133 658 2468 715; x_wconf 78' lang='lat' dir='ltr'>Canticum.</span> <span class='ocrx_word' id='word_1_113' title='bbox 2501 659 2747 715; x_wconf 84' lang='lat' dir='ltr'>Attende</span> <span class='ocrx_word' id='word_1_114' title='bbox 2790 658 3026 714; x_wconf 87' lang='lat' dir='ltr'>coelum.</span> <span class='ocrx_word' id='word_1_115' title='bbox 3056 659 3172 726; x_wconf 84' lang='lat' dir='ltr'>fol.</span> <span class='ocrx_word' id='word_1_116' title='bbox 3207 662 3261 714; x_wconf 77' lang='grc'>4.</span> <span class='ocrx_word' id='word_1_117' title='bbox 3318 654 3321 657; x_wconf 70' lang='grc'><em>’</em></span> 
     </span>
    </p>
   </div>
   <div class='ocr_carea' id='block_1_21' title="bbox 2133 747 3700 813">
    <p class='ocr_par' dir='ltr' id='par_1_21' title="bbox 2133 747 3700 813">
     <span class='ocr_line' id='line_1_21' title="bbox 2133 747 3700 813; baseline 0.002 -12"><span class='ocrx_word' id='word_1_118' title='bbox 2133 747 2353 802; x_wconf 79' lang='lat' dir='ltr'>Oratio.</span> <span class='ocrx_word' id='word_1_119' title='bbox 2386 747 2470 803; x_wconf 89' lang='lat' dir='ltr'>Tu</span> <span class='ocrx_word' id='word_1_120' title='bbox 2519 764 2599 813; x_wconf 90' lang='lat' dir='ltr'>es,</span> <span class='ocrx_word' id='word_1_121' title='bbox 2640 747 2885 803; x_wconf 89' lang='lat' dir='ltr'>Domine</span> <span class='ocrx_word' id='word_1_122' title='bbox 2932 748 3116 801; x_wconf 90' lang='lat' dir='ltr'>Deus:</span> <span class='ocrx_word' id='word_1_123' title='bbox 3160 750 3215 801; x_wconf 92' lang='lat' dir='ltr'>et</span> <span class='ocrx_word' id='word_1_124' title='bbox 3261 760 3384 801; x_wconf 94' lang='lat' dir='ltr'>non</span> <span class='ocrx_word' id='word_1_125' title='bbox 3419 750 3506 802; x_wconf 92' lang='lat' dir='ltr'>est</span> <span class='ocrx_word' id='word_1_126' title='bbox 3549 747 3700 804; x_wconf 90' lang='lat' dir='ltr'>alius</span> 
     </span>
    </p>
   </div>
   <div class='ocr_carea' id='block_1_22' title="bbox 2061 834 3703 907">
    <p class='ocr_par' dir='ltr' id='par_1_22' title="bbox 2061 834 3703 907">
     <span class='ocr_line' id='line_1_22' title="bbox 2061 834 3703 907; baseline 0.001 -18"><span class='ocrx_word' id='word_1_127' title='bbox 2061 838 2265 904; x_wconf 68' lang='lat' dir='ltr'>praeter</span> <span class='ocrx_word' id='word_1_128' title='bbox 2292 840 2345 890; x_wconf 93' lang='lat' dir='ltr'>te</span> <span class='ocrx_word' id='word_1_129' title='bbox 2379 852 2390 888; x_wconf 90' lang='lat'>:</span> <span class='ocrx_word' id='word_1_130' title='bbox 2417 836 2515 907; x_wconf 88' lang='lat' dir='ltr'>qui</span> <span class='ocrx_word' id='word_1_131' title='bbox 2554 836 2841 907; x_wconf 87' lang='lat' dir='ltr'>percutis;</span> <span class='ocrx_word' id='word_1_132' title='bbox 2871 838 2926 890; x_wconf 92' lang='lat' dir='ltr'>et</span> <span class='ocrx_word' id='word_1_133' title='bbox 2956 850 3152 900; x_wconf 87' lang='lat' dir='ltr'>sanas,</span> <span class='ocrx_word' id='word_1_134' title='bbox 3186 838 3243 889; x_wconf 89' lang='lat' dir='ltr'>et</span> <span class='ocrx_word' id='word_1_135' title='bbox 3271 834 3544 889; x_wconf 90' lang='lat' dir='ltr'>sanando</span> <span class='ocrx_word' id='word_1_136' title='bbox 3565 850 3703 891; x_wconf 90' lang='lat' dir='ltr'>con-</span> 
     </span>
    </p>
   </div>
   <div class='ocr_carea' id='block_1_23' title="bbox 2061 921 3699 979">
    <p class='ocr_par' dir='ltr' id='par_1_23' title="bbox 2061 921 3699 979">
     <span class='ocr_line' id='line_1_23' title="bbox 2061 921 3699 979; baseline 0.001 -3"><span class='ocrx_word' id='word_1_137' title='bbox 2061 922 2283 977; x_wconf 90' lang='lat' dir='ltr'>solidas</span> <span class='ocrx_word' id='word_1_138' title='bbox 2306 940 2317 977; x_wconf 87' lang='lat'><strong>:</strong></span> <span class='ocrx_word' id='word_1_139' title='bbox 2342 922 2433 979; x_wconf 87' lang='lat' dir='ltr'>fac</span> <span class='ocrx_word' id='word_1_140' title='bbox 2455 940 2564 979; x_wconf 92' lang='lat' dir='ltr'>nos</span> <span class='ocrx_word' id='word_1_141' title='bbox 2590 926 2648 979; x_wconf 91' lang='lat' dir='ltr'>in</span> <span class='ocrx_word' id='word_1_142' title='bbox 2666 930 2953 979; x_wconf 81' lang='lat' dir='ltr'>aeternum</span> <span class='ocrx_word' id='word_1_143' title='bbox 2974 927 3167 979; x_wconf 88' lang='lat' dir='ltr'>tecum</span> <span class='ocrx_word' id='word_1_144' title='bbox 3191 922 3317 975; x_wconf 87' lang='lat' dir='ltr'>sine</span> <span class='ocrx_word' id='word_1_145' title='bbox 3332 921 3451 975; x_wconf 90' lang='lat' dir='ltr'>ﬁne</span> <span class='ocrx_word' id='word_1_146' title='bbox 3469 921 3699 978; x_wconf 80' lang='lat' dir='ltr'>vivere:</span> 
     </span>
    </p>
   </div>
   <div class='ocr_carea' id='block_1_24' title="bbox 2058 1007 3701 1084">
    <p class='ocr_par' dir='ltr' id='par_1_24' title="bbox 2058 1007 3701 1084">
     <span class='ocr_line' id='line_1_24' title="bbox 2058 1007 3701 1084; baseline 0.001 -19"><span class='ocrx_word' id='word_1_147' title='bbox 2058 1014 2122 1065; x_wconf 91' lang='lat' dir='ltr'>ut</span> <span class='ocrx_word' id='word_1_148' title='bbox 2152 1011 2225 1065; x_wconf 92' lang='lat' dir='ltr'>de</span> <span class='ocrx_word' id='word_1_149' title='bbox 2256 1028 2440 1067; x_wconf 90' lang='lat' dir='ltr'>manu</span> <span class='ocrx_word' id='word_1_150' title='bbox 2473 1018 2571 1068; x_wconf 87' lang='lat' dir='ltr'>tua</span> <span class='ocrx_word' id='word_1_151' title='bbox 2600 1028 2723 1068; x_wconf 93' lang='lat' dir='ltr'>non</span> <span class='ocrx_word' id='word_1_152' title='bbox 2758 1027 3097 1084; x_wconf 85' lang='lat' dir='ltr'>pereamus,</span> <span class='ocrx_word' id='word_1_153' title='bbox 3142 1026 3274 1065; x_wconf 88' lang='lat' dir='ltr'>cum</span> <span class='ocrx_word' id='word_1_154' title='bbox 3305 1009 3382 1065; x_wconf 91' lang='lat' dir='ltr'>ad</span> <span class='ocrx_word' id='word_1_155' title='bbox 3407 1007 3701 1081; x_wconf 86' lang='lat' dir='ltr'>judicium</span> 
     </span>
    </p>
   </div>
   <div class='ocr_carea' id='block_1_25' title="bbox 2056 1098 2989 1171">
    <p class='ocr_par' dir='ltr' id='par_1_25' title="bbox 2056 1098 2989 1171">
     <span class='ocr_line' id='line_1_25' title="bbox 2056 1098 2989 1171; baseline 0.001 -19"><span class='ocrx_word' id='word_1_156' title='bbox 2056 1098 2288 1153; x_wconf 89' lang='lat' dir='ltr'>veneris</span> <span class='ocrx_word' id='word_1_157' title='bbox 2330 1098 2648 1168; x_wconf 89' lang='lat' dir='ltr'>gloriosus.</span> <span class='ocrx_word' id='word_1_158' title='bbox 2687 1112 2747 1171; x_wconf 64' lang='grc' dir='ltr'>[τί.</span> <span class='ocrx_word' id='word_1_159' title='bbox 2782 1105 2989 1153; x_wconf 82' lang='lat' dir='ltr'>Amen.</span> 
     </span>
    </p>
   </div>
   <div class='ocr_carea' id='block_1_26' title="bbox 2125 1184 3701 1257">
    <p class='ocr_par' dir='ltr' id='par_1_26' title="bbox 2125 1184 3701 1257">
     <span class='ocr_line' id='line_1_26' title="bbox 2125 1184 3701 1257; baseline 0 -16"><span class='ocrx_word' id='word_1_160' title='bbox 2125 1187 2226 1241; x_wconf 86' lang='lat' dir='ltr'>Ad</span> <span class='ocrx_word' id='word_1_161' title='bbox 2250 1188 2620 1245; x_wconf 75' lang='lat' dir='ltr'>Benedictus.</span> <span class='ocrx_word' id='word_1_162' title='bbox 2647 1188 3015 1256; x_wconf 83' lang='lat' dir='ltr'>Antiphona.</span> <span class='ocrx_word' id='word_1_163' title='bbox 3037 1187 3229 1250; x_wconf 84' lang='lat' dir='ltr'>Quare</span> <span class='ocrx_word' id='word_1_164' title='bbox 3254 1200 3348 1240; x_wconf 92' lang='lat' dir='ltr'>me</span> <span class='ocrx_word' id='word_1_165' title='bbox 3388 1184 3701 1257; x_wconf 85' lang='lat' dir='ltr'>repulisti?</span> 
     </span>
    </p>
   </div>
   <div class='ocr_carea' id='block_1_27' title="bbox 2056 1272 3699 1345">
    <p class='ocr_par' dir='ltr' id='par_1_27' title="bbox 2056 1272 3699 1345">
     <span class='ocr_line' id='line_1_27' title="bbox 2056 1272 3699 1345; baseline 0 -17"><span class='ocrx_word' id='word_1_166' title='bbox 2056 1277 2111 1329; x_wconf 87' lang='lat' dir='ltr'>et</span> <span class='ocrx_word' id='word_1_167' title='bbox 2138 1290 2322 1345; x_wconf 89' lang='lat' dir='ltr'>quare</span> <span class='ocrx_word' id='word_1_168' title='bbox 2347 1275 2525 1331; x_wconf 85' lang='lat' dir='ltr'>tristis</span> <span class='ocrx_word' id='word_1_169' title='bbox 2552 1275 2785 1343; x_wconf 92' lang='lat' dir='ltr'>incedo,</span> <span class='ocrx_word' id='word_1_170' title='bbox 2823 1275 2970 1329; x_wconf 92' lang='lat' dir='ltr'>dum</span> <span class='ocrx_word' id='word_1_171' title='bbox 2996 1273 3206 1342; x_wconf 85' lang='lat' dir='ltr'>afﬂigit</span> <span class='ocrx_word' id='word_1_172' title='bbox 3244 1287 3338 1327; x_wconf 93' lang='lat' dir='ltr'>me</span> <span class='ocrx_word' id='word_1_173' title='bbox 3378 1272 3699 1329; x_wconf 80' lang='lat' dir='ltr'>inimicus?</span> 
     </span>
    </p>
   </div>
   <div class='ocr_carea' id='block_1_28' title="bbox 2054 1359 3698 1421">
    <p class='ocr_par' dir='ltr' id='par_1_28' title="bbox 2054 1359 3698 1421">
     <span class='ocr_line' id='line_1_28' title="bbox 2054 1359 3698 1421; baseline 0.002 -5"><span class='ocrx_word' id='word_1_174' title='bbox 2054 1362 2261 1417; x_wconf 88' lang='lat' dir='ltr'>Emitte</span> <span class='ocrx_word' id='word_1_175' title='bbox 2307 1362 2501 1419; x_wconf 89' lang='lat' dir='ltr'>lucem</span> <span class='ocrx_word' id='word_1_176' title='bbox 2532 1366 2695 1419; x_wconf 88' lang='lat' dir='ltr'>tuam</span> <span class='ocrx_word' id='word_1_177' title='bbox 2726 1366 2783 1419; x_wconf 90' lang='lat' dir='ltr'>et</span> <span class='ocrx_word' id='word_1_178' title='bbox 2806 1362 3112 1418; x_wconf 86' lang='lat' dir='ltr'>veritatem</span> <span class='ocrx_word' id='word_1_179' title='bbox 3148 1366 3335 1417; x_wconf 90' lang='lat' dir='ltr'>tuam.</span> <span class='ocrx_word' id='word_1_180' title='bbox 3369 1359 3432 1421; x_wconf 55' lang='grc' dir='ltr'>Ψ.</span> <span class='ocrx_word' id='word_1_181' title='bbox 3488 1361 3698 1419; x_wconf 83' lang='lat' dir='ltr'>Judica</span> 
     </span>
    </p>
   </div>
   <div class='ocr_carea' id='block_1_29' title="bbox 2053 1449 3694 1519">
    <p class='ocr_par' dir='ltr' id='par_1_29' title="bbox 2053 1449 3694 1519">
     <span class='ocr_line' id='line_1_29' title="bbox 2053 1449 3694 1519; baseline 0.001 -15"><span class='ocrx_word' id='word_1_182' title='bbox 2053 1464 2149 1505; x_wconf 91' lang='lat' dir='ltr'>me</span> <span class='ocrx_word' id='word_1_183' title='bbox 2197 1450 2375 1517; x_wconf 89' lang='lat' dir='ltr'>Deus,</span> <span class='ocrx_word' id='word_1_184' title='bbox 2426 1454 2482 1507; x_wconf 92' lang='lat' dir='ltr'>et</span> <span class='ocrx_word' id='word_1_185' title='bbox 2533 1450 2802 1506; x_wconf 90' lang='lat' dir='ltr'>discerne</span> <span class='ocrx_word' id='word_1_186' title='bbox 2851 1466 3100 1506; x_wconf 88' lang='lat' dir='ltr'>causam</span> <span class='ocrx_word' id='word_1_187' title='bbox 3146 1465 3347 1505; x_wconf 86' lang='lat' dir='ltr'>meam</span> <span class='ocrx_word' id='word_1_188' title='bbox 3394 1449 3468 1505; x_wconf 90' lang='lat' dir='ltr'>de</span> <span class='ocrx_word' id='word_1_189' title='bbox 3520 1453 3694 1519; x_wconf 88' lang='lat' dir='ltr'>gente</span> 
     </span>
    </p>
   </div>
   <div class='ocr_carea' id='block_1_30' title="bbox 2052 1537 3695 1611">
    <p class='ocr_par' dir='ltr' id='par_1_30' title="bbox 2052 1537 3695 1611">
     <span class='ocr_line' id='line_1_30' title="bbox 2052 1537 3695 1611; baseline 0.002 -18"><span class='ocrx_word' id='word_1_190' title='bbox 2052 1553 2173 1594; x_wconf 93' lang='lat' dir='ltr'>non</span> <span class='ocrx_word' id='word_1_191' title='bbox 2222 1543 2431 1596; x_wconf 90' lang='lat' dir='ltr'>sancta</span> <span class='ocrx_word' id='word_1_192' title='bbox 2476 1561 2487 1594; x_wconf 93' lang='lat'>:</span> <span class='ocrx_word' id='word_1_193' title='bbox 2538 1539 2616 1597; x_wconf 89' lang='lat' dir='ltr'>ab</span> <span class='ocrx_word' id='word_1_194' title='bbox 2640 1539 2883 1596; x_wconf 89' lang='lat' dir='ltr'>homine</span> <span class='ocrx_word' id='word_1_195' title='bbox 2933 1538 3139 1611; x_wconf 89' lang='lat' dir='ltr'>iniquo</span> <span class='ocrx_word' id='word_1_196' title='bbox 3170 1541 3224 1595; x_wconf 87' lang='lat' dir='ltr'>et</span> <span class='ocrx_word' id='word_1_197' title='bbox 3262 1537 3471 1595; x_wconf 90' lang='lat' dir='ltr'>doloso</span> <span class='ocrx_word' id='word_1_198' title='bbox 3508 1538 3695 1596; x_wconf 88' lang='lat' dir='ltr'>libera</span> 
     </span>
    </p>
   </div>
   <div class='ocr_carea' id='block_1_31' title="bbox 2050 1641 2166 1681">
    <p class='ocr_par' dir='ltr' id='par_1_31' title="bbox 2050 1641 2166 1681">
     <span class='ocr_line' id='line_1_31' title="bbox 2050 1641 2166 1681; baseline -0.017 1"><span class='ocrx_word' id='word_1_199' title='bbox 2050 1641 2166 1681; x_wconf 90' lang='lat' dir='ltr'>me.</span> 
     </span>
    </p>
   </div>
   <div class='ocr_carea' id='block_1_32' title="bbox 2122 1712 3452 1783">
    <p class='ocr_par' dir='ltr' id='par_1_32' title="bbox 2122 1712 3452 1783">
     <span class='ocr_line' id='line_1_32' title="bbox 2122 1712 3452 1783; baseline 0 -14"><span class='ocrx_word' id='word_1_200' title='bbox 2122 1714 2445 1772; x_wconf 83' lang='lat' dir='ltr'>Canticum.</span> <span class='ocrx_word' id='word_1_201' title='bbox 2488 1714 2833 1771; x_wconf 85' lang='lat' dir='ltr'>Benedictus</span> <span class='ocrx_word' id='word_1_202' title='bbox 2864 1730 2926 1769; x_wconf 92' lang='lat' dir='ltr'>es</span> <span class='ocrx_word' id='word_1_203' title='bbox 2961 1713 3226 1770; x_wconf 90' lang='lat' dir='ltr'>Domine.</span> <span class='ocrx_word' id='word_1_204' title='bbox 3255 1712 3363 1783; x_wconf 85' lang='lat' dir='ltr'>fol.</span> <span class='ocrx_word' id='word_1_205' title='bbox 3396 1714 3452 1769; x_wconf 89' lang='lat'>6.</span> 
     </span>
    </p>
   </div>
   <div class='ocr_carea' id='block_1_33' title="bbox 253 1800 3681 1901">
    <p class='ocr_par' dir='ltr' id='par_1_33' title="bbox 253 1800 3681 1901">
     <span class='ocr_line' id='line_1_33' title="bbox 253 1800 3681 1901; baseline 0.006 -20"><span class='ocrx_word' id='word_1_206' title='bbox 253 1800 552 1881; x_wconf 72' lang='lat' dir='ltr'>membris</span> <span class='ocrx_word' id='word_1_207' title='bbox 590 1826 920 1898; x_wconf 86' lang='lat' dir='ltr'>optabilem</span> <span class='ocrx_word' id='word_1_208' title='bbox 940 1828 1013 1883; x_wconf 93' lang='lat' dir='ltr'>de</span> <span class='ocrx_word' id='word_1_209' title='bbox 1035 1828 1299 1885; x_wconf 88' lang='lat' dir='ltr'>adversis</span> <span class='ocrx_word' id='word_1_210' title='bbox 1325 1800 1933 1901; x_wconf 71' lang='lat' dir='ltr'>potestatibuseﬁ‘erre</span> <span class='ocrx_word' id='word_1_211' title='bbox 1964 1822 2008 1877; x_wconf 90' lang='grc' dir='ltr'>Β</span> <span class='ocrx_word' id='word_1_212' title='bbox 2060 1889 2087 1901; x_wconf 18' lang='grc' dir='ltr'>,ί</span> <span class='ocrx_word' id='word_1_213' title='bbox 2116 1803 2446 1901; x_wconf 55' lang='grc' dir='ltr'>Ῑῆᾳιξίίίῖζω</span> <span class='ocrx_word' id='word_1_214' title='bbox 2471 1803 2718 1859; x_wconf 63' lang='lat' dir='ltr'>excelsis</span> <span class='ocrx_word' id='word_1_215' title='bbox 2766 1802 3007 1901; x_wconf 38' lang='lat' dir='ltr'>laudate</span> <span class='ocrx_word' id='word_1_216' title='bbox 3038 1801 3355 1901; x_wconf 54' lang='lat' dir='ltr'>Dtmfinum</span> <span class='ocrx_word' id='word_1_217' title='bbox 3385 1800 3460 1901; x_wconf 77' lang='lat' dir='ltr'>df&#39;:</span> <span class='ocrx_word' id='word_1_218' title='bbox 3490 1800 3681 1901; x_wconf 41' lang='grc' dir='ltr'>φῶθ’</span> 
     </span>
    </p>
   </div>
   <div class='ocr_carea' id='block_1_34' title="bbox 257 1913 1932 1990">
    <p class='ocr_par' dir='ltr' id='par_1_34' title="bbox 257 1913 1932 1990">
     <span class='ocr_line' id='line_1_34' title="bbox 257 1913 1932 1990; baseline 0.006 -23"><span class='ocrx_word' id='word_1_219' title='bbox 257 1913 691 1985; x_wconf 86' lang='lat' dir='ltr'>triumphum:</span> <span class='ocrx_word' id='word_1_220' title='bbox 724 1931 846 1987; x_wconf 91' lang='lat' dir='ltr'>quo</span> <span class='ocrx_word' id='word_1_221' title='bbox 885 1920 941 1971; x_wconf 92' lang='lat' dir='ltr'>et</span> <span class='ocrx_word' id='word_1_222' title='bbox 971 1919 1455 1989; x_wconf 87' lang='lat' dir='ltr'>persequentium</span> <span class='ocrx_word' id='word_1_223' title='bbox 1508 1936 1734 1990; x_wconf 91' lang='lat' dir='ltr'>mucro,</span> <span class='ocrx_word' id='word_1_224' title='bbox 1764 1921 1932 1977; x_wconf 88' lang='lat' dir='ltr'>obsi-</span> 
     </span>
    </p>
   </div>
   <div class='ocr_carea' id='block_1_35' title="bbox 259 2002 1931 2070">
    <p class='ocr_par' dir='ltr' id='par_1_35' title="bbox 259 2002 1931 2070">
     <span class='ocr_line' id='line_1_35' title="bbox 259 2002 1931 2070; baseline 0.006 -15"><span class='ocrx_word' id='word_1_225' title='bbox 259 2005 441 2057; x_wconf 89' lang='lat' dir='ltr'>stente</span> <span class='ocrx_word' id='word_1_226' title='bbox 493 2002 625 2057; x_wconf 86' lang='lat' dir='ltr'>sibi</span> <span class='ocrx_word' id='word_1_227' title='bbox 671 2004 954 2070; x_wconf 88' lang='lat' dir='ltr'>vanitate,</span> <span class='ocrx_word' id='word_1_228' title='bbox 1004 2012 1309 2070; x_wconf 86' lang='lat' dir='ltr'>vanescat,</span> <span class='ocrx_word' id='word_1_229' title='bbox 1361 2011 1414 2062; x_wconf 92' lang='lat' dir='ltr'>et</span> <span class='ocrx_word' id='word_1_230' title='bbox 1471 2008 1837 2064; x_wconf 90' lang='lat' dir='ltr'>credentium</span> <span class='ocrx_word' id='word_1_231' title='bbox 1874 2013 1931 2066; x_wconf 89' lang='lat' dir='ltr'>te</span> 
     </span>
    </p>
   </div>
   <div class='ocr_carea' id='block_1_36' title="bbox 250 2088 1927 2166">
    <p class='ocr_par' dir='ltr' id='par_1_36' title="bbox 250 2088 1927 2166">
     <span class='ocr_line' id='line_1_36' title="bbox 250 2088 1927 2166; baseline 0.007 -23"><span class='ocrx_word' id='word_1_232' title='bbox 250 2088 400 2145; x_wconf 88' lang='lat' dir='ltr'>ﬁdes</span> <span class='ocrx_word' id='word_1_233' title='bbox 444 2105 646 2162; x_wconf 89' lang='lat' dir='ltr'>super</span> <span class='ocrx_word' id='word_1_234' title='bbox 673 2090 949 2147; x_wconf 90' lang='lat' dir='ltr'>inimicos</span> <span class='ocrx_word' id='word_1_235' title='bbox 978 2092 1200 2149; x_wconf 90' lang='lat' dir='ltr'>invicta</span> <span class='ocrx_word' id='word_1_236' title='bbox 1226 2095 1593 2166; x_wconf 69' lang='lat' dir='ltr'>praepolleat.</span> <span class='ocrx_word' id='word_1_237' title='bbox 1620 2108 1681 2166; x_wconf 62' lang='lat'>13;.</span> <span class='ocrx_word' id='word_1_238' title='bbox 1716 2098 1927 2153; x_wconf 84' lang='lat' dir='ltr'>Amen.</span> 
     </span>
    </p>
   </div>
   <div class='ocr_carea' id='block_1_37' title="bbox 320 2194 1931 2264">
    <p class='ocr_par' dir='ltr' id='par_1_37' title="bbox 320 2194 1931 2264">
     <span class='ocr_line' id='line_1_37' title="bbox 320 2194 1931 2264; baseline 0.006 -16"><span class='ocrx_word' id='word_1_239' title='bbox 320 2194 693 2264; x_wconf 81' lang='lat' dir='ltr'>Antiphona</span> <span class='ocrx_word' id='word_1_240' title='bbox 722 2198 781 2252; x_wconf 86' lang='lat'>2.</span> <span class='ocrx_word' id='word_1_241' title='bbox 818 2196 1109 2252; x_wconf 90' lang='lat' dir='ltr'>Dominus</span> <span class='ocrx_word' id='word_1_242' title='bbox 1146 2200 1477 2255; x_wconf 89' lang='lat' dir='ltr'>orationem</span> <span class='ocrx_word' id='word_1_243' title='bbox 1504 2216 1702 2256; x_wconf 88' lang='lat' dir='ltr'>meam</span> <span class='ocrx_word' id='word_1_244' title='bbox 1735 2217 1931 2258; x_wconf 89' lang='lat' dir='ltr'>susce-</span> 
     </span>
    </p>
   </div>
   <div class='ocr_carea' id='block_1_38' title="bbox 250 2282 1927 2354">
    <p class='ocr_par' dir='ltr' id='par_1_38' title="bbox 250 2282 1927 2354">
     <span class='ocr_line' id='line_1_38' title="bbox 250 2282 1927 2354; baseline 0.006 -18"><span class='ocrx_word' id='word_1_245' title='bbox 250 2282 356 2354; x_wconf 91' lang='lat' dir='ltr'>pit.</span> <span class='ocrx_word' id='word_1_246' title='bbox 380 2284 447 2338; x_wconf 93' lang='lat' dir='ltr'>P.</span> <span class='ocrx_word' id='word_1_247' title='bbox 480 2284 882 2349; x_wconf 88' lang='lat' dir='ltr'>Erubescant,</span> <span class='ocrx_word' id='word_1_248' title='bbox 915 2289 970 2341; x_wconf 88' lang='lat' dir='ltr'>et</span> <span class='ocrx_word' id='word_1_249' title='bbox 995 2287 1421 2344; x_wconf 88' lang='lat' dir='ltr'>conturbentur</span> <span class='ocrx_word' id='word_1_250' title='bbox 1447 2305 1659 2345; x_wconf 91' lang='lat' dir='ltr'>omnes</span> <span class='ocrx_word' id='word_1_251' title='bbox 1698 2289 1927 2346; x_wconf 91' lang='lat' dir='ltr'>inimici</span> 
     </span>
    </p>
   </div>
   <div class='ocr_carea' id='block_1_39' title="bbox 248 2371 1928 2450">
    <p class='ocr_par' dir='ltr' id='par_1_39' title="bbox 248 2371 1928 2450">
     <span class='ocr_line' id='line_1_39' title="bbox 248 2371 1928 2450; baseline 0.006 -25"><span class='ocrx_word' id='word_1_252' title='bbox 248 2372 392 2428; x_wconf 93' lang='lat' dir='ltr'>mei.</span> <span class='ocrx_word' id='word_1_253' title='bbox 436 2371 503 2432; x_wconf 59' lang='lat' dir='ltr'>ir.</span> <span class='ocrx_word' id='word_1_254' title='bbox 537 2373 824 2438; x_wconf 91' lang='lat' dir='ltr'>Domine,</span> <span class='ocrx_word' id='word_1_255' title='bbox 852 2388 925 2427; x_wconf 92' lang='lat' dir='ltr'>ne</span> <span class='ocrx_word' id='word_1_256' title='bbox 955 2375 1016 2429; x_wconf 91' lang='lat' dir='ltr'>in</span> <span class='ocrx_word' id='word_1_257' title='bbox 1042 2374 1129 2431; x_wconf 89' lang='lat' dir='ltr'>ira</span> <span class='ocrx_word' id='word_1_258' title='bbox 1159 2391 1377 2445; x_wconf 84' lang='lat' dir='ltr'>arguas</span> <span class='ocrx_word' id='word_1_259' title='bbox 1395 2392 1509 2448; x_wconf 89' lang='lat' dir='ltr'>me,</span> <span class='ocrx_word' id='word_1_260' title='bbox 1536 2393 1730 2450; x_wconf 90' lang='lat' dir='ltr'>neque</span> <span class='ocrx_word' id='word_1_261' title='bbox 1757 2379 1814 2433; x_wconf 93' lang='lat' dir='ltr'>in</span> <span class='ocrx_word' id='word_1_262' title='bbox 1842 2378 1928 2435; x_wconf 88' lang='lat' dir='ltr'>fu-</span> 
     </span>
    </p>
   </div>
   <div class='ocr_carea' id='block_1_40' title="bbox 248 2460 995 2533">
    <p class='ocr_par' dir='ltr' id='par_1_40' title="bbox 248 2460 995 2533">
     <span class='ocr_line' id='line_1_40' title="bbox 248 2460 995 2533; baseline 0.004 -19"><span class='ocrx_word' id='word_1_263' title='bbox 248 2474 381 2516; x_wconf 88' lang='lat' dir='ltr'>rore</span> <span class='ocrx_word' id='word_1_264' title='bbox 409 2464 518 2517; x_wconf 91' lang='lat' dir='ltr'>tuo</span> <span class='ocrx_word' id='word_1_265' title='bbox 556 2460 853 2533; x_wconf 86' lang='lat' dir='ltr'>corripias</span> <span class='ocrx_word' id='word_1_266' title='bbox 877 2478 995 2518; x_wconf 90' lang='lat' dir='ltr'>me.</span> 
     </span>
    </p>
   </div>
   <div class='ocr_carea' id='block_1_41' title="bbox 322 2566 1928 2635">
    <p class='ocr_par' dir='ltr' id='par_1_41' title="bbox 322 2566 1928 2635">
     <span class='ocr_line' id='line_1_41' title="bbox 322 2566 1928 2635; baseline 0.004 -13"><span class='ocrx_word' id='word_1_267' title='bbox 322 2566 569 2623; x_wconf 80' lang='lat' dir='ltr'>Oratio.</span> <span class='ocrx_word' id='word_1_268' title='bbox 592 2567 974 2635; x_wconf 84' lang='lat' dir='ltr'>Erubescant,</span> <span class='ocrx_word' id='word_1_269' title='bbox 1011 2573 1069 2625; x_wconf 93' lang='lat' dir='ltr'>et</span> <span class='ocrx_word' id='word_1_270' title='bbox 1106 2569 1557 2629; x_wconf 89' lang='lat' dir='ltr'>confundantur</span> <span class='ocrx_word' id='word_1_271' title='bbox 1586 2587 1796 2628; x_wconf 91' lang='lat' dir='ltr'>omnes</span> <span class='ocrx_word' id='word_1_272' title='bbox 1821 2574 1928 2629; x_wconf 91' lang='lat' dir='ltr'>ini-</span> 
     </span>
    </p>
   </div>
   <div class='ocr_carea' id='block_1_42' title="bbox 249 2655 1922 2731">
    <p class='ocr_par' dir='ltr' id='par_1_42' title="bbox 249 2655 1922 2731">
     <span class='ocr_line' id='line_1_42' title="bbox 249 2655 1922 2731; baseline 0.005 -21"><span class='ocrx_word' id='word_1_273' title='bbox 249 2655 389 2711; x_wconf 93' lang='lat' dir='ltr'>mici</span> <span class='ocrx_word' id='word_1_274' title='bbox 411 2657 569 2722; x_wconf 89' lang='lat' dir='ltr'>mei,</span> <span class='ocrx_word' id='word_1_275' title='bbox 608 2658 872 2724; x_wconf 92' lang='lat' dir='ltr'>Domine,</span> <span class='ocrx_word' id='word_1_276' title='bbox 900 2664 955 2714; x_wconf 92' lang='lat' dir='ltr'>et</span> <span class='ocrx_word' id='word_1_277' title='bbox 974 2659 1078 2731; x_wconf 87' lang='lat' dir='ltr'>qui</span> <span class='ocrx_word' id='word_1_278' title='bbox 1099 2659 1383 2715; x_wconf 89' lang='lat' dir='ltr'>inrisores</span> <span class='ocrx_word' id='word_1_279' title='bbox 1412 2665 1549 2716; x_wconf 88' lang='lat' dir='ltr'>sunt</span> <span class='ocrx_word' id='word_1_280' title='bbox 1577 2662 1768 2717; x_wconf 87' lang='lat' dir='ltr'>crucis</span> <span class='ocrx_word' id='word_1_281' title='bbox 1787 2667 1922 2729; x_wconf 66' lang='lat' dir='ltr'>tum,</span> 
     </span>
    </p>
   </div>
   <div class='ocr_carea' id='block_1_43' title="bbox 250 2746 1922 2820">
    <p class='ocr_par' dir='ltr' id='par_1_43' title="bbox 250 2746 1922 2820">
     <span class='ocr_line' id='line_1_43' title="bbox 250 2746 1922 2820; baseline 0.005 -22"><span class='ocrx_word' id='word_1_282' title='bbox 250 2746 306 2799; x_wconf 91' lang='lat' dir='ltr'>et</span> <span class='ocrx_word' id='word_1_283' title='bbox 334 2749 630 2816; x_wconf 85' lang='lat' dir='ltr'>captores</span> <span class='ocrx_word' id='word_1_284' title='bbox 667 2747 952 2802; x_wconf 90' lang='lat' dir='ltr'>orationis</span> <span class='ocrx_word' id='word_1_285' title='bbox 982 2752 1202 2804; x_wconf 83' lang='lat' dir='ltr'>nostrae</span> <span class='ocrx_word' id='word_1_286' title='bbox 1228 2764 1239 2801; x_wconf 92' lang='lat'>:</span> <span class='ocrx_word' id='word_1_287' title='bbox 1274 2747 1521 2820; x_wconf 91' lang='lat' dir='ltr'>Suscipe</span> <span class='ocrx_word' id='word_1_288' title='bbox 1548 2764 1689 2819; x_wconf 90' lang='lat' dir='ltr'>ergo</span> <span class='ocrx_word' id='word_1_289' title='bbox 1712 2751 1922 2807; x_wconf 76' lang='lat' dir='ltr'>oratio-</span> 
     </span>
    </p>
   </div>
   <div class='ocr_carea' id='block_1_44' title="bbox 250 2833 1922 2905">
    <p class='ocr_par' dir='ltr' id='par_1_44' title="bbox 250 2833 1922 2905">
     <span class='ocr_line' id='line_1_44' title="bbox 250 2833 1922 2905; baseline 0.004 -18"><span class='ocrx_word' id='word_1_290' title='bbox 250 2846 387 2888; x_wconf 90' lang='lat' dir='ltr'>nem</span> <span class='ocrx_word' id='word_1_291' title='bbox 414 2833 721 2897; x_wconf 89' lang='lat' dir='ltr'>ﬁdelium,</span> <span class='ocrx_word' id='word_1_292' title='bbox 750 2837 806 2891; x_wconf 91' lang='lat' dir='ltr'>et</span> <span class='ocrx_word' id='word_1_293' title='bbox 835 2839 1028 2892; x_wconf 90' lang='lat' dir='ltr'>castra</span> <span class='ocrx_word' id='word_1_294' title='bbox 1056 2836 1247 2905; x_wconf 89' lang='lat' dir='ltr'>abjice</span> <span class='ocrx_word' id='word_1_295' title='bbox 1275 2841 1611 2892; x_wconf 88' lang='lat' dir='ltr'>exterorum</span> <span class='ocrx_word' id='word_1_296' title='bbox 1639 2854 1649 2891; x_wconf 92' lang='lat'>:</span> <span class='ocrx_word' id='word_1_297' title='bbox 1689 2841 1751 2892; x_wconf 90' lang='lat' dir='ltr'>ut</span> <span class='ocrx_word' id='word_1_298' title='bbox 1781 2838 1922 2893; x_wconf 91' lang='lat' dir='ltr'>dum</span> 
     </span>
    </p>
   </div>
   <div class='ocr_carea' id='block_1_45' title="bbox 248 2922 1923 2997">
    <p class='ocr_par' dir='ltr' id='par_1_45' title="bbox 248 2922 1923 2997">
     <span class='ocr_line' id='line_1_45' title="bbox 248 2922 1923 2997; baseline 0.003 -21"><span class='ocrx_word' id='word_1_299' title='bbox 248 2922 443 2979; x_wconf 88' lang='lat' dir='ltr'>oratio</span> <span class='ocrx_word' id='word_1_300' title='bbox 474 2922 757 2979; x_wconf 72' lang='lat' dir='ltr'>Ecclesiae</span> <span class='ocrx_word' id='word_1_301' title='bbox 784 2923 862 2979; x_wconf 92' lang='lat' dir='ltr'>ad</span> <span class='ocrx_word' id='word_1_302' title='bbox 888 2927 942 2979; x_wconf 92' lang='lat' dir='ltr'>te</span> <span class='ocrx_word' id='word_1_303' title='bbox 960 2924 1254 2994; x_wconf 82' lang='lat' dir='ltr'>dirigitur,</span> <span class='ocrx_word' id='word_1_304' title='bbox 1286 2925 1482 2980; x_wconf 90' lang='lat' dir='ltr'>omnis</span> <span class='ocrx_word' id='word_1_305' title='bbox 1505 2941 1609 2997; x_wconf 91' lang='lat' dir='ltr'>per</span> <span class='ocrx_word' id='word_1_306' title='bbox 1641 2928 1693 2981; x_wconf 92' lang='lat' dir='ltr'>te</span> <span class='ocrx_word' id='word_1_307' title='bbox 1723 2925 1923 2982; x_wconf 90' lang='lat' dir='ltr'>inﬁde-</span> 
     </span>
    </p>
   </div>
   <div class='ocr_carea' id='block_1_46' title="bbox 261 3008 1191 3082">
    <p class='ocr_par' dir='ltr' id='par_1_46' title="bbox 261 3008 1191 3082">
     <span class='ocr_line' id='line_1_46' title="bbox 261 3008 1191 3082; baseline 0.003 -18"><span class='ocrx_word' id='word_1_308' title='bbox 261 3008 401 3067; x_wconf 90' lang='lat' dir='ltr'>litas</span> <span class='ocrx_word' id='word_1_309' title='bbox 425 3010 859 3067; x_wconf 87' lang='lat' dir='ltr'>confundatur.</span> <span class='ocrx_word' id='word_1_310' title='bbox 893 3023 955 3082; x_wconf 57' lang='lat' dir='ltr'>BI.</span> <span class='ocrx_word' id='word_1_311' title='bbox 981 3014 1191 3067; x_wconf 80' lang='lat' dir='ltr'>Amen.</span> 
     </span>
    </p>
   </div>
   <div class='ocr_carea' id='block_1_47' title="bbox 314 3117 1914 3192">
    <p class='ocr_par' dir='ltr' id='par_1_47' title="bbox 314 3117 1914 3192">
     <span class='ocr_line' id='line_1_47' title="bbox 314 3117 1914 3192; baseline 0.003 -21"><span class='ocrx_word' id='word_1_312' title='bbox 314 3117 680 3186; x_wconf 81' lang='lat' dir='ltr'>Antiphona</span> <span class='ocrx_word' id='word_1_313' title='bbox 705 3122 756 3174; x_wconf 91' lang='lat'>3.</span> <span class='ocrx_word' id='word_1_314' title='bbox 791 3118 1045 3173; x_wconf 90' lang='lat' dir='ltr'>Domine</span> <span class='ocrx_word' id='word_1_315' title='bbox 1078 3119 1233 3174; x_wconf 91' lang='lat' dir='ltr'>Deus</span> <span class='ocrx_word' id='word_1_316' title='bbox 1264 3134 1434 3174; x_wconf 89' lang='lat' dir='ltr'>meus</span> <span class='ocrx_word' id='word_1_317' title='bbox 1463 3118 1525 3175; x_wconf 92' lang='lat' dir='ltr'>in</span> <span class='ocrx_word' id='word_1_318' title='bbox 1551 3123 1605 3175; x_wconf 89' lang='lat' dir='ltr'>te</span> <span class='ocrx_word' id='word_1_319' title='bbox 1636 3122 1868 3192; x_wconf 88' lang='lat' dir='ltr'>speravi</span> <span class='ocrx_word' id='word_1_320' title='bbox 1904 3139 1914 3176; x_wconf 93' lang='lat'><strong>:</strong></span> 
     </span>
    </p>
   </div>
   <div class='ocr_carea' id='block_1_48' title="bbox 248 3203 1919 3281">
    <p class='ocr_par' dir='ltr' id='par_1_48' title="bbox 248 3203 1919 3281">
     <span class='ocr_line' id='line_1_48' title="bbox 248 3203 1919 3281; baseline 0.005 -23"><span class='ocrx_word' id='word_1_321' title='bbox 248 3203 315 3261; x_wconf 88' lang='lat' dir='ltr'>P.</span> <span class='ocrx_word' id='word_1_322' title='bbox 345 3206 569 3263; x_wconf 90' lang='lat' dir='ltr'>Libera</span> <span class='ocrx_word' id='word_1_323' title='bbox 606 3222 703 3262; x_wconf 91' lang='lat' dir='ltr'>me</span> <span class='ocrx_word' id='word_1_324' title='bbox 742 3207 820 3263; x_wconf 91' lang='lat' dir='ltr'>ab</span> <span class='ocrx_word' id='word_1_325' title='bbox 845 3207 1130 3263; x_wconf 90' lang='lat' dir='ltr'>omnibus</span> <span class='ocrx_word' id='word_1_326' title='bbox 1167 3207 1665 3281; x_wconf 88' lang='lat' dir='ltr'>persequentibus</span> <span class='ocrx_word' id='word_1_327' title='bbox 1708 3225 1825 3275; x_wconf 92' lang='lat' dir='ltr'>me,</span> <span class='ocrx_word' id='word_1_328' title='bbox 1864 3214 1919 3267; x_wconf 88' lang='lat' dir='ltr'>et</span> 
     </span>
    </p>
   </div>
   <div class='ocr_carea' id='block_1_49' title="bbox 248 3294 1917 3369">
    <p class='ocr_par' dir='ltr' id='par_1_49' title="bbox 248 3294 1917 3369">
     <span class='ocr_line' id='line_1_49' title="bbox 248 3294 1917 3369; baseline 0.005 -21"><span class='ocrx_word' id='word_1_329' title='bbox 248 3294 411 3365; x_wconf 89' lang='lat' dir='ltr'>eripe</span> <span class='ocrx_word' id='word_1_330' title='bbox 466 3311 587 3351; x_wconf 91' lang='lat' dir='ltr'>me.</span> <span class='ocrx_word' id='word_1_331' title='bbox 635 3295 693 3356; x_wconf 52' lang='grc' dir='ltr'>ἢν.</span> <span class='ocrx_word' id='word_1_332' title='bbox 765 3296 1096 3368; x_wconf 89' lang='lat' dir='ltr'>Nequando</span> <span class='ocrx_word' id='word_1_333' title='bbox 1140 3297 1335 3369; x_wconf 91' lang='lat' dir='ltr'>rapiat</span> <span class='ocrx_word' id='word_1_334' title='bbox 1402 3301 1461 3353; x_wconf 81' lang='lat' dir='ltr'>ut</span> <span class='ocrx_word' id='word_1_335' title='bbox 1510 3296 1605 3353; x_wconf 93' lang='lat' dir='ltr'>leo</span> <span class='ocrx_word' id='word_1_336' title='bbox 1661 3298 1917 3356; x_wconf 87' lang='lat' dir='ltr'>animam</span> 
     </span>
    </p>
   </div>
   <div class='ocr_carea' id='block_1_50' title="bbox 248 3382 1918 3458">
    <p class='ocr_par' dir='ltr' id='par_1_50' title="bbox 248 3382 1918 3458">
     <span class='ocr_line' id='line_1_50' title="bbox 248 3382 1918 3458; baseline 0.004 -22"><span class='ocrx_word' id='word_1_337' title='bbox 248 3396 482 3453; x_wconf 88' lang='lat' dir='ltr'>meam,</span> <span class='ocrx_word' id='word_1_338' title='bbox 504 3382 653 3438; x_wconf 89' lang='lat' dir='ltr'>dum</span> <span class='ocrx_word' id='word_1_339' title='bbox 666 3398 789 3439; x_wconf 92' lang='lat' dir='ltr'>non</span> <span class='ocrx_word' id='word_1_340' title='bbox 807 3387 893 3440; x_wconf 90' lang='lat' dir='ltr'>est</span> <span class='ocrx_word' id='word_1_341' title='bbox 914 3384 1019 3457; x_wconf 90' lang='lat' dir='ltr'>qui</span> <span class='ocrx_word' id='word_1_342' title='bbox 1035 3383 1307 3450; x_wconf 88' lang='lat' dir='ltr'>redimat,</span> <span class='ocrx_word' id='word_1_343' title='bbox 1343 3399 1535 3457; x_wconf 90' lang='lat' dir='ltr'>neque</span> <span class='ocrx_word' id='word_1_344' title='bbox 1560 3384 1663 3458; x_wconf 86' lang='lat' dir='ltr'>qui</span> <span class='ocrx_word' id='word_1_345' title='bbox 1687 3386 1918 3442; x_wconf 90' lang='lat' dir='ltr'>salvum</span> 
     </span>
    </p>
   </div>
   <div class='ocr_carea' id='block_1_51' title="bbox 249 3468 854 3529">
    <p class='ocr_par' dir='ltr' id='par_1_51' title="bbox 249 3468 854 3529">
     <span class='ocr_line' id='line_1_51' title="bbox 249 3468 854 3529; baseline 0.008 -6"><span class='ocrx_word' id='word_1_346' title='bbox 249 3468 463 3527; x_wconf 90' lang='lat' dir='ltr'>faciat.</span> <span class='ocrx_word' id='word_1_347' title='bbox 506 3472 580 3525; x_wconf 92' lang='lat' dir='ltr'>P.</span> <span class='ocrx_word' id='word_1_348' title='bbox 621 3471 854 3529; x_wconf 91' lang='lat' dir='ltr'>Libera.</span> 
     </span>
    </p>
   </div>
   <div class='ocr_carea' id='block_1_52' title="bbox 322 3559 1916 3634">
    <p class='ocr_par' dir='ltr' id='par_1_52' title="bbox 322 3559 1916 3634">
     <span class='ocr_line' id='line_1_52' title="bbox 322 3559 1916 3634; baseline 0.003 -19"><span class='ocrx_word' id='word_1_349' title='bbox 322 3559 559 3615; x_wconf 86' lang='lat' dir='ltr'>Oratio.</span> <span class='ocrx_word' id='word_1_350' title='bbox 578 3562 824 3617; x_wconf 91' lang='lat' dir='ltr'>Domine</span> <span class='ocrx_word' id='word_1_351' title='bbox 853 3564 1022 3628; x_wconf 85' lang='lat' dir='ltr'>Deus,</span> <span class='ocrx_word' id='word_1_352' title='bbox 1046 3566 1388 3634; x_wconf 88' lang='lat' dir='ltr'>sperantem</span> <span class='ocrx_word' id='word_1_353' title='bbox 1428 3562 1487 3617; x_wconf 93' lang='lat' dir='ltr'>in</span> <span class='ocrx_word' id='word_1_354' title='bbox 1510 3566 1564 3619; x_wconf 88' lang='lat' dir='ltr'>te</span> <span class='ocrx_word' id='word_1_355' title='bbox 1585 3563 1916 3621; x_wconf 89' lang='lat' dir='ltr'>Ecclesiam</span> 
     </span>
    </p>
   </div>
   <div class='ocr_carea' id='block_1_53' title="bbox 249 3648 1920 3723">
    <p class='ocr_par' dir='ltr' id='par_1_53' title="bbox 249 3648 1920 3723">
     <span class='ocr_line' id='line_1_53' title="bbox 249 3648 1920 3723; baseline 0.004 -22"><span class='ocrx_word' id='word_1_356' title='bbox 249 3648 420 3702; x_wconf 89' lang='lat' dir='ltr'>tuam</span> <span class='ocrx_word' id='word_1_357' title='bbox 441 3663 480 3702; x_wconf 93' lang='lat' dir='ltr'>a</span> <span class='ocrx_word' id='word_1_358' title='bbox 502 3649 1009 3721; x_wconf 89' lang='lat' dir='ltr'>persequentibus</span> <span class='ocrx_word' id='word_1_359' title='bbox 1027 3650 1377 3707; x_wconf 89' lang='lat' dir='ltr'>hominibus</span> <span class='ocrx_word' id='word_1_360' title='bbox 1395 3651 1615 3708; x_wconf 90' lang='lat' dir='ltr'>libera:</span> <span class='ocrx_word' id='word_1_361' title='bbox 1642 3656 1920 3723; x_wconf 86' lang='lat' dir='ltr'>utpoten—</span> 
     </span>
    </p>
   </div>
   <div class='ocr_carea' id='block_1_54' title="bbox 250 3734 1918 3811">
    <p class='ocr_par' dir='ltr' id='par_1_54' title="bbox 250 3734 1918 3811">
     <span class='ocr_line' id='line_1_54' title="bbox 250 3734 1918 3811; baseline 0.004 -22"><span class='ocrx_word' id='word_1_362' title='bbox 250 3734 333 3789; x_wconf 92' lang='lat' dir='ltr'>tia</span> <span class='ocrx_word' id='word_1_363' title='bbox 348 3736 659 3805; x_wconf 87' lang='lat' dir='ltr'>passionis</span> <span class='ocrx_word' id='word_1_364' title='bbox 678 3742 814 3805; x_wconf 72' lang='lat' dir='ltr'>tuas,</span> <span class='ocrx_word' id='word_1_365' title='bbox 831 3753 953 3808; x_wconf 90' lang='lat' dir='ltr'>qua</span> <span class='ocrx_word' id='word_1_366' title='bbox 972 3753 1105 3793; x_wconf 88' lang='lat' dir='ltr'>eam</span> <span class='ocrx_word' id='word_1_367' title='bbox 1122 3740 1387 3810; x_wconf 91' lang='lat' dir='ltr'>primum</span> <span class='ocrx_word' id='word_1_368' title='bbox 1407 3739 1669 3796; x_wconf 88' lang='lat' dir='ltr'>liberasti</span> <span class='ocrx_word' id='word_1_369' title='bbox 1688 3756 1723 3796; x_wconf 90' lang='lat' dir='ltr'>a</span> <span class='ocrx_word' id='word_1_370' title='bbox 1738 3740 1918 3811; x_wconf 88' lang='lat' dir='ltr'>capti-</span> 
     </span>
    </p>
   </div>
   <div class='ocr_carea' id='block_1_55' title="bbox 248 3820 1917 3899">
    <p class='ocr_par' dir='ltr' id='par_1_55' title="bbox 248 3820 1917 3899">
     <span class='ocr_line' id='line_1_55' title="bbox 248 3820 1917 3899; baseline 0.005 -23"><span class='ocrx_word' id='word_1_371' title='bbox 248 3821 436 3876; x_wconf 87' lang='lat' dir='ltr'>vitate</span> <span class='ocrx_word' id='word_1_372' title='bbox 467 3820 717 3888; x_wconf 88' lang='lat' dir='ltr'>diaboli,</span> <span class='ocrx_word' id='word_1_373' title='bbox 751 3824 966 3879; x_wconf 87' lang='lat' dir='ltr'>liberes</span> <span class='ocrx_word' id='word_1_374' title='bbox 996 3825 1175 3881; x_wconf 91' lang='lat' dir='ltr'>etiam</span> <span class='ocrx_word' id='word_1_375' title='bbox 1196 3826 1275 3881; x_wconf 88' lang='lat' dir='ltr'>ab</span> <span class='ocrx_word' id='word_1_376' title='bbox 1297 3826 1613 3883; x_wconf 89' lang='lat' dir='ltr'>ardoribus</span> <span class='ocrx_word' id='word_1_377' title='bbox 1641 3827 1917 3899; x_wconf 88' lang='lat' dir='ltr'>supplicii</span> 
     </span>
    </p>
   </div>
   <div class='ocr_carea' id='block_1_56' title="bbox 246 3907 973 3979">
    <p class='ocr_par' dir='ltr' id='par_1_56' title="bbox 246 3907 973 3979">
     <span class='ocr_line' id='line_1_56' title="bbox 246 3907 973 3979; baseline 0.003 -16"><span class='ocrx_word' id='word_1_378' title='bbox 246 3907 638 3977; x_wconf 90' lang='lat' dir='ltr'>sempiterni.</span> <span class='ocrx_word' id='word_1_379' title='bbox 669 3921 733 3979; x_wconf 55' lang='lat' dir='ltr'>BI.</span> <span class='ocrx_word' id='word_1_380' title='bbox 766 3914 973 3965; x_wconf 89' lang='lat' dir='ltr'>Amen.</span> 
     </span>
    </p>
   </div>
   <div class='ocr_carea' id='block_1_57' title="bbox 322 3996 1912 4071">
    <p class='ocr_par' dir='ltr' id='par_1_57' title="bbox 322 3996 1912 4071">
     <span class='ocr_line' id='line_1_57' title="bbox 322 3996 1912 4071; baseline 0.006 -24"><span class='ocrx_word' id='word_1_381' title='bbox 322 4005 389 4064; x_wconf 53' lang='lat'>13:.</span> <span class='ocrx_word' id='word_1_382' title='bbox 428 3996 613 4051; x_wconf 85' lang='lat' dir='ltr'>Facta</span> <span class='ocrx_word' id='word_1_383' title='bbox 648 4001 736 4052; x_wconf 92' lang='lat' dir='ltr'>est</span> <span class='ocrx_word' id='word_1_384' title='bbox 783 3996 924 4053; x_wconf 91' lang='lat' dir='ltr'>Sion</span> <span class='ocrx_word' id='word_1_385' title='bbox 974 3998 1126 4053; x_wconf 90' lang='lat' dir='ltr'>sicut</span> <span class='ocrx_word' id='word_1_386' title='bbox 1172 3998 1302 4054; x_wconf 92' lang='lat' dir='ltr'>avis</span> <span class='ocrx_word' id='word_1_387' title='bbox 1344 3998 1573 4065; x_wconf 88' lang='lat' dir='ltr'>volans,</span> <span class='ocrx_word' id='word_1_388' title='bbox 1620 4000 1693 4055; x_wconf 89' lang='lat' dir='ltr'>de</span> <span class='ocrx_word' id='word_1_389' title='bbox 1741 4002 1912 4071; x_wconf 91' lang='lat' dir='ltr'>cujus</span> 
     </span>
    </p>
   </div>
   <div class='ocr_carea' id='block_1_58' title="bbox 238 4082 1916 4158">
    <p class='ocr_par' dir='ltr' id='par_1_58' title="bbox 238 4082 1916 4158">
     <span class='ocr_line' id='line_1_58' title="bbox 238 4082 1916 4158; baseline 0.005 -20"><span class='ocrx_word' id='word_1_390' title='bbox 238 4082 381 4139; x_wconf 93' lang='lat' dir='ltr'>loco</span> <span class='ocrx_word' id='word_1_391' title='bbox 405 4082 651 4140; x_wconf 90' lang='lat' dir='ltr'>ablatus</span> <span class='ocrx_word' id='word_1_392' title='bbox 676 4089 761 4141; x_wconf 91' lang='lat' dir='ltr'>est</span> <span class='ocrx_word' id='word_1_393' title='bbox 784 4085 962 4140; x_wconf 90' lang='lat' dir='ltr'>nidus</span> <span class='ocrx_word' id='word_1_394' title='bbox 987 4102 1000 4141; x_wconf 89' lang='lat'><strong>:</strong></span> <span class='ocrx_word' id='word_1_395' title='bbox 1025 4090 1081 4142; x_wconf 89' lang='lat' dir='ltr'>et</span> <span class='ocrx_word' id='word_1_396' title='bbox 1104 4091 1168 4142; x_wconf 90' lang='lat' dir='ltr'>tu</span> <span class='ocrx_word' id='word_1_397' title='bbox 1192 4086 1316 4142; x_wconf 89' lang='lat' dir='ltr'>ﬁlia</span> <span class='ocrx_word' id='word_1_398' title='bbox 1332 4086 1698 4143; x_wconf 86' lang='lat' dir='ltr'>Hierusalem</span> <span class='ocrx_word' id='word_1_399' title='bbox 1719 4089 1916 4158; x_wconf 89' lang='lat' dir='ltr'>cogita</span> 
     </span>
    </p>
   </div>
   <div class='ocr_carea' id='block_1_59' title="bbox 241 4173 1914 4244">
    <p class='ocr_par' dir='ltr' id='par_1_59' title="bbox 241 4173 1914 4244">
     <span class='ocr_line' id='line_1_59' title="bbox 241 4173 1914 4244; baseline 0.004 -16"><span class='ocrx_word' id='word_1_400' title='bbox 241 4173 445 4229; x_wconf 87' lang='lat' dir='ltr'>facere</span> <span class='ocrx_word' id='word_1_401' title='bbox 479 4173 590 4229; x_wconf 90' lang='lat' dir='ltr'>tibi</span> <span class='ocrx_word' id='word_1_402' title='bbox 622 4178 1035 4244; x_wconf 86' lang='lat' dir='ltr'>tegumentum</span> <span class='ocrx_word' id='word_1_403' title='bbox 1062 4174 1258 4231; x_wconf 90' lang='lat' dir='ltr'>luctus</span> <span class='ocrx_word' id='word_1_404' title='bbox 1280 4176 1339 4230; x_wconf 91' lang='lat' dir='ltr'>in</span> <span class='ocrx_word' id='word_1_405' title='bbox 1359 4175 1617 4230; x_wconf 89' lang='lat' dir='ltr'>tenebris</span> <span class='ocrx_word' id='word_1_406' title='bbox 1635 4176 1914 4234; x_wconf 89' lang='lat' dir='ltr'>meridia-</span> 
     </span>
    </p>
   </div>
   <div class='ocr_carea' id='block_1_60' title="bbox 240 4261 1912 4334">
    <p class='ocr_par' dir='ltr' id='par_1_60' title="bbox 240 4261 1912 4334">
     <span class='ocr_line' id='line_1_60' title="bbox 240 4261 1912 4334; baseline 0.001 -17"><span class='ocrx_word' id='word_1_407' title='bbox 240 4262 339 4317; x_wconf 88' lang='lat' dir='ltr'>nis</span> <span class='ocrx_word' id='word_1_408' title='bbox 372 4278 385 4315; x_wconf 89' lang='lat'><strong>:</strong></span> <span class='ocrx_word' id='word_1_409' title='bbox 420 4261 570 4333; x_wconf 90' lang='lat' dir='ltr'>quia</span> <span class='ocrx_word' id='word_1_410' title='bbox 591 4262 853 4318; x_wconf 86' lang='lat' dir='ltr'>salvator</span> <span class='ocrx_word' id='word_1_411' title='bbox 884 4267 1021 4319; x_wconf 88' lang='lat' dir='ltr'>tuus</span> <span class='ocrx_word' id='word_1_412' title='bbox 1046 4262 1604 4334; x_wconf 87' lang='lat' dir='ltr'>comprehendetur,</span> <span class='ocrx_word' id='word_1_413' title='bbox 1639 4270 1694 4320; x_wconf 92' lang='lat' dir='ltr'>et</span> <span class='ocrx_word' id='word_1_414' title='bbox 1720 4265 1912 4321; x_wconf 89' lang='lat' dir='ltr'>Domi-</span> 
     </span>
    </p>
   </div>
   <div class='ocr_carea' id='block_1_61' title="bbox 243 4351 1909 4411">
    <p class='ocr_par' dir='ltr' id='par_1_61' title="bbox 243 4351 1909 4411">
     <span class='ocr_line' id='line_1_61' title="bbox 243 4351 1909 4411; baseline 0.004 -6"><span class='ocrx_word' id='word_1_415' title='bbox 243 4365 359 4406; x_wconf 91' lang='lat' dir='ltr'>nus</span> <span class='ocrx_word' id='word_1_416' title='bbox 393 4351 687 4407; x_wconf 73' lang='lat' dir='ltr'>universae</span> <span class='ocrx_word' id='word_1_417' title='bbox 718 4356 887 4407; x_wconf 80' lang='lat' dir='ltr'>terrae</span> <span class='ocrx_word' id='word_1_418' title='bbox 915 4356 1106 4409; x_wconf 90' lang='lat' dir='ltr'>morte</span> <span class='ocrx_word' id='word_1_419' title='bbox 1131 4352 1650 4409; x_wconf 89' lang='lat' dir='ltr'>condemnabitur.</span> <span class='ocrx_word' id='word_1_420' title='bbox 1686 4355 1753 4411; x_wconf 91' lang='lat' dir='ltr'>P.</span> <span class='ocrx_word' id='word_1_421' title='bbox 1795 4355 1909 4410; x_wconf 89' lang='lat' dir='ltr'>Sed</span> 
     </span>
    </p>
   </div>
   <div class='ocr_carea' id='block_1_62' title="bbox 248 4440 1907 4513">
    <p class='ocr_par' dir='ltr' id='par_1_62' title="bbox 248 4440 1907 4513">
     <span class='ocr_line' id='line_1_62' title="bbox 248 4440 1907 4513; baseline 0.002 -18"><span class='ocrx_word' id='word_1_422' title='bbox 248 4454 573 4511; x_wconf 86' lang='lat' dir='ltr'>exurgens,</span> <span class='ocrx_word' id='word_1_423' title='bbox 599 4440 827 4497; x_wconf 89' lang='lat' dir='ltr'>sedebit</span> <span class='ocrx_word' id='word_1_424' title='bbox 850 4440 913 4497; x_wconf 91' lang='lat' dir='ltr'>in</span> <span class='ocrx_word' id='word_1_425' title='bbox 946 4441 1179 4507; x_wconf 85' lang='lat' dir='ltr'>throno,</span> <span class='ocrx_word' id='word_1_426' title='bbox 1217 4446 1275 4497; x_wconf 91' lang='lat' dir='ltr'>ut</span> <span class='ocrx_word' id='word_1_427' title='bbox 1293 4441 1521 4513; x_wconf 90' lang='lat' dir='ltr'>judicet</span> <span class='ocrx_word' id='word_1_428' title='bbox 1538 4441 1907 4499; x_wconf 86' lang='lat' dir='ltr'>adversarios</span> 
     </span>
    </p>
   </div>
   <div class='ocr_carea' id='block_1_63' title="bbox 251 4528 1907 4600">
    <p class='ocr_par' dir='ltr' id='par_1_63' title="bbox 251 4528 1907 4600">
     <span class='ocr_line' id='line_1_63' title="bbox 251 4528 1907 4600; baseline 0.002 -16"><span class='ocrx_word' id='word_1_429' title='bbox 251 4544 419 4584; x_wconf 89' lang='lat' dir='ltr'>suos.</span> <span class='ocrx_word' id='word_1_430' title='bbox 462 4528 523 4590; x_wconf 58' lang='grc' dir='ltr'>ἲν.</span> <span class='ocrx_word' id='word_1_431' title='bbox 570 4528 818 4600; x_wconf 91' lang='lat' dir='ltr'>Spiritus</span> <span class='ocrx_word' id='word_1_432' title='bbox 856 4530 976 4585; x_wconf 90' lang='lat' dir='ltr'>oris</span> <span class='ocrx_word' id='word_1_433' title='bbox 1034 4531 1223 4586; x_wconf 90' lang='lat' dir='ltr'>nostri</span> <span class='ocrx_word' id='word_1_434' title='bbox 1303 4530 1566 4586; x_wconf 90' lang='lat' dir='ltr'>Christus</span> <span class='ocrx_word' id='word_1_435' title='bbox 1622 4532 1907 4589; x_wconf 92' lang='lat' dir='ltr'>Dominus</span> 
     </span>
    </p>
   </div>
   <div class='ocr_carea' id='block_1_64' title="bbox 253 4618 1536 4689">
    <p class='ocr_par' dir='ltr' id='par_1_64' title="bbox 253 4618 1536 4689">
     <span class='ocr_line' id='line_1_64' title="bbox 253 4618 1536 4689; baseline -0.001 -17"><span class='ocrx_word' id='word_1_436' title='bbox 253 4621 470 4688; x_wconf 88' lang='lat' dir='ltr'>captus</span> <span class='ocrx_word' id='word_1_437' title='bbox 502 4622 589 4674; x_wconf 92' lang='lat' dir='ltr'>est</span> <span class='ocrx_word' id='word_1_438' title='bbox 609 4633 716 4688; x_wconf 92' lang='lat' dir='ltr'>pro</span> <span class='ocrx_word' id='word_1_439' title='bbox 746 4618 1003 4689; x_wconf 89' lang='lat' dir='ltr'>peccatis</span> <span class='ocrx_word' id='word_1_440' title='bbox 1032 4619 1269 4676; x_wconf 89' lang='lat' dir='ltr'>nostris.</span> <span class='ocrx_word' id='word_1_441' title='bbox 1310 4621 1371 4674; x_wconf 91' lang='lat' dir='ltr'>P.</span> <span class='ocrx_word' id='word_1_442' title='bbox 1404 4618 1536 4675; x_wconf 89' lang='lat' dir='ltr'>Sed.</span> 
     </span>
    </p>
   </div>
   <div class='ocr_carea' id='block_1_65' title="bbox 327 4707 1905 4779">
    <p class='ocr_par' dir='ltr' id='par_1_65' title="bbox 327 4707 1905 4779">
     <span class='ocr_line' id='line_1_65' title="bbox 327 4707 1905 4779; baseline 0.003 -18"><span class='ocrx_word' id='word_1_443' title='bbox 327 4707 554 4763; x_wconf 86' lang='lat' dir='ltr'>Oratio.</span> <span class='ocrx_word' id='word_1_444' title='bbox 603 4707 824 4763; x_wconf 89' lang='lat' dir='ltr'>Christe</span> <span class='ocrx_word' id='word_1_445' title='bbox 867 4708 969 4764; x_wconf 90' lang='lat' dir='ltr'>Dei</span> <span class='ocrx_word' id='word_1_446' title='bbox 1004 4708 1204 4773; x_wconf 86' lang='lat' dir='ltr'>Filius,</span> <span class='ocrx_word' id='word_1_447' title='bbox 1252 4708 1420 4779; x_wconf 91' lang='lat' dir='ltr'>cujus</span> <span class='ocrx_word' id='word_1_448' title='bbox 1456 4707 1624 4764; x_wconf 91' lang='lat' dir='ltr'>locus</span> <span class='ocrx_word' id='word_1_449' title='bbox 1668 4708 1729 4764; x_wconf 92' lang='lat' dir='ltr'>in</span> <span class='ocrx_word' id='word_1_450' title='bbox 1767 4710 1905 4765; x_wconf 92' lang='lat' dir='ltr'>Sion</span> 
     </span>
    </p>
   </div>
   <div class='ocr_carea' id='block_1_66' title="bbox 257 4796 1905 4865">
    <p class='ocr_par' dir='ltr' id='par_1_66' title="bbox 257 4796 1905 4865">
     <span class='ocr_line' id='line_1_66' title="bbox 257 4796 1905 4865; baseline 0.002 -16"><span class='ocrx_word' id='word_1_451' title='bbox 257 4808 521 4864; x_wconf 89' lang='lat' dir='ltr'>magnus</span> <span class='ocrx_word' id='word_1_452' title='bbox 549 4798 637 4850; x_wconf 91' lang='lat' dir='ltr'>est</span> <span class='ocrx_word' id='word_1_453' title='bbox 650 4813 668 4865; x_wconf 84' lang='grc'>;</span> <span class='ocrx_word' id='word_1_454' title='bbox 702 4801 979 4851; x_wconf 90' lang='lat' dir='ltr'>converte</span> <span class='ocrx_word' id='word_1_455' title='bbox 1008 4796 1086 4852; x_wconf 89' lang='lat' dir='ltr'>ad</span> <span class='ocrx_word' id='word_1_456' title='bbox 1134 4800 1187 4851; x_wconf 94' lang='lat' dir='ltr'>te</span> <span class='ocrx_word' id='word_1_457' title='bbox 1223 4796 1408 4852; x_wconf 86' lang='lat' dir='ltr'>corda</span> <span class='ocrx_word' id='word_1_458' title='bbox 1436 4800 1643 4851; x_wconf 90' lang='lat' dir='ltr'>nostra</span> <span class='ocrx_word' id='word_1_459' title='bbox 1686 4812 1696 4849; x_wconf 89' lang='lat'>:</span> <span class='ocrx_word' id='word_1_460' title='bbox 1750 4804 1812 4852; x_wconf 88' lang='lat' dir='ltr'>ut</span> <span class='ocrx_word' id='word_1_461' title='bbox 1844 4798 1905 4853; x_wconf 91' lang='lat' dir='ltr'>in</span> 
     </span>
    </p>
   </div>
   <div class='ocr_carea' id='block_1_67' title="bbox 255 4882 1904 4956">
    <p class='ocr_par' dir='ltr' id='par_1_67' title="bbox 255 4882 1904 4956">
     <span class='ocr_line' id='line_1_67' title="bbox 255 4882 1904 4956; baseline 0.003 -21"><span class='ocrx_word' id='word_1_462' title='bbox 255 4882 662 4953; x_wconf 89' lang='lat' dir='ltr'>speculatione</span> <span class='ocrx_word' id='word_1_463' title='bbox 691 4883 820 4953; x_wconf 89' lang='lat' dir='ltr'>ejus</span> <span class='ocrx_word' id='word_1_464' title='bbox 859 4884 1176 4940; x_wconf 90' lang='lat' dir='ltr'>constituti.</span> <span class='ocrx_word' id='word_1_465' title='bbox 1217 4888 1271 4940; x_wconf 90' lang='lat' dir='ltr'>te</span> <span class='ocrx_word' id='word_1_466' title='bbox 1308 4899 1419 4956; x_wconf 92' lang='lat' dir='ltr'>pro</span> <span class='ocrx_word' id='word_1_467' title='bbox 1448 4885 1624 4939; x_wconf 92' lang='lat' dir='ltr'>nobis</span> <span class='ocrx_word' id='word_1_468' title='bbox 1654 4884 1904 4954; x_wconf 87' lang='lat' dir='ltr'>ﬂagellis</span> 
     </span>
    </p>
   </div>
   <div class='ocr_carea' id='block_1_68' title="bbox 255 4968 1903 5044">
    <p class='ocr_par' dir='ltr' id='par_1_68' title="bbox 255 4968 1903 5044">
     <span class='ocr_line' id='line_1_68' title="bbox 255 4968 1903 5044; baseline 0.002 -19"><span class='ocrx_word' id='word_1_469' title='bbox 255 4968 563 5043; x_wconf 88' lang='lat' dir='ltr'>alapisque</span> <span class='ocrx_word' id='word_1_470' title='bbox 576 4986 818 5036; x_wconf 64' lang='lat' dir='ltr'>caesum,</span> <span class='ocrx_word' id='word_1_471' title='bbox 840 4972 1014 5028; x_wconf 88' lang='lat' dir='ltr'>morti</span> <span class='ocrx_word' id='word_1_472' title='bbox 1035 4987 1275 5044; x_wconf 89' lang='lat' dir='ltr'>quoque</span> <span class='ocrx_word' id='word_1_473' title='bbox 1293 4971 1389 5043; x_wconf 90' lang='lat' dir='ltr'>adj</span> <span class='ocrx_word' id='word_1_474' title='bbox 1402 4972 1705 5029; x_wconf 89' lang='lat' dir='ltr'>udicatum</span> <span class='ocrx_word' id='word_1_475' title='bbox 1720 4972 1903 5030; x_wconf 83' lang='lat' dir='ltr'>ﬁdeli-</span> 
     </span>
    </p>
   </div>
   <div class='ocr_carea' id='block_1_69' title="bbox 255 5059 1902 5133">
    <p class='ocr_par' dir='ltr' id='par_1_69' title="bbox 255 5059 1902 5133">
     <span class='ocr_line' id='line_1_69' title="bbox 255 5059 1902 5133; baseline 0.003 -21"><span class='ocrx_word' id='word_1_476' title='bbox 255 5059 337 5113; x_wconf 87' lang='lat' dir='ltr'>ter</span> <span class='ocrx_word' id='word_1_477' title='bbox 364 5059 665 5116; x_wconf 89' lang='lat' dir='ltr'>fateamur</span> <span class='ocrx_word' id='word_1_478' title='bbox 698 5076 713 5113; x_wconf 90' lang='lat'><strong><em>:</em></strong></span> <span class='ocrx_word' id='word_1_479' title='bbox 746 5062 810 5115; x_wconf 88' lang='lat' dir='ltr'>ut</span> <span class='ocrx_word' id='word_1_480' title='bbox 838 5060 944 5130; x_wconf 88' lang='lat' dir='ltr'>qui</span> <span class='ocrx_word' id='word_1_481' title='bbox 990 5060 1323 5115; x_wconf 88' lang='lat' dir='ltr'>secundum</span> <span class='ocrx_word' id='word_1_482' title='bbox 1370 5065 1599 5131; x_wconf 91' lang='lat' dir='ltr'>tempus</span> <span class='ocrx_word' id='word_1_483' title='bbox 1650 5077 1715 5115; x_wconf 91' lang='lat' dir='ltr'>es</span> <span class='ocrx_word' id='word_1_484' title='bbox 1763 5078 1902 5133; x_wconf 90' lang='lat' dir='ltr'>pas-</span> 
     </span>
    </p>
   </div>
   <div class='ocr_carea' id='block_1_70' title="bbox 253 5146 1897 5220">
    <p class='ocr_par' dir='ltr' id='par_1_70' title="bbox 253 5146 1897 5220">
     <span class='ocr_line' id='line_1_70' title="bbox 253 5146 1897 5220; baseline 0.004 -21"><span class='ocrx_word' id='word_1_485' title='bbox 253 5161 349 5202; x_wconf 89' lang='lat' dir='ltr'>sus</span> <span class='ocrx_word' id='word_1_486' title='bbox 374 5164 487 5220; x_wconf 91' lang='lat' dir='ltr'>pro</span> <span class='ocrx_word' id='word_1_487' title='bbox 513 5146 714 5220; x_wconf 91' lang='lat' dir='ltr'>impiis</span> <span class='ocrx_word' id='word_1_488' title='bbox 740 5163 753 5212; x_wconf 92' lang='lat'><strong>;</strong></span> <span class='ocrx_word' id='word_1_489' title='bbox 781 5148 1119 5218; x_wconf 90' lang='lat' dir='ltr'>perenniter</span> <span class='ocrx_word' id='word_1_490' title='bbox 1140 5164 1177 5204; x_wconf 90' lang='lat' dir='ltr'>a</span> <span class='ocrx_word' id='word_1_491' title='bbox 1204 5146 1480 5204; x_wconf 89' lang='lat' dir='ltr'>ﬁdelibus</span> <span class='ocrx_word' id='word_1_492' title='bbox 1501 5148 1897 5205; x_wconf 88' lang='lat' dir='ltr'>conlauderis.</span> 
     </span>
    </p>
   </div>
   <div class='ocr_carea' id='block_1_71' title="bbox 252 5239 567 5301">
    <p class='ocr_par' dir='ltr' id='par_1_71' title="bbox 252 5239 567 5301">
     <span class='ocr_line' id='line_1_71' title="bbox 252 5239 567 5301; baseline 0.01 -13"><span class='ocrx_word' id='word_1_493' title='bbox 252 5240 317 5301; x_wconf 56' lang='lat' dir='ltr'>Et.</span> <span class='ocrx_word' id='word_1_494' title='bbox 354 5239 567 5291; x_wconf 87' lang='lat' dir='ltr'>Amen.</span> 
     </span>
    </p>
   </div>
   <div class='ocr_carea' id='block_1_72' title="bbox 318 5323 1900 5395">
    <p class='ocr_par' dir='ltr' id='par_1_72' title="bbox 318 5323 1900 5395">
     <span class='ocr_line' id='line_1_72' title="bbox 318 5323 1900 5395; baseline 0.004 -20"><span class='ocrx_word' id='word_1_495' title='bbox 318 5323 411 5377; x_wconf 83' lang='lat' dir='ltr'>Ad</span> <span class='ocrx_word' id='word_1_496' title='bbox 440 5323 772 5379; x_wconf 81' lang='lat' dir='ltr'>Canticum.</span> <span class='ocrx_word' id='word_1_497' title='bbox 807 5323 1177 5392; x_wconf 83' lang='lat' dir='ltr'>Antiphona.</span> <span class='ocrx_word' id='word_1_498' title='bbox 1222 5323 1442 5385; x_wconf 89' lang='lat' dir='ltr'>Videte,</span> <span class='ocrx_word' id='word_1_499' title='bbox 1470 5324 1757 5395; x_wconf 90' lang='lat' dir='ltr'>quoniam</span> <span class='ocrx_word' id='word_1_500' title='bbox 1788 5340 1900 5394; x_wconf 90' lang='lat' dir='ltr'>ego</span> 
     </span>
    </p>
   </div>
   <div class='ocr_carea' id='block_1_73' title="bbox 253 5412 1898 5482">
    <p class='ocr_par' dir='ltr' id='par_1_73' title="bbox 253 5412 1898 5482">
     <span class='ocr_line' id='line_1_73' title="bbox 253 5412 1898 5482; baseline 0.004 -21"><span class='ocrx_word' id='word_1_501' title='bbox 253 5421 383 5466; x_wconf 90' lang='lat' dir='ltr'>sum</span> <span class='ocrx_word' id='word_1_502' title='bbox 424 5412 730 5476; x_wconf 91' lang='lat' dir='ltr'>Dominus,</span> <span class='ocrx_word' id='word_1_503' title='bbox 752 5417 953 5468; x_wconf 88' lang='lat' dir='ltr'>etnon</span> <span class='ocrx_word' id='word_1_504' title='bbox 986 5416 1075 5467; x_wconf 89' lang='lat' dir='ltr'>est</span> <span class='ocrx_word' id='word_1_505' title='bbox 1098 5412 1249 5466; x_wconf 88' lang='lat' dir='ltr'>Deus</span> <span class='ocrx_word' id='word_1_506' title='bbox 1284 5417 1494 5482; x_wconf 68' lang='lat' dir='ltr'>praeter</span> <span class='ocrx_word' id='word_1_507' title='bbox 1524 5428 1616 5467; x_wconf 91' lang='lat' dir='ltr'>me</span> <span class='ocrx_word' id='word_1_508' title='bbox 1644 5428 1898 5481; x_wconf 90' lang='lat' dir='ltr'>:egooc-</span> 
     </span>
    </p>
   </div>
   <div class='ocr_carea' id='block_1_74' title="bbox 254 5495 1896 5571">
    <p class='ocr_par' dir='ltr' id='par_1_74' title="bbox 254 5495 1896 5571">
     <span class='ocr_line' id='line_1_74' title="bbox 254 5495 1896 5571; baseline 0.005 -22"><span class='ocrx_word' id='word_1_509' title='bbox 254 5495 465 5570; x_wconf 85' lang='lat' dir='ltr'>cidam,</span> <span class='ocrx_word' id='word_1_510' title='bbox 499 5502 556 5555; x_wconf 88' lang='lat' dir='ltr'>et</span> <span class='ocrx_word' id='word_1_511' title='bbox 576 5500 772 5556; x_wconf 89' lang='lat' dir='ltr'>vivere</span> <span class='ocrx_word' id='word_1_512' title='bbox 802 5499 1017 5557; x_wconf 86' lang='lat' dir='ltr'>faciam</span> <span class='ocrx_word' id='word_1_513' title='bbox 1044 5500 1429 5571; x_wconf 84' lang='lat' dir='ltr'>:percutiam,</span> <span class='ocrx_word' id='word_1_514' title='bbox 1448 5503 1502 5556; x_wconf 90' lang='lat' dir='ltr'>et</span> <span class='ocrx_word' id='word_1_515' title='bbox 1519 5515 1631 5569; x_wconf 87' lang='lat' dir='ltr'>ego</span> <span class='ocrx_word' id='word_1_516' title='bbox 1644 5501 1896 5569; x_wconf 88' lang='lat' dir='ltr'>sanabo,</span> 
     </span>
    </p>
   </div>
   <div class='ocr_carea' id='block_1_75' title="bbox 256 5586 1899 5661">
    <p class='ocr_par' dir='ltr' id='par_1_75' title="bbox 256 5586 1899 5661">
     <span class='ocr_line' id='line_1_75' title="bbox 256 5586 1899 5661; baseline 0.005 -23"><span class='ocrx_word' id='word_1_517' title='bbox 256 5587 309 5640; x_wconf 87' lang='lat' dir='ltr'>et</span> <span class='ocrx_word' id='word_1_518' title='bbox 354 5601 475 5645; x_wconf 93' lang='lat' dir='ltr'>non</span> <span class='ocrx_word' id='word_1_519' title='bbox 522 5592 609 5644; x_wconf 88' lang='lat' dir='ltr'>est</span> <span class='ocrx_word' id='word_1_520' title='bbox 659 5589 760 5659; x_wconf 89' lang='lat' dir='ltr'>qui</span> <span class='ocrx_word' id='word_1_521' title='bbox 812 5588 1023 5661; x_wconf 88' lang='lat' dir='ltr'>eripiat</span> <span class='ocrx_word' id='word_1_522' title='bbox 1067 5587 1141 5644; x_wconf 89' lang='lat' dir='ltr'>de</span> <span class='ocrx_word' id='word_1_523' title='bbox 1193 5586 1474 5645; x_wconf 86' lang='lat' dir='ltr'>manibus</span> <span class='ocrx_word' id='word_1_524' title='bbox 1533 5590 1699 5645; x_wconf 89' lang='lat' dir='ltr'>meis.</span> <span class='ocrx_word' id='word_1_525' title='bbox 1751 5591 1899 5654; x_wconf 87' lang='lat' dir='ltr'>Quia.</span> 
     </span>
    </p>
   </div>
   <div class='ocr_carea' id='block_1_76' title="bbox 2045 1889 3688 1957">
    <p class='ocr_par' dir='ltr' id='par_1_76' title="bbox 2045 1889 3688 1957">
     <span class='ocr_line' id='line_1_76' title="bbox 2045 1889 3688 1957; baseline -0.004 -7"><span class='ocrx_word' id='word_1_526' title='bbox 2045 1889 2110 1950; x_wconf 61' lang='grc' dir='ltr'>ἲν.</span> <span class='ocrx_word' id='word_1_527' title='bbox 2153 1891 2251 1946; x_wconf 93' lang='lat' dir='ltr'>Sol</span> <span class='ocrx_word' id='word_1_528' title='bbox 2279 1894 2335 1947; x_wconf 91' lang='lat' dir='ltr'>et</span> <span class='ocrx_word' id='word_1_529' title='bbox 2361 1891 2539 1949; x_wconf 86' lang='lat' dir='ltr'>luna:</span> <span class='ocrx_word' id='word_1_530' title='bbox 2575 1907 2785 1948; x_wconf 91' lang='lat' dir='ltr'>omnes</span> <span class='ocrx_word' id='word_1_531' title='bbox 2825 1890 3027 1957; x_wconf 71' lang='lat' dir='ltr'>stellae,</span> <span class='ocrx_word' id='word_1_532' title='bbox 3060 1894 3115 1946; x_wconf 91' lang='lat' dir='ltr'>et</span> <span class='ocrx_word' id='word_1_533' title='bbox 3163 1889 3385 1945; x_wconf 89' lang='lat' dir='ltr'>lumen.</span> <span class='ocrx_word' id='word_1_534' title='bbox 3420 1890 3688 1946; x_wconf 82' lang='lat' dir='ltr'>Psalmus</span> 
     </span>
    </p>
   </div>
   <div class='ocr_carea' id='block_1_77' title="bbox 2043 1993 2263 2033">
    <p class='ocr_par' dir='ltr' id='par_1_77' title="bbox 2043 1993 2263 2033">
     <span class='ocr_line' id='line_1_77' title="bbox 2043 1993 2263 2033; baseline -0.005 0"><span class='ocrx_word' id='word_1_535' title='bbox 2043 1993 2263 2033; x_wconf 75' lang='lat' dir='ltr'>CXLVIII.</span> 
     </span>
    </p>
   </div>
   <div class='ocr_carea' id='block_1_78' title="bbox 2431 2064 3294 2136">
    <p class='ocr_par' dir='ltr' id='par_1_78' title="bbox 2431 2064 3294 2136">
     <span class='ocr_line' id='line_1_78' title="bbox 2431 2064 3294 2136; baseline -0.001 -15"><span class='ocrx_word' id='word_1_536' title='bbox 2431 2066 2626 2122; x_wconf 82' lang='lat' dir='ltr'>Lectio</span> <span class='ocrx_word' id='word_1_537' title='bbox 2659 2066 2801 2122; x_wconf 81' lang='lat' dir='ltr'>libri</span> <span class='ocrx_word' id='word_1_538' title='bbox 2830 2066 2991 2122; x_wconf 83' lang='lat' dir='ltr'>Ruth</span> <span class='ocrx_word' id='word_1_539' title='bbox 3020 2064 3195 2136; x_wconf 84' lang='lat' dir='ltr'>(Cap.</span> <span class='ocrx_word' id='word_1_540' title='bbox 3230 2064 3294 2132; x_wconf 79' lang='grc' dir='ltr'>ι).</span> 
     </span>
    </p>
   </div>
   <div class='ocr_carea' id='block_1_79' title="bbox 2113 2153 2602 2225">
    <p class='ocr_par' dir='ltr' id='par_1_79' title="bbox 2113 2153 2602 2225">
     <span class='ocr_line' id='line_1_79' title="bbox 2113 2153 2602 2225; baseline 0.012 -20"><span class='ocrx_word' id='word_1_541' title='bbox 2113 2165 2176 2224; x_wconf 56' lang='grc' dir='ltr'><strong>ἢ.</strong></span> <span class='ocrx_word' id='word_1_542' title='bbox 2213 2153 2330 2209; x_wconf 92' lang='lat' dir='ltr'>Deo</span> <span class='ocrx_word' id='word_1_543' title='bbox 2356 2154 2602 2225; x_wconf 90' lang='lat' dir='ltr'>gratias.</span> 
     </span>
    </p>
   </div>
   <div class='ocr_carea' id='block_1_80' title="bbox 2112 2237 3681 2314">
    <p class='ocr_par' dir='ltr' id='par_1_80' title="bbox 2112 2237 3681 2314">
     <span class='ocr_line' id='line_1_80' title="bbox 2112 2237 3681 2314; baseline 0.001 -18"><span class='ocrx_word' id='word_1_544' title='bbox 2112 2244 2173 2296; x_wconf 87' lang='lat' dir='ltr'>In</span> <span class='ocrx_word' id='word_1_545' title='bbox 2187 2241 2390 2297; x_wconf 89' lang='lat' dir='ltr'>diebus</span> <span class='ocrx_word' id='word_1_546' title='bbox 2412 2243 2589 2298; x_wconf 92' lang='lat' dir='ltr'>unius</span> <span class='ocrx_word' id='word_1_547' title='bbox 2599 2242 2831 2314; x_wconf 88' lang='lat' dir='ltr'>judicis,</span> <span class='ocrx_word' id='word_1_548' title='bbox 2856 2240 3098 2313; x_wconf 88' lang='lat' dir='ltr'>quando</span> <span class='ocrx_word' id='word_1_549' title='bbox 3105 2237 3336 2311; x_wconf 91' lang='lat' dir='ltr'>judices</span> <span class='ocrx_word' id='word_1_550' title='bbox 3350 2242 3639 2309; x_wconf 65' lang='lat' dir='ltr'>praeerant</span> <span class='ocrx_word' id='word_1_551' title='bbox 3665 2257 3681 2300; x_wconf 92' lang='lat'><strong>:</strong></span> 
     </span>
    </p>
   </div>
   <div class='ocr_carea' id='block_1_81' title="bbox 2038 2326 3683 2400">
    <p class='ocr_par' dir='ltr' id='par_1_81' title="bbox 2038 2326 3683 2400">
     <span class='ocr_line' id='line_1_81' title="bbox 2038 2326 3683 2400; baseline -0.001 -16"><span class='ocrx_word' id='word_1_552' title='bbox 2038 2327 2193 2385; x_wconf 85' lang='lat' dir='ltr'>facta</span> <span class='ocrx_word' id='word_1_553' title='bbox 2218 2334 2308 2386; x_wconf 90' lang='lat' dir='ltr'>est</span> <span class='ocrx_word' id='word_1_554' title='bbox 2336 2330 2524 2386; x_wconf 88' lang='lat' dir='ltr'>fames</span> <span class='ocrx_word' id='word_1_555' title='bbox 2545 2331 2608 2386; x_wconf 94' lang='lat' dir='ltr'>in</span> <span class='ocrx_word' id='word_1_556' title='bbox 2638 2334 2810 2386; x_wconf 89' lang='lat' dir='ltr'>terra.</span> <span class='ocrx_word' id='word_1_557' title='bbox 2842 2329 3116 2400; x_wconf 81' lang='lat' dir='ltr'>Abiitque</span> <span class='ocrx_word' id='word_1_558' title='bbox 3143 2328 3329 2383; x_wconf 93' lang='lat' dir='ltr'>homo</span> <span class='ocrx_word' id='word_1_559' title='bbox 3359 2326 3432 2382; x_wconf 92' lang='lat' dir='ltr'>de</span> <span class='ocrx_word' id='word_1_560' title='bbox 3454 2327 3683 2383; x_wconf 86' lang='lat' dir='ltr'>Bethle-</span> 
     </span>
    </p>
   </div>
   <div class='ocr_carea' id='block_1_82' title="bbox 2037 2414 3685 2491">
    <p class='ocr_par' dir='ltr' id='par_1_82' title="bbox 2037 2414 3685 2491">
     <span class='ocr_line' id='line_1_82' title="bbox 2037 2414 3685 2491; baseline -0.001 -18"><span class='ocrx_word' id='word_1_561' title='bbox 2037 2418 2215 2474; x_wconf 83' lang='lat' dir='ltr'>hemJ</span> <span class='ocrx_word' id='word_1_562' title='bbox 2227 2418 2363 2485; x_wconf 90' lang='lat' dir='ltr'>uda,</span> <span class='ocrx_word' id='word_1_563' title='bbox 2392 2423 2456 2475; x_wconf 90' lang='lat' dir='ltr'>ut</span> <span class='ocrx_word' id='word_1_564' title='bbox 2492 2418 2971 2491; x_wconf 88' lang='lat' dir='ltr'>peregrinaretur</span> <span class='ocrx_word' id='word_1_565' title='bbox 3009 2416 3070 2472; x_wconf 93' lang='lat' dir='ltr'>in</span> <span class='ocrx_word' id='word_1_566' title='bbox 3108 2414 3351 2486; x_wconf 91' lang='lat' dir='ltr'>regione</span> <span class='ocrx_word' id='word_1_567' title='bbox 3371 2414 3685 2472; x_wconf 84' lang='lat' dir='ltr'>Moabitide</span> 
     </span>
    </p>
   </div>
   <div class='ocr_carea' id='block_1_83' title="bbox 2038 2502 3686 2575">
    <p class='ocr_par' dir='ltr' id='par_1_83' title="bbox 2038 2502 3686 2575">
     <span class='ocr_line' id='line_1_83' title="bbox 2038 2502 3686 2575; baseline -0.001 -15"><span class='ocrx_word' id='word_1_568' title='bbox 2038 2519 2176 2561; x_wconf 89' lang='lat' dir='ltr'>cum</span> <span class='ocrx_word' id='word_1_569' title='bbox 2206 2522 2388 2562; x_wconf 87' lang='lat' dir='ltr'>uxore</span> <span class='ocrx_word' id='word_1_570' title='bbox 2419 2522 2525 2563; x_wconf 90' lang='lat' dir='ltr'>suo</span> <span class='ocrx_word' id='word_1_571' title='bbox 2556 2522 2626 2563; x_wconf 91' lang='lat' dir='ltr'>ac</span> <span class='ocrx_word' id='word_1_572' title='bbox 2650 2506 2889 2561; x_wconf 90' lang='lat' dir='ltr'>duobus</span> <span class='ocrx_word' id='word_1_573' title='bbox 2912 2504 3111 2560; x_wconf 84' lang='lat' dir='ltr'>liberis</span> <span class='ocrx_word' id='word_1_574' title='bbox 3139 2522 3153 2557; x_wconf 90' lang='lat'><strong>:</strong></span> <span class='ocrx_word' id='word_1_575' title='bbox 3193 2504 3315 2575; x_wconf 90' lang='lat' dir='ltr'>ipse</span> <span class='ocrx_word' id='word_1_576' title='bbox 3356 2502 3686 2559; x_wconf 89' lang='lat' dir='ltr'>vocabatur</span> 
     </span>
    </p>
   </div>
   <div class='ocr_carea' id='block_1_84' title="bbox 2037 2590 3685 2664">
    <p class='ocr_par' dir='ltr' id='par_1_84' title="bbox 2037 2590 3685 2664">
     <span class='ocr_line' id='line_1_84' title="bbox 2037 2590 3685 2664; baseline 0.001 -20"><span class='ocrx_word' id='word_1_577' title='bbox 2037 2591 2371 2658; x_wconf 89' lang='lat' dir='ltr'>Elimelech,</span> <span class='ocrx_word' id='word_1_578' title='bbox 2415 2599 2471 2651; x_wconf 92' lang='lat' dir='ltr'>et</span> <span class='ocrx_word' id='word_1_579' title='bbox 2502 2611 2649 2650; x_wconf 90' lang='lat' dir='ltr'>uxor</span> <span class='ocrx_word' id='word_1_580' title='bbox 2679 2594 2806 2664; x_wconf 91' lang='lat' dir='ltr'>ejus</span> <span class='ocrx_word' id='word_1_581' title='bbox 2838 2593 3039 2649; x_wconf 87' lang='lat' dir='ltr'>Noemi</span> <span class='ocrx_word' id='word_1_582' title='bbox 3068 2608 3081 2646; x_wconf 92' lang='lat'>:</span> <span class='ocrx_word' id='word_1_583' title='bbox 3129 2596 3184 2647; x_wconf 90' lang='lat' dir='ltr'>et</span> <span class='ocrx_word' id='word_1_584' title='bbox 3220 2590 3342 2646; x_wconf 92' lang='lat' dir='ltr'>duo</span> <span class='ocrx_word' id='word_1_585' title='bbox 3372 2590 3495 2659; x_wconf 89' lang='lat' dir='ltr'>ﬁlii,</span> <span class='ocrx_word' id='word_1_586' title='bbox 3528 2606 3685 2646; x_wconf 89' lang='lat' dir='ltr'>unus</span> 
     </span>
    </p>
   </div>
   <div class='ocr_carea' id='block_1_85' title="bbox 2035 2677 3680 2749">
    <p class='ocr_par' dir='ltr' id='par_1_85' title="bbox 2035 2677 3680 2749">
     <span class='ocr_line' id='line_1_85' title="bbox 2035 2677 3680 2749; baseline -0.001 -13"><span class='ocrx_word' id='word_1_587' title='bbox 2035 2680 2365 2736; x_wconf 89' lang='lat' dir='ltr'>vocabatur</span> <span class='ocrx_word' id='word_1_588' title='bbox 2388 2682 2683 2748; x_wconf 84' lang='lat' dir='ltr'>Mahalon,</span> <span class='ocrx_word' id='word_1_589' title='bbox 2706 2685 2762 2738; x_wconf 92' lang='lat' dir='ltr'>et</span> <span class='ocrx_word' id='word_1_590' title='bbox 2782 2680 2926 2737; x_wconf 87' lang='lat' dir='ltr'>alter</span> <span class='ocrx_word' id='word_1_591' title='bbox 2956 2679 3215 2743; x_wconf 81' lang='lat' dir='ltr'>Chélion,</span> <span class='ocrx_word' id='word_1_592' title='bbox 3238 2678 3577 2749; x_wconf 80' lang='lat' dir='ltr'>Ephrathaei</span> <span class='ocrx_word' id='word_1_593' title='bbox 3604 2677 3680 2734; x_wconf 89' lang='lat' dir='ltr'>de</span> 
     </span>
    </p>
   </div>
   <div class='ocr_carea' id='block_1_86' title="bbox 2036 2765 3677 2839">
    <p class='ocr_par' dir='ltr' id='par_1_86' title="bbox 2036 2765 3677 2839">
     <span class='ocr_line' id='line_1_86' title="bbox 2036 2765 3677 2839; baseline -0.001 -18"><span class='ocrx_word' id='word_1_594' title='bbox 2036 2768 2373 2823; x_wconf 82' lang='lat' dir='ltr'>Bethlehem</span> <span class='ocrx_word' id='word_1_595' title='bbox 2383 2772 2409 2825; x_wconf 85' lang='lat' dir='ltr'><strong>J</strong></span> <span class='ocrx_word' id='word_1_596' title='bbox 2414 2769 2556 2826; x_wconf 89' lang='lat' dir='ltr'>uda.</span> <span class='ocrx_word' id='word_1_597' title='bbox 2576 2769 2946 2839; x_wconf 88' lang='lat' dir='ltr'>lngressique</span> <span class='ocrx_word' id='word_1_598' title='bbox 2963 2767 3268 2837; x_wconf 90' lang='lat' dir='ltr'>regionem</span> <span class='ocrx_word' id='word_1_599' title='bbox 3282 2765 3677 2836; x_wconf 86' lang='lat' dir='ltr'>Moabitidem,</span> 
     </span>
    </p>
   </div>
   <div class='ocr_carea' id='block_1_87' title="bbox 2033 2852 3679 2911">
    <p class='ocr_par' dir='ltr' id='par_1_87' title="bbox 2033 2852 3679 2911">
     <span class='ocr_line' id='line_1_87' title="bbox 2033 2852 3679 2911; baseline -0.002 -1"><span class='ocrx_word' id='word_1_600' title='bbox 2033 2855 2426 2911; x_wconf 90' lang='lat' dir='ltr'>morabantur</span> <span class='ocrx_word' id='word_1_601' title='bbox 2444 2856 2548 2911; x_wconf 92' lang='lat' dir='ltr'>ibi.</span> <span class='ocrx_word' id='word_1_602' title='bbox 2582 2859 2645 2911; x_wconf 89' lang='lat' dir='ltr'>Et</span> <span class='ocrx_word' id='word_1_603' title='bbox 2670 2860 2940 2911; x_wconf 88' lang='lat' dir='ltr'>mortuus</span> <span class='ocrx_word' id='word_1_604' title='bbox 2972 2859 3060 2909; x_wconf 85' lang='lat' dir='ltr'>est</span> <span class='ocrx_word' id='word_1_605' title='bbox 3088 2852 3406 2908; x_wconf 90' lang='lat' dir='ltr'>Elimelech</span> <span class='ocrx_word' id='word_1_606' title='bbox 3431 2853 3679 2908; x_wconf 90' lang='lat' dir='ltr'>maritus</span> 
     </span>
    </p>
   </div>
   <div class='ocr_carea' id='block_1_88' title="bbox 2031 2940 3679 3015">
    <p class='ocr_par' dir='ltr' id='par_1_88' title="bbox 2031 2940 3679 3015">
     <span class='ocr_line' id='line_1_88' title="bbox 2031 2940 3679 3015; baseline -0.003 -17"><span class='ocrx_word' id='word_1_607' title='bbox 2031 2944 2236 2998; x_wconf 85' lang='lat' dir='ltr'>Noemi</span> <span class='ocrx_word' id='word_1_608' title='bbox 2261 2963 2270 3001; x_wconf 94' lang='lat'>:</span> <span class='ocrx_word' id='word_1_609' title='bbox 2305 2944 2702 3015; x_wconf 80' lang='lat' dir='ltr'>remansitque</span> <span class='ocrx_word' id='word_1_610' title='bbox 2719 2945 2850 3015; x_wconf 89' lang='lat' dir='ltr'>ipsa</span> <span class='ocrx_word' id='word_1_611' title='bbox 2865 2958 3002 2997; x_wconf 89' lang='lat' dir='ltr'>cum</span> <span class='ocrx_word' id='word_1_612' title='bbox 3018 2941 3178 2997; x_wconf 89' lang='lat' dir='ltr'>ﬁliis.</span> <span class='ocrx_word' id='word_1_613' title='bbox 3201 2940 3307 3005; x_wconf 88' lang='lat' dir='ltr'>Qui</span> <span class='ocrx_word' id='word_1_614' title='bbox 3326 2942 3679 3009; x_wconf 90' lang='lat' dir='ltr'>acceperunt</span> 
     </span>
    </p>
   </div>
   <div class='ocr_carea' id='block_1_89' title="bbox 2031 3026 3672 3103">
    <p class='ocr_par' dir='ltr' id='par_1_89' title="bbox 2031 3026 3672 3103">
     <span class='ocr_line' id='line_1_89' title="bbox 2031 3026 3672 3103; baseline -0.002 -18"><span class='ocrx_word' id='word_1_615' title='bbox 2031 3046 2245 3086; x_wconf 85' lang='lat' dir='ltr'>uxores</span> <span class='ocrx_word' id='word_1_616' title='bbox 2276 3030 2643 3096; x_wconf 85' lang='lat' dir='ltr'>Moabitidas,</span> <span class='ocrx_word' id='word_1_617' title='bbox 2670 3046 2928 3103; x_wconf 83' lang='lat' dir='ltr'>quarum</span> <span class='ocrx_word' id='word_1_618' title='bbox 2954 3044 3079 3084; x_wconf 92' lang='lat' dir='ltr'>una</span> <span class='ocrx_word' id='word_1_619' title='bbox 3098 3028 3427 3083; x_wconf 87' lang='lat' dir='ltr'>vocabatur</span> <span class='ocrx_word' id='word_1_620' title='bbox 3453 3026 3672 3097; x_wconf 89' lang='lat' dir='ltr'>Orpha,</span> 
     </span>
    </p>
   </div>
   <div class='ocr_carea' id='block_1_90' title="bbox 2029 3114 3677 3191">
    <p class='ocr_par' dir='ltr' id='par_1_90' title="bbox 2029 3114 3677 3191">
     <span class='ocr_line' id='line_1_90' title="bbox 2029 3114 3677 3191; baseline -0.004 -16"><span class='ocrx_word' id='word_1_621' title='bbox 2029 3118 2333 3191; x_wconf 87' lang='lat' dir='ltr'>alteraque</span> <span class='ocrx_word' id='word_1_622' title='bbox 2363 3122 2536 3176; x_wconf 83' lang='lat' dir='ltr'>Ruth.</span> <span class='ocrx_word' id='word_1_623' title='bbox 2568 3122 3024 3190; x_wconf 84' lang='lat' dir='ltr'>Manseruntque</span> <span class='ocrx_word' id='word_1_624' title='bbox 3052 3116 3135 3171; x_wconf 90' lang='lat' dir='ltr'>ibi</span> <span class='ocrx_word' id='word_1_625' title='bbox 3161 3115 3367 3171; x_wconf 91' lang='lat' dir='ltr'>decem</span> <span class='ocrx_word' id='word_1_626' title='bbox 3395 3114 3587 3181; x_wconf 88' lang='lat' dir='ltr'>annis,</span> <span class='ocrx_word' id='word_1_627' title='bbox 3619 3118 3677 3169; x_wconf 92' lang='lat' dir='ltr'>et</span> 
     </span>
    </p>
   </div>
   <div class='ocr_carea' id='block_1_91' title="bbox 2028 3203 3675 3275">
    <p class='ocr_par' dir='ltr' id='par_1_91' title="bbox 2028 3203 3675 3275">
     <span class='ocr_line' id='line_1_91' title="bbox 2028 3203 3675 3275; baseline -0.005 -10"><span class='ocrx_word' id='word_1_628' title='bbox 2028 3207 2209 3265; x_wconf 88' lang='lat' dir='ltr'>ambo</span> <span class='ocrx_word' id='word_1_629' title='bbox 2242 3208 2458 3264; x_wconf 88' lang='lat' dir='ltr'>mortui</span> <span class='ocrx_word' id='word_1_630' title='bbox 2490 3212 2645 3274; x_wconf 92' lang='lat' dir='ltr'>sunt,</span> <span class='ocrx_word' id='word_1_631' title='bbox 2667 3206 2937 3263; x_wconf 88' lang='lat' dir='ltr'>Mahalon</span> <span class='ocrx_word' id='word_1_632' title='bbox 2959 3204 3246 3269; x_wconf 90' lang='lat' dir='ltr'>videlicet,</span> <span class='ocrx_word' id='word_1_633' title='bbox 3266 3204 3440 3275; x_wconf 80' lang='lat'><strong>255</strong></span> <span class='ocrx_word' id='word_1_634' title='bbox 3460 3207 3515 3259; x_wconf 91' lang='lat' dir='ltr'>et</span> <span class='ocrx_word' id='word_1_635' title='bbox 3535 3203 3675 3259; x_wconf 86' lang='lat' dir='ltr'>Che-</span> 
     </span>
    </p>
   </div>
   <div class='ocr_carea' id='block_1_92' title="bbox 2025 3290 3673 3367">
    <p class='ocr_par' dir='ltr' id='par_1_92' title="bbox 2025 3290 3673 3367">
     <span class='ocr_line' id='line_1_92' title="bbox 2025 3290 3673 3367; baseline -0.004 -16"><span class='ocrx_word' id='word_1_636' title='bbox 2025 3296 2152 3352; x_wconf 92' lang='lat' dir='ltr'>lion</span> <span class='ocrx_word' id='word_1_637' title='bbox 2182 3312 2193 3351; x_wconf 91' lang='lat'><strong><em>:</em></strong></span> <span class='ocrx_word' id='word_1_638' title='bbox 2218 3296 2621 3367; x_wconf 88' lang='lat' dir='ltr'>remansitque</span> <span class='ocrx_word' id='word_1_639' title='bbox 2648 3295 2859 3350; x_wconf 91' lang='lat' dir='ltr'>mulier</span> <span class='ocrx_word' id='word_1_640' title='bbox 2884 3294 3096 3350; x_wconf 90' lang='lat' dir='ltr'>orbata</span> <span class='ocrx_word' id='word_1_641' title='bbox 3119 3292 3359 3348; x_wconf 90' lang='lat' dir='ltr'>duobus</span> <span class='ocrx_word' id='word_1_642' title='bbox 3386 3290 3584 3345; x_wconf 89' lang='lat' dir='ltr'>liberis</span> <span class='ocrx_word' id='word_1_643' title='bbox 3603 3305 3673 3345; x_wconf 90' lang='lat' dir='ltr'>ac</span> 
     </span>
    </p>
   </div>
   <div class='ocr_carea' id='block_1_93' title="bbox 2026 3383 3672 3455">
    <p class='ocr_par' dir='ltr' id='par_1_93' title="bbox 2026 3383 3672 3455">
     <span class='ocr_line' id='line_1_93' title="bbox 2026 3383 3672 3455; baseline -0.003 -15"><span class='ocrx_word' id='word_1_644' title='bbox 2026 3384 2259 3441; x_wconf 88' lang='lat' dir='ltr'>marito.</span> <span class='ocrx_word' id='word_1_645' title='bbox 2296 3384 2559 3441; x_wconf 85' lang='lat' dir='ltr'>Surrexit</span> <span class='ocrx_word' id='word_1_646' title='bbox 2582 3388 2641 3439; x_wconf 89' lang='lat' dir='ltr'>ut</span> <span class='ocrx_word' id='word_1_647' title='bbox 2662 3384 2720 3439; x_wconf 94' lang='lat' dir='ltr'>in</span> <span class='ocrx_word' id='word_1_648' title='bbox 2739 3383 2997 3455; x_wconf 82' lang='lat' dir='ltr'>patriam</span> <span class='ocrx_word' id='word_1_649' title='bbox 3018 3384 3305 3454; x_wconf 85' lang='lat' dir='ltr'>pergeret,</span> <span class='ocrx_word' id='word_1_650' title='bbox 3348 3394 3487 3434; x_wconf 92' lang='lat' dir='ltr'>cum</span> <span class='ocrx_word' id='word_1_651' title='bbox 3517 3383 3672 3435; x_wconf 82' lang='lat' dir='ltr'>utra-</span> 
     </span>
    </p>
   </div>
   <div class='ocr_carea' id='block_1_94' title="bbox 2026 3466 3671 3545">
    <p class='ocr_par' dir='ltr' id='par_1_94' title="bbox 2026 3466 3671 3545">
     <span class='ocr_line' id='line_1_94' title="bbox 2026 3466 3671 3545; baseline -0.005 -16"><span class='ocrx_word' id='word_1_652' title='bbox 2026 3489 2143 3545; x_wconf 91' lang='lat' dir='ltr'>que</span> <span class='ocrx_word' id='word_1_653' title='bbox 2157 3488 2313 3528; x_wconf 90' lang='lat' dir='ltr'>nuru</span> <span class='ocrx_word' id='word_1_654' title='bbox 2327 3473 2536 3542; x_wconf 87' lang='lat' dir='ltr'>sua,de</span> <span class='ocrx_word' id='word_1_655' title='bbox 2553 3472 2795 3543; x_wconf 90' lang='lat' dir='ltr'>regione</span> <span class='ocrx_word' id='word_1_656' title='bbox 2811 3470 3192 3529; x_wconf 82' lang='lat' dir='ltr'>Mohabitide:</span> <span class='ocrx_word' id='word_1_657' title='bbox 3218 3466 3490 3525; x_wconf 90' lang='lat' dir='ltr'>audierat</span> <span class='ocrx_word' id='word_1_658' title='bbox 3510 3467 3671 3523; x_wconf 92' lang='lat' dir='ltr'>enim</span> 
     </span>
    </p>
   </div>
   <div class='ocr_carea' id='block_1_95' title="bbox 2024 3555 3670 3633">
    <p class='ocr_par' dir='ltr' id='par_1_95' title="bbox 2024 3555 3670 3633">
     <span class='ocr_line' id='line_1_95' title="bbox 2024 3555 3670 3633; baseline -0.005 -15"><span class='ocrx_word' id='word_1_659' title='bbox 2024 3562 2184 3633; x_wconf 87' lang='lat' dir='ltr'>quod</span> <span class='ocrx_word' id='word_1_660' title='bbox 2212 3562 2568 3633; x_wconf 87' lang='lat' dir='ltr'>respexisset</span> <span class='ocrx_word' id='word_1_661' title='bbox 2597 3561 2884 3618; x_wconf 89' lang='lat' dir='ltr'>Dominus</span> <span class='ocrx_word' id='word_1_662' title='bbox 2915 3559 3207 3631; x_wconf 91' lang='lat' dir='ltr'>populum</span> <span class='ocrx_word' id='word_1_663' title='bbox 3244 3570 3443 3625; x_wconf 87' lang='lat' dir='ltr'>suum,</span> <span class='ocrx_word' id='word_1_664' title='bbox 3484 3558 3541 3610; x_wconf 89' lang='lat' dir='ltr'>et</span> <span class='ocrx_word' id='word_1_665' title='bbox 3571 3555 3670 3610; x_wconf 85' lang='lat' dir='ltr'>de-</span> 
     </span>
    </p>
   </div>
   <div class='ocr_carea' id='block_1_96' title="bbox 2025 3642 3670 3719">
    <p class='ocr_par' dir='ltr' id='par_1_96' title="bbox 2025 3642 3670 3719">
     <span class='ocr_line' id='line_1_96' title="bbox 2025 3642 3670 3719; baseline -0.005 -15"><span class='ocrx_word' id='word_1_666' title='bbox 2025 3649 2215 3705; x_wconf 90' lang='lat' dir='ltr'>disset</span> <span class='ocrx_word' id='word_1_667' title='bbox 2235 3650 2317 3704; x_wconf 90' lang='lat' dir='ltr'>eis</span> <span class='ocrx_word' id='word_1_668' title='bbox 2337 3665 2530 3705; x_wconf 89' lang='lat' dir='ltr'>escas.</span> <span class='ocrx_word' id='word_1_669' title='bbox 2560 3652 2807 3719; x_wconf 89' lang='lat' dir='ltr'>Egressa</span> <span class='ocrx_word' id='word_1_670' title='bbox 2820 3653 2907 3703; x_wconf 91' lang='lat' dir='ltr'>est</span> <span class='ocrx_word' id='word_1_671' title='bbox 2938 3647 3138 3718; x_wconf 87' lang='lat' dir='ltr'>itaque</span> <span class='ocrx_word' id='word_1_672' title='bbox 3154 3645 3228 3700; x_wconf 91' lang='lat' dir='ltr'>de</span> <span class='ocrx_word' id='word_1_673' title='bbox 3253 3643 3385 3699; x_wconf 89' lang='lat' dir='ltr'>loco</span> <span class='ocrx_word' id='word_1_674' title='bbox 3410 3642 3670 3714; x_wconf 90' lang='lat' dir='ltr'>peregri-</span> 
     </span>
    </p>
   </div>
   <div class='ocr_carea' id='block_1_97' title="bbox 2025 3730 3670 3808">
    <p class='ocr_par' dir='ltr' id='par_1_97' title="bbox 2025 3730 3670 3808">
     <span class='ocr_line' id='line_1_97' title="bbox 2025 3730 3670 3808; baseline -0.005 -15"><span class='ocrx_word' id='word_1_675' title='bbox 2025 3739 2283 3795; x_wconf 91' lang='lat' dir='ltr'>nationis</span> <span class='ocrx_word' id='word_1_676' title='bbox 2313 3755 2455 3804; x_wconf 66' lang='lat' dir='ltr'>suae,</span> <span class='ocrx_word' id='word_1_677' title='bbox 2489 3754 2628 3793; x_wconf 92' lang='lat' dir='ltr'>cum</span> <span class='ocrx_word' id='word_1_678' title='bbox 2650 3742 2901 3808; x_wconf 90' lang='lat' dir='ltr'>utraque</span> <span class='ocrx_word' id='word_1_679' title='bbox 2922 3750 3080 3791; x_wconf 90' lang='lat' dir='ltr'>nuru</span> <span class='ocrx_word' id='word_1_680' title='bbox 3102 3749 3213 3789; x_wconf 90' lang='lat' dir='ltr'>sua</span> <span class='ocrx_word' id='word_1_681' title='bbox 3244 3737 3333 3788; x_wconf 87' lang='lat' dir='ltr'>:et</span> <span class='ocrx_word' id='word_1_682' title='bbox 3353 3732 3483 3803; x_wconf 91' lang='lat' dir='ltr'>jam</span> <span class='ocrx_word' id='word_1_683' title='bbox 3499 3730 3670 3787; x_wconf 92' lang='lat' dir='ltr'>invia</span> 
     </span>
    </p>
   </div>
   <div class='ocr_carea' id='block_1_98' title="bbox 2025 3820 3669 3898">
    <p class='ocr_par' dir='ltr' id='par_1_98' title="bbox 2025 3820 3669 3898">
     <span class='ocr_line' id='line_1_98' title="bbox 2025 3820 3669 3898; baseline -0.005 -16"><span class='ocrx_word' id='word_1_684' title='bbox 2025 3827 2218 3898; x_wconf 88' lang='lat' dir='ltr'>posita</span> <span class='ocrx_word' id='word_1_685' title='bbox 2238 3826 2571 3883; x_wconf 87' lang='lat' dir='ltr'>revertendi</span> <span class='ocrx_word' id='word_1_686' title='bbox 2601 3826 2661 3881; x_wconf 92' lang='lat' dir='ltr'>in</span> <span class='ocrx_word' id='word_1_687' title='bbox 2693 3830 2911 3881; x_wconf 89' lang='lat' dir='ltr'>terram</span> <span class='ocrx_word' id='word_1_688' title='bbox 2940 3824 3113 3887; x_wconf 84' lang='lat' dir='ltr'>Juda,</span> <span class='ocrx_word' id='word_1_689' title='bbox 3137 3822 3283 3877; x_wconf 86' lang='lat' dir='ltr'>dixit</span> <span class='ocrx_word' id='word_1_690' title='bbox 3303 3820 3381 3876; x_wconf 90' lang='lat' dir='ltr'>ad</span> <span class='ocrx_word' id='word_1_691' title='bbox 3409 3836 3512 3876; x_wconf 89' lang='lat' dir='ltr'>eas</span> <span class='ocrx_word' id='word_1_692' title='bbox 3546 3839 3558 3875; x_wconf 75' lang='grc' dir='ltr'>ι</span> <span class='ocrx_word' id='word_1_693' title='bbox 3588 3822 3669 3874; x_wconf 84' lang='lat' dir='ltr'>lte</span> 
     </span>
    </p>
   </div>
   <div class='ocr_carea' id='block_1_99' title="bbox 2021 3908 3668 3986">
    <p class='ocr_par' dir='ltr' id='par_1_99' title="bbox 2021 3908 3668 3986">
     <span class='ocr_line' id='line_1_99' title="bbox 2021 3908 3668 3986; baseline -0.004 -16"><span class='ocrx_word' id='word_1_694' title='bbox 2021 3915 2084 3970; x_wconf 92' lang='lat' dir='ltr'>in</span> <span class='ocrx_word' id='word_1_695' title='bbox 2102 3916 2352 3971; x_wconf 91' lang='lat' dir='ltr'>domum</span> <span class='ocrx_word' id='word_1_696' title='bbox 2380 3915 2565 3986; x_wconf 88' lang='lat' dir='ltr'>patris</span> <span class='ocrx_word' id='word_1_697' title='bbox 2584 3915 2779 3979; x_wconf 89' lang='lat' dir='ltr'>vestri,</span> <span class='ocrx_word' id='word_1_698' title='bbox 2805 3913 2985 3968; x_wconf 85' lang='lat' dir='ltr'>faciat</span> <span class='ocrx_word' id='word_1_699' title='bbox 3025 3910 3313 3967; x_wconf 92' lang='lat' dir='ltr'>Dominus</span> <span class='ocrx_word' id='word_1_700' title='bbox 3352 3908 3668 3964; x_wconf 90' lang='lat' dir='ltr'>vobiscum</span> 
     </span>
    </p>
   </div>
   <div class='ocr_carea' id='block_1_100' title="bbox 2023 3996 3660 4072">
    <p class='ocr_par' dir='ltr' id='par_1_100' title="bbox 2023 3996 3660 4072">
     <span class='ocr_line' id='line_1_100' title="bbox 2023 3996 3660 4072; baseline -0.004 -15"><span class='ocrx_word' id='word_1_701' title='bbox 2023 4002 2667 4072; x_wconf 88' lang='lat' dir='ltr'>misericordiam,sicut</span> <span class='ocrx_word' id='word_1_702' title='bbox 2680 4000 2900 4057; x_wconf 88' lang='lat' dir='ltr'>fecistis</span> <span class='ocrx_word' id='word_1_703' title='bbox 2913 3996 3321 4068; x_wconf 80' lang='lat' dir='ltr'>cummortuis</span> <span class='ocrx_word' id='word_1_704' title='bbox 3333 4000 3389 4051; x_wconf 91' lang='lat' dir='ltr'>et</span> <span class='ocrx_word' id='word_1_705' title='bbox 3404 4011 3660 4069; x_wconf 89' lang='lat' dir='ltr'>meeum.</span> 
     </span>
    </p>
   </div>
   <div class='ocr_carea' id='block_1_101' title="bbox 2023 4084 3661 4159">
    <p class='ocr_par' dir='ltr' id='par_1_101' title="bbox 2023 4084 3661 4159">
     <span class='ocr_line' id='line_1_101' title="bbox 2023 4084 3661 4159; baseline -0.005 -15"><span class='ocrx_word' id='word_1_706' title='bbox 2023 4092 2127 4145; x_wconf 92' lang='lat' dir='ltr'>Det</span> <span class='ocrx_word' id='word_1_707' title='bbox 2155 4090 2325 4145; x_wconf 89' lang='lat' dir='ltr'>vobis</span> <span class='ocrx_word' id='word_1_708' title='bbox 2369 4088 2629 4145; x_wconf 82' lang='lat' dir='ltr'>invenire</span> <span class='ocrx_word' id='word_1_709' title='bbox 2674 4088 2943 4159; x_wconf 87' lang='lat' dir='ltr'>requiem</span> <span class='ocrx_word' id='word_1_710' title='bbox 2981 4086 3043 4140; x_wconf 90' lang='lat' dir='ltr'>in</span> <span class='ocrx_word' id='word_1_711' title='bbox 3071 4084 3355 4141; x_wconf 88' lang='lat' dir='ltr'>domibus</span> <span class='ocrx_word' id='word_1_712' title='bbox 3381 4084 3661 4149; x_wconf 89' lang='lat' dir='ltr'>virorum,</span> 
     </span>
    </p>
   </div>
   <div class='ocr_carea' id='block_1_102' title="bbox 2022 4170 3664 4250">
    <p class='ocr_par' dir='ltr' id='par_1_102' title="bbox 2022 4170 3664 4250">
     <span class='ocr_line' id='line_1_102' title="bbox 2022 4170 3664 4250; baseline -0.004 -17"><span class='ocrx_word' id='word_1_713' title='bbox 2022 4193 2176 4250; x_wconf 90' lang='lat' dir='ltr'>quos</span> <span class='ocrx_word' id='word_1_714' title='bbox 2204 4177 2492 4233; x_wconf 69' lang='lat' dir='ltr'>sortituraa</span> <span class='ocrx_word' id='word_1_715' title='bbox 2519 4177 2675 4232; x_wconf 90' lang='lat' dir='ltr'>estis.</span> <span class='ocrx_word' id='word_1_716' title='bbox 2696 4179 2761 4232; x_wconf 88' lang='lat' dir='ltr'>Et</span> <span class='ocrx_word' id='word_1_717' title='bbox 2780 4174 3045 4231; x_wconf 87' lang='lat' dir='ltr'>osculata</span> <span class='ocrx_word' id='word_1_718' title='bbox 3065 4177 3152 4229; x_wconf 90' lang='lat' dir='ltr'>est</span> <span class='ocrx_word' id='word_1_719' title='bbox 3167 4188 3286 4227; x_wconf 89' lang='lat' dir='ltr'>eas.</span> <span class='ocrx_word' id='word_1_720' title='bbox 3309 4173 3451 4235; x_wconf 59' lang='lat' dir='ltr'>Qua)</span> <span class='ocrx_word' id='word_1_721' title='bbox 3471 4170 3664 4226; x_wconf 87' lang='lat' dir='ltr'>levata</span> 
     </span>
    </p>
   </div>
   <div class='ocr_carea' id='block_1_103' title="bbox 2019 4259 3661 4335">
    <p class='ocr_par' dir='ltr' id='par_1_103' title="bbox 2019 4259 3661 4335">
     <span class='ocr_line' id='line_1_103' title="bbox 2019 4259 3661 4335; baseline -0.006 -14"><span class='ocrx_word' id='word_1_722' title='bbox 2019 4281 2164 4322; x_wconf 86' lang='lat' dir='ltr'>voce</span> <span class='ocrx_word' id='word_1_723' title='bbox 2194 4264 2333 4321; x_wconf 88' lang='lat' dir='ltr'>ﬂere</span> <span class='ocrx_word' id='word_1_724' title='bbox 2369 4268 2696 4335; x_wconf 88' lang='lat' dir='ltr'>coeperunt,</span> <span class='ocrx_word' id='word_1_725' title='bbox 2728 4268 2785 4319; x_wconf 89' lang='lat' dir='ltr'>et</span> <span class='ocrx_word' id='word_1_726' title='bbox 2821 4262 3015 4318; x_wconf 91' lang='lat' dir='ltr'>dicere</span> <span class='ocrx_word' id='word_1_727' title='bbox 3052 4277 3065 4316; x_wconf 91' lang='lat'><strong>:</strong></span> <span class='ocrx_word' id='word_1_728' title='bbox 3098 4259 3318 4315; x_wconf 84' lang='lat' dir='ltr'>Tecum</span> <span class='ocrx_word' id='word_1_729' title='bbox 3340 4271 3661 4330; x_wconf 90' lang='lat' dir='ltr'>pergemus</span> 
     </span>
    </p>
   </div>
   <div class='ocr_carea' id='block_1_104' title="bbox 2018 4344 3659 4425">
    <p class='ocr_par' dir='ltr' id='par_1_104' title="bbox 2018 4344 3659 4425">
     <span class='ocr_line' id='line_1_104' title="bbox 2018 4344 3659 4425; baseline -0.007 -14"><span class='ocrx_word' id='word_1_730' title='bbox 2018 4353 2097 4411; x_wconf 89' lang='lat' dir='ltr'>ad</span> <span class='ocrx_word' id='word_1_731' title='bbox 2124 4352 2416 4425; x_wconf 89' lang='lat' dir='ltr'>populum</span> <span class='ocrx_word' id='word_1_732' title='bbox 2440 4358 2628 4407; x_wconf 90' lang='lat' dir='ltr'>tuum.</span> <span class='ocrx_word' id='word_1_733' title='bbox 2664 4349 2891 4417; x_wconf 89' lang='lat' dir='ltr'>Quibus</span> <span class='ocrx_word' id='word_1_734' title='bbox 2912 4348 3012 4405; x_wconf 90' lang='lat' dir='ltr'>illa</span> <span class='ocrx_word' id='word_1_735' title='bbox 3027 4345 3335 4420; x_wconf 90' lang='lat' dir='ltr'>respondit</span> <span class='ocrx_word' id='word_1_736' title='bbox 3360 4362 3373 4399; x_wconf 87' lang='lat'><strong>:</strong></span> <span class='ocrx_word' id='word_1_737' title='bbox 3404 4344 3659 4401; x_wconf 81' lang='lat' dir='ltr'>Reverti-</span> 
     </span>
    </p>
   </div>
   <div class='ocr_carea' id='block_1_105' title="bbox 2018 4432 3654 4505">
    <p class='ocr_par' dir='ltr' id='par_1_105' title="bbox 2018 4432 3654 4505">
     <span class='ocr_line' id='line_1_105' title="bbox 2018 4432 3654 4505; baseline -0.006 -7"><span class='ocrx_word' id='word_1_738' title='bbox 2018 4442 2160 4497; x_wconf 90' lang='lat' dir='ltr'>mini</span> <span class='ocrx_word' id='word_1_739' title='bbox 2174 4441 2308 4496; x_wconf 70' lang='lat' dir='ltr'>ﬁliae</span> <span class='ocrx_word' id='word_1_740' title='bbox 2333 4441 2546 4505; x_wconf 88' lang='lat' dir='ltr'>mi,cur</span> <span class='ocrx_word' id='word_1_741' title='bbox 2564 4440 2775 4496; x_wconf 88' lang='lat' dir='ltr'>venitis</span> <span class='ocrx_word' id='word_1_742' title='bbox 2796 4453 3033 4494; x_wconf 90' lang='lat' dir='ltr'>meeum</span> <span class='ocrx_word' id='word_1_743' title='bbox 3047 4437 3075 4493; x_wconf 82' lang='lat'><strong>?</strong></span> <span class='ocrx_word' id='word_1_744' title='bbox 3087 4451 3236 4492; x_wconf 89' lang='lat' dir='ltr'>num</span> <span class='ocrx_word' id='word_1_745' title='bbox 3248 4434 3403 4490; x_wconf 91' lang='lat' dir='ltr'>ultra</span> <span class='ocrx_word' id='word_1_746' title='bbox 3414 4432 3654 4489; x_wconf 89' lang='lat' dir='ltr'>habebo</span> 
     </span>
    </p>
   </div>
   <div class='ocr_carea' id='block_1_106' title="bbox 1938 4509 3657 4599">
    <p class='ocr_par' dir='ltr' id='par_1_106' title="bbox 1938 4509 3657 4599">
     <span class='ocr_line' id='line_1_106' title="bbox 1938 4509 3657 4599; baseline -0.005 -13"><span class='ocrx_word' id='word_1_747' title='bbox 1938 4509 1983 4563; x_wconf 80' lang='lat' dir='ltr'>D</span> <span class='ocrx_word' id='word_1_748' title='bbox 2014 4530 2166 4585; x_wconf 89' lang='lat' dir='ltr'>ﬁlios</span> <span class='ocrx_word' id='word_1_749' title='bbox 2186 4532 2247 4585; x_wconf 89' lang='lat' dir='ltr'>in</span> <span class='ocrx_word' id='word_1_750' title='bbox 2273 4534 2441 4585; x_wconf 89' lang='lat' dir='ltr'>utero</span> <span class='ocrx_word' id='word_1_751' title='bbox 2467 4544 2622 4599; x_wconf 88' lang='lat' dir='ltr'>meo,</span> <span class='ocrx_word' id='word_1_752' title='bbox 2647 4533 2709 4584; x_wconf 92' lang='lat' dir='ltr'>ut</span> <span class='ocrx_word' id='word_1_753' title='bbox 2726 4528 2883 4583; x_wconf 91' lang='lat' dir='ltr'>viros</span> <span class='ocrx_word' id='word_1_754' title='bbox 2900 4543 2971 4582; x_wconf 88' lang='lat' dir='ltr'>ex</span> <span class='ocrx_word' id='word_1_755' title='bbox 2992 4541 3087 4582; x_wconf 91' lang='lat' dir='ltr'>me</span> <span class='ocrx_word' id='word_1_756' title='bbox 3100 4523 3352 4597; x_wconf 90' lang='lat' dir='ltr'>possetis</span> <span class='ocrx_word' id='word_1_757' title='bbox 3372 4536 3609 4594; x_wconf 89' lang='lat' dir='ltr'>sperare</span> <span class='ocrx_word' id='word_1_758' title='bbox 3628 4521 3657 4577; x_wconf 74' lang='lat' dir='ltr'>‘I</span> 
     </span>
    </p>
   </div>
   <div class='ocr_carea' id='block_1_107' title="bbox 2014 4611 3660 4687">
    <p class='ocr_par' dir='ltr' id='par_1_107' title="bbox 2014 4611 3660 4687">
     <span class='ocr_line' id='line_1_107' title="bbox 2014 4611 3660 4687; baseline -0.006 -13"><span class='ocrx_word' id='word_1_759' title='bbox 2014 4619 2390 4674; x_wconf 87' lang='lat' dir='ltr'>Revertimini</span> <span class='ocrx_word' id='word_1_760' title='bbox 2433 4617 2566 4672; x_wconf 78' lang='lat' dir='ltr'>ﬁliae</span> <span class='ocrx_word' id='word_1_761' title='bbox 2593 4617 2697 4687; x_wconf 91' lang='lat' dir='ltr'>mi,</span> <span class='ocrx_word' id='word_1_762' title='bbox 2724 4621 2781 4672; x_wconf 90' lang='lat' dir='ltr'>et</span> <span class='ocrx_word' id='word_1_763' title='bbox 2809 4614 2968 4672; x_wconf 90' lang='lat' dir='ltr'>abite</span> <span class='ocrx_word' id='word_1_764' title='bbox 3010 4634 3021 4673; x_wconf 91' lang='lat'><strong>:</strong></span> <span class='ocrx_word' id='word_1_765' title='bbox 3047 4614 3176 4685; x_wconf 90' lang='lat' dir='ltr'>jam</span> <span class='ocrx_word' id='word_1_766' title='bbox 3205 4612 3367 4667; x_wconf 88' lang='lat' dir='ltr'>enim</span> <span class='ocrx_word' id='word_1_767' title='bbox 3397 4611 3457 4666; x_wconf 92' lang='lat' dir='ltr'>in</span> <span class='ocrx_word' id='word_1_768' title='bbox 3496 4623 3660 4665; x_wconf 89' lang='lat' dir='ltr'>sene-</span> 
     </span>
    </p>
   </div>
   <div class='ocr_carea' id='block_1_108' title="bbox 2015 4697 3652 4776">
    <p class='ocr_par' dir='ltr' id='par_1_108' title="bbox 2015 4697 3652 4776">
     <span class='ocr_line' id='line_1_108' title="bbox 2015 4697 3652 4776; baseline -0.007 -13"><span class='ocrx_word' id='word_1_769' title='bbox 2015 4712 2169 4763; x_wconf 88' lang='lat' dir='ltr'>ctute</span> <span class='ocrx_word' id='word_1_770' title='bbox 2207 4707 2475 4763; x_wconf 87' lang='lat' dir='ltr'>confecta</span> <span class='ocrx_word' id='word_1_771' title='bbox 2505 4722 2661 4774; x_wconf 87' lang='lat' dir='ltr'>sum,</span> <span class='ocrx_word' id='word_1_772' title='bbox 2694 4720 2803 4760; x_wconf 89' lang='lat' dir='ltr'>nec</span> <span class='ocrx_word' id='word_1_773' title='bbox 2850 4708 2990 4776; x_wconf 88' lang='lat' dir='ltr'>apta</span> <span class='ocrx_word' id='word_1_774' title='bbox 3028 4700 3265 4758; x_wconf 89' lang='lat' dir='ltr'>vinculo</span> <span class='ocrx_word' id='word_1_775' title='bbox 3306 4697 3607 4769; x_wconf 89' lang='lat' dir='ltr'>conjugali</span> <span class='ocrx_word' id='word_1_776' title='bbox 3639 4715 3652 4753; x_wconf 93' lang='lat'>:</span> 
     </span>
    </p>
   </div>
   <div class='ocr_carea' id='block_1_109' title="bbox 2012 4790 3657 4868">
    <p class='ocr_par' dir='ltr' id='par_1_109' title="bbox 2012 4790 3657 4868">
     <span class='ocr_line' id='line_1_109' title="bbox 2012 4790 3657 4868; baseline -0.006 -15"><span class='ocrx_word' id='word_1_777' title='bbox 2012 4798 2191 4853; x_wconf 88' lang='lat' dir='ltr'>etiam</span> <span class='ocrx_word' id='word_1_778' title='bbox 2232 4798 2281 4852; x_wconf 91' lang='lat' dir='ltr'>si</span> <span class='ocrx_word' id='word_1_779' title='bbox 2318 4812 2565 4868; x_wconf 91' lang='lat' dir='ltr'>possem</span> <span class='ocrx_word' id='word_1_780' title='bbox 2602 4796 2715 4851; x_wconf 86' lang='lat' dir='ltr'>hac</span> <span class='ocrx_word' id='word_1_781' title='bbox 2744 4798 2916 4849; x_wconf 90' lang='lat' dir='ltr'>nocte</span> <span class='ocrx_word' id='word_1_782' title='bbox 2972 4790 3302 4862; x_wconf 89' lang='lat' dir='ltr'>concipere,</span> <span class='ocrx_word' id='word_1_783' title='bbox 3345 4790 3401 4843; x_wconf 90' lang='lat' dir='ltr'>et</span> <span class='ocrx_word' id='word_1_784' title='bbox 3448 4801 3657 4858; x_wconf 87' lang='lat' dir='ltr'>parere</span> 
     </span>
    </p>
   </div>
   <div class='ocr_carea' id='block_1_110' title="bbox 2012 4877 3659 4955">
    <p class='ocr_par' dir='ltr' id='par_1_110' title="bbox 2012 4877 3659 4955">
     <span class='ocr_line' id='line_1_110' title="bbox 2012 4877 3659 4955; baseline -0.005 -16"><span class='ocrx_word' id='word_1_785' title='bbox 2012 4885 2189 4954; x_wconf 86' lang='lat' dir='ltr'>ﬁlios,</span> <span class='ocrx_word' id='word_1_786' title='bbox 2222 4885 2270 4940; x_wconf 92' lang='lat' dir='ltr'>si</span> <span class='ocrx_word' id='word_1_787' title='bbox 2301 4900 2405 4941; x_wconf 88' lang='lat' dir='ltr'>eos</span> <span class='ocrx_word' id='word_1_788' title='bbox 2459 4887 2769 4955; x_wconf 85' lang='lat' dir='ltr'>expectare</span> <span class='ocrx_word' id='word_1_789' title='bbox 2810 4881 3018 4945; x_wconf 91' lang='lat' dir='ltr'>velitis,</span> <span class='ocrx_word' id='word_1_790' title='bbox 3056 4880 3249 4935; x_wconf 92' lang='lat' dir='ltr'>donec</span> <span class='ocrx_word' id='word_1_791' title='bbox 3279 4878 3567 4943; x_wconf 90' lang='lat' dir='ltr'>crescant,</span> <span class='ocrx_word' id='word_1_792' title='bbox 3602 4877 3659 4930; x_wconf 88' lang='lat' dir='ltr'>et</span> 
     </span>
    </p>
   </div>
   <div class='ocr_carea' id='block_1_111' title="bbox 2012 4964 3656 5045">
    <p class='ocr_par' dir='ltr' id='par_1_111' title="bbox 2012 4964 3656 5045">
     <span class='ocr_line' id='line_1_111' title="bbox 2012 4964 3656 5045; baseline -0.005 -16"><span class='ocrx_word' id='word_1_793' title='bbox 2012 4988 2203 5029; x_wconf 92' lang='lat' dir='ltr'>annos</span> <span class='ocrx_word' id='word_1_794' title='bbox 2224 4973 2551 5045; x_wconf 89' lang='lat' dir='ltr'>pubertatis</span> <span class='ocrx_word' id='word_1_795' title='bbox 2579 4971 2885 5044; x_wconf 90' lang='lat' dir='ltr'>impleant,</span> <span class='ocrx_word' id='word_1_796' title='bbox 2908 4973 3044 5024; x_wconf 89' lang='lat' dir='ltr'>ante</span> <span class='ocrx_word' id='word_1_797' title='bbox 3061 4967 3219 5023; x_wconf 87' lang='lat' dir='ltr'>eritis</span> <span class='ocrx_word' id='word_1_798' title='bbox 3231 4964 3444 5022; x_wconf 62' lang='lat' dir='ltr'>vetulas</span> <span class='ocrx_word' id='word_1_799' title='bbox 3468 4979 3656 5037; x_wconf 89' lang='lat' dir='ltr'>quam</span> 
     </span>
    </p>
   </div>
   <div class='ocr_carea' id='block_1_112' title="bbox 2010 5052 3656 5133">
    <p class='ocr_par' dir='ltr' id='par_1_112' title="bbox 2010 5052 3656 5133">
     <span class='ocr_line' id='line_1_112' title="bbox 2010 5052 3656 5133; baseline -0.004 -17"><span class='ocrx_word' id='word_1_800' title='bbox 2010 5061 2272 5119; x_wconf 87' lang='lat' dir='ltr'>nubatis.</span> <span class='ocrx_word' id='word_1_801' title='bbox 2304 5061 2505 5128; x_wconf 88' lang='lat' dir='ltr'>Nolite,</span> <span class='ocrx_word' id='word_1_802' title='bbox 2538 5075 2770 5133; x_wconf 68' lang='lat' dir='ltr'>quaeso,</span> <span class='ocrx_word' id='word_1_803' title='bbox 2794 5058 2925 5114; x_wconf 60' lang='lat' dir='ltr'>ﬁliai</span> <span class='ocrx_word' id='word_1_804' title='bbox 2950 5057 3051 5122; x_wconf 88' lang='lat' dir='ltr'>mi,</span> <span class='ocrx_word' id='word_1_805' title='bbox 3084 5055 3278 5112; x_wconf 88' lang='lat' dir='ltr'>facere</span> <span class='ocrx_word' id='word_1_806' title='bbox 3324 5055 3477 5111; x_wconf 91' lang='lat' dir='ltr'>hoc:</span> <span class='ocrx_word' id='word_1_807' title='bbox 3510 5052 3656 5125; x_wconf 90' lang='lat' dir='ltr'>quia</span> 
     </span>
    </p>
   </div>
   <div class='ocr_carea' id='block_1_113' title="bbox 2010 5145 3656 5219">
    <p class='ocr_par' dir='ltr' id='par_1_113' title="bbox 2010 5145 3656 5219">
     <span class='ocr_line' id='line_1_113' title="bbox 2010 5145 3656 5219; baseline -0.005 -14"><span class='ocrx_word' id='word_1_808' title='bbox 2010 5155 2205 5206; x_wconf 90' lang='lat' dir='ltr'>vestra</span> <span class='ocrx_word' id='word_1_809' title='bbox 2216 5150 2492 5219; x_wconf 89' lang='lat' dir='ltr'>angustia</span> <span class='ocrx_word' id='word_1_810' title='bbox 2512 5165 2607 5205; x_wconf 91' lang='lat' dir='ltr'>me</span> <span class='ocrx_word' id='word_1_811' title='bbox 2626 5148 2821 5218; x_wconf 89' lang='lat' dir='ltr'>magis</span> <span class='ocrx_word' id='word_1_812' title='bbox 2840 5145 3076 5219; x_wconf 88' lang='lat' dir='ltr'>pressit,</span> <span class='ocrx_word' id='word_1_813' title='bbox 3097 5147 3155 5201; x_wconf 90' lang='lat' dir='ltr'>et</span> <span class='ocrx_word' id='word_1_814' title='bbox 3169 5159 3407 5215; x_wconf 87' lang='lat' dir='ltr'>egressa</span> <span class='ocrx_word' id='word_1_815' title='bbox 3422 5145 3511 5198; x_wconf 89' lang='lat' dir='ltr'>est</span> <span class='ocrx_word' id='word_1_816' title='bbox 3529 5156 3656 5197; x_wconf 89' lang='lat' dir='ltr'>ma-</span> 
     </span>
    </p>
   </div>
   <div class='ocr_carea' id='block_1_114' title="bbox 2008 5232 3653 5304">
    <p class='ocr_par' dir='ltr' id='par_1_114' title="bbox 2008 5232 3653 5304">
     <span class='ocr_line' id='line_1_114' title="bbox 2008 5232 3653 5304; baseline -0.006 -11"><span class='ocrx_word' id='word_1_817' title='bbox 2008 5253 2122 5293; x_wconf 89' lang='lat' dir='ltr'>nus</span> <span class='ocrx_word' id='word_1_818' title='bbox 2152 5239 2384 5294; x_wconf 90' lang='lat' dir='ltr'>Domini</span> <span class='ocrx_word' id='word_1_819' title='bbox 2414 5242 2619 5295; x_wconf 88' lang='lat' dir='ltr'>contra</span> <span class='ocrx_word' id='word_1_820' title='bbox 2638 5253 2751 5293; x_wconf 91' lang='lat' dir='ltr'>me.</span> <span class='ocrx_word' id='word_1_821' title='bbox 2778 5236 3013 5292; x_wconf 87' lang='lat' dir='ltr'>Elevata</span> <span class='ocrx_word' id='word_1_822' title='bbox 3043 5234 3223 5304; x_wconf 90' lang='lat' dir='ltr'>igitur</span> <span class='ocrx_word' id='word_1_823' title='bbox 3241 5246 3405 5297; x_wconf 92' lang='lat' dir='ltr'>voce,</span> <span class='ocrx_word' id='word_1_824' title='bbox 3439 5232 3653 5286; x_wconf 90' lang='lat' dir='ltr'>iterum</span> 
     </span>
    </p>
   </div>
   <div class='ocr_carea' id='block_1_115' title="bbox 2007 5324 3653 5399">
    <p class='ocr_par' dir='ltr' id='par_1_115' title="bbox 2007 5324 3653 5399">
     <span class='ocr_line' id='line_1_115' title="bbox 2007 5324 3653 5399; baseline -0.005 -20"><span class='ocrx_word' id='word_1_825' title='bbox 2007 5324 2148 5381; x_wconf 87' lang='lat' dir='ltr'>ﬂere</span> <span class='ocrx_word' id='word_1_826' title='bbox 2177 5333 2484 5399; x_wconf 85' lang='lat' dir='ltr'>coeperunt</span> <span class='ocrx_word' id='word_1_827' title='bbox 2511 5346 2523 5382; x_wconf 86' lang='lat'><strong>:</strong></span> <span class='ocrx_word' id='word_1_828' title='bbox 2549 5324 3040 5399; x_wconf 81' lang='lat' dir='ltr'>Orpba‘osculata</span> <span class='ocrx_word' id='word_1_829' title='bbox 3073 5325 3160 5378; x_wconf 91' lang='lat' dir='ltr'>est</span> <span class='ocrx_word' id='word_1_830' title='bbox 3190 5331 3548 5388; x_wconf 25' lang='lat' dir='ltr'>socrum,rac</span> <span class='ocrx_word' id='word_1_831' title='bbox 3566 5330 3653 5371; x_wconf 91' lang='lat' dir='ltr'>re-</span> 
     </span>
    </p>
   </div>
   <div class='ocr_carea' id='block_1_116' title="bbox 2006 5402 3645 5471">
    <p class='ocr_par' dir='ltr' id='par_1_116' title="bbox 2006 5402 3645 5471">
     <span class='ocr_line' id='line_1_116' title="bbox 2006 5402 3645 5471; baseline -0.006 -2"><span class='ocrx_word' id='word_1_832' title='bbox 2006 5429 2181 5470; x_wconf 88' lang='lat' dir='ltr'>versa</span> <span class='ocrx_word' id='word_1_833' title='bbox 2221 5435 2232 5470; x_wconf 91' lang='lat'>:</span> <span class='ocrx_word' id='word_1_834' title='bbox 2269 5416 2420 5471; x_wconf 82' lang='lat' dir='ltr'>Ruth</span> <span class='ocrx_word' id='word_1_835' title='bbox 2450 5415 2701 5471; x_wconf 81' lang='lat' dir='ltr'>adhaesit</span> <span class='ocrx_word' id='word_1_836' title='bbox 2722 5413 2918 5470; x_wconf 87' lang='lat' dir='ltr'>socrui</span> <span class='ocrx_word' id='word_1_837' title='bbox 2944 5427 3101 5467; x_wconf 69' lang='lat' dir='ltr'>suae:</span> <span class='ocrx_word' id='word_1_838' title='bbox 3133 5409 3227 5465; x_wconf 91' lang='lat' dir='ltr'>cui</span> <span class='ocrx_word' id='word_1_839' title='bbox 3243 5409 3387 5463; x_wconf 87' lang='lat' dir='ltr'>dixit</span> <span class='ocrx_word' id='word_1_840' title='bbox 3410 5402 3645 5460; x_wconf 86' lang='lat' dir='ltr'>Noemi:</span> 
     </span>
    </p>
   </div>
   <div class='ocr_carea' id='block_1_117' title="bbox 2010 5486 3650 5575">
    <p class='ocr_par' dir='ltr' id='par_1_117' title="bbox 2010 5486 3650 5575">
     <span class='ocr_line' id='line_1_117' title="bbox 2010 5486 3650 5575; baseline -0.009 -19"><span class='ocrx_word' id='word_1_841' title='bbox 2010 5503 2092 5557; x_wconf 91' lang='lat' dir='ltr'>En</span> <span class='ocrx_word' id='word_1_842' title='bbox 2118 5519 2354 5561; x_wconf 87' lang='lat' dir='ltr'>reversa</span> <span class='ocrx_word' id='word_1_843' title='bbox 2375 5509 2464 5560; x_wconf 89' lang='lat' dir='ltr'>est</span> <span class='ocrx_word' id='word_1_844' title='bbox 2482 5508 2742 5575; x_wconf 87' lang='lat' dir='ltr'>cognata</span> <span class='ocrx_word' id='word_1_845' title='bbox 2758 5507 2861 5559; x_wconf 87' lang='lat' dir='ltr'>tua</span> <span class='ocrx_word' id='word_1_846' title='bbox 2884 5501 2963 5557; x_wconf 90' lang='lat' dir='ltr'>ad</span> <span class='ocrx_word' id='word_1_847' title='bbox 2979 5498 3271 5572; x_wconf 89' lang='lat' dir='ltr'>populum</span> <span class='ocrx_word' id='word_1_848' title='bbox 3298 5492 3556 5553; x_wconf 88' lang='lat' dir='ltr'>suum,et</span> <span class='ocrx_word' id='word_1_849' title='bbox 3570 5486 3650 5543; x_wconf 89' lang='lat' dir='ltr'>ad</span> 
     </span>
    </p>
   </div>
   <div class='ocr_carea' id='block_1_118' title="bbox 2006 5575 3648 5658">
    <p class='ocr_par' dir='ltr' id='par_1_118' title="bbox 2006 5575 3648 5658">
     <span class='ocr_line' id='line_1_118' title="bbox 2006 5575 3648 5658; baseline -0.011 -13"><span class='ocrx_word' id='word_1_850' title='bbox 2006 5588 2152 5647; x_wconf 91' lang='lat' dir='ltr'>deos</span> <span class='ocrx_word' id='word_1_851' title='bbox 2177 5608 2336 5658; x_wconf 91' lang='lat' dir='ltr'>suos,</span> <span class='ocrx_word' id='word_1_852' title='bbox 2370 5591 2522 5650; x_wconf 88' lang='lat' dir='ltr'>vade</span> <span class='ocrx_word' id='word_1_853' title='bbox 2543 5607 2678 5647; x_wconf 89' lang='lat' dir='ltr'>cum</span> <span class='ocrx_word' id='word_1_854' title='bbox 2698 5605 2786 5649; x_wconf 88' lang='lat' dir='ltr'>ea.</span> <span class='ocrx_word' id='word_1_855' title='bbox 2813 5591 2955 5655; x_wconf 64' lang='lat' dir='ltr'>Quas</span> <span class='ocrx_word' id='word_1_856' title='bbox 2980 5583 3332 5657; x_wconf 85' lang='lat' dir='ltr'>respondit:</span> <span class='ocrx_word' id='word_1_857' title='bbox 3350 5583 3429 5645; x_wconf 81' lang='lat' dir='ltr'>Ne</span> <span class='ocrx_word' id='word_1_858' title='bbox 3440 5575 3648 5633; x_wconf 87' lang='lat' dir='ltr'>adver-</span> 
     </span>
    </p>
   </div>
  </div>
