4192 6414
582 347 685 402 443

1852 315 2306 390 BREVIARlUM
2346 325 2735 383 GOTHICUM.

3893 316 4008 372 444

583 467 724 523 seris
749 464 898 521 mihi
925 466 990 518 ut
1017 461 1351 533 relinquam
1382 463 1457 530 te,
1488 463 1545 515 et
1562 458 1779 515 abeam
1807 455 2227 528 :quocumque'
2248 454 2294 508 Α
2332 466 2449 523 que
2479 450 2556 505 ad
2575 464 2910 506 messorum
2931 448 3107 513 latus,
3124 449 3181 502 et
3205 442 3502 533 congessit
3520 439 3845 533 polentam
3860 439 3997 533 sibi

2285 562 2290 566 -
2331 537 2717 606 comeditque,
2743 539 2800 591 et
2828 538 3091 590 saturata
3119 535 3223 596 est,
3240 535 3296 585 et
3314 530 3441 585 tulit
3460 527 3776 599 reliquias.
3797 529 4007 598 Atque

581 553 924 625 perrexeris,
955 565 1203 622 pergam
1246 565 1257 603 :
1303 551 1360 603 et
1396 547 1498 601 ubi
1528 549 1759 601 morata
1797 544 1994 608 fueris,
2032 546 2087 596 et
2111 555 2220 609 ego

582 639 795 713 pariter
810 634 1374 707 morabor.Populus
1389 640 1522 688 tuus
1539 632 1787 704 populus
1801 636 2051 695 meus,et
2067 629 2221 682 Deus

582 732 719 783 tuus
759 731 815 782 et
842 727 997 781 Deus
1028 740 1216 779 meus.
1243 724 1383 787 Quae
1405 725 1457 775 te
1485 720 1830 775 morientem
1856 723 2009 773 terra
2028 731 2222 771 susce-

583 814 749 889 perit,
782 814 844 868 in
869 829 939 869 ea
968 811 1187 867 moriar
1221 826 1230 863 :
1263 809 1462 880 ibique
1487 807 1686 863 locum
1705 806 1994 876 accipiam
2025 803 2220 874 sepul-

585 909 748 959 turae.
772 905 903 957 Haec
925 899 1072 955 mihi
1102 897 1278 954 faciat
1320 896 1493 962 Deus,
1523 900 1577 950 et
1617 895 1743 949 haec
1783 893 1982 958 addat,
2027 893 2077 946 si
2101 906 2221 946 non

584 990 709 1046 sola
737 1005 899 1045 mors
929 1003 1024 1043 me
1046 991 1101 1042 et
1124 992 1174 1042 te
1198 982 1574 1056 separaverit.
1596 982 1808 1036 Videns
1827 995 1966 1050 ergo
1993 979 2218 1043 Noemi,

582 1079 748 1152 quod
773 1079 1070 1133 obstinato
1100 1076 1252 1131 Ruth
1269 1075 1470 1130 animo
1491 1071 1844 1127 decrevisset
1861 1085 2062 1125 secum
2088 1083 2219 1139 per-

584 1181 739 1237 gere,
775 1163 1075 1220 adversari
1100 1161 1304 1226 noluit,
1342 1175 1450 1215 nec
1497 1158 1650 1214 ultra
1680 1157 1758 1213 ad
1788 1172 1928 1212 suos
1964 1155 2221 1211 reditum

579 1251 937 1325 persuadere
957 1250 1382 1322 :profectaeque
1400 1251 1539 1302 sunt
1559 1245 1754 1310 simul,
1779 1250 1833 1301 et
1857 1248 2144 1301 venerunt
2161 1244 2221 1298 in

579 1338 939 1395 Bethlehem.
986 1336 1214 1402 Quibus
1247 1334 1458 1389 urbem
1510 1333 1812 1402 ingressis,
1854 1331 2026 1386 velox
2057 1329 2221 1402 apud

581 1431 823 1482 cunctos
849 1424 1011 1480 fama
1038 1421 1374 1494 percrebuit
1403 1439 1416 1476 :
1455 1420 1852 1490 dicebantque
1888 1418 2169 1473 mulieres
2200 1438 2212 1477 :

581 1517 713 1569 Haec
759 1517 848 1568 est
895 1511 996 1567 illa
1025 1510 1252 1566 Noemi.
1293 1507 1517 1574 Quibus
1555 1507 1676 1563 ait:
1738 1509 1815 1562 Ne
1861 1505 2081 1562 vocetis
2125 1520 2220 1560 me

577 1601 783 1658 Noemi
815 1599 898 1666 (id
929 1603 1033 1664 est,
1062 1597 1398 1669 pulchram)
1441 1595 1547 1652 sed
1575 1598 1782 1651 vocate
1812 1610 1909 1650 me
1939 1597 2095 1650 Mara
2134 1593 2219 1663 (id

580 1693 686 1756 est,
713 1692 1006 1756 amaram)
1047 1687 1188 1756 quia
1212 1683 1385 1740 valde
1428 1681 1828 1738 amaritudine
1856 1680 2101 1752 replevit
2123 1696 2218 1736 me

2329 615 2466 678 inde
2497 624 2762 686 surrexit,
2790 627 2848 677 ut
2868 622 3063 693 spicas
3090 637 3160 676 ex
3174 634 3338 674 more
3355 616 3678 686 colligeret.
3700 615 4009 687 Praecepit

2330 716 2528 766 autem
2557 714 2704 765 Booz
2727 711 2922 781 pueris
2942 710 3081 773 suis,
3106 708 3309 762 dicens
3337 723 3354 760 :
3388 707 3576 760 Etiam
3602 704 3651 759 si
3669 703 4003 759 vobiscum

2330 803 2545 853 metere
2587 799 2762 869 256
2795 797 3060 860 voluerit,
3102 811 3177 850 ne
3215 793 3585 866 prohibeatis
3618 807 3759 847 eam
3789 809 3802 846 :
3830 797 3895 846 et
3926 792 4005 847 de

2330 885 2532 940 vestris
2559 901 2800 956 quoque
2833 882 3152 953 manipulis
3179 881 3448 953 projicite
3480 881 3553 934 de
3583 879 3916 945 industria,
3946 885 4006 935 et

2328 987 2634 1028 remanere
2664 972 2995 1043 permittite,
3024 975 3087 1025 ut
3119 970 3347 1039 absque
3375 967 3594 1022 rubore
3627 967 3906 1038 colligat,
3945 971 4005 1022 et

2329 1060 2700 1129 colligentem
2741 1075 2918 1114 nemo
2957 1057 3255 1128 corripiat.
3287 1056 3533 1124 Collegit
3571 1070 3718 1124 ergo
3751 1056 3812 1110 in
3843 1071 4003 1125 agro

2328 1163 2517 1219 usque
2535 1148 2612 1203 ad
2634 1163 2975 1219 vesperum:
3002 1151 3202 1217 etquae
3227 1143 3531 1213 colligerat
3551 1143 3728 1212 virga
3750 1143 4002 1199 credens

2329 1235 2714 1305 etexcutiens,
2736 1234 2957 1290 invenit
2972 1233 3181 1288 hordei
3196 1231 3371 1303 quasi
3384 1231 3522 1302 ephi
3541 1231 4002 1295 mensuram,id

2329 1327 2435 1387 est,
2470 1327 2584 1378 tres
2629 1322 2896 1378 modios:
2929 1337 3080 1392 quos
3112 1325 3358 1391 portans
3378 1333 3624 1374 reversa
3654 1322 3747 1374 est
3768 1318 3830 1374 in
3851 1319 3999 1374 civi-

2329 1414 2530 1476 tatem,
2567 1414 2623 1464 et
2651 1409 2906 1464 ostendit
2937 1408 3131 1463 socrui
3153 1423 3275 1460 suae
3307 1421 3320 1459 :
3363 1406 3617 1476 insuper
3643 1405 3917 1476 protulit,
3940 1410 4004 1461 et

2328 1497 2492 1552 dedit
2520 1498 2573 1553 ei
2590 1497 2866 1568 reliquias
2888 1496 3004 1551 cibi
3027 1496 3140 1561 sui,
3161 1510 3282 1566 quo
3305 1498 3572 1549 saturata
3595 1494 4003 1550 fuerat.Dixit-

2328 1600 2438 1655 que
2468 1584 2520 1639 ei
2541 1600 2745 1639 socrus
2785 1599 2894 1638 sua
2925 1601 2939 1637 :
2965 1583 3073 1638 Ubi
3103 1582 3280 1638 hodie
3322 1581 3636 1651 collegisti,
3691 1587 3749 1637 et
3778 1581 3881 1636 ubi
3908 1581 3999 1637 fe-

2330 1672 2456 1727 cisti
2485 1688 2638 1743 opus
2661 1672 2688 1726 ?
2719 1670 3155 1726 sitbenedictus
3183 1670 3286 1741 qui
3309 1669 3588 1724 misertus
3603 1672 3688 1724 est
3708 1669 3813 1724 tui.
3833 1669 3997 1725 Indi-

549 1779 555 1785 '
577 1774 984 1846 Omnipotens.
1005 1771 1256 1840 Egressa
1268 1785 1402 1824 sum
1423 1768 1618 1841 plena,
1640 1773 1697 1824 et
1713 1783 1968 1824 vacuam
1993 1766 2218 1822 reducit
2247 1779 2290 1835 Β
2329 1759 2601 1831 cavitque
2622 1758 2672 1813 ei
2695 1757 2855 1830 apud
2867 1773 3046 1829 quem
3064 1763 3215 1812 esset
3231 1761 3508 1846 operata:
3529 1759 3588 1811 et
3604 1771 3830 1846 99111611
3842 1757 3995 1846 dixit

579 1877 676 1917 me
688 1860 1115 1917 Dominus.Cur
1129 1855 1306 1927 igitur
1315 1857 1540 1912 vocatis
1557 1871 1648 1911 me
1665 1855 1888 1921 Noemi,
1909 1869 2096 1927 quam
2109 1855 2218 1910 hu-

580 1948 827 2004 miliavit
841 1946 1206 2012 Dominus,et
1219 1943 1427 2000 afﬂixit
1442 1944 1828 2015 Omnipotens
1848 1942 1876 1997 ‘I
1897 1943 2060 1998 Venit
2080 1957 2218 2011 ergo

580 2035 784 2092 Noemi
797 2049 934 2090 cum
955 2032 1108 2087 Ruth
1118 2029 1475 2087 Mohabitide
1488 2045 1644 2085 nuru
1659 2029 1867 2095 sua,de
1885 2033 2038 2085 terra
2050 2045 2219 2100 pere-

579 2121 925 2193 grinationis
941 2135 1093 2175 sum:
1116 2133 1186 2174 ac
1198 2132 1436 2173 reversa
1453 2121 1543 2172 est
1560 2117 1622 2172 in
1637 2116 2219 2188 Bethlehem,quaudo

577 2208 830 2281 primum
846 2205 1061 2262 hordea
1073 2202 1678 2274 metebantur.(Cap.u
1689 2205 1860 2273 .)Erat
1873 2207 2074 2258 autem
2090 2203 2219 2259 viro

576 2293 888 2351 Elimelech
913 2290 1609 2361 consanguineus,homo
1634 2296 1864 2360 potens,
1897 2293 1952 2344 et
1972 2304 2219 2358 magna-

577 2397 710 2438 rum
743 2378 1112 2446 facultatum,
1144 2375 1387 2432 nomine
1410 2376 1585 2433 Booz.
1609 2376 1875 2447 Dixitque
1892 2376 2044 2430 Ruth
2066 2378 2218 2432 Moa-

575 2468 716 2525 bitis
745 2467 824 2524 ad
862 2480 1097 2521 socrum
1119 2479 1288 2520 suam
1312 2481 1324 2519 :
1353 2464 1407 2520 Si
1423 2464 1616 2536 jubes,
1641 2463 1860 2519 vadam
1889 2463 1951 2517 in
1977 2477 2212 2532 agrum,

580 2559 636 2612 et
664 2553 939 2623 colligam
971 2549 1322 2624 spicas,quae
1346 2551 1688 2607 metentium
1713 2550 2214 2622 fugerintmanus,

577 2642 917 2712 ubicumque
929 2639 1217 2694 clementis
1233 2638 1659 2710 patrisfamilias
1671 2653 1938 2709 reperero
1953 2637 2187 2708 gratiam
2199 2679 2213 2694 .

579 2729 681 2786 Cui
727 2728 827 2784 illa
873 2726 1177 2798 respondit
1209 2744 1222 2782 :
1257 2725 1417 2781 Vade
1446 2725 1566 2780 ﬁlia
1601 2725 1702 2780 mi.
1736 2725 1891 2780 Abiit
1937 2725 2135 2796 itaque
2161 2728 2217 2780 et

575 2815 888 2888 colligebat
909 2813 1100 2885 spicas
1129 2817 1263 2884 post
1293 2817 1457 2881 terga
1479 2813 1850 2869 metentium.
1872 2812 2093 2867 Accidit
2109 2827 2213 2868 au-

573 2908 694 2960 tem
709 2906 769 2958 ut
783 2916 924 2971 ager
948 2900 1044 2955 ille
1059 2900 1302 2956 haberet
1321 2900 1637 2955 Dominum
1655 2900 1895 2955 nomine
1913 2901 2087 2962 Booz,
2111 2899 2212 2970 qui

575 2989 788 3047 eratde
800 2987 1152 3058 cognatione
1172 2986 1506 3043 Elimelech.
1536 2989 1769 3053 Etecce,
1801 2987 1926 3058 ipse
1941 2985 2214 3041 veniebat

572 3078 643 3132 de
679 3076 1032 3140 Bethlehem,
1063 3074 1326 3146 dixitque
1357 3073 1724 3130 messoribus
1749 3092 1774 3160 7:
1813 3073 2098 3160 Dominus
2119 3088 2214 3126 vo-
2242 3105 2282 3160 ρ

574 3161 828 3218 hiscum.
856 3161 1405 3232 Quiresponderunt
1425 3161 1479 3216 ei
1508 3176 1520 3215 :
1548 3159 1858 3215 Benedicat
1885 3159 1989 3214 tibi
2016 3160 2212 3215 Domi-

575 3249 987 3322 nus.Dixitque
1012 3252 1159 3304 Booz
1173 3249 1395 3319 juveni,
1415 3249 1516 3320 qui
1537 3247 1902 3303 messoribus
1926 3251 2209 3318 prmerat:

577 3337 753 3407 Cujus
769 3343 859 3392 est
881 3338 1008 3392 hmo
1029 3337 1225 3408 puella
1243 3335 1272 3390 ?
1295 3335 1396 3390 Cui
1421 3334 1724 3406 respondit
1746 3351 1758 3389 :
1792 3337 1922 3389 Haec
1944 3339 2033 3389 est
2059 3337 2213 3391 Moa-

571 3424 726 3486 bitis.
758 3439 892 3495 quas
912 3424 1072 3480 venit
1100 3439 1232 3479 cum
1253 3423 1479 3487 Noemi,
1507 3421 1582 3476 de
1608 3421 1846 3490 regione
1873 3421 2208 3487 Moabitide,

575 3517 631 3568 et
658 3512 886 3581 rogavit
907 3515 970 3568 ut
993 3511 1189 3583 spicas
1214 3509 1516 3578 colligeret
1539 3513 1938 3574 remanentes,
1961 3524 2214 3581 sequens

574 3613 911 3655 messorum
929 3599 1172 3667 vestigia
1205 3614 1219 3652 :
1253 3602 1310 3652 et
1328 3597 1403 3652 de
1429 3611 1607 3652 mane
1635 3611 1824 3668 usque
1846 3611 2005 3652 nunc
2022 3601 2134 3652 stat
2152 3596 2215 3652 in

575 3700 741 3756 agro,
771 3691 826 3742 et
849 3702 924 3742 ne
942 3686 1021 3742 ad
1045 3688 1420 3742 momentum
1440 3683 1680 3755 quidem
1704 3683 1956 3739 domum
1973 3699 2216 3740 reversa

573 3777 684 3830 est.
721 3777 789 3830 Et
817 3773 901 3830 ait
936 3775 1092 3829 Booz
1128 3773 1206 3829 ad
1233 3772 1384 3828 Ruth
1412 3788 1427 3823 :
1461 3771 1613 3826 Audi
1641 3770 1784 3837 ﬁlia,
1814 3787 1888 3827 ne
1920 3771 2107 3827 vadas
2136 3771 2215 3828 ad

571 3861 970 3933 colligendum
993 3861 1052 3915 in
1069 3860 1320 3916 alterum
1339 3874 1572 3928 agrum,
1598 3873 1709 3914 nec
1735 3859 1979 3915 recedas
2003 3860 2080 3915 ab
2101 3860 2216 3914 hoc

568 3947 700 4005 loco
732 3967 744 4001 :
778 3949 886 4005 sed
904 3949 1155 4018 jungere
1185 3946 1396 4019 puellis
1421 3946 1589 4016 meis,
1614 3950 1672 4003 et
1699 3946 1804 4002 ubi
1835 3946 2212 4011 messuerint,

571 4051 837 4107 sequere.
868 4035 1140 4092 Mandavi
1167 4035 1330 4091 enim
1358 4034 1556 4106 pueris
1582 4033 1749 4103 meis,
1801 4037 1864 4090 ut
1888 4048 2068 4090 nemo
2107 4033 2214 4111 tibi

568 4124 851 4180 molestus
875 4124 948 4180 sit
977 4139 992 4179 :
1017 4123 1121 4179 sed
1149 4123 1329 4179 etiam
1346 4122 1394 4177 si
1417 4121 1647 4189 sitieris,
1677 4121 1830 4178 vade
1850 4121 1930 4178 ad
1955 4121 2215 4176 sarcinu-

565 4210 681 4279 las,
711 4215 767 4266 et
797 4210 930 4267 bibe
959 4226 1173 4282 aquas,
1195 4210 1270 4266 de
1299 4209 1522 4281 quibus
1551 4213 1609 4265 et
1643 4209 1809 4280 pueri
1839 4207 1958 4263 mei
1977 4206 2211 4263 bibunt.

569 4297 713 4360 Quas
751 4296 970 4352 cadens
993 4297 1056 4351 in
1083 4297 1295 4354 faciem
1328 4309 1504 4351 suam
1526 4300 1582 4350 et
1607 4294 1868 4352 adorans
1905 4295 2024 4350 ait:
2054 4295 2212 4350 Unde

568 4380 714 4436 mihi
737 4382 871 4447 hoc,
904 4386 969 4436 ut
983 4382 1310 4437 invenirem
1335 4381 1590 4451 gratiam
1617 4384 1752 4436 ante
1772 4381 1976 4437 oculos
1996 4386 2212 4448 tuos,et

568 4482 750 4523 nosse
774 4482 870 4522 me
890 4466 1221 4534 dignareris
1240 4467 1618 4537 peregrinam
1638 4468 1945 4524 mulierem
1961 4469 1989 4524 ?
2003 4470 2210 4526 Cuiille

567 4555 876 4626 respondit
908 4573 921 4612 :
955 4554 1235 4610 Nuntiata
1254 4555 1399 4610 mihi
1426 4560 1562 4610 sunt
1591 4557 1812 4622 omnia,
1840 4574 1974 4629 quae
2001 4559 2208 4615 feceris

568 4643 764 4700 socrui
784 4647 901 4699 tum
927 4646 1064 4713 post
1079 4647 1331 4698 mortem
1358 4642 1466 4698 viri
1494 4643 1579 4699 tui
1605 4648 1690 4700 :et
1705 4646 1868 4716 quod
1887 4647 2208 4720 derelique-

566 4731 650 4787 ris
678 4734 955 4803 parentes
984 4733 1135 4796 tuos,
1155 4733 1212 4786 et
1241 4735 1456 4786 terram
1479 4730 1541 4786 in
1556 4747 1679 4803 qua
1707 4737 1846 4790 nata
1861 4750 1942 4796 es,
1967 4741 2207 4792 etvene-

565 4819 647 4874 ris
675 4819 754 4875 ad
772 4815 1086 4890 populum,
1118 4833 1296 4889 quem
1327 4823 1461 4876 ante
1491 4820 1824 4879 nesciebas.
1855 4823 2080 4880 Reddat
2099 4824 2207 4879 tibi

565 4905 843 4961 Dominus
866 4919 978 4977 pro
1007 4919 1183 4976 opere
1212 4910 1334 4973 tuo,
1367 4912 1422 4962 et
1438 4907 1680 4979 plenam
1700 4910 2038 4966 mercedem
2057 4911 2206 4967 acci-

563 4993 692 5064 pies
720 5007 755 5048 a
785 4991 1036 5048 Domino
1067 5007 1197 5050 meo
1220 4994 1336 5050 Deo
1362 4995 1560 5063 Israel,
1584 4997 1659 5053 ad
1681 5013 1866 5068 quem
1895 4998 2125 5063 venisti,
2151 5003 2207 5055 et

561 5079 678 5135 sub
707 5080 878 5150 cujus
907 5079 1222 5152 confugisti
1242 5081 1386 5139 alas.
1411 5084 1553 5149 Qum
1575 5084 1655 5140 ait
1686 5101 1699 5139 :
1723 5085 1928 5139 Inveni
1952 5087 2205 5155 gratiam

559 5171 696 5225 ante
724 5167 928 5224 oculos
952 5173 1109 5238 tuos,
1127 5169 1370 5226 domine
1389 5174 1490 5240 mi,
1517 5172 1620 5242 qui
1641 5171 1984 5227 consolatus
2009 5187 2070 5227 es
2084 5189 2200 5240 me,

560 5258 618 5310 et
645 5255 878 5311 locutus
907 5272 970 5312 es
1000 5257 1077 5314 ad
1107 5273 1210 5312 cor
1238 5257 1468 5314 ancillas
1496 5261 1634 5322 tum,
1659 5273 1795 5328 quas
1825 5273 1947 5312 non
1969 5275 2101 5314 sum
2127 5260 2203 5314 si-

561 5341 719 5398 milis
739 5344 912 5399 unius
936 5345 1274 5416 puellarum
1305 5350 1564 5399 tuarum.
1593 5345 1743 5398 Dixit
1766 5344 1845 5399 ad
1863 5359 1997 5400 eam
2023 5349 2198 5403 Booz:

557 5431 808 5495 Quando
837 5431 986 5488 hora
1015 5429 1291 5486 vescendi
1327 5429 1521 5494 fuerit,
1555 5431 1692 5485 veni
1716 5430 1850 5495 huc,
1875 5436 1932 5488 et
1958 5435 2203 5490 comede

556 5532 800 5590 panem,
822 5521 880 5574 et
906 5517 1071 5587 tinge
1096 5515 1431 5574 buccellam
1451 5520 1620 5574 tuam
1632 5517 1696 5574 in
1715 5524 1904 5577 aceto.
1929 5521 2087 5579 Sedit
2100 5523 2203 5580 ita-

2239 4435 2286 4490 D

2327 1846 2458 1912 viri,
2487 1846 2652 1916 quod
2696 1849 2841 1900 Booz
2876 1849 3206 1901 vocaretur.
3245 1845 3348 1900 Cui
3374 1843 3685 1915 respondit
3726 1844 3933 1900 Noemi
3972 1861 3984 1899 :

2328 1933 2673 1988 Benedictus
2704 1933 2779 1988 sit
2809 1950 2845 1989 a
2874 1932 3125 1988 Domino
3155 1949 3166 1986 :
3212 1931 3499 2002 quoniam
3531 1931 3810 1988 eamdem
3847 1947 3986 2001 gra-

2327 2020 2492 2087 tiam,
2523 2036 2706 2091 quam
2736 2020 3069 2092 praebuerat
3111 2019 3280 2084 vivis,
3334 2018 3590 2074 servavit
3615 2022 3672 2073 et
3700 2019 3979 2081 mortuis,

2329 2110 2668 2180 Rursusque
2697 2125 2709 2162 :
2735 2107 3109 2179 Propinquus
3136 2110 3336 2162 noster
3368 2109 3455 2162 est
3489 2105 3687 2161 homo.
3721 2108 3787 2160 Et
3816 2106 3975 2160 Ruth

2327 2193 2440 2250 hoc
2470 2211 2728 2267 quoque,
2753 2195 2963 2267 inquit,
2985 2196 3265 2266 praecepit
3288 2194 3459 2260 mihi,
3491 2197 3555 2248 ut
3575 2192 3806 2249 tamdiu
3823 2209 3986 2247 mes-

2328 2282 2558 2336 seribus
2589 2284 2716 2352 ejus
2732 2285 3030 2352 jungerer,
3064 2282 3255 2337 donec
3289 2296 3502 2336 omnes
3542 2284 3770 2351 segetes
3803 2283 3986 2335 mete-

2326 2374 2546 2426 rentur.
2578 2372 2680 2426 Cui
2706 2371 2850 2426 dixit
2871 2387 3073 2426 socrus
3108 2387 3118 2425 :
3142 2371 3339 2426 Melius
3364 2376 3472 2439 est,
3496 2370 3620 2425 ﬁlia
3641 2369 3744 2435 mi,
3769 2374 3987 2424 utcum

2326 2458 2534 2529 puellis
2560 2459 2687 2528 ejus
2719 2474 2894 2513 exeas
2947 2458 3025 2512 ad
3065 2458 3434 2526 metendum,
3469 2473 3544 2512 ne
3593 2458 3655 2512 in
3688 2457 3808 2512 alio
3837 2472 3987 2525 agro

2324 2547 2622 2619 quispiam
2636 2548 2864 2602 resistat
2880 2547 3004 2602 tibi.
3027 2549 3052 2601 J
3060 2552 3238 2602 uncta
3253 2553 3344 2602 est
3370 2548 3547 2617 igitur
3560 2546 3775 2618 puellis
3795 2548 3951 2601 Booz
3974 2565 3988 2601 :

2325 2638 2376 2688 et
2407 2634 2631 2690 tamdiu
2645 2650 2780 2689 cum
2803 2635 2886 2688 eis
2908 2635 3172 2698 messuit,
3189 2635 3379 2689 donec
3400 2635 3630 2690 hordea
3641 2640 3700 2689 et
3721 2634 3990 2689 triticum

2321 2720 2381 2776 in
2410 2721 2637 2776 horreis
2655 2722 3246 2790 conderentur.(0ap.
3276 2739 3334 2777 ιιι
3356 2765 3368 2778 .
3387 2726 3401 2791 )
3422 2724 3757 2793 Postquam
3779 2725 3989 2777 autem

2320 2824 2556 2864 reversa
2585 2813 2672 2864 est
2701 2810 2777 2865 ad
2811 2825 3049 2865 socrum
3079 2826 3273 2874 suam,
3307 2810 3536 2864 audivit
3567 2810 3646 2864 ab
3680 2825 3754 2865 ea
3788 2826 3802 2864 :
3842 2808 3990 2864 Filia

2320 2896 2426 2965 mi,
2448 2911 2716 2967 quaeram
2755 2895 2858 2951 tibi
2887 2896 3178 2968 requiem,
3205 2901 3261 2951 et
3287 2896 3614 2967 providebo
3631 2900 3696 2951 ut
3719 2895 3881 2952 bene
3905 2896 3988 2951 sit

2321 2983 2444 3038 tibi.
2478 2986 2626 3038 Booz
2644 2983 2772 3048 iste,
2805 2984 2974 3054 cujus
2994 2983 3204 3054 puellis
3230 2985 3292 3038 in
3320 2999 3467 3052 agro
3488 2985 3706 3054 juncta
3730 2999 3816 3050 es,
3844 2999 3987 3055 pro-

2321 3070 2580 3141 pinquus
2609 3075 2810 3126 noster
2827 3076 2936 3137 est,
2962 3072 3142 3127 ethac
3164 3076 3332 3127 nocte
3362 3087 3568 3128 aream
3600 3071 3817 3128 hordei
3843 3087 3994 3127 ven-

2320 3157 2465 3214 tilat.
2485 3161 2702 3212 Lavare
2723 3158 2918 3225 igitur,
2942 3162 2999 3214 et
3019 3165 3323 3228 ungere,et
3342 3159 3590 3216 induere
3625 3158 3994 3215 cultioribus

2317 3244 2703 3309 vestimentis,
2738 3260 2806 3300 ac
2829 3245 3123 3301 descende
3151 3246 3213 3300 in
3243 3261 3448 3301 aream
3491 3263 3504 3300 :
3538 3261 3665 3300 non
3696 3250 3752 3300 te
3784 3245 3997 3301 videat

2319 3331 2718 3397 homo,donec
2731 3348 2900 3388 esum
2918 3338 3246 3406 potumque
3263 3333 3548 3399 ﬁnierit.Q
3559 3332 3763 3389 uando
3778 3336 3994 3389 autem

2320 3418 2449 3474 ierit
2475 3418 2554 3475 ad
2574 3418 3013 3487 dormiendum,
3048 3426 3187 3477 nota
3206 3423 3406 3476 locum
3427 3422 3490 3475 in
3515 3437 3639 3492 quo
3666 3421 3944 3478 dormiat
3976 3438 3986 3476 :

2322 3505 2599 3576 veniesqu
2611 3521 2660 3577 θ,
2690 3511 2747 3562 et
2765 3506 3168 3579 discooperies
3191 3508 3463 3579 pallium,
3477 3524 3602 3580 quo
3619 3509 3937 3580 operiatur
3957 3525 3997 3564 a

2322 3597 2487 3665 parte
2500 3594 2745 3664 pedum,
2771 3600 2827 3650 et
2847 3596 3122 3666 projicies
3151 3600 3226 3663 te,
3247 3601 3302 3652 et
3330 3596 3414 3652 ibi
3429 3596 3663 3666 jacebis
3690 3613 3703 3651 :
3733 3597 3872 3668 ipse
3887 3613 3998 3652 au-

2324 3684 2441 3737 tem
2468 3681 2620 3737 dicet
2649 3681 2752 3737 tibi
2781 3683 2927 3754 quid
2953 3699 3127 3752 agere
3167 3683 3413 3741 debeas.
3451 3686 3594 3749 Quae
3621 3685 3949 3756 respondit
3983 3703 3993 3740 :

2325 3768 2620 3841 Quicquid
2648 3771 2997 3840 prmceperis
3018 3772 3162 3826 mihi
3181 3771 3417 3827 faciam.
3448 3772 3904 3844 Descenditque
3935 3775 3997 3829 in

2324 3871 2545 3925 aream,
2567 3863 2621 3910 et
2638 3856 2772 3912 fecit
2787 3859 3012 3921 omnia,
3036 3874 3168 3930 quae
3185 3859 3297 3914 sibi
3317 3860 3722 3930 imperaverat
3743 3877 3994 3918 socrus.

2325 3945 2588 4016 Cumque
2612 3945 2968 4002 comedisset
2988 3948 3157 4014 Booz,
3187 3951 3242 4003 et
3263 3947 3530 4012 bibisset,
3551 3952 3611 4003 et
3631 3947 3831 4004 factus
3848 3949 4002 4006 fuis-

2324 4037 2410 4087 set
2435 4031 2961 4104 hilarior,issetque
2983 4034 3056 4090 ad
3073 4034 3497 4090 dormiendum
3517 4036 3688 4105 juxta
3702 4052 4002 4094 acervum

2321 4120 2951 4191 manipulorum,venit
2971 4121 3343 4187 abscondite,
3367 4127 3421 4178 et
3439 4122 3828 4195 discooperto
3846 4142 3885 4181 a
3900 4142 4003 4198 pe-

2321 4206 2496 4263 dibus
2524 4208 2652 4278 ejus
2680 4207 2882 4279 pallio,
2923 4224 2984 4265 se
3024 4210 3290 4280 projecit.
3320 4213 3384 4264 Et
3425 4225 3582 4278 ecce,
3627 4211 3764 4282 jam
3795 4215 4002 4271 noctis

2320 4295 2520 4351 media
2549 4296 2782 4368 expavit
2810 4297 3014 4365 homo,
3045 4303 3102 4353 et
3127 4299 3518 4355 conturbatus
3543 4307 3631 4355 est
3665 4316 3676 4354 :
3707 4301 3994 4374 viditque

2319 4382 2627 4438 mulierem
2651 4383 2954 4454 jacentem
2986 4384 3062 4439 ad
3092 4385 3273 4456 pedes
3300 4401 3460 4451 suos,
3497 4390 3554 4441 et
3578 4387 3661 4442 ait
3682 4387 3766 4442 illi
3794 4404 3806 4442 :
3842 4390 3996 4454 Quae

2319 4470 2422 4525 es?
2455 4471 2556 4527 [lla
2584 4473 2890 4542 respondit
2924 4488 2934 4526 :
2963 4475 3081 4543 Ego
3105 4489 3240 4528 sum
3272 4473 3423 4528 Ruth
3446 4474 3665 4530 ancilla
3699 4481 3808 4532 tua
3837 4496 3849 4534 :
3890 4493 3994 4533 ex-

2318 4558 2514 4630 pande
2532 4559 2762 4630 pallium
2777 4575 2954 4631 super
2969 4559 3257 4616 famulam
3278 4563 3599 4632 tuam,quia
3612 4563 3997 4635 propinquus

2317 4662 2404 4704 es.
2441 4650 2506 4702 Et
2528 4647 2640 4712 ille,
2671 4648 3005 4714 Benedicta,
3046 4648 3256 4720 inquit,
3291 4665 3353 4704 es
3399 4665 3435 4704 a
3467 4650 3726 4707 Domino
3750 4652 3903 4718 ﬁlia,
3939 4659 4000 4709 et

2316 4734 2574 4805 priorem
2605 4735 3070 4791 misericordiam
3097 4737 3416 4806 posteriore
3449 4740 3749 4809 superasti
3789 4760 3800 4797 :
3841 4742 3999 4813 quia

2316 4835 2436 4876 non
2467 4838 2531 4877 es
2563 4827 2765 4877 secuta
2789 4822 3060 4891 juvenes,
3089 4823 3211 4878 sive
3237 4839 3530 4894 pauperes
3576 4826 3704 4881 sive
3744 4827 3994 4886 divites.

2314 4908 2440 4963 Noli
2473 4924 2612 4978 ergo
2651 4913 2932 4975 metuere,
2962 4910 3064 4966 sed
3093 4911 3239 4982 quid
3279 4912 3494 4967 dixeris
3527 4913 3699 4978 mihi,
3756 4915 3993 4973 faciam

2313 4995 2435 5052 tibi.
2472 4997 2588 5052 Scit
2621 5001 2818 5052 autem
2853 4999 3049 5053 omnis
3073 4999 3354 5070 populus,
3385 5000 3489 5072 qui
3537 5002 3776 5059 habitat
3826 5004 3994 5060 intra

2313 5090 2513 5155 portas
2553 5084 2717 5138 urbis
2740 5099 2908 5150 meae,
2956 5086 3266 5142 mulierem
3298 5090 3351 5143 te
3382 5103 3511 5143 esse
3559 5089 3821 5146 virtutis.
3869 5094 3994 5148 Nec

2312 5171 2513 5226 abnuo
2531 5187 2624 5225 me
2637 5171 3064 5243 propinquum,
3086 5174 3188 5228 sed
3205 5179 3291 5228 est
3307 5175 3456 5229 alius
3482 5191 3575 5230 me
3593 5178 3994 5251 propinquus

2312 5259 2556 5322 Quiesce
2578 5259 2690 5314 hac
2730 5263 2933 5314 nocte:
2980 5265 3035 5316 et
3077 5261 3231 5317 facto
3265 5277 3462 5330 mane,
3525 5264 3576 5318 si
3617 5269 3670 5319 te
3723 5267 3994 5323 voluerit

2312 5345 2772 5416 propinquitatis
2783 5347 2914 5416 jure
2939 5349 3238 5412 restinere,
3261 5349 3414 5404 bene
3438 5365 3533 5404 res
3546 5356 3685 5406 acta
3698 5359 3791 5408 est
3815 5372 3828 5408 :
3854 5356 3992 5411 sine

2312 5438 2511 5489 autem
2529 5433 2623 5488 ille
2652 5433 2923 5500 noluerit,
2940 5450 3082 5504 ergo
3114 5441 3165 5491 te
3183 5438 3413 5508 absque
3441 5438 3563 5494 ulla
3595 5439 3990 5499 dubitatione

2315 5520 2658 5592 suscipiam,
2679 5521 2815 5578 vivit
2848 5524 3130 5580 Dominus
3151 5539 3162 5579 :
3207 5525 3402 5582 dormi
3418 5542 3612 5598 usque
3623 5533 3992 5588 mane.Dor-
