4192 6402
184 355 287 409 445

1341 350 1694 408 DOMINICA
1735 349 1806 404 IV
1846 349 2448 416 QUADRAGESIM/E.

3482 364 3588 418 446

185 477 352 533 mivit
369 476 570 546 itaque
591 475 668 530 ad
689 475 871 546 pedes
893 478 1016 548 ejus
1043 493 1231 548 usque
1252 478 1440 534 noctis
1457 476 1824 532 abscessum.
1857 473 1902 527 A
1939 481 2198 548 runtque
2226 480 2498 535 mulieres
2527 481 2604 536 ad
2637 483 2874 537 Noemi:
2900 482 3250 540 Benedictus
3279 487 3588 556 Dominus,

190 565 565 635 Surrexitque
580 567 900 636 antequam
913 566 1186 621 homines
1199 583 1257 621 se
1273 569 1699 635 cognoscerent
1713 581 1828 618 mu-

187 659 305 717 tuo,
332 657 386 707 et
406 653 553 706 dixit
582 655 729 707 Booz
761 670 771 707 :
810 655 962 708 Cave
984 670 1056 708 ne
1098 655 1234 725 quis
1263 655 1488 709 noverit
1513 652 1676 724 quod
1712 653 1828 705 huc

187 741 432 797 veneris.
465 743 528 794 Et
549 757 806 804 rursum,
835 743 1136 813 Expande,
1161 744 1370 815 inquit,
1395 742 1640 813 pallium
1663 746 1826 795 tuum

188 845 303 900 quo
321 829 587 899 Operiris,
609 833 663 883 et
679 834 808 883 tene
828 836 1077 902 utraque
1097 847 1290 886 manu.
1311 834 1441 896 Qua
1453 828 1824 886 extendente,

189 924 242 975 et
264 921 518 980 tenente,
540 932 782 972 mensus
806 923 890 972 est
917 935 1016 973 sex
1045 920 1275 974 modios
1297 919 1526 983 hordei,
1551 923 1605 971 et
1630 916 1829 988 posuit

187 1021 360 1076 super
389 1021 552 1059 eam.
592 1008 724 1069 Qua:
757 1010 994 1077 portans
1014 1007 1283 1075 ingressa
1312 1011 1401 1063 est
1431 1006 1747 1067 civitatem,
1773 1009 1828 1057 et

186 1093 337 1148 venit
357 1092 435 1147 ad
475 1108 714 1147 socrum
746 1110 945 1148 suam.
1005 1097 1145 1159 Qute
1176 1095 1319 1150 dixit
1348 1095 1432 1149 ei:
1469 1093 1619 1158 Quid
1658 1091 1829 1160 egisti

185 1181 302 1236 ﬁlia
320 1183 346 1236 ?
360 1181 749 1253 Narravitque
780 1183 1002 1247 omnia,
1019 1199 1152 1254 quae
1167 1183 1277 1237 sibi
1292 1182 1520 1237 fecisset
1543 1182 1746 1236 homo.
1767 1184 1828 1236 Et

185 1271 464 1328 aitzEcce
492 1286 596 1325 sex
648 1270 884 1325 modios
936 1272 1143 1326 hordei
1182 1272 1344 1326 dedit
1391 1271 1554 1334 mihi,
1597 1275 1651 1324 et
1703 1269 1821 1324 ait:

182 1359 319 1415 Nolo
347 1374 610 1414 vacuam
637 1363 692 1413 te
716 1360 922 1414 reverti
953 1360 1031 1415 ad
1062 1361 1310 1415 domum
1341 1363 1526 1414 tuam.
1554 1357 1826 1427 Dixitque

181 1449 376 1503 Noemi
397 1464 410 1501 :
431 1447 1027 1518 Expectaﬁliadonec
1051 1449 1364 1503 videamus
1405 1462 1587 1518 quem
1601 1447 1824 1501 exitum

178 1536 623 1607 habeat.Neque
642 1536 801 1590 enim
818 1537 1071 1592 cessabit
1088 1537 1266 1591 homo
1286 1537 1404 1590 nisi
1440 1534 1824 1606 compleverit

177 1624 332 1696 quod
351 1624 594 1678 locutus
625 1629 732 1680 est.
767 1624 922 1695 (Cap.
948 1625 1347 1694 1v.)Ascendit
1375 1639 1516 1693 ergo
1558 1627 1706 1678 Booz
1747 1623 1824 1678 ad

177 1715 497 1784 portam,et
524 1711 677 1766 sedit
705 1712 805 1766 ibi.
844 1714 1110 1783 Cumque
1141 1713 1389 1767 vidisset
1413 1712 1820 1783 propinquum

1941 565 2044 633 qui
2071 581 2191 620 non
2225 572 2314 621 est
2342 583 2558 637 passus
2593 573 2654 622 ut
2686 569 2961 625 deﬁceret
2991 587 3296 627 successor
3352 574 3590 630 familias

1939 656 2076 716 tuae,
2100 661 2155 707 et
2181 660 2485 708 vocaretur
2514 671 2734 710 nomen
2768 658 2894 724 ejus
2932 658 2993 710 in
3044 659 3238 713 Israel.
3273 662 3337 713 Et
3366 660 3590 715 habeas

1937 741 2040 810 qui
2065 742 2402 796 consoletur
2427 743 2694 798 animam
2724 749 2908 809 tuam,
2952 749 3007 800 et
3034 747 3284 800 enutriet
3322 750 3591 801 senectu-

1937 833 2089 882 tem:
2125 829 2197 882 de
2226 845 2380 883 nuru
2402 831 2559 884 enim
2591 836 2690 886 tua
2717 838 2892 887 natus
2925 836 3029 897 est,
3066 833 3168 903 qui
3197 839 3249 887 te
3276 833 3476 900 diliget
3503 853 3514 890 :
3537 837 3594 888 et

1940 916 2126 970 multo
2160 917 2260 971 tibi
2288 923 2372 972 est
2404 918 2824 989 melior,quam
2847 921 2892 974 si
2916 920 3589 990 septemhaberesﬁlios.

1941 1005 2285 1075 Susceptum
2306 1006 2507 1061 Noemi
2528 1023 2782 1076 puerum
2804 1009 3002 1077 posuit
3018 1008 3079 1063 in
3098 1010 3230 1063 sinu
3254 1025 3387 1077 suo,
3409 1013 3463 1062 et
3482 1023 3591 1062 nu-

1937 1092 2092 1146 tricis
2125 1109 2192 1148 ac
2215 1094 2434 1161 gerulae
2495 1095 2690 1150 ofﬁcio
2714 1095 3092 1164 fungebatur.
3149 1098 3362 1152 Vicina:
3391 1102 3592 1151 autem

1937 1181 2213 1237 mulieres
2240 1184 2720 1252 congratulantes
2749 1185 2819 1250 ei,
2857 1202 2925 1240 ac
2975 1186 3236 1241 dicentes
3258 1203 3270 1240 :
3292 1190 3472 1241 Natus
3505 1192 3592 1242 est

1936 1269 2090 1324 ﬁlius
2118 1272 2319 1325 Noemi
2350 1291 2360 1328 :
2392 1283 2756 1327 vocaverunt
2818 1289 3040 1328 nomen
3072 1275 3202 1344 ejus
3259 1273 3461 1329 Obed:
3494 1274 3590 1329 hic

1936 1362 2020 1412 est
2051 1362 2216 1428 pater
2243 1358 2372 1423 lsai,
2409 1359 2590 1429 patris
2625 1360 2973 1415 David.Haec
2995 1367 3132 1417 sunt
3176 1362 3590 1430 generationes

1935 1446 2185 1501 Phares:
2213 1447 2432 1502 Phares
2454 1449 2654 1517 genuit
2695 1451 2897 1515 Esron,
2932 1452 3119 1504 Esron
3154 1450 3357 1519 genuit
3384 1451 3584 1514 Aram,

1933 1536 2112 1590 Aram
2147 1538 2348 1602 genuit
2378 1536 2736 1605 Aminadab,
2767 1537 3102 1594 Aminadab
3125 1540 3329 1607 genuit
3365 1539 3587 1594 Nahas-

1935 1637 2064 1687 son,
2120 1622 2428 1677 Nahasson
2487 1623 2690 1690 genuit
2758 1623 3019 1692 Salmon,
3073 1625 3318 1680 Salmon
3386 1625 3588 1693 genuit

1935 1711 2105 1776 Booz,
2137 1713 2284 1764 Booz
2305 1709 2506 1777 genuit
2556 1709 2742 1776 Obed,
2799 1711 2966 1767 Obed
3031 1713 3236 1782 genuit
3289 1711 3424 1779 lsai,
3476 1711 3586 1767 lsai

177 1799 579 1872 praeterire,de
609 1817 730 1872 quo
763 1800 929 1871 prius
951 1817 1146 1856 sermo
1173 1800 1415 1856 habitus
1441 1804 1550 1864 est,
1575 1800 1722 1853 dixit
1744 1798 1820 1854 ad
1849 1808 1897 1863 Β
1937 1799 2140 1865 genuit
2165 1797 2349 1853 David
2375 1811 2598 1867 regem.
2627 1810 2696 1868 Βε.
2745 1802 2953 1854 Amen.

183 1900 340 1939 eum:
363 1884 612 1940 Declina
637 1884 974 1956 paulisper,
1005 1889 1061 1940 et
1095 1884 1238 1940 sede
1263 1885 1379 1949 hic,
1396 1889 1608 1940 vocato
1631 1899 1700 1938 eo
1720 1899 1821 1938 no-

187 1972 334 2026 mine
348 1973 604 2037 suo.Qui
633 1972 889 2035 divertit,
923 1977 978 2027 et
1010 1972 1422 2027 sedit.Tollens
1441 1977 1645 2027 autem
1673 1973 1823 2026 Booz

181 2061 373 2116 decem
418 2062 589 2117 viros
623 2061 696 2116 de
731 2061 1066 2117 senioribus
1099 2061 1370 2125 civitatis,
1406 2060 1552 2116 dixit
1569 2061 1646 2116 ad
1673 2075 1777 2115 eos
1806 2079 1817 2117 :

183 2149 376 2205 Sedete
400 2149 764 2215 hic.Quibus
789 2149 1464 2217 resedentibus,locutus
1488 2153 1574 2204 est
1600 2147 1676 2203 ad
1691 2163 1823 2220 pro-

177 2237 464 2310 pinquum
499 2258 510 2296 :
539 2238 776 2294 Partem
808 2239 934 2310 agri
951 2238 1142 2294 fratris
1155 2237 1343 2292 nostri
1357 2235 1821 2292 Elimelechven-

177 2327 505 2394 ditNoemi,
540 2343 674 2398 quae
701 2343 937 2382 reversa
959 2332 1045 2382 est
1077 2327 1149 2382 de
1170 2327 1411 2396 regione
1467 2325 1779 2382 Moabitide
1805 2346 1816 2384 :

174 2416 328 2486 quod
354 2415 575 2472 audire
605 2420 659 2471 te
690 2415 867 2483 volui,
923 2422 978 2470 et
1001 2415 1108 2470 tibi
1132 2414 1327 2470 dicere
1349 2429 1554 2470 coram
1592 2414 1822 2469 cunctis

174 2503 605 2572 sedentibus,et
633 2503 963 2574 majoribus
983 2507 1128 2559 natu
1145 2502 1218 2558 de
1243 2502 1466 2573 populo
1486 2501 1708 2558 meo.Si
1734 2501 1822 2556 vis

173 2593 477 2661 possidere
500 2593 633 2662 jure
654 2591 1134 2663 propinquitatis,
1167 2606 1321 2654 eme,
1350 2595 1406 2645 et
1425 2590 1696 2660 posside:
1728 2587 1820 2644 sin

172 2684 365 2736 autem
379 2681 663 2752 displicet
690 2679 936 2747 tibi,hoc
954 2680 1150 2751 ipsum
1166 2678 1369 2734 indica
1380 2678 1547 2743 mihi,
1564 2681 1625 2733 ut
1637 2679 1821 2734 sciam

171 2769 310 2839 quid
336 2770 542 2825 facere
569 2768 826 2824 debeam
851 2787 863 2826 :
891 2767 1090 2823 nullus
1117 2771 1208 2822 est
1228 2768 1386 2822 enim
1420 2766 1820 2837 propinquus,

170 2861 408 2929 excepto
436 2862 521 2924 te,
550 2857 654 2928 qui
679 2857 840 2927 prior
870 2872 965 2918 es;
999 2861 1054 2911 et
1074 2871 1188 2923 me,
1211 2855 1315 2926 qui
1341 2853 1638 2910 secundus
1653 2869 1814 2909 sum.

169 2948 234 3000 At
257 2946 351 3002 ille
377 2944 858 3017 respondit:Ego
899 2958 1112 3012 agrum
1127 2942 1777 2998 emam.CuidixitBooz
1810 2959 1821 2995 :

173 3034 421 3097 Quando
449 3033 665 3089 emeris
683 3049 897 3102 agrum
920 3031 992 3086 de
1008 3046 1202 3085 manu
1227 3029 1670 3094 mulieris,Ruth
1682 3045 1830 3100 quo-

175 3136 284 3192 que
310 3121 851 3192 Moabitidem,qua9
882 3135 1027 3174 uxor
1046 3118 1308 3175 defuncti
1333 3117 1455 3186 fuit,
1486 3117 1664 3172 debes
1681 3117 1829 3172 acci-
1858 3147 1899 3204 ο

173 3225 341 3280 pere:
373 3216 437 3266 ut
466 3211 717 3265 suscites
747 3225 969 3265 nomen
987 3207 1310 3280 propinqui
1337 3206 1562 3272 tui.Qui
1581 3221 1826 3276 respon-

174 3298 283 3353 dit:
316 3300 475 3354 Cedo
493 3300 624 3368 jure
646 3297 1112 3371 propinquitatis
1140 3311 1366 3367 :neque
1389 3295 1551 3350 enim
1583 3295 1826 3365 posteri-

175 3389 355 3442 tatem
376 3386 616 3442 familiae
639 3403 786 3441 meae
813 3386 1006 3440 delere
1034 3384 1245 3440 debeo.
1261 3386 1343 3439 Tu
1365 3399 1501 3439 meo
1537 3388 1693 3439 utere
1709 3382 1825 3454 pri-

174 3473 408 3544 vilegio,
439 3491 561 3547 quo
594 3491 687 3531 me
710 3475 961 3531 libenter
987 3489 1186 3529 carere
1233 3472 1530 3543 proﬁteor.
1601 3472 1702 3527 Hic
1723 3487 1822 3526 au-

171 3565 289 3616 tem
320 3566 589 3618 eratmos
602 3563 966 3635 antiquitatis
995 3562 1057 3616 in
1073 3561 1253 3617 Israel
1267 3562 1416 3616 inter
1429 3560 1818 3631 propinquos,

170 3649 216 3703 si
251 3651 425 3721 257
488 3651 735 3722 quando
757 3651 901 3706 alter
947 3649 1116 3705 alteri
1169 3665 1277 3704 suo
1299 3649 1431 3718 jure
1459 3647 1727 3710 cedebat,
1761 3650 1824 3702 ut

167 3743 322 3793 esset
343 3739 521 3794 ﬁrma
541 3738 1144 3803 concessio,solvebat
1162 3738 1346 3792 homo
1365 3737 1822 3792 calciamentum

167 3831 441 3892 suum,et
459 3827 641 3881 dabat
655 3827 928 3897 proximo
951 3842 1058 3880 suo
1082 3842 1094 3879 :
1124 3826 1240 3879 hoc
1265 3829 1388 3879 erat
1415 3824 1821 3879 testimonium

163 3914 579 3969 concessionis
598 3915 660 3968 in
713 3913 912 3969 Israel.
956 3913 1105 3967 Dixit
1129 3927 1266 3980 ergo
1319 3912 1660 3981 propinquo
1713 3925 1821 3964 suo

166 4003 320 4056 Booz
347 4019 357 4058 :
384 4001 543 4056 Tolle
569 4001 1055 4056 calciamentum.
1091 3997 1261 4063 Quod
1294 3997 1490 4052 statim
1539 3996 1711 4051 solvit
1747 3996 1821 4051 de

163 4088 319 4161 pede
347 4104 481 4145 suo.
510 4092 579 4144 At
607 4088 703 4143 ille
733 4086 1065 4159 majoribus
1108 4091 1275 4149 natu,
1317 4091 1374 4140 et
1410 4084 1682 4138 universo
1720 4098 1824 4154 po-

163 4178 309 4250 pulo
331 4176 418 4233 ait
447 4194 459 4233 :
487 4180 701 4247 Testes,
732 4177 939 4248 inquit,
973 4190 1080 4230 vos
1111 4173 1248 4229 estis
1268 4171 1649 4243 hodie,quod
1680 4187 1820 4241 pos-

165 4265 425 4321 sederim
451 4265 654 4320 omnia
682 4280 817 4336 quae
849 4263 1085 4318 fuerunt
1110 4258 1445 4323 Elimelech,
1475 4263 1530 4313 et
1557 4257 1817 4324 Chelion,

165 4359 220 4409 et
248 4353 816 4417 Mahalon,tradente
845 4352 1048 4407 Noemi
1076 4371 1088 4407 :
1119 4353 1175 4406 et
1205 4348 1357 4405 Ruth
1422 4346 1816 4411 Moabitidem,

166 4458 414 4498 uxorem
447 4442 735 4506 Mahalon,
771 4440 832 4495 in
858 4439 1205 4509 conjugium
1224 4435 1820 4507 sumpserim,utsus-
1850 4480 1896 4535 Β

169 4531 339 4586 citem
372 4546 592 4586 nomen
614 4529 873 4584 defuncti
904 4529 963 4583 in
985 4526 1308 4582 hereditate
1335 4539 1543 4591 sua,ne
1561 4523 1818 4578 vocabu-

167 4618 290 4674 lum
313 4619 442 4689 ejus
467 4619 540 4674 de
554 4618 777 4674 familia
800 4633 908 4671 sua
926 4632 995 4671 ac
1020 4614 1299 4669 fratribus
1321 4611 1611 4683 etpopulo
1629 4611 1820 4667 delea—

168 4710 278 4762 tur.
308 4711 443 4776 Vos,
471 4707 741 4778 inquam,
775 4706 953 4775 hujus
982 4704 1066 4759 rei
1092 4707 1265 4758 testes
1295 4700 1453 4756 estis.
1496 4699 1820 4770 Respondit

170 4797 360 4851 omnis
373 4795 654 4867 populus,
679 4793 782 4865 qui
808 4796 932 4848 erat
960 4792 1020 4846 in
1051 4796 1240 4861 porta,
1273 4792 1329 4844 et
1348 4789 1608 4858 majores
1627 4791 1771 4842 natu
1801 4805 1811 4840 :

170 4884 278 4937 Nos
305 4889 482 4939 testes
515 4898 754 4937 sumus:
778 4880 956 4936 faciat
975 4879 1262 4934 Dominus
1301 4876 1458 4930 hanc
1479 4875 1814 4940 mulierem,

169 4986 296 5042 quae
322 4971 655 5040 ingreditur
679 4969 928 5024 domum
952 4965 1295 5032 tuam,sicut
1321 4963 1538 5020 Rachel
1555 4967 1610 5018 et
1627 4963 1815 5029 Liam,

168 5073 296 5130 quae
323 5058 769 5116 rediﬁcaverunt
791 5055 1041 5111 domum
1064 5053 1275 5110 Israel:
1296 5057 1358 5107 ut
1388 5051 1460 5106 sit
1484 5050 1818 5121 exemplum

169 5147 390 5203 virtutis
421 5147 480 5201 in
512 5146 790 5216 Ephrata,
815 5148 871 5199 et
900 5142 1120 5198 habeat
1150 5140 1378 5197 celebre
1404 5140 1698 5195 nomenin
1725 5141 1821 5192 Be-

167 5234 451 5291 thlehem:
483 5234 706 5304 ﬁatque
730 5233 947 5287 domus
972 5236 1092 5295 tua,
1128 5229 1279 5283 sicut
1323 5229 1543 5283 domus
1595 5227 1821 5281 Phares

167 5336 337 5391 quem
353 5324 612 5378 Thamar
632 5322 860 5392 peperit
886 5317 1156 5383 Judre,de
1169 5317 1394 5371 semine
1417 5315 1580 5388 quod
1596 5313 1825 5389 dederit

167 5409 264 5466 tibi
296 5413 588 5468 Dominus
614 5426 687 5465 ex
717 5411 828 5464 hac
849 5406 1224 5479 puella.Tulit
1247 5407 1450 5477 itaque
1484 5402 1822 5471 BoozButh,

134 5501 215 5552 ~et
229 5502 452 5573 accepit
481 5514 730 5555 uxorem
759 5514 769 5553 :
801 5497 1106 5567 ingressus
1138 5499 1226 5550 est
1257 5493 1334 5549 ad
1359 5509 1508 5558 eam,
1551 5495 1606 5547 et
1658 5488 1826 5546 dedit

164 5584 241 5644 illi
261 5589 642 5654 Dominus,ut
673 5586 1029 5657 conciperet,
1065 5586 1122 5639 et
1157 5586 1392 5655 pareret
1419 5581 1632 5637 ﬁlium.
1657 5579 1822 5635 Dixe-

2602 1887 2901 1956 Hymnus.

2216 1974 2410 2029 Noctis
2448 1978 2683 2045 tempus
2707 1976 2835 2044 jam
2857 1975 3131 2045 praeterit,

2144 2063 2273 2116 Jam
2313 2061 2506 2130 gallus
2533 2063 2711 2131 canit,
2747 2062 2890 2116 vivis

2146 2149 2308 2204 Gallo
2330 2154 2576 2204 canente
2608 2165 2746 2220 spes
2777 2148 2969 2204 reddit
2994 2165 3009 2214 ;

2142 2238 2327 2307 Egris
2358 2237 2520 2292 salus
2537 2236 2889 2292 refunditur.

2217 2328 2438 2382 Somno
2466 2325 2696 2395 gravati
2721 2324 2968 2393 surgite.

2145 2413 2347 2468 Cordis
2379 2418 2613 2468 reatum
2641 2412 2910 2484 pandite,

2142 2504 2396 2573 Jesuque
2421 2501 2664 2556 laudem
2709 2500 2909 2567 dicite,

2143 2589 2254 2654 Qui
2285 2605 2395 2644 nos
2423 2587 2678 2643 redemit
2711 2587 3028 2655 sanguine.

2217 2681 2344 2733 Non
2366 2683 2430 2731 ut
2458 2676 2638 2731 fallax
2670 2674 3025 2745 discipulus,

2145 2765 2256 2829 Qui
2281 2780 2494 2835 pacem
2520 2763 2715 2818 ferens
2751 2762 2992 2829 osculo;

2147 2855 2212 2907 Et
2242 2851 2450 2906 dolum
2479 2855 2686 2905 tenens
2713 2853 2972 2919 pectore,

2147 2939 2356 2994 Turbis
2379 2938 2728 3007 Magistrum
2772 2936 3032 2991 tradidit.

2218 3031 2391 3083 Jesus
2413 3031 2623 3098 captus
2655 3026 2734 3081 ab
2762 3025 2963 3096 impiis
2991 3041 3002 3080 :

2150 3118 2580 3187 Disperguntur
2609 3113 2883 3183 discipuli
2907 3128 2921 3166 :

2150 3207 2404 3259 Locutus
2436 3206 2523 3257 est
2551 3207 2613 3256 ut
2646 3200 2939 3255 Dominus

2146 3297 2322 3349 Nocte
2353 3291 2544 3345 ferens
2562 3287 2932 3343 scandalum.

2215 3384 2383 3436 Jesus
2410 3378 2533 3432 suis
2565 3376 2899 3446 discipulis,

2145 3471 2296 3525 Dum
2319 3474 2555 3524 crucem
2580 3481 2753 3520 suam
2778 3463 3080 3534 prmdicat,

2145 3558 2356 3627 Negari
2386 3571 2517 3610 sese
2546 3556 2882 3625 praemonet
2908 3571 2926 3622 ;

2143 3648 2348 3701 Petrus
2375 3644 2641 3700 facturus
2661 3641 2944 3710 abnegat.

2214 3737 2415 3789 Petrus
2445 3731 2680 3786 fervens
2711 3727 2922 3799 spiritu

2144 3822 2417 3893 Sequitur
2445 3821 2506 3874 in
2535 3817 2810 3888 praetorio
2832 3833 2850 3886 ;

2143 3910 2255 3964 Sed
2283 3907 2520 3975 agnitus
2544 3902 2896 3973 discipulus,

2142 3995 2385 4065 Negavit
2406 3991 2703 4046 Christum
2731 3988 3078 4043 Dominum.

2213 4082 2413 4135 Petrus
2430 4076 2673 4146 jurabat
2700 4073 2984 4129 omnibus
3020 4091 3034 4128 :

2144 4170 2212 4224 Se
2250 4181 2371 4221 non
2395 4164 2628 4219 novisse
2656 4161 2965 4218 hominem
2997 4177 3009 4214 :

2143 4257 2264 4310 Vox
2292 4266 2554 4323 namque
2586 4248 2723 4320 galli
2753 4251 3011 4313 resonat,

2144 4346 2210 4398 Et
2239 4344 2441 4396 Petrus
2463 4338 2703 4409 culpam
2743 4333 3040 4391 meminit.

2212 4433 2402 4492 Jesus,
2444 4427 2590 4481 dum
2625 4428 2860 4480 Petrum
2890 4437 2953 4478 re

2142 4519 2342 4574 Fidem
2374 4514 2526 4570 Petri
2555 4514 2703 4568 dum
2733 4509 2998 4580 suscipit.

2139 4611 2481 4675 Petrusque,
2509 4599 2774 4666 ﬂuendo,
2809 4598 3015 4668 recipit

2141 4694 2309 4760 Quod
2343 4696 2476 4748 ante
2497 4688 2678 4761 paulo
2708 4686 3008 4742 amiserat.

2211 4785 2276 4836 Et
2305 4796 2413 4835 nos
2443 4791 2778 4849 precamur,
2812 4773 3080 4838 Domine,

2146 4869 2344 4925 Fidem
2376 4866 2524 4922 Petri
2545 4864 2830 4933 recipere,

2141 4958 2462 5026 Fidemque
2490 4949 2920 5023 Apostolicam,

2143 5047 2367 5103 Flentes
2383 5059 2490 5114 pro
2520 5044 2723 5096 nostro
2749 5037 3014 5101 crimine,

2213 5133 2375 5190 Gallo
2393 5133 2640 5187 canente
2671 5126 2944 5182 venimus

2144 5223 2372 5280 Laudes
2404 5222 2522 5275 Deo
2547 5215 2945 5290 persolvimus

2145 5308 2539 5368 Confessionis
2572 5304 2827 5378 propriae

2148 5404 2362 5456 Dantes
2395 5397 2446 5452 ei
2477 5410 2681 5450 veram
2707 5392 2910 5447 ﬁdem.

2216 5484 2484 5542 Abscede
2513 5482 2789 5555 princeps
2817 5479 2891 5534 de

2149 5578 2292 5631 Cum
2320 5571 2513 5630 noxiis
2539 5569 3035 5642 phantasmatum
3068 5581 3081 5618 :
