  <div class='ocr_page' id='page_1' title='image "/cluster/home/n/w/nwhite01/storage/ocr_20150623/86/umn.31951002477379d/231.png"; bbox 0 0 4192 6400; ppageno 0'>
   <div class='ocr_carea' id='block_1_1' title="bbox 584 276 702 332">
    <p class='ocr_par' dir='ltr' id='par_1_1' title="bbox 584 276 702 332">
     <span class='ocr_line' id='line_1_1' title="bbox 584 276 702 332; baseline -0.025 0"><span class='ocrx_word' id='word_1_1' title='bbox 584 276 686 332; x_wconf 72' lang='grc'><strong>447</strong></span> <span class='ocrx_word' id='word_1_2' title='bbox 699 317 702 320; x_wconf 78' lang='grc'>.</span> 
     </span>
    </p>
   </div>
   <div class='ocr_carea' id='block_1_2' title="bbox 791 393 1558 467">
    <p class='ocr_par' dir='ltr' id='par_1_2' title="bbox 791 393 1558 467">
     <span class='ocr_line' id='line_1_2' title="bbox 791 393 1558 467; baseline 0.001 -18"><span class='ocrx_word' id='word_1_3' title='bbox 791 395 925 452; x_wconf 89' lang='lat' dir='ltr'><strong>Jam</strong></span> <span class='ocrx_word' id='word_1_4' title='bbox 949 408 1060 450; x_wconf 90' lang='lat' dir='ltr'><strong>nos</strong></span> <span class='ocrx_word' id='word_1_5' title='bbox 1086 393 1273 466; x_wconf 85' lang='lat' dir='ltr'>piavit</span> <span class='ocrx_word' id='word_1_6' title='bbox 1303 395 1516 454; x_wconf 86' lang='lat' dir='ltr'><strong>veritas</strong></span> <span class='ocrx_word' id='word_1_7' title='bbox 1541 414 1558 467; x_wconf 87' lang='lat'>;</span> 
     </span>
    </p>
   </div>
   <div class='ocr_carea' id='block_1_3' title="bbox 791 483 1658 553">
    <p class='ocr_par' dir='ltr' id='par_1_3' title="bbox 791 483 1658 553">
     <span class='ocr_line' id='line_1_3' title="bbox 791 483 1658 553; baseline 0.001 -16"><span class='ocrx_word' id='word_1_8' title='bbox 791 483 818 537; x_wconf 87' lang='lat' dir='ltr'><strong>J</strong></span> <span class='ocrx_word' id='word_1_9' title='bbox 825 498 924 540; x_wconf 90' lang='lat' dir='ltr'><strong>am</strong></span> <span class='ocrx_word' id='word_1_10' title='bbox 957 483 1175 553; x_wconf 88' lang='lat' dir='ltr'><strong>probra</strong></span> <span class='ocrx_word' id='word_1_11' title='bbox 1195 485 1357 538; x_wconf 80' lang='lat' dir='ltr'><strong>tersit</strong></span> <span class='ocrx_word' id='word_1_12' title='bbox 1381 483 1658 540; x_wconf 90' lang='lat' dir='ltr'><strong>charitas.</strong></span> 
     </span>
    </p>
   </div>
   <div class='ocr_carea' id='block_1_4' title="bbox 861 569 1719 641">
    <p class='ocr_par' dir='ltr' id='par_1_4' title="bbox 861 569 1719 641">
     <span class='ocr_line' id='line_1_4' title="bbox 861 569 1719 641; baseline 0.002 -17"><span class='ocrx_word' id='word_1_13' title='bbox 861 569 1004 624; x_wconf 87' lang='lat' dir='ltr'><strong>Hinc</strong></span> <span class='ocrx_word' id='word_1_14' title='bbox 1026 575 1099 633; x_wconf 91' lang='lat' dir='ltr'><strong>te,</strong></span> <span class='ocrx_word' id='word_1_15' title='bbox 1121 570 1293 629; x_wconf 83' lang='lat' dir='ltr'><strong>Deus.</strong></span> <span class='ocrx_word' id='word_1_16' title='bbox 1321 571 1719 641; x_wconf 86' lang='lat' dir='ltr'><strong>deposcimus,</strong></span> 
     </span>
    </p>
   </div>
   <div class='ocr_carea' id='block_1_5' title="bbox 795 659 1614 728">
    <p class='ocr_par' dir='ltr' id='par_1_5' title="bbox 795 659 1614 728">
     <span class='ocr_line' id='line_1_5' title="bbox 795 659 1614 728; baseline 0 -16"><span class='ocrx_word' id='word_1_17' title='bbox 795 659 866 713; x_wconf 88' lang='lat' dir='ltr'><strong>Ut</strong></span> <span class='ocrx_word' id='word_1_18' title='bbox 882 663 1274 728; x_wconf 84' lang='lat' dir='ltr'><strong>pervagantes</strong></span> <span class='ocrx_word' id='word_1_19' title='bbox 1297 660 1614 712; x_wconf 62' lang='lat' dir='ltr'><strong>daemonas</strong></span> 
     </span>
    </p>
   </div>
   <div class='ocr_carea' id='block_1_6' title="bbox 797 744 1542 813">
    <p class='ocr_par' dir='ltr' id='par_1_6' title="bbox 797 744 1542 813">
     <span class='ocr_line' id='line_1_6' title="bbox 797 744 1542 813; baseline 0 -13"><span class='ocrx_word' id='word_1_20' title='bbox 797 745 979 813; x_wconf 90' lang='lat' dir='ltr'><strong>Signo</strong></span> <span class='ocrx_word' id='word_1_21' title='bbox 1006 744 1210 800; x_wconf 89' lang='lat' dir='ltr'><strong>salutis</strong></span> <span class='ocrx_word' id='word_1_22' title='bbox 1235 745 1506 800; x_wconf 90' lang='lat' dir='ltr'><strong>destruas</strong></span> <span class='ocrx_word' id='word_1_23' title='bbox 1530 765 1542 813; x_wconf 88' lang='lat'><strong>;</strong></span> 
     </span>
    </p>
   </div>
   <div class='ocr_carea' id='block_1_7' title="bbox 796 833 1444 904">
    <p class='ocr_par' dir='ltr' id='par_1_7' title="bbox 796 833 1444 904">
     <span class='ocr_line' id='line_1_7' title="bbox 796 833 1444 904; baseline -0.003 -16"><span class='ocrx_word' id='word_1_24' title='bbox 796 836 912 888; x_wconf 88' lang='lat' dir='ltr'><strong>Nos</strong></span> <span class='ocrx_word' id='word_1_25' title='bbox 933 848 968 888; x_wconf 91' lang='lat' dir='ltr'><strong>a</strong></span> <span class='ocrx_word' id='word_1_26' title='bbox 997 847 1218 904; x_wconf 83' lang='lat' dir='ltr'><strong>pavore</strong></span> <span class='ocrx_word' id='word_1_27' title='bbox 1242 833 1444 888; x_wconf 90' lang='lat' dir='ltr'><strong>libera.</strong></span> 
     </span>
    </p>
   </div>
   <div class='ocr_carea' id='block_1_8' title="bbox 868 919 1673 990">
    <p class='ocr_par' dir='ltr' id='par_1_8' title="bbox 868 919 1673 990">
     <span class='ocr_line' id='line_1_8' title="bbox 868 919 1673 990; baseline -0.001 -16"><span class='ocrx_word' id='word_1_28' title='bbox 868 923 986 976; x_wconf 86' lang='lat' dir='ltr'><strong>Hac</strong></span> <span class='ocrx_word' id='word_1_29' title='bbox 1006 920 1193 974; x_wconf 89' lang='lat' dir='ltr'><strong>noctis</strong></span> <span class='ocrx_word' id='word_1_30' title='bbox 1221 921 1364 976; x_wconf 87' lang='lat' dir='ltr'><strong>hora</strong></span> <span class='ocrx_word' id='word_1_31' title='bbox 1392 919 1673 990; x_wconf 67' lang='lat' dir='ltr'><strong>prmscius</strong></span> 
     </span>
    </p>
   </div>
   <div class='ocr_carea' id='block_1_9' title="bbox 797 1007 1452 1076">
    <p class='ocr_par' dir='ltr' id='par_1_9' title="bbox 797 1007 1452 1076">
     <span class='ocr_line' id='line_1_9' title="bbox 797 1007 1452 1076; baseline -0.003 -13"><span class='ocrx_word' id='word_1_32' title='bbox 797 1007 985 1063; x_wconf 83' lang='lat' dir='ltr'>David</span> <span class='ocrx_word' id='word_1_33' title='bbox 1014 1008 1223 1062; x_wconf 71' lang='lat' dir='ltr'><strong>futurze</strong></span> <span class='ocrx_word' id='word_1_34' title='bbox 1255 1007 1452 1076; x_wconf 82' lang='lat' dir='ltr'><strong>gloriae</strong></span> 
     </span>
    </p>
   </div>
   <div class='ocr_carea' id='block_1_10' title="bbox 795 1094 1529 1165">
    <p class='ocr_par' dir='ltr' id='par_1_10' title="bbox 795 1094 1529 1165">
     <span class='ocr_line' id='line_1_10' title="bbox 795 1094 1529 1165; baseline 0 -17"><span class='ocrx_word' id='word_1_35' title='bbox 795 1095 917 1150; x_wconf 92' lang='lat' dir='ltr'><strong>Deo</strong></span> <span class='ocrx_word' id='word_1_36' title='bbox 947 1109 1148 1165; x_wconf 87' lang='lat' dir='ltr'><strong>preces</strong></span> <span class='ocrx_word' id='word_1_37' title='bbox 1166 1094 1529 1165; x_wconf 77' lang='lat' dir='ltr'><strong>multiplicat,</strong></span> 
     </span>
    </p>
   </div>
   <div class='ocr_carea' id='block_1_11' title="bbox 795 1181 1544 1238">
    <p class='ocr_par' dir='ltr' id='par_1_11' title="bbox 795 1181 1544 1238">
     <span class='ocr_line' id='line_1_11' title="bbox 795 1181 1544 1238; baseline 0.004 -3"><span class='ocrx_word' id='word_1_38' title='bbox 795 1182 862 1237; x_wconf 90' lang='lat' dir='ltr'><strong>In</strong></span> <span class='ocrx_word' id='word_1_39' title='bbox 892 1181 1195 1238; x_wconf 86' lang='lat' dir='ltr'><strong>matutinis</strong></span> <span class='ocrx_word' id='word_1_40' title='bbox 1221 1181 1544 1238; x_wconf 85' lang='lat' dir='ltr'><strong>excubans.</strong></span> 
     </span>
    </p>
   </div>
   <div class='ocr_carea' id='block_1_12' title="bbox 865 1269 1642 1339">
    <p class='ocr_par' dir='ltr' id='par_1_12' title="bbox 865 1269 1642 1339">
     <span class='ocr_line' id='line_1_12' title="bbox 865 1269 1642 1339; baseline 0.001 -17"><span class='ocrx_word' id='word_1_41' title='bbox 865 1269 984 1323; x_wconf 85' lang='lat' dir='ltr'><strong>Hac</strong></span> <span class='ocrx_word' id='word_1_42' title='bbox 1014 1283 1124 1322; x_wconf 88' lang='lat' dir='ltr'><strong>nos</strong></span> <span class='ocrx_word' id='word_1_43' title='bbox 1148 1270 1378 1338; x_wconf 85' lang='lat' dir='ltr'><strong>oportet</strong></span> <span class='ocrx_word' id='word_1_44' title='bbox 1403 1282 1642 1339; x_wconf 81' lang='lat' dir='ltr'><strong>surgere</strong></span> 
     </span>
    </p>
   </div>
   <div class='ocr_carea' id='block_1_13' title="bbox 797 1353 1444 1425">
    <p class='ocr_par' dir='ltr' id='par_1_13' title="bbox 797 1353 1444 1425">
     <span class='ocr_line' id='line_1_13' title="bbox 797 1353 1444 1425; baseline 0 -17"><span class='ocrx_word' id='word_1_45' title='bbox 797 1353 900 1409; x_wconf 90' lang='lat' dir='ltr'><strong>lllo</strong></span> <span class='ocrx_word' id='word_1_46' title='bbox 935 1356 1135 1424; x_wconf 83' lang='lat' dir='ltr'><strong>vigore</strong></span> <span class='ocrx_word' id='word_1_47' title='bbox 1156 1353 1444 1425; x_wconf 89' lang='lat' dir='ltr'><strong>corporis,</strong></span> 
     </span>
    </p>
   </div>
   <div class='ocr_carea' id='block_1_14' title="bbox 795 1441 1478 1514">
    <p class='ocr_par' dir='ltr' id='par_1_14' title="bbox 795 1441 1478 1514">
     <span class='ocr_line' id='line_1_14' title="bbox 795 1441 1478 1514; baseline 0.003 -19"><span class='ocrx_word' id='word_1_48' title='bbox 795 1441 1017 1513; x_wconf 89' lang='lat' dir='ltr'><strong>Illoque</strong></span> <span class='ocrx_word' id='word_1_49' title='bbox 1042 1445 1182 1497; x_wconf 88' lang='lat' dir='ltr'><strong>voto</strong></span> <span class='ocrx_word' id='word_1_50' title='bbox 1213 1441 1478 1514; x_wconf 87' lang='lat' dir='ltr'><strong>spiritus,</strong></span> 
     </span>
    </p>
   </div>
   <div class='ocr_carea' id='block_1_15' title="bbox 795 1529 1583 1599">
    <p class='ocr_par' dir='ltr' id='par_1_15' title="bbox 795 1529 1583 1599">
     <span class='ocr_line' id='line_1_15' title="bbox 795 1529 1583 1599; baseline 0.003 -16"><span class='ocrx_word' id='word_1_51' title='bbox 795 1529 924 1593; x_wconf 87' lang='lat' dir='ltr'><strong>Quo</strong></span> <span class='ocrx_word' id='word_1_52' title='bbox 961 1529 1268 1599; x_wconf 86' lang='lat' dir='ltr'><strong>expiemur</strong></span> <span class='ocrx_word' id='word_1_53' title='bbox 1288 1529 1583 1586; x_wconf 87' lang='lat' dir='ltr'><strong>sordibus.</strong></span> 
     </span>
    </p>
   </div>
   <div class='ocr_carea' id='block_1_16' title="bbox 869 1617 1668 1688">
    <p class='ocr_par' dir='ltr' id='par_1_16' title="bbox 869 1617 1668 1688">
     <span class='ocr_line' id='line_1_16' title="bbox 869 1617 1668 1688; baseline 0.004 -16"><span class='ocrx_word' id='word_1_54' title='bbox 869 1620 1115 1686; x_wconf 85' lang='lat' dir='ltr'><strong>Exurge,</strong></span> <span class='ocrx_word' id='word_1_55' title='bbox 1149 1617 1465 1674; x_wconf 92' lang='lat' dir='ltr'><strong>nobiscum</strong></span> <span class='ocrx_word' id='word_1_56' title='bbox 1496 1620 1668 1688; x_wconf 85' lang='lat' dir='ltr'><strong>Deus,</strong></span> 
     </span>
    </p>
   </div>
   <div class='ocr_carea' id='block_1_17' title="bbox 794 1705 1574 1776">
    <p class='ocr_par' dir='ltr' id='par_1_17' title="bbox 794 1705 1574 1776">
     <span class='ocr_line' id='line_1_17' title="bbox 794 1705 1574 1776; baseline -0.001 -15"><span class='ocrx_word' id='word_1_57' title='bbox 794 1705 1024 1761; x_wconf 85' lang='lat' dir='ltr'><strong>Laudes</strong></span> <span class='ocrx_word' id='word_1_58' title='bbox 1056 1709 1292 1761; x_wconf 89' lang='lat' dir='ltr'><strong>tuorum</strong></span> <span class='ocrx_word' id='word_1_59' title='bbox 1321 1707 1574 1776; x_wconf 88' lang='lat' dir='ltr'><strong>suscipe,</strong></span> 
     </span>
    </p>
   </div>
   <div class='ocr_carea' id='block_1_18' title="bbox 795 1791 1586 1850">
    <p class='ocr_par' dir='ltr' id='par_1_18' title="bbox 795 1791 1586 1850">
     <span class='ocr_line' id='line_1_18' title="bbox 795 1791 1586 1850; baseline 0.004 -3"><span class='ocrx_word' id='word_1_60' title='bbox 795 1791 1126 1848; x_wconf 89' lang='lat' dir='ltr'><strong>Lustrando</strong></span> <span class='ocrx_word' id='word_1_61' title='bbox 1150 1791 1333 1848; x_wconf 90' lang='lat' dir='ltr'><strong>corda</strong></span> <span class='ocrx_word' id='word_1_62' title='bbox 1355 1791 1586 1850; x_wconf 89' lang='lat' dir='ltr'><strong>lubrica</strong></span> 
     </span>
    </p>
   </div>
   <div class='ocr_carea' id='block_1_19' title="bbox 795 1878 1472 1950">
    <p class='ocr_par' dir='ltr' id='par_1_19' title="bbox 795 1878 1472 1950">
     <span class='ocr_line' id='line_1_19' title="bbox 795 1878 1472 1950; baseline 0.003 -17"><span class='ocrx_word' id='word_1_63' title='bbox 795 1878 965 1935; x_wconf 89' lang='lat' dir='ltr'><strong>Lucis</strong></span> <span class='ocrx_word' id='word_1_64' title='bbox 989 1878 1236 1934; x_wconf 63' lang='lat' dir='ltr'><strong>novellas</strong></span> <span class='ocrx_word' id='word_1_65' title='bbox 1261 1879 1472 1950; x_wconf 89' lang='lat' dir='ltr'><strong>gratia.</strong></span> 
     </span>
    </p>
   </div>
   <div class='ocr_carea' id='block_1_20' title="bbox 863 1965 1500 2036">
    <p class='ocr_par' dir='ltr' id='par_1_20' title="bbox 863 1965 1500 2036">
     <span class='ocr_line' id='line_1_20' title="bbox 863 1965 1500 2036; baseline 0.002 -15"><span class='ocrx_word' id='word_1_66' title='bbox 863 1968 984 2022; x_wconf 93' lang='lat' dir='ltr'><strong>Deo</strong></span> <span class='ocrx_word' id='word_1_67' title='bbox 1005 1965 1158 2022; x_wconf 86' lang='lat' dir='ltr'><strong>Patri</strong></span> <span class='ocrx_word' id='word_1_68' title='bbox 1190 1965 1264 2022; x_wconf 90' lang='lat' dir='ltr'><strong>sit</strong></span> <span class='ocrx_word' id='word_1_69' title='bbox 1293 1966 1500 2036; x_wconf 83' lang='lat' dir='ltr'><strong>gloria,</strong></span> 
     </span>
    </p>
   </div>
   <div class='ocr_carea' id='block_1_21' title="bbox 1851 257 4006 327">
    <p class='ocr_par' dir='ltr' id='par_1_21' title="bbox 1851 257 4006 327">
     <span class='ocr_line' id='line_1_21' title="bbox 1851 257 4006 327; baseline -0.007 0"><span class='ocrx_word' id='word_1_70' title='bbox 1851 263 2300 327; x_wconf 82' lang='lat' dir='ltr'><strong>BREVIARIUM</strong></span> <span class='ocrx_word' id='word_1_71' title='bbox 2336 264 2522 322; x_wconf 87' lang='lat' dir='ltr'><strong>GOTH</strong></span> <span class='ocrx_word' id='word_1_72' title='bbox 2533 265 2734 322; x_wconf 90' lang='lat' dir='ltr'><strong>ICUM.</strong></span> <span class='ocrx_word' id='word_1_73' title='bbox 3897 257 4006 312; x_wconf 77' lang='grc'><strong>448</strong></span> 
     </span>
    </p>
   </div>
   <div class='ocr_carea' id='block_1_22' title="bbox 2250 384 4010 459">
    <p class='ocr_par' dir='ltr' id='par_1_22' title="bbox 2250 384 4010 459">
     <span class='ocr_line' id='line_1_22' title="bbox 2250 384 4010 459; baseline -0.005 -14"><span class='ocrx_word' id='word_1_74' title='bbox 2250 389 2298 444; x_wconf 80' lang='grc' dir='ltr'><strong>Α</strong></span> <span class='ocrx_word' id='word_1_75' title='bbox 2335 391 2585 445; x_wconf 90' lang='lat' dir='ltr'><strong>tentator</strong></span> <span class='ocrx_word' id='word_1_76' title='bbox 2613 386 2933 458; x_wconf 88' lang='lat' dir='ltr'><strong>malignus,</strong></span> <span class='ocrx_word' id='word_1_77' title='bbox 2978 385 3154 459; x_wconf 88' lang='lat' dir='ltr'><strong>quasi</strong></span> <span class='ocrx_word' id='word_1_78' title='bbox 3173 385 3267 442; x_wconf 88' lang='lat' dir='ltr'><strong>fur</strong></span> <span class='ocrx_word' id='word_1_79' title='bbox 3294 385 3356 442; x_wconf 92' lang='lat' dir='ltr'><strong>in</strong></span> <span class='ocrx_word' id='word_1_80' title='bbox 3386 384 3539 441; x_wconf 91' lang='lat' dir='ltr'><strong>hora</strong></span> <span class='ocrx_word' id='word_1_81' title='bbox 3593 394 4010 455; x_wconf 90' lang='lat' dir='ltr'><strong>quacumque</strong></span> 
     </span>
    </p>
   </div>
   <div class='ocr_carea' id='block_1_23' title="bbox 2333 469 4008 547">
    <p class='ocr_par' dir='ltr' id='par_1_23' title="bbox 2333 469 4008 547">
     <span class='ocr_line' id='line_1_23' title="bbox 2333 469 4008 547; baseline -0.004 -16"><span class='ocrx_word' id='word_1_82' title='bbox 2333 476 2694 532; x_wconf 86' lang='lat' dir='ltr'><strong>contaminet</strong></span> <span class='ocrx_word' id='word_1_83' title='bbox 2726 493 2738 530; x_wconf 95' lang='lat'>:</span> <span class='ocrx_word' id='word_1_84' title='bbox 2771 490 2892 547; x_wconf 92' lang='lat' dir='ltr'><strong>quo</strong></span> <span class='ocrx_word' id='word_1_85' title='bbox 2914 473 3214 545; x_wconf 89' lang='lat' dir='ltr'><strong>passionis</strong></span> <span class='ocrx_word' id='word_1_86' title='bbox 3243 477 3359 529; x_wconf 66' lang='lat' dir='ltr'><strong>tuae</strong></span> <span class='ocrx_word' id='word_1_87' title='bbox 3387 471 3681 541; x_wconf 84' lang='lat' dir='ltr'><strong>stigmata</strong></span> <span class='ocrx_word' id='word_1_88' title='bbox 3715 469 3846 525; x_wconf 91' lang='lat' dir='ltr'><strong>sint</strong></span> <span class='ocrx_word' id='word_1_89' title='bbox 3898 484 4008 524; x_wconf 86' lang='lat' dir='ltr'><strong>no-</strong></span> 
     </span>
    </p>
   </div>
   <div class='ocr_carea' id='block_1_24' title="bbox 2332 560 3300 618">
    <p class='ocr_par' dir='ltr' id='par_1_24' title="bbox 2332 560 3300 618">
     <span class='ocr_line' id='line_1_24' title="bbox 2332 560 3300 618; baseline -0.002 0"><span class='ocrx_word' id='word_1_90' title='bbox 2332 563 2421 618; x_wconf 89' lang='lat' dir='ltr'><strong>bis</strong></span> <span class='ocrx_word' id='word_1_91' title='bbox 2451 563 2527 618; x_wconf 90' lang='lat' dir='ltr'><strong>ad</strong></span> <span class='ocrx_word' id='word_1_92' title='bbox 2552 562 2885 618; x_wconf 90' lang='lat' dir='ltr'><strong>custodiam</strong></span> <span class='ocrx_word' id='word_1_93' title='bbox 2918 560 3300 617; x_wconf 86' lang='lat' dir='ltr'><strong>indefessam.</strong></span> 
     </span>
    </p>
   </div>
   <div class='ocr_carea' id='block_1_25' title="bbox 2401 651 2825 706">
    <p class='ocr_par' dir='ltr' id='par_1_25' title="bbox 2401 651 2825 706">
     <span class='ocr_line' id='line_1_25' title="bbox 2401 651 2825 706; baseline 0.002 -3"><span class='ocrx_word' id='word_1_94' title='bbox 2401 651 2570 706; x_wconf 87' lang='lat' dir='ltr'><strong>Pater</strong></span> <span class='ocrx_word' id='word_1_95' title='bbox 2605 656 2825 706; x_wconf 90' lang='lat' dir='ltr'><strong>noster.</strong></span> 
     </span>
    </p>
   </div>
   <div class='ocr_carea' id='block_1_26' title="bbox 2401 737 3298 794">
    <p class='ocr_par' dir='ltr' id='par_1_26' title="bbox 2401 737 3298 794">
     <span class='ocr_line' id='line_1_26' title="bbox 2401 737 3298 794; baseline 0 -2"><span class='ocrx_word' id='word_1_96' title='bbox 2401 737 2709 794; x_wconf 82' lang='lat' dir='ltr'><strong>Humiliate</strong></span> <span class='ocrx_word' id='word_1_97' title='bbox 2737 753 2839 793; x_wconf 88' lang='lat' dir='ltr'><strong>vos</strong></span> <span class='ocrx_word' id='word_1_98' title='bbox 2877 737 3298 793; x_wconf 91' lang='lat' dir='ltr'><strong>benedictioni.</strong></span> 
     </span>
    </p>
   </div>
   <div class='ocr_carea' id='block_1_27' title="bbox 2397 825 3028 894">
    <p class='ocr_par' dir='ltr' id='par_1_27' title="bbox 2397 825 3028 894">
     <span class='ocr_line' id='line_1_27' title="bbox 2397 825 3028 894; baseline 0.002 -15"><span class='ocrx_word' id='word_1_99' title='bbox 2397 826 2684 881; x_wconf 91' lang='lat' dir='ltr'><strong>Dominus</strong></span> <span class='ocrx_word' id='word_1_100' title='bbox 2723 825 2813 881; x_wconf 91' lang='lat' dir='ltr'><strong>sit.</strong></span> <span class='ocrx_word' id='word_1_101' title='bbox 2850 837 2911 894; x_wconf 66' lang='grc' dir='ltr'><strong>Βι.</strong></span> <span class='ocrx_word' id='word_1_102' title='bbox 2946 828 3028 882; x_wconf 81' lang='lat' dir='ltr'><strong>Et.</strong></span> 
     </span>
    </p>
   </div>
   <div class='ocr_carea' id='block_1_28' title="bbox 2400 910 4004 983">
    <p class='ocr_par' dir='ltr' id='par_1_28' title="bbox 2400 910 4004 983">
     <span class='ocr_line' id='line_1_28' title="bbox 2400 910 4004 983; baseline -0.002 -15"><span class='ocrx_word' id='word_1_103' title='bbox 2400 915 2754 970; x_wconf 80' lang='lat' dir='ltr'><strong>Benedictio.</strong></span> <span class='ocrx_word' id='word_1_104' title='bbox 2787 913 3070 977; x_wconf 86' lang='lat' dir='ltr'><strong>Christus,</strong></span> <span class='ocrx_word' id='word_1_105' title='bbox 3110 913 3208 968; x_wconf 90' lang='lat' dir='ltr'><strong>Dei</strong></span> <span class='ocrx_word' id='word_1_106' title='bbox 3233 910 3432 977; x_wconf 86' lang='lat' dir='ltr'><strong>Filius,</strong></span> <span class='ocrx_word' id='word_1_107' title='bbox 3466 912 3575 983; x_wconf 89' lang='lat' dir='ltr'><strong>qui</strong></span> <span class='ocrx_word' id='word_1_108' title='bbox 3633 910 3808 971; x_wconf 89' lang='lat' dir='ltr'><strong>olim,</strong></span> <span class='ocrx_word' id='word_1_109' title='bbox 3876 924 4004 964; x_wconf 87' lang='lat' dir='ltr'><strong>me-</strong></span> 
     </span>
    </p>
   </div>
   <div class='ocr_carea' id='block_1_29' title="bbox 2328 997 4004 1072">
    <p class='ocr_par' dir='ltr' id='par_1_29' title="bbox 2328 997 4004 1072">
     <span class='ocr_line' id='line_1_29' title="bbox 2328 997 4004 1072; baseline -0.002 -17"><span class='ocrx_word' id='word_1_110' title='bbox 2328 1000 2524 1056; x_wconf 91' lang='lat' dir='ltr'><strong>diante</strong></span> <span class='ocrx_word' id='word_1_111' title='bbox 2564 1001 2740 1070; x_wconf 87' lang='lat' dir='ltr'><strong>hujus</strong></span> <span class='ocrx_word' id='word_1_112' title='bbox 2765 1001 2879 1055; x_wconf 93' lang='lat' dir='ltr'><strong>diei</strong></span> <span class='ocrx_word' id='word_1_113' title='bbox 2906 1001 3033 1056; x_wconf 92' lang='lat' dir='ltr'><strong>festi</strong></span> <span class='ocrx_word' id='word_1_114' title='bbox 3077 1005 3366 1072; x_wconf 91' lang='lat' dir='ltr'><strong>tempore,</strong></span> <span class='ocrx_word' id='word_1_115' title='bbox 3412 997 3875 1054; x_wconf 89' lang='lat' dir='ltr'><strong>detrahentium</strong></span> <span class='ocrx_word' id='word_1_116' title='bbox 3941 1012 4004 1052; x_wconf 89' lang='lat' dir='ltr'><strong>se</strong></span> 
     </span>
    </p>
   </div>
   <div class='ocr_carea' id='block_1_30' title="bbox 2329 1084 4005 1158">
    <p class='ocr_par' dir='ltr' id='par_1_30' title="bbox 2329 1084 4005 1158">
     <span class='ocr_line' id='line_1_30' title="bbox 2329 1084 4005 1158; baseline -0.002 -16"><span class='ocrx_word' id='word_1_117' title='bbox 2329 1088 2563 1158; x_wconf 90' lang='lat' dir='ltr'><strong>pertulit</strong></span> <span class='ocrx_word' id='word_1_118' title='bbox 2584 1088 3183 1156; x_wconf 90' lang='lat' dir='ltr'><strong>linguas,nostrorum</strong></span> <span class='ocrx_word' id='word_1_119' title='bbox 3211 1086 3486 1142; x_wconf 90' lang='lat' dir='ltr'><strong>omnium</strong></span> <span class='ocrx_word' id='word_1_120' title='bbox 3510 1085 3695 1142; x_wconf 85' lang='lat' dir='ltr'><strong>faciat</strong></span> <span class='ocrx_word' id='word_1_121' title='bbox 3715 1100 3853 1140; x_wconf 90' lang='lat' dir='ltr'><strong>esse</strong></span> <span class='ocrx_word' id='word_1_122' title='bbox 3881 1084 4005 1140; x_wconf 90' lang='lat' dir='ltr'><strong>dis-</strong></span> 
     </span>
    </p>
   </div>
   <div class='ocr_carea' id='block_1_31' title="bbox 2329 1173 4005 1247">
    <p class='ocr_par' dir='ltr' id='par_1_31' title="bbox 2329 1173 4005 1247">
     <span class='ocr_line' id='line_1_31' title="bbox 2329 1173 4005 1247; baseline -0.001 -18"><span class='ocrx_word' id='word_1_123' title='bbox 2329 1180 2551 1241; x_wconf 90' lang='lat' dir='ltr'><strong>sertas;</strong></span> <span class='ocrx_word' id='word_1_124' title='bbox 2585 1187 2647 1245; x_wconf 65' lang='lat' dir='ltr'><strong>nr.</strong></span> <span class='ocrx_word' id='word_1_125' title='bbox 2679 1177 2884 1230; x_wconf 86' lang='lat' dir='ltr'><strong>Amen.</strong></span> <span class='ocrx_word' id='word_1_126' title='bbox 2919 1175 2986 1231; x_wconf 90' lang='lat' dir='ltr'><strong>Et</strong></span> <span class='ocrx_word' id='word_1_127' title='bbox 3010 1175 3116 1247; x_wconf 86' lang='lat' dir='ltr'><strong>qui</strong></span> <span class='ocrx_word' id='word_1_128' title='bbox 3146 1190 3254 1246; x_wconf 92' lang='lat' dir='ltr'><strong>pro</strong></span> <span class='ocrx_word' id='word_1_129' title='bbox 3284 1174 3485 1246; x_wconf 90' lang='lat' dir='ltr'><strong>impiis</strong></span> <span class='ocrx_word' id='word_1_130' title='bbox 3512 1189 3740 1245; x_wconf 89' lang='lat' dir='ltr'><strong>passus</strong></span> <span class='ocrx_word' id='word_1_131' title='bbox 3771 1178 3868 1228; x_wconf 90' lang='lat' dir='ltr'><strong>est</strong></span> <span class='ocrx_word' id='word_1_132' title='bbox 3906 1173 4005 1228; x_wconf 90' lang='lat' dir='ltr'><strong>in-</strong></span> 
     </span>
    </p>
   </div>
   <div class='ocr_carea' id='block_1_32' title="bbox 2326 1262 3994 1331">
    <p class='ocr_par' dir='ltr' id='par_1_32' title="bbox 2326 1262 3994 1331">
     <span class='ocr_line' id='line_1_32' title="bbox 2326 1262 3994 1331; baseline -0.002 -14"><span class='ocrx_word' id='word_1_133' title='bbox 2326 1277 2563 1328; x_wconf 90' lang='lat' dir='ltr'><strong>nocens,</strong></span> <span class='ocrx_word' id='word_1_134' title='bbox 2599 1277 2706 1319; x_wconf 89' lang='lat' dir='ltr'><strong>vos</strong></span> <span class='ocrx_word' id='word_1_135' title='bbox 2757 1263 2869 1318; x_wconf 91' lang='lat' dir='ltr'><strong>sibi</strong></span> <span class='ocrx_word' id='word_1_136' title='bbox 2924 1263 3100 1318; x_wconf 87' lang='lat' dir='ltr'><strong>faciat</strong></span> <span class='ocrx_word' id='word_1_137' title='bbox 3156 1262 3283 1317; x_wconf 92' lang='lat' dir='ltr'><strong>sine</strong></span> <span class='ocrx_word' id='word_1_138' title='bbox 3341 1262 3463 1317; x_wconf 86' lang='lat' dir='ltr'><strong>ﬁne</strong></span> <span class='ocrx_word' id='word_1_139' title='bbox 3511 1266 3881 1318; x_wconf 89' lang='lat' dir='ltr'><strong>consortes:</strong></span> <span class='ocrx_word' id='word_1_140' title='bbox 3920 1271 3994 1331; x_wconf 59' lang='lat'><strong>[31.</strong></span> 
     </span>
    </p>
   </div>
   <div class='ocr_carea' id='block_1_33' title="bbox 2325 1348 4003 1420">
    <p class='ocr_par' dir='ltr' id='par_1_33' title="bbox 2325 1348 4003 1420">
     <span class='ocr_line' id='line_1_33' title="bbox 2325 1348 4003 1420; baseline -0.001 -16"><span class='ocrx_word' id='word_1_141' title='bbox 2325 1354 2532 1404; x_wconf 83' lang='lat' dir='ltr'><strong>Amen.</strong></span> <span class='ocrx_word' id='word_1_142' title='bbox 2561 1353 2645 1415; x_wconf 90' lang='lat' dir='ltr'><strong>Ut,</strong></span> <span class='ocrx_word' id='word_1_143' title='bbox 2687 1351 2855 1420; x_wconf 92' lang='lat' dir='ltr'><strong>cujus</strong></span> <span class='ocrx_word' id='word_1_144' title='bbox 2885 1365 3044 1405; x_wconf 89' lang='lat' dir='ltr'><strong>nunc</strong></span> <span class='ocrx_word' id='word_1_145' title='bbox 3071 1351 3411 1420; x_wconf 90' lang='lat' dir='ltr'><strong>passionem</strong></span> <span class='ocrx_word' id='word_1_146' title='bbox 3444 1349 3812 1404; x_wconf 68' lang='lat' dir='ltr'><strong>mmstiticati</strong></span> <span class='ocrx_word' id='word_1_147' title='bbox 3841 1348 4003 1404; x_wconf 86' lang='lat' dir='ltr'><strong>exci-</strong></span> 
     </span>
    </p>
   </div>
   <div class='ocr_carea' id='block_1_34' title="bbox 2326 1436 4000 1508">
    <p class='ocr_par' dir='ltr' id='par_1_34' title="bbox 2326 1436 4000 1508">
     <span class='ocr_line' id='line_1_34' title="bbox 2326 1436 4000 1508; baseline 0 -18"><span class='ocrx_word' id='word_1_148' title='bbox 2326 1437 2483 1507; x_wconf 91' lang='lat' dir='ltr'><strong>pitis,</strong></span> <span class='ocrx_word' id='word_1_149' title='bbox 2528 1437 2606 1492; x_wconf 92' lang='lat' dir='ltr'><strong>ad</strong></span> <span class='ocrx_word' id='word_1_150' title='bbox 2657 1437 3102 1493; x_wconf 89' lang='lat' dir='ltr'><strong>resurrectionis</strong></span> <span class='ocrx_word' id='word_1_151' title='bbox 3136 1438 3265 1507; x_wconf 90' lang='lat' dir='ltr'><strong>ejus</strong></span> <span class='ocrx_word' id='word_1_152' title='bbox 3317 1436 3617 1508; x_wconf 88' lang='lat' dir='ltr'><strong>gaudium</strong></span> <span class='ocrx_word' id='word_1_153' title='bbox 3675 1436 4000 1492; x_wconf 68' lang='lat' dir='ltr'><strong>laetiﬁcatis</strong></span> 
     </span>
    </p>
   </div>
   <div class='ocr_carea' id='block_1_35' title="bbox 2326 1524 3288 1595">
    <p class='ocr_par' dir='ltr' id='par_1_35' title="bbox 2326 1524 3288 1595">
     <span class='ocr_line' id='line_1_35' title="bbox 2326 1524 3288 1595; baseline -0.001 -16"><span class='ocrx_word' id='word_1_154' title='bbox 2326 1524 2605 1580; x_wconf 91' lang='lat' dir='ltr'><strong>cordibus</strong></span> <span class='ocrx_word' id='word_1_155' title='bbox 2625 1525 2946 1581; x_wconf 88' lang='lat' dir='ltr'><strong>accedatis.</strong></span> <span class='ocrx_word' id='word_1_156' title='bbox 2987 1536 3051 1595; x_wconf 57' lang='grc' dir='ltr'><strong>ἢ.</strong></span> <span class='ocrx_word' id='word_1_157' title='bbox 3082 1526 3288 1581; x_wconf 79' lang='lat' dir='ltr'><strong>Amen.</strong></span> 
     </span>
    </p>
   </div>
   <div class='ocr_carea' id='block_1_36' title="bbox 2398 1612 3032 1668">
    <p class='ocr_par' dir='ltr' id='par_1_36' title="bbox 2398 1612 3032 1668">
     <span class='ocr_line' id='line_1_36' title="bbox 2398 1612 3032 1668; baseline 0.003 -2"><span class='ocrx_word' id='word_1_158' title='bbox 2398 1615 2502 1666; x_wconf 89' lang='lat' dir='ltr'><strong>Per</strong></span> <span class='ocrx_word' id='word_1_159' title='bbox 2523 1612 3032 1668; x_wconf 67' lang='lat' dir='ltr'><strong>misericordiam.</strong></span> 
     </span>
    </p>
   </div>
   <div class='ocr_carea' id='block_1_37' title="bbox 2245 1699 3996 1772">
    <p class='ocr_par' dir='ltr' id='par_1_37' title="bbox 2245 1699 3996 1772">
     <span class='ocr_line' id='line_1_37' title="bbox 2245 1699 3996 1772; baseline 0.003 -18"><span class='ocrx_word' id='word_1_160' title='bbox 2245 1716 2291 1771; x_wconf 75' lang='grc' dir='ltr'>Β</span> <span class='ocrx_word' id='word_1_161' title='bbox 2400 1700 2615 1755; x_wconf 86' lang='lat' dir='ltr'><strong>Lauda.</strong></span> <span class='ocrx_word' id='word_1_162' title='bbox 2647 1702 2907 1756; x_wconf 85' lang='lat' dir='ltr'><strong>Lucerna</strong></span> <span class='ocrx_word' id='word_1_163' title='bbox 2935 1699 3186 1772; x_wconf 90' lang='lat' dir='ltr'><strong>pedibus</strong></span> <span class='ocrx_word' id='word_1_164' title='bbox 3215 1700 3366 1755; x_wconf 91' lang='lat' dir='ltr'><strong>meis</strong></span> <span class='ocrx_word' id='word_1_165' title='bbox 3389 1699 3648 1756; x_wconf 84' lang='lat' dir='ltr'><strong>verbum</strong></span> <span class='ocrx_word' id='word_1_166' title='bbox 3680 1703 3996 1772; x_wconf 79' lang='lat' dir='ltr'><strong>tuum,Do~</strong></span> 
     </span>
    </p>
   </div>
   <div class='ocr_carea' id='block_1_38' title="bbox 2259 1787 3980 1856">
    <p class='ocr_par' dir='ltr' id='par_1_38' title="bbox 2259 1787 3980 1856">
     <span class='ocr_line' id='line_1_38' title="bbox 2259 1787 3980 1856; baseline 0.002 -14"><span class='ocrx_word' id='word_1_167' title='bbox 2259 1835 2264 1842; x_wconf 89' lang='lat'><strong>.</strong></span> <span class='ocrx_word' id='word_1_168' title='bbox 2328 1789 2507 1852; x_wconf 89' lang='lat' dir='ltr'><strong>mine,</strong></span> <span class='ocrx_word' id='word_1_169' title='bbox 2542 1787 2602 1840; x_wconf 91' lang='lat' dir='ltr'><strong>P.</strong></span> <span class='ocrx_word' id='word_1_170' title='bbox 2632 1790 2696 1842; x_wconf 90' lang='lat' dir='ltr'><strong>Et</strong></span> <span class='ocrx_word' id='word_1_171' title='bbox 2739 1787 2942 1843; x_wconf 92' lang='lat' dir='ltr'><strong>lumen</strong></span> <span class='ocrx_word' id='word_1_172' title='bbox 2995 1787 3218 1843; x_wconf 90' lang='lat' dir='ltr'><strong>semitis</strong></span> <span class='ocrx_word' id='word_1_173' title='bbox 3257 1787 3432 1856; x_wconf 92' lang='lat' dir='ltr'><strong>meis,</strong></span> <span class='ocrx_word' id='word_1_174' title='bbox 3466 1788 3623 1844; x_wconf 91' lang='lat' dir='ltr'><strong>Deus</strong></span> <span class='ocrx_word' id='word_1_175' title='bbox 3681 1805 3874 1846; x_wconf 87' lang='lat' dir='ltr'><strong>meus.</strong></span> <span class='ocrx_word' id='word_1_176' title='bbox 3908 1790 3980 1851; x_wconf 55' lang='grc' dir='ltr'><strong>ἴ.</strong></span> 
     </span>
    </p>
   </div>
   <div class='ocr_carea' id='block_1_39' title="bbox 2327 1875 3874 1946">
    <p class='ocr_par' dir='ltr' id='par_1_39' title="bbox 2327 1875 3874 1946">
     <span class='ocr_line' id='line_1_39' title="bbox 2327 1875 3874 1946; baseline 0.003 -18"><span class='ocrx_word' id='word_1_177' title='bbox 2327 1876 2548 1940; x_wconf 87' lang='lat' dir='ltr'><strong>Juravi,</strong></span> <span class='ocrx_word' id='word_1_178' title='bbox 2588 1879 2644 1931; x_wconf 90' lang='lat' dir='ltr'><strong>et</strong></span> <span class='ocrx_word' id='word_1_179' title='bbox 2673 1876 2849 1932; x_wconf 89' lang='lat' dir='ltr'><strong>statui</strong></span> <span class='ocrx_word' id='word_1_180' title='bbox 2881 1875 3174 1931; x_wconf 86' lang='lat' dir='ltr'><strong>custodire</strong></span> <span class='ocrx_word' id='word_1_181' title='bbox 3191 1875 3422 1945; x_wconf 89' lang='lat' dir='ltr'><strong>judicia</strong></span> <span class='ocrx_word' id='word_1_182' title='bbox 3443 1875 3686 1946; x_wconf 73' lang='lat' dir='ltr'><strong>justitias</strong></span> <span class='ocrx_word' id='word_1_183' title='bbox 3742 1883 3874 1932; x_wconf 72' lang='lat' dir='ltr'><strong>tute.</strong></span> 
     </span>
    </p>
   </div>
   <div class='ocr_carea' id='block_1_40' title="bbox 2399 1961 3979 2032">
    <p class='ocr_par' dir='ltr' id='par_1_40' title="bbox 2399 1961 3979 2032">
     <span class='ocr_line' id='line_1_40' title="bbox 2399 1961 3979 2032; baseline 0.001 -14"><span class='ocrx_word' id='word_1_184' title='bbox 2399 1962 2620 2018; x_wconf 82' lang='lat' dir='ltr'><strong>Oratio.</strong></span> <span class='ocrx_word' id='word_1_185' title='bbox 2681 1964 2900 2017; x_wconf 89' lang='lat' dir='ltr'><strong>Lumen</strong></span> <span class='ocrx_word' id='word_1_186' title='bbox 2933 1967 3121 2027; x_wconf 91' lang='lat' dir='ltr'><strong>tuum,</strong></span> <span class='ocrx_word' id='word_1_187' title='bbox 3147 1961 3419 2032; x_wconf 92' lang='lat' dir='ltr'><strong>Domine,</strong></span> <span class='ocrx_word' id='word_1_188' title='bbox 3470 1962 3620 2032; x_wconf 85' lang='lat' dir='ltr'><strong>legis</strong></span> <span class='ocrx_word' id='word_1_189' title='bbox 3654 1971 3766 2018; x_wconf 73' lang='lat' dir='ltr'><strong>tuas</strong></span> <span class='ocrx_word' id='word_1_190' title='bbox 3797 1964 3979 2019; x_wconf 90' lang='lat' dir='ltr'><strong>nobis</strong></span> 
     </span>
    </p>
   </div>
   <div class='ocr_carea' id='block_1_41' title="bbox 796 2049 3981 2124">
    <p class='ocr_par' dir='ltr' id='par_1_41' title="bbox 796 2049 3981 2124">
     <span class='ocr_line' id='line_1_41' title="bbox 796 2049 3981 2124; baseline 0 -19"><span class='ocrx_word' id='word_1_191' title='bbox 796 2053 1055 2124; x_wconf 89' lang='lat' dir='ltr'><strong>Ejusque</strong></span> <span class='ocrx_word' id='word_1_192' title='bbox 1087 2052 1194 2109; x_wconf 91' lang='lat' dir='ltr'><strong>soli</strong></span> <span class='ocrx_word' id='word_1_193' title='bbox 1221 2053 1386 2122; x_wconf 80' lang='lat' dir='ltr'><strong>Filio,</strong></span> <span class='ocrx_word' id='word_1_194' title='bbox 2331 2049 2630 2118; x_wconf 89' lang='lat' dir='ltr'><strong>agnitione</strong></span> <span class='ocrx_word' id='word_1_195' title='bbox 2651 2049 2930 2105; x_wconf 88' lang='lat' dir='ltr'><strong>ostende:</strong></span> <span class='ocrx_word' id='word_1_196' title='bbox 2967 2055 3090 2104; x_wconf 91' lang='lat' dir='ltr'><strong>uta</strong></span> <span class='ocrx_word' id='word_1_197' title='bbox 3118 2049 3363 2105; x_wconf 89' lang='lat' dir='ltr'><strong>lubricis</strong></span> <span class='ocrx_word' id='word_1_198' title='bbox 3395 2050 3630 2106; x_wconf 89' lang='lat' dir='ltr'><strong>casibus</strong></span> <span class='ocrx_word' id='word_1_199' title='bbox 3675 2057 3776 2106; x_wconf 92' lang='lat' dir='ltr'><strong>tuo</strong></span> <span class='ocrx_word' id='word_1_200' title='bbox 3799 2052 3981 2120; x_wconf 86' lang='lat' dir='ltr'><strong>juva-</strong></span> 
     </span>
    </p>
   </div>
   <div class='ocr_carea' id='block_1_42' title="bbox 795 2136 3980 2212">
    <p class='ocr_par' dir='ltr' id='par_1_42' title="bbox 795 2136 3980 2212">
     <span class='ocr_line' id='line_1_42' title="bbox 795 2136 3980 2212; baseline -0.001 -18"><span class='ocrx_word' id='word_1_201' title='bbox 795 2140 972 2212; x_wconf 75' lang='lat'><strong>258</strong></span> <span class='ocrx_word' id='word_1_202' title='bbox 999 2140 1143 2194; x_wconf 89' lang='lat' dir='ltr'><strong>Cum</strong></span> <span class='ocrx_word' id='word_1_203' title='bbox 1169 2141 1383 2211; x_wconf 91' lang='lat' dir='ltr'><strong>Spiritu</strong></span> <span class='ocrx_word' id='word_1_204' title='bbox 1411 2140 1696 2198; x_wconf 89' lang='lat' dir='ltr'><strong>Paraclito</strong></span> <span class='ocrx_word' id='word_1_205' title='bbox 2331 2136 2489 2192; x_wconf 89' lang='lat' dir='ltr'><strong>mine</strong></span> <span class='ocrx_word' id='word_1_206' title='bbox 2519 2138 2835 2208; x_wconf 88' lang='lat' dir='ltr'><strong>erigamur,</strong></span> <span class='ocrx_word' id='word_1_207' title='bbox 2865 2142 2920 2192; x_wconf 92' lang='lat' dir='ltr'><strong>et</strong></span> <span class='ocrx_word' id='word_1_208' title='bbox 2949 2136 3174 2193; x_wconf 91' lang='lat' dir='ltr'><strong>alacres</strong></span> <span class='ocrx_word' id='word_1_209' title='bbox 3202 2138 3262 2192; x_wconf 94' lang='lat' dir='ltr'><strong>in</strong></span> <span class='ocrx_word' id='word_1_210' title='bbox 3289 2141 3393 2194; x_wconf 90' lang='lat' dir='ltr'><strong>tuo</strong></span> <span class='ocrx_word' id='word_1_211' title='bbox 3426 2139 3646 2193; x_wconf 89' lang='lat' dir='ltr'><strong>lumine</strong></span> <span class='ocrx_word' id='word_1_212' title='bbox 3696 2139 3773 2193; x_wconf 85' lang='lat' dir='ltr'><strong>ad</strong></span> <span class='ocrx_word' id='word_1_213' title='bbox 3803 2138 3980 2193; x_wconf 87' lang='lat' dir='ltr'><strong>desti-</strong></span> 
     </span>
    </p>
   </div>
   <div class='ocr_carea' id='block_1_43' title="bbox 794 2224 3983 2298">
    <p class='ocr_par' dir='ltr' id='par_1_43' title="bbox 794 2224 3983 2298">
     <span class='ocr_line' id='line_1_43' title="bbox 794 2224 3983 2298; baseline -0.002 -14"><span class='ocrx_word' id='word_1_214' title='bbox 794 2230 1069 2296; x_wconf 83' lang='lat' dir='ltr'><strong>Regnans</strong></span> <span class='ocrx_word' id='word_1_215' title='bbox 1097 2242 1202 2298; x_wconf 92' lang='lat' dir='ltr'><strong>per</strong></span> <span class='ocrx_word' id='word_1_216' title='bbox 1229 2243 1407 2284; x_wconf 92' lang='lat' dir='ltr'><strong>omne</strong></span> <span class='ocrx_word' id='word_1_217' title='bbox 1434 2228 1739 2284; x_wconf 64' lang='lat' dir='ltr'><strong>saeculum.</strong></span> <span class='ocrx_word' id='word_1_218' title='bbox 2329 2229 2472 2280; x_wconf 89' lang='lat' dir='ltr'><strong>nata</strong></span> <span class='ocrx_word' id='word_1_219' title='bbox 2501 2225 2836 2280; x_wconf 83' lang='lat' dir='ltr'><strong>aeternitatis</strong></span> <span class='ocrx_word' id='word_1_220' title='bbox 2867 2229 2980 2280; x_wconf 68' lang='lat' dir='ltr'><strong>tuas</strong></span> <span class='ocrx_word' id='word_1_221' title='bbox 3011 2225 3231 2294; x_wconf 90' lang='lat' dir='ltr'><strong>gaudia</strong></span> <span class='ocrx_word' id='word_1_222' title='bbox 3274 2224 3642 2281; x_wconf 86' lang='lat' dir='ltr'><strong>festinemus.</strong></span> <span class='ocrx_word' id='word_1_223' title='bbox 3673 2235 3738 2293; x_wconf 71' lang='grc' dir='ltr'><strong>Βι.</strong></span> <span class='ocrx_word' id='word_1_224' title='bbox 3770 2228 3983 2281; x_wconf 73' lang='lat' dir='ltr'><strong>Amen.</strong></span> 
     </span>
    </p>
   </div>
   <div class='ocr_carea' id='block_1_44' title="bbox 860 2311 3034 2369">
    <p class='ocr_par' dir='ltr' id='par_1_44' title="bbox 860 2311 3034 2369">
     <span class='ocr_line' id='line_1_44' title="bbox 860 2311 3034 2369; baseline -0.001 0"><span class='ocrx_word' id='word_1_225' title='bbox 860 2317 1066 2369; x_wconf 82' lang='lat' dir='ltr'><strong>Amen.</strong></span> <span class='ocrx_word' id='word_1_226' title='bbox 1165 2347 1168 2351; x_wconf 98' lang='lat'><strong><em>-</em></strong></span> <span class='ocrx_word' id='word_1_227' title='bbox 2403 2311 2510 2368; x_wconf 90' lang='lat' dir='ltr'><strong>Per</strong></span> <span class='ocrx_word' id='word_1_228' title='bbox 2543 2313 3034 2369; x_wconf 90' lang='lat' dir='ltr'><strong>misericordiam.</strong></span> 
     </span>
    </p>
   </div>
   <div class='ocr_carea' id='block_1_45' title="bbox 650 2400 3981 2474">
    <p class='ocr_par' dir='ltr' id='par_1_45' title="bbox 650 2400 3981 2474">
     <span class='ocr_line' id='line_1_45' title="bbox 650 2400 3981 2474; baseline 0 -18"><span class='ocrx_word' id='word_1_229' title='bbox 650 2401 1046 2472; x_wconf 83' lang='lat' dir='ltr'><strong>Supplicatio.</strong></span> <span class='ocrx_word' id='word_1_230' title='bbox 1073 2402 1338 2456; x_wconf 89' lang='lat' dir='ltr'><strong>Oremus.</strong></span> <span class='ocrx_word' id='word_1_231' title='bbox 1357 2401 1471 2471; x_wconf 86' lang='lat' dir='ltr'><strong>fol.</strong></span> <span class='ocrx_word' id='word_1_232' title='bbox 1516 2405 1634 2458; x_wconf 71' lang='lat'><strong>{38.</strong></span> <span class='ocrx_word' id='word_1_233' title='bbox 2401 2401 2627 2456; x_wconf 84' lang='lat' dir='ltr'><strong>Lauda.</strong></span> <span class='ocrx_word' id='word_1_234' title='bbox 2660 2403 2986 2456; x_wconf 88' lang='lat' dir='ltr'><strong>Posuerunt</strong></span> <span class='ocrx_word' id='word_1_235' title='bbox 3016 2406 3356 2471; x_wconf 91' lang='lat' dir='ltr'><strong>peccatores</strong></span> <span class='ocrx_word' id='word_1_236' title='bbox 3380 2401 3638 2474; x_wconf 89' lang='lat' dir='ltr'><strong>laqueos</strong></span> <span class='ocrx_word' id='word_1_237' title='bbox 3706 2400 3883 2456; x_wconf 90' lang='lat' dir='ltr'><strong>mihi:</strong></span> <span class='ocrx_word' id='word_1_238' title='bbox 3914 2404 3981 2456; x_wconf 88' lang='lat' dir='ltr'><strong>P.</strong></span> 
     </span>
    </p>
   </div>
   <div class='ocr_carea' id='block_1_46' title="bbox 653 2487 3991 2561">
    <p class='ocr_par' dir='ltr' id='par_1_46' title="bbox 653 2487 3991 2561">
     <span class='ocr_line' id='line_1_46' title="bbox 653 2487 3991 2561; baseline -0.001 -17"><span class='ocrx_word' id='word_1_239' title='bbox 653 2488 958 2556; x_wconf 80' lang='lat' dir='ltr'><strong>Capitula.</strong></span> <span class='ocrx_word' id='word_1_240' title='bbox 988 2489 1264 2556; x_wconf 91' lang='lat' dir='ltr'><strong>Deus,Dei</strong></span> <span class='ocrx_word' id='word_1_241' title='bbox 1286 2489 1589 2561; x_wconf 90' lang='lat' dir='ltr'><strong>Filius,qui</strong></span> <span class='ocrx_word' id='word_1_242' title='bbox 1617 2489 1942 2546; x_wconf 88' lang='lat' dir='ltr'><strong>voluntarie</strong></span> <span class='ocrx_word' id='word_1_243' title='bbox 1982 2489 2220 2561; x_wconf 86' lang='lat' dir='ltr'><strong>decipu-</strong></span> <span class='ocrx_word' id='word_1_244' title='bbox 2336 2489 2397 2542; x_wconf 78' lang='lat' dir='ltr'>Et</span> <span class='ocrx_word' id='word_1_245' title='bbox 2420 2503 2456 2542; x_wconf 90' lang='lat' dir='ltr'><strong>a</strong></span> <span class='ocrx_word' id='word_1_246' title='bbox 2495 2487 2791 2543; x_wconf 89' lang='lat' dir='ltr'><strong>mandatis</strong></span> <span class='ocrx_word' id='word_1_247' title='bbox 2823 2489 2958 2554; x_wconf 92' lang='lat' dir='ltr'><strong>tuis,</strong></span> <span class='ocrx_word' id='word_1_248' title='bbox 2995 2489 3260 2551; x_wconf 92' lang='lat' dir='ltr'><strong>Domine,</strong></span> <span class='ocrx_word' id='word_1_249' title='bbox 3294 2503 3420 2543; x_wconf 91' lang='lat' dir='ltr'><strong>non</strong></span> <span class='ocrx_word' id='word_1_250' title='bbox 3451 2487 3845 2547; x_wconf 45' lang='lat' dir='ltr'><strong>declinaviﬁ.</strong></span> <span class='ocrx_word' id='word_1_251' title='bbox 3885 2489 3991 2543; x_wconf 86' lang='lat' dir='ltr'><strong>He-</strong></span> 
     </span>
    </p>
   </div>
   <div class='ocr_carea' id='block_1_47' title="bbox 585 2573 3995 2648">
    <p class='ocr_par' dir='ltr' id='par_1_47' title="bbox 585 2573 3995 2648">
     <span class='ocr_line' id='line_1_47' title="bbox 585 2573 3995 2648; baseline 0.001 -19"><span class='ocrx_word' id='word_1_252' title='bbox 585 2573 706 2630; x_wconf 89' lang='lat' dir='ltr'><strong>lam</strong></span> <span class='ocrx_word' id='word_1_253' title='bbox 725 2574 1067 2630; x_wconf 89' lang='lat' dir='ltr'><strong>venantium</strong></span> <span class='ocrx_word' id='word_1_254' title='bbox 1096 2590 1326 2643; x_wconf 90' lang='lat' dir='ltr'><strong>passus,</strong></span> <span class='ocrx_word' id='word_1_255' title='bbox 1372 2575 1704 2632; x_wconf 87' lang='lat' dir='ltr'><strong>voluntarie</strong></span> <span class='ocrx_word' id='word_1_256' title='bbox 1730 2577 1927 2648; x_wconf 90' lang='lat' dir='ltr'><strong>utique</strong></span> <span class='ocrx_word' id='word_1_257' title='bbox 1965 2577 2219 2632; x_wconf 89' lang='lat' dir='ltr'><strong>crederis</strong></span> <span class='ocrx_word' id='word_1_258' title='bbox 2330 2574 2573 2630; x_wconf 89' lang='lat' dir='ltr'><strong>reditate</strong></span> <span class='ocrx_word' id='word_1_259' title='bbox 2603 2575 2889 2646; x_wconf 89' lang='lat' dir='ltr'><strong>acquisivi</strong></span> <span class='ocrx_word' id='word_1_260' title='bbox 2916 2576 3256 2631; x_wconf 91' lang='lat' dir='ltr'><strong>testimonia</strong></span> <span class='ocrx_word' id='word_1_261' title='bbox 3288 2579 3390 2631; x_wconf 91' lang='lat' dir='ltr'><strong>tua</strong></span> <span class='ocrx_word' id='word_1_262' title='bbox 3416 2575 3479 2631; x_wconf 92' lang='lat' dir='ltr'><strong>in</strong></span> <span class='ocrx_word' id='word_1_263' title='bbox 3505 2583 3799 2632; x_wconf 61' lang='lat' dir='ltr'><strong>internum</strong></span> <span class='ocrx_word' id='word_1_264' title='bbox 3827 2577 3995 2648; x_wconf 90' lang='lat' dir='ltr'><strong>:quia</strong></span> 
     </span>
    </p>
   </div>
   <div class='ocr_carea' id='block_1_48' title="bbox 587 2661 3156 2735">
    <p class='ocr_par' dir='ltr' id='par_1_48' title="bbox 587 2661 3156 2735">
     <span class='ocr_line' id='line_1_48' title="bbox 587 2661 3156 2735; baseline -0.001 -19"><span class='ocrx_word' id='word_1_265' title='bbox 587 2661 932 2727; x_wconf 87' lang='lat' dir='ltr'><strong>cruciﬁxus;</strong></span> <span class='ocrx_word' id='word_1_266' title='bbox 961 2663 1216 2716; x_wconf 93' lang='lat' dir='ltr'><strong>concede</strong></span> <span class='ocrx_word' id='word_1_267' title='bbox 1249 2665 1422 2718; x_wconf 90' lang='lat' dir='ltr'><strong>nobis</strong></span> <span class='ocrx_word' id='word_1_268' title='bbox 1442 2668 1497 2720; x_wconf 88' lang='lat' dir='ltr'><strong>et</strong></span> <span class='ocrx_word' id='word_1_269' title='bbox 1522 2665 1818 2734; x_wconf 88' lang='lat' dir='ltr'><strong>passionis</strong></span> <span class='ocrx_word' id='word_1_270' title='bbox 1850 2670 1964 2719; x_wconf 60' lang='lat' dir='ltr'><strong>tua;</strong></span> <span class='ocrx_word' id='word_1_271' title='bbox 2011 2680 2221 2735; x_wconf 88' lang='lat' dir='ltr'><strong>excep—</strong></span> <span class='ocrx_word' id='word_1_272' title='bbox 2329 2662 2608 2718; x_wconf 86' lang='lat' dir='ltr'><strong>exultatio</strong></span> <span class='ocrx_word' id='word_1_273' title='bbox 2637 2663 2832 2718; x_wconf 88' lang='lat' dir='ltr'><strong>cordis</strong></span> <span class='ocrx_word' id='word_1_274' title='bbox 2862 2665 2977 2719; x_wconf 93' lang='lat' dir='ltr'><strong>mei</strong></span> <span class='ocrx_word' id='word_1_275' title='bbox 3003 2669 3156 2720; x_wconf 93' lang='lat' dir='ltr'><strong>sunt.</strong></span> 
     </span>
    </p>
   </div>
   <div class='ocr_carea' id='block_1_49' title="bbox 585 2749 3997 2823">
    <p class='ocr_par' dir='ltr' id='par_1_49' title="bbox 585 2749 3997 2823">
     <span class='ocr_line' id='line_1_49' title="bbox 585 2749 3997 2823; baseline 0.001 -19"><span class='ocrx_word' id='word_1_276' title='bbox 585 2749 740 2804; x_wconf 87' lang='lat' dir='ltr'><strong>tione</strong></span> <span class='ocrx_word' id='word_1_277' title='bbox 771 2749 1142 2817; x_wconf 86' lang='lat' dir='ltr'><strong>singulariter</strong></span> <span class='ocrx_word' id='word_1_278' title='bbox 1163 2751 1495 2819; x_wconf 92' lang='lat' dir='ltr'><strong>jocundari,</strong></span> <span class='ocrx_word' id='word_1_279' title='bbox 1528 2757 1583 2806; x_wconf 88' lang='lat' dir='ltr'><strong>et</strong></span> <span class='ocrx_word' id='word_1_280' title='bbox 1620 2753 2065 2807; x_wconf 89' lang='lat' dir='ltr'><strong>resurrectionis</strong></span> <span class='ocrx_word' id='word_1_281' title='bbox 2109 2757 2218 2807; x_wconf 73' lang='lat' dir='ltr'><strong>tuae</strong></span> <span class='ocrx_word' id='word_1_282' title='bbox 2401 2751 2842 2806; x_wconf 78' lang='lat' dir='ltr'><strong>Oratio.’l‘ribue</strong></span> <span class='ocrx_word' id='word_1_283' title='bbox 2872 2751 3064 2818; x_wconf 91' lang='lat' dir='ltr'><strong>nobis,</strong></span> <span class='ocrx_word' id='word_1_284' title='bbox 3100 2752 3370 2823; x_wconf 90' lang='lat' dir='ltr'><strong>Domine,</strong></span> <span class='ocrx_word' id='word_1_285' title='bbox 3408 2751 3781 2823; x_wconf 90' lang='lat' dir='ltr'><strong>adjutorium</strong></span> <span class='ocrx_word' id='word_1_286' title='bbox 3813 2752 3997 2807; x_wconf 91' lang='lat' dir='ltr'><strong>decli-</strong></span> 
     </span>
    </p>
   </div>
   <div class='ocr_carea' id='block_1_50' title="bbox 583 2836 4001 2911">
    <p class='ocr_par' dir='ltr' id='par_1_50' title="bbox 583 2836 4001 2911">
     <span class='ocr_line' id='line_1_50' title="bbox 583 2836 4001 2911; baseline 0.001 -20"><span class='ocrx_word' id='word_1_287' title='bbox 583 2836 802 2906; x_wconf 91' lang='lat' dir='ltr'><strong>gaudio</strong></span> <span class='ocrx_word' id='word_1_288' title='bbox 831 2836 1082 2892; x_wconf 84' lang='lat' dir='ltr'><strong>fideliter</strong></span> <span class='ocrx_word' id='word_1_289' title='bbox 1097 2837 1280 2894; x_wconf 91' lang='lat' dir='ltr'><strong>attolli</strong></span> <span class='ocrx_word' id='word_1_290' title='bbox 1302 2855 1313 2892; x_wconf 91' lang='lat'><strong>:</strong></span> <span class='ocrx_word' id='word_1_291' title='bbox 1336 2844 1396 2894; x_wconf 95' lang='lat' dir='ltr'><strong>ut</strong></span> <span class='ocrx_word' id='word_1_292' title='bbox 1421 2839 1522 2910; x_wconf 92' lang='lat' dir='ltr'><strong>qui</strong></span> <span class='ocrx_word' id='word_1_293' title='bbox 1555 2840 1846 2909; x_wconf 89' lang='lat' dir='ltr'><strong>passionis</strong></span> <span class='ocrx_word' id='word_1_294' title='bbox 1870 2844 1983 2894; x_wconf 62' lang='lat' dir='ltr'><strong>tuae</strong></span> <span class='ocrx_word' id='word_1_295' title='bbox 2011 2839 2220 2895; x_wconf 86' lang='lat' dir='ltr'><strong>solem-</strong></span> <span class='ocrx_word' id='word_1_296' title='bbox 2329 2837 2510 2893; x_wconf 92' lang='lat' dir='ltr'><strong>nandi</strong></span> <span class='ocrx_word' id='word_1_297' title='bbox 2528 2837 3102 2909; x_wconf 90' lang='lat' dir='ltr'><strong>odiainiquorum,et</strong></span> <span class='ocrx_word' id='word_1_298' title='bbox 3122 2839 3355 2894; x_wconf 87' lang='lat' dir='ltr'><strong>fallacia</strong></span> <span class='ocrx_word' id='word_1_299' title='bbox 3390 2855 3676 2910; x_wconf 91' lang='lat' dir='ltr'><strong>superare</strong></span> <span class='ocrx_word' id='word_1_300' title='bbox 3710 2841 4001 2911; x_wconf 65' lang='lat' dir='ltr'><strong>praevari-</strong></span> 
     </span>
    </p>
   </div>
   <div class='ocr_carea' id='block_1_51' title="bbox 579 2923 3997 2997">
    <p class='ocr_par' dir='ltr' id='par_1_51' title="bbox 579 2923 3997 2997">
     <span class='ocr_line' id='line_1_51' title="bbox 579 2923 3997 2997; baseline 0.001 -17"><span class='ocrx_word' id='word_1_301' title='bbox 579 2924 681 2980; x_wconf 89' lang='lat' dir='ltr'><strong>nia</strong></span> <span class='ocrx_word' id='word_1_302' title='bbox 711 2924 908 2980; x_wconf 90' lang='lat' dir='ltr'><strong>devoti</strong></span> <span class='ocrx_word' id='word_1_303' title='bbox 927 2925 1307 2995; x_wconf 69' lang='lat' dir='ltr'><strong>praecinenda</strong></span> <span class='ocrx_word' id='word_1_304' title='bbox 1363 2927 1606 2982; x_wconf 90' lang='lat' dir='ltr'><strong>canticis</strong></span> <span class='ocrx_word' id='word_1_305' title='bbox 1659 2927 2036 2997; x_wconf 87' lang='lat' dir='ltr'><strong>inchoamus,</strong></span> <span class='ocrx_word' id='word_1_306' title='bbox 2097 2943 2218 2982; x_wconf 91' lang='lat' dir='ltr'><strong>res-</strong></span> <span class='ocrx_word' id='word_1_307' title='bbox 2330 2929 2596 2979; x_wconf 91' lang='lat' dir='ltr'><strong>catorum</strong></span> <span class='ocrx_word' id='word_1_308' title='bbox 2626 2941 2638 2977; x_wconf 90' lang='lat'><strong>:</strong></span> <span class='ocrx_word' id='word_1_309' title='bbox 2665 2923 2797 2979; x_wconf 90' lang='lat' dir='ltr'><strong>Esto</strong></span> <span class='ocrx_word' id='word_1_310' title='bbox 2828 2931 3121 2994; x_wconf 90' lang='lat' dir='ltr'><strong>protector</strong></span> <span class='ocrx_word' id='word_1_311' title='bbox 3145 2927 3516 2997; x_wconf 90' lang='lat' dir='ltr'><strong>sperantium</strong></span> <span class='ocrx_word' id='word_1_312' title='bbox 3549 2927 3613 2982; x_wconf 92' lang='lat' dir='ltr'><strong>in</strong></span> <span class='ocrx_word' id='word_1_313' title='bbox 3631 2927 3820 2982; x_wconf 87' lang='lat' dir='ltr'><strong>verbo</strong></span> <span class='ocrx_word' id='word_1_314' title='bbox 3849 2933 3957 2983; x_wconf 93' lang='lat' dir='ltr'><strong>tuo</strong></span> <span class='ocrx_word' id='word_1_315' title='bbox 3979 2945 3997 2992; x_wconf 86' lang='lat'><strong><em>;</em></strong></span> 
     </span>
    </p>
   </div>
   <div class='ocr_carea' id='block_1_52' title="bbox 580 3010 3998 3091">
    <p class='ocr_par' dir='ltr' id='par_1_52' title="bbox 580 3010 3998 3091">
     <span class='ocr_line' id='line_1_52' title="bbox 580 3010 3998 3091; baseline 0.001 -25"><span class='ocrx_word' id='word_1_316' title='bbox 580 3010 918 3082; x_wconf 89' lang='lat' dir='ltr'><strong>pectulucis</strong></span> <span class='ocrx_word' id='word_1_317' title='bbox 944 3015 1058 3066; x_wconf 87' lang='lat' dir='ltr'><strong>tuae</strong></span> <span class='ocrx_word' id='word_1_318' title='bbox 1086 3011 1382 3083; x_wconf 90' lang='lat' dir='ltr'><strong>copiosius</strong></span> <span class='ocrx_word' id='word_1_319' title='bbox 1411 3013 1815 3071; x_wconf 90' lang='lat' dir='ltr'><strong>inlustremur.</strong></span> <span class='ocrx_word' id='word_1_320' title='bbox 2249 3034 2290 3091; x_wconf 72' lang='grc' dir='ltr'><strong>ρ</strong></span> <span class='ocrx_word' id='word_1_321' title='bbox 2329 3016 2386 3067; x_wconf 92' lang='lat' dir='ltr'><strong>et</strong></span> <span class='ocrx_word' id='word_1_322' title='bbox 2413 3012 2647 3082; x_wconf 87' lang='lat' dir='ltr'><strong>suscipe</strong></span> <span class='ocrx_word' id='word_1_323' title='bbox 2673 3012 2926 3067; x_wconf 89' lang='lat' dir='ltr'><strong>humiles</strong></span> <span class='ocrx_word' id='word_1_324' title='bbox 2935 3013 3105 3083; x_wconf 90' lang='lat' dir='ltr'><strong>juxta</strong></span> <span class='ocrx_word' id='word_1_325' title='bbox 3125 3013 3436 3085; x_wconf 88' lang='lat' dir='ltr'><strong>eloquium</strong></span> <span class='ocrx_word' id='word_1_326' title='bbox 3457 3019 3630 3071; x_wconf 91' lang='lat' dir='ltr'><strong>tuum</strong></span> <span class='ocrx_word' id='word_1_327' title='bbox 3653 3036 3665 3070; x_wconf 88' lang='lat'><strong>:</strong></span> <span class='ocrx_word' id='word_1_328' title='bbox 3687 3023 3998 3086; x_wconf 90' lang='lat' dir='ltr'><strong>quatenus</strong></span> 
     </span>
    </p>
   </div>
   <div class='ocr_carea' id='block_1_53' title="bbox 651 3099 4000 3172">
    <p class='ocr_par' dir='ltr' id='par_1_53' title="bbox 651 3099 4000 3172">
     <span class='ocr_line' id='line_1_53' title="bbox 651 3099 4000 3172; baseline 0.003 -21"><span class='ocrx_word' id='word_1_329' title='bbox 651 3100 816 3152; x_wconf 89' lang='lat' dir='ltr'><strong>Pater</strong></span> <span class='ocrx_word' id='word_1_330' title='bbox 843 3103 1068 3154; x_wconf 90' lang='lat' dir='ltr'><strong>noster.</strong></span> <span class='ocrx_word' id='word_1_331' title='bbox 1209 3130 1214 3135; x_wconf 98' lang='lat'><strong><em>-</em></strong></span> <span class='ocrx_word' id='word_1_332' title='bbox 2222 3159 2223 3166; x_wconf 29' lang='grc' dir='ltr'><strong>η</strong></span> <span class='ocrx_word' id='word_1_333' title='bbox 2328 3099 2634 3170; x_wconf 90' lang='lat' dir='ltr'><strong>possimus</strong></span> <span class='ocrx_word' id='word_1_334' title='bbox 2658 3104 2758 3154; x_wconf 91' lang='lat' dir='ltr'><strong>tua</strong></span> <span class='ocrx_word' id='word_1_335' title='bbox 2791 3101 3076 3158; x_wconf 87' lang='lat' dir='ltr'><strong>mandata</strong></span> <span class='ocrx_word' id='word_1_336' title='bbox 3107 3117 3358 3167; x_wconf 90' lang='lat' dir='ltr'><strong>servare,</strong></span> <span class='ocrx_word' id='word_1_337' title='bbox 3401 3107 3456 3157; x_wconf 92' lang='lat' dir='ltr'><strong>et</strong></span> <span class='ocrx_word' id='word_1_338' title='bbox 3485 3103 3718 3172; x_wconf 90' lang='lat' dir='ltr'><strong>judicia</strong></span> <span class='ocrx_word' id='word_1_339' title='bbox 3744 3108 3851 3160; x_wconf 91' lang='lat' dir='ltr'><strong>tua</strong></span> <span class='ocrx_word' id='word_1_340' title='bbox 3876 3118 4000 3160; x_wconf 80' lang='lat' dir='ltr'><strong>me‘</strong></span> 
     </span>
    </p>
   </div>
   <div class='ocr_carea' id='block_1_54' title="bbox 650 3185 3989 3262">
    <p class='ocr_par' dir='ltr' id='par_1_54' title="bbox 650 3185 3989 3262">
     <span class='ocr_line' id='line_1_54' title="bbox 650 3185 3989 3262; baseline 0.003 -24"><span class='ocrx_word' id='word_1_341' title='bbox 650 3185 1039 3241; x_wconf 87' lang='lat' dir='ltr'><strong>Lauda.Laus</strong></span> <span class='ocrx_word' id='word_1_342' title='bbox 1066 3185 1192 3255; x_wconf 92' lang='lat' dir='ltr'><strong>ejus</strong></span> <span class='ocrx_word' id='word_1_343' title='bbox 1219 3185 1279 3241; x_wconf 94' lang='lat' dir='ltr'><strong>in</strong></span> <span class='ocrx_word' id='word_1_344' title='bbox 1310 3186 1514 3244; x_wconf 92' lang='lat' dir='ltr'><strong>choro.</strong></span> <span class='ocrx_word' id='word_1_345' title='bbox 1547 3188 1773 3244; x_wconf 82' lang='lat' dir='ltr'><strong>Oratio.</strong></span> <span class='ocrx_word' id='word_1_346' title='bbox 1795 3191 1946 3244; x_wconf 92' lang='lat' dir='ltr'><strong>Laus</strong></span> <span class='ocrx_word' id='word_1_347' title='bbox 1969 3192 2070 3243; x_wconf 90' lang='lat' dir='ltr'><strong>tua</strong></span> <span class='ocrx_word' id='word_1_348' title='bbox 2114 3190 2221 3244; x_wconf 92' lang='lat' dir='ltr'><strong>Do-</strong></span> <span class='ocrx_word' id='word_1_349' title='bbox 2329 3191 2512 3254; x_wconf 91' lang='lat' dir='ltr'><strong>tuere,</strong></span> <span class='ocrx_word' id='word_1_350' title='bbox 2535 3185 2678 3242; x_wconf 91' lang='lat' dir='ltr'><strong>etde</strong></span> <span class='ocrx_word' id='word_1_351' title='bbox 2707 3187 2987 3243; x_wconf 90' lang='lat' dir='ltr'><strong>admissis</strong></span> <span class='ocrx_word' id='word_1_352' title='bbox 3040 3189 3475 3258; x_wconf 88' lang='lat' dir='ltr'><strong>indulgentiam</strong></span> <span class='ocrx_word' id='word_1_353' title='bbox 3515 3192 3870 3260; x_wconf 89' lang='lat' dir='ltr'><strong>promereri.</strong></span> <span class='ocrx_word' id='word_1_354' title='bbox 3919 3203 3989 3262; x_wconf 61' lang='lat' dir='ltr'><strong>ﬁ.</strong></span> 
     </span>
    </p>
   </div>
   <div class='ocr_carea' id='block_1_55' title="bbox 582 3271 2536 3332">
    <p class='ocr_par' dir='ltr' id='par_1_55' title="bbox 582 3271 2536 3332">
     <span class='ocr_line' id='line_1_55' title="bbox 582 3271 2536 3332; baseline 0.001 -6"><span class='ocrx_word' id='word_1_355' title='bbox 582 3271 759 3327; x_wconf 92' lang='lat' dir='ltr'><strong>mine.</strong></span> <span class='ocrx_word' id='word_1_356' title='bbox 790 3272 932 3328; x_wconf 86' lang='lat' dir='ltr'><strong>Alia</strong></span> <span class='ocrx_word' id='word_1_357' title='bbox 950 3273 1178 3329; x_wconf 85' lang='lat' dir='ltr'><strong>Lauda.</strong></span> <span class='ocrx_word' id='word_1_358' title='bbox 1215 3275 1478 3330; x_wconf 88' lang='lat' dir='ltr'><strong>Laudent</strong></span> <span class='ocrx_word' id='word_1_359' title='bbox 1505 3290 1728 3332; x_wconf 92' lang='lat' dir='ltr'><strong>nomen</strong></span> <span class='ocrx_word' id='word_1_360' title='bbox 1763 3276 1858 3331; x_wconf 92' lang='lat' dir='ltr'><strong>Dei</strong></span> <span class='ocrx_word' id='word_1_361' title='bbox 1887 3276 1949 3330; x_wconf 93' lang='lat' dir='ltr'><strong>in</strong></span> <span class='ocrx_word' id='word_1_362' title='bbox 2004 3275 2210 3332; x_wconf 91' lang='lat' dir='ltr'><strong>choro.</strong></span> <span class='ocrx_word' id='word_1_363' title='bbox 2327 3277 2536 3328; x_wconf 81' lang='lat' dir='ltr'><strong>Amen.</strong></span> 
     </span>
    </p>
   </div>
   <div class='ocr_carea' id='block_1_56' title="bbox 581 3358 3014 3431">
    <p class='ocr_par' dir='ltr' id='par_1_56' title="bbox 581 3358 3014 3431">
     <span class='ocr_line' id='line_1_56' title="bbox 581 3358 3014 3431; baseline 0 -17"><span class='ocrx_word' id='word_1_364' title='bbox 581 3358 800 3417; x_wconf 74' lang='lat' dir='ltr'><strong>Oratio.</strong></span> <span class='ocrx_word' id='word_1_365' title='bbox 830 3361 983 3415; x_wconf 92' lang='lat' dir='ltr'><strong>Deus</strong></span> <span class='ocrx_word' id='word_1_366' title='bbox 1011 3360 1116 3431; x_wconf 89' lang='lat' dir='ltr'><strong>qui</strong></span> <span class='ocrx_word' id='word_1_367' title='bbox 1132 3359 1552 3417; x_wconf 79' lang='lat' dir='ltr'><strong>ineffabilibus.</strong></span> <span class='ocrx_word' id='word_1_368' title='bbox 1571 3363 1687 3431; x_wconf 89' lang='lat' dir='ltr'><strong>fol.</strong></span> <span class='ocrx_word' id='word_1_369' title='bbox 1717 3363 1840 3419; x_wconf 89' lang='grc'><strong>181.</strong></span> <span class='ocrx_word' id='word_1_370' title='bbox 2399 3363 2502 3416; x_wconf 89' lang='lat' dir='ltr'><strong>Per</strong></span> <span class='ocrx_word' id='word_1_371' title='bbox 2522 3359 3014 3417; x_wconf 91' lang='lat' dir='ltr'><strong>misericordiam.</strong></span> 
     </span>
    </p>
   </div>
   <div class='ocr_carea' id='block_1_57' title="bbox 653 3447 3996 3522">
    <p class='ocr_par' dir='ltr' id='par_1_57' title="bbox 653 3447 3996 3522">
     <span class='ocr_line' id='line_1_57' title="bbox 653 3447 3996 3522; baseline 0.002 -20"><span class='ocrx_word' id='word_1_372' title='bbox 653 3447 874 3503; x_wconf 83' lang='lat' dir='ltr'><strong>Lauda.</strong></span> <span class='ocrx_word' id='word_1_373' title='bbox 906 3449 1102 3518; x_wconf 89' lang='lat' dir='ltr'><strong>Usque</strong></span> <span class='ocrx_word' id='word_1_374' title='bbox 1126 3447 1205 3504; x_wconf 92' lang='lat' dir='ltr'><strong>ad</strong></span> <span class='ocrx_word' id='word_1_375' title='bbox 1229 3463 1548 3519; x_wconf 90' lang='lat' dir='ltr'><strong>vesperum</strong></span> <span class='ocrx_word' id='word_1_376' title='bbox 1600 3465 1787 3522; x_wconf 89' lang='lat' dir='ltr'><strong>quam</strong></span> <span class='ocrx_word' id='word_1_377' title='bbox 1838 3449 2220 3520; x_wconf 86' lang='lat' dir='ltr'><strong>magniﬁcata</strong></span> <span class='ocrx_word' id='word_1_378' title='bbox 2395 3448 2624 3504; x_wconf 87' lang='lat' dir='ltr'><strong>Lauda.</strong></span> <span class='ocrx_word' id='word_1_379' title='bbox 2645 3449 2884 3520; x_wconf 89' lang='lat' dir='ltr'><strong>Iniquos</strong></span> <span class='ocrx_word' id='word_1_380' title='bbox 2904 3449 3041 3505; x_wconf 94' lang='lat' dir='ltr'><strong>odio</strong></span> <span class='ocrx_word' id='word_1_381' title='bbox 3062 3450 3265 3516; x_wconf 89' lang='lat' dir='ltr'><strong>habui,</strong></span> <span class='ocrx_word' id='word_1_382' title='bbox 3289 3456 3346 3508; x_wconf 90' lang='lat' dir='ltr'><strong>et</strong></span> <span class='ocrx_word' id='word_1_383' title='bbox 3375 3452 3769 3508; x_wconf 91' lang='lat' dir='ltr'><strong>abominatus</strong></span> <span class='ocrx_word' id='word_1_384' title='bbox 3802 3470 3952 3510; x_wconf 91' lang='lat' dir='ltr'><strong>sum</strong></span> <span class='ocrx_word' id='word_1_385' title='bbox 3983 3473 3996 3510; x_wconf 92' lang='lat'>:</span> 
     </span>
    </p>
   </div>
   <div class='ocr_carea' id='block_1_58' title="bbox 581 3534 4003 3606">
    <p class='ocr_par' dir='ltr' id='par_1_58' title="bbox 581 3534 4003 3606">
     <span class='ocr_line' id='line_1_58' title="bbox 581 3534 4003 3606; baseline 0.003 -19"><span class='ocrx_word' id='word_1_386' title='bbox 581 3538 718 3588; x_wconf 85' lang='lat' dir='ltr'><strong>sunt</strong></span> <span class='ocrx_word' id='word_1_387' title='bbox 739 3548 922 3604; x_wconf 90' lang='lat' dir='ltr'><strong>opera</strong></span> <span class='ocrx_word' id='word_1_388' title='bbox 949 3539 1071 3597; x_wconf 91' lang='lat' dir='ltr'><strong>tua,</strong></span> <span class='ocrx_word' id='word_1_389' title='bbox 1098 3534 1346 3590; x_wconf 88' lang='lat' dir='ltr'><strong>Domine</strong></span> <span class='ocrx_word' id='word_1_390' title='bbox 1375 3535 1402 3590; x_wconf 85' lang='lat'><strong>?</strong></span> <span class='ocrx_word' id='word_1_391' title='bbox 2326 3538 2385 3591; x_wconf 88' lang='lat' dir='ltr'><strong>P.</strong></span> <span class='ocrx_word' id='word_1_392' title='bbox 2433 3537 2640 3606; x_wconf 84' lang='lat' dir='ltr'><strong>Legem</strong></span> <span class='ocrx_word' id='word_1_393' title='bbox 2661 3543 2861 3592; x_wconf 92' lang='lat' dir='ltr'><strong>autem</strong></span> <span class='ocrx_word' id='word_1_394' title='bbox 2883 3541 3048 3593; x_wconf 91' lang='lat' dir='ltr'><strong>tuam</strong></span> <span class='ocrx_word' id='word_1_395' title='bbox 3077 3538 3275 3606; x_wconf 87' lang='lat' dir='ltr'><strong>dilexi,</strong></span> <span class='ocrx_word' id='word_1_396' title='bbox 3315 3540 3470 3594; x_wconf 91' lang='lat' dir='ltr'><strong>Deus</strong></span> <span class='ocrx_word' id='word_1_397' title='bbox 3515 3556 3710 3596; x_wconf 90' lang='lat' dir='ltr'><strong>meus.</strong></span> <span class='ocrx_word' id='word_1_398' title='bbox 3761 3541 3827 3602; x_wconf 55' lang='grc' dir='ltr'><strong>ἲν.</strong></span> <span class='ocrx_word' id='word_1_399' title='bbox 3883 3542 4003 3598; x_wconf 83' lang='lat' dir='ltr'><strong>Ad-</strong></span> 
     </span>
    </p>
   </div>
   <div class='ocr_carea' id='block_1_59' title="bbox 648 3619 3999 3697">
    <p class='ocr_par' dir='ltr' id='par_1_59' title="bbox 648 3619 3999 3697">
     <span class='ocr_line' id='line_1_59' title="bbox 648 3619 3999 3697; baseline 0.004 -24"><span class='ocrx_word' id='word_1_400' title='bbox 648 3619 935 3674; x_wconf 89' lang='lat' dir='ltr'><strong>Dominus</strong></span> <span class='ocrx_word' id='word_1_401' title='bbox 955 3620 1044 3675; x_wconf 89' lang='lat' dir='ltr'><strong>sit.</strong></span> <span class='ocrx_word' id='word_1_402' title='bbox 1074 3631 1138 3690; x_wconf 69' lang='grc' dir='ltr'><strong>Βι,</strong></span> <span class='ocrx_word' id='word_1_403' title='bbox 1167 3624 1230 3677; x_wconf 89' lang='lat' dir='ltr'><strong>Et</strong></span> <span class='ocrx_word' id='word_1_404' title='bbox 1248 3637 1406 3679; x_wconf 89' lang='lat' dir='ltr'><strong>cum.</strong></span> <span class='ocrx_word' id='word_1_405' title='bbox 2319 3623 2500 3693; x_wconf 89' lang='lat' dir='ltr'><strong>jutor,</strong></span> <span class='ocrx_word' id='word_1_406' title='bbox 2531 3629 2586 3678; x_wconf 91' lang='lat' dir='ltr'><strong>et</strong></span> <span class='ocrx_word' id='word_1_407' title='bbox 2607 3630 2915 3697; x_wconf 91' lang='lat' dir='ltr'><strong>susceptor</strong></span> <span class='ocrx_word' id='word_1_408' title='bbox 2944 3641 3113 3681; x_wconf 91' lang='lat' dir='ltr'><strong>meus</strong></span> <span class='ocrx_word' id='word_1_409' title='bbox 3139 3642 3202 3682; x_wconf 91' lang='lat' dir='ltr'><strong>es</strong></span> <span class='ocrx_word' id='word_1_410' title='bbox 3233 3632 3328 3682; x_wconf 90' lang='lat' dir='ltr'><strong>tu:</strong></span> <span class='ocrx_word' id='word_1_411' title='bbox 3353 3629 3492 3684; x_wconf 91' lang='lat' dir='ltr'><strong>etin</strong></span> <span class='ocrx_word' id='word_1_412' title='bbox 3520 3628 3778 3685; x_wconf 91' lang='lat' dir='ltr'><strong>verbum</strong></span> <span class='ocrx_word' id='word_1_413' title='bbox 3819 3634 3999 3687; x_wconf 89' lang='lat' dir='ltr'><strong>tuum</strong></span> 
     </span>
    </p>
   </div>
   <div class='ocr_carea' id='block_1_60' title="bbox 646 3705 2580 3782">
    <p class='ocr_par' dir='ltr' id='par_1_60' title="bbox 646 3705 2580 3782">
     <span class='ocr_line' id='line_1_60' title="bbox 646 3705 2580 3782; baseline 0.003 -23"><span class='ocrx_word' id='word_1_414' title='bbox 646 3705 1002 3774; x_wconf 80' lang='lat' dir='ltr'><strong>Antiphona.</strong></span> <span class='ocrx_word' id='word_1_415' title='bbox 1026 3710 1104 3762; x_wconf 90' lang='lat' dir='ltr'><strong>Ne</strong></span> <span class='ocrx_word' id='word_1_416' title='bbox 1130 3708 1332 3764; x_wconf 89' lang='lat' dir='ltr'><strong>tradas</strong></span> <span class='ocrx_word' id='word_1_417' title='bbox 1358 3724 1472 3779; x_wconf 91' lang='lat' dir='ltr'><strong>me,</strong></span> <span class='ocrx_word' id='word_1_418' title='bbox 1483 3709 2056 3777; x_wconf 89' lang='lat' dir='ltr'><strong>Domine,desiderio</strong></span> <span class='ocrx_word' id='word_1_419' title='bbox 2081 3726 2216 3767; x_wconf 92' lang='lat' dir='ltr'><strong>meo</strong></span> <span class='ocrx_word' id='word_1_420' title='bbox 2326 3711 2580 3782; x_wconf 87' lang='lat' dir='ltr'><strong>speravi.</strong></span> 
     </span>
    </p>
   </div>
   <div class='ocr_carea' id='block_1_61' title="bbox 577 3792 3994 3865">
    <p class='ocr_par' dir='ltr' id='par_1_61' title="bbox 577 3792 3994 3865">
     <span class='ocr_line' id='line_1_61' title="bbox 577 3792 3994 3865; baseline 0.004 -18"><span class='ocrx_word' id='word_1_421' title='bbox 577 3792 901 3863; x_wconf 87' lang='lat' dir='ltr'><strong>peccatori:</strong></span> <span class='ocrx_word' id='word_1_422' title='bbox 929 3795 1336 3865; x_wconf 90' lang='lat' dir='ltr'><strong>cogitaverunt</strong></span> <span class='ocrx_word' id='word_1_423' title='bbox 1355 3797 1675 3853; x_wconf 91' lang='lat' dir='ltr'><strong>adversum</strong></span> <span class='ocrx_word' id='word_1_424' title='bbox 1704 3813 1799 3853; x_wconf 95' lang='lat' dir='ltr'><strong>me</strong></span> <span class='ocrx_word' id='word_1_425' title='bbox 1822 3798 1913 3862; x_wconf 89' lang='lat' dir='ltr'><strong>;P.</strong></span> <span class='ocrx_word' id='word_1_426' title='bbox 1947 3801 2026 3854; x_wconf 86' lang='lat' dir='ltr'><strong>Ne</strong></span> <span class='ocrx_word' id='word_1_427' title='bbox 2056 3797 2221 3854; x_wconf 91' lang='lat' dir='ltr'><strong>dere-</strong></span> <span class='ocrx_word' id='word_1_428' title='bbox 2397 3798 2619 3853; x_wconf 86' lang='lat' dir='ltr'><strong>Oratio.</strong></span> <span class='ocrx_word' id='word_1_429' title='bbox 2649 3799 2943 3856; x_wconf 84' lang='lat' dir='ltr'><strong>Auxiliare</strong></span> <span class='ocrx_word' id='word_1_430' title='bbox 2964 3801 3138 3856; x_wconf 92' lang='lat' dir='ltr'><strong>nobis</strong></span> <span class='ocrx_word' id='word_1_431' title='bbox 3171 3801 3505 3865; x_wconf 84' lang='lat' dir='ltr'><strong>Domine,et</strong></span> <span class='ocrx_word' id='word_1_432' title='bbox 3525 3803 3678 3859; x_wconf 92' lang='lat' dir='ltr'><strong>salvi</strong></span> <span class='ocrx_word' id='word_1_433' title='bbox 3718 3805 3956 3862; x_wconf 90' lang='lat' dir='ltr'><strong>erimus</strong></span> <span class='ocrx_word' id='word_1_434' title='bbox 3982 3826 3994 3862; x_wconf 92' lang='lat'><strong>:</strong></span> 
     </span>
    </p>
   </div>
   <div class='ocr_carea' id='block_1_62' title="bbox 573 3878 3998 3961">
    <p class='ocr_par' dir='ltr' id='par_1_62' title="bbox 573 3878 3998 3961">
     <span class='ocr_line' id='line_1_62' title="bbox 573 3878 3998 3961; baseline 0.005 -28"><span class='ocrx_word' id='word_1_435' title='bbox 573 3878 832 3950; x_wconf 89' lang='lat' dir='ltr'><strong>linquas,</strong></span> <span class='ocrx_word' id='word_1_436' title='bbox 864 3896 937 3937; x_wconf 93' lang='lat' dir='ltr'><strong>ne</strong></span> <span class='ocrx_word' id='word_1_437' title='bbox 962 3898 1232 3954; x_wconf 90' lang='lat' dir='ltr'><strong>unquam</strong></span> <span class='ocrx_word' id='word_1_438' title='bbox 1262 3881 1616 3946; x_wconf 86' lang='lat' dir='ltr'><strong>exaltentur.</strong></span> <span class='ocrx_word' id='word_1_439' title='bbox 1654 3884 1716 3945; x_wconf 63' lang='grc' dir='ltr'><strong>ῒ.</strong></span> <span class='ocrx_word' id='word_1_440' title='bbox 1749 3885 1918 3957; x_wconf 90' lang='lat' dir='ltr'><strong>Eripe</strong></span> <span class='ocrx_word' id='word_1_441' title='bbox 1984 3901 2079 3941; x_wconf 91' lang='lat' dir='ltr'><strong>me</strong></span> <span class='ocrx_word' id='word_1_442' title='bbox 2109 3886 2218 3941; x_wconf 89' lang='lat' dir='ltr'><strong>Do-</strong></span> <span class='ocrx_word' id='word_1_443' title='bbox 2326 3889 2379 3940; x_wconf 91' lang='lat' dir='ltr'><strong>te</strong></span> <span class='ocrx_word' id='word_1_444' title='bbox 2404 3885 2561 3940; x_wconf 91' lang='lat' dir='ltr'><strong>enim</strong></span> <span class='ocrx_word' id='word_1_445' title='bbox 2583 3885 2922 3958; x_wconf 91' lang='lat' dir='ltr'><strong>desistente,</strong></span> <span class='ocrx_word' id='word_1_446' title='bbox 2956 3888 3230 3959; x_wconf 90' lang='lat' dir='ltr'><strong>perditio,</strong></span> <span class='ocrx_word' id='word_1_447' title='bbox 3262 3895 3317 3945; x_wconf 90' lang='lat' dir='ltr'><strong>et</strong></span> <span class='ocrx_word' id='word_1_448' title='bbox 3348 3895 3400 3946; x_wconf 94' lang='lat' dir='ltr'><strong>te</strong></span> <span class='ocrx_word' id='word_1_449' title='bbox 3426 3899 3839 3961; x_wconf 77' lang='lat' dir='ltr'><strong>praeservante</strong></span> <span class='ocrx_word' id='word_1_450' title='bbox 3905 3895 3998 3950; x_wconf 91' lang='lat' dir='ltr'><strong>vi-</strong></span> 
     </span>
    </p>
   </div>
   <div class='ocr_carea' id='block_1_63' title="bbox 574 3967 3271 4045">
    <p class='ocr_par' dir='ltr' id='par_1_63' title="bbox 574 3967 3271 4045">
     <span class='ocr_line' id='line_1_63' title="bbox 574 3967 3271 4045; baseline 0.004 -23"><span class='ocrx_word' id='word_1_451' title='bbox 574 3967 735 4023; x_wconf 91' lang='lat' dir='ltr'><strong>mine</strong></span> <span class='ocrx_word' id='word_1_452' title='bbox 755 3968 833 4024; x_wconf 93' lang='lat' dir='ltr'><strong>ab</strong></span> <span class='ocrx_word' id='word_1_453' title='bbox 861 3969 1102 4026; x_wconf 88' lang='lat' dir='ltr'><strong>homine</strong></span> <span class='ocrx_word' id='word_1_454' title='bbox 1133 3970 1291 4026; x_wconf 91' lang='lat' dir='ltr'><strong>malo</strong></span> <span class='ocrx_word' id='word_1_455' title='bbox 1314 3987 1328 4026; x_wconf 90' lang='lat'><strong>:</strong></span> <span class='ocrx_word' id='word_1_456' title='bbox 1355 3987 1391 4026; x_wconf 92' lang='lat' dir='ltr'><strong>a</strong></span> <span class='ocrx_word' id='word_1_457' title='bbox 1410 3971 1533 4028; x_wconf 90' lang='lat' dir='ltr'><strong>viro</strong></span> <span class='ocrx_word' id='word_1_458' title='bbox 1557 3971 1766 4045; x_wconf 90' lang='lat' dir='ltr'><strong>iniquo</strong></span> <span class='ocrx_word' id='word_1_459' title='bbox 1795 3979 1852 4030; x_wconf 90' lang='lat' dir='ltr'><strong>et</strong></span> <span class='ocrx_word' id='word_1_460' title='bbox 1880 3973 2094 4030; x_wconf 89' lang='lat' dir='ltr'><strong>doloso</strong></span> <span class='ocrx_word' id='word_1_461' title='bbox 2148 3973 2214 4028; x_wconf 88' lang='lat' dir='ltr'><strong>li-</strong></span> <span class='ocrx_word' id='word_1_462' title='bbox 2326 3972 2458 4028; x_wconf 88' lang='lat' dir='ltr'><strong>talis</strong></span> <span class='ocrx_word' id='word_1_463' title='bbox 2489 3977 2574 4027; x_wconf 90' lang='lat' dir='ltr'><strong>est</strong></span> <span class='ocrx_word' id='word_1_464' title='bbox 2601 3973 2928 4044; x_wconf 90' lang='lat' dir='ltr'><strong>plenitudo.</strong></span> <span class='ocrx_word' id='word_1_465' title='bbox 2963 3986 3026 4044; x_wconf 61' lang='lat'><strong>13;.</strong></span> <span class='ocrx_word' id='word_1_466' title='bbox 3061 3976 3271 4032; x_wconf 85' lang='lat' dir='ltr'><strong>Amen.</strong></span> 
     </span>
    </p>
   </div>
   <div class='ocr_carea' id='block_1_64' title="bbox 571 4053 3016 4130">
    <p class='ocr_par' dir='ltr' id='par_1_64' title="bbox 571 4053 3016 4130">
     <span class='ocr_line' id='line_1_64' title="bbox 571 4053 3016 4130; baseline 0.003 -20"><span class='ocrx_word' id='word_1_467' title='bbox 571 4053 718 4111; x_wconf 91' lang='lat' dir='ltr'><strong>bera</strong></span> <span class='ocrx_word' id='word_1_468' title='bbox 744 4070 860 4112; x_wconf 91' lang='lat' dir='ltr'><strong>me.</strong></span> <span class='ocrx_word' id='word_1_469' title='bbox 893 4059 958 4115; x_wconf 89' lang='lat' dir='ltr'><strong>P.</strong></span> <span class='ocrx_word' id='word_1_470' title='bbox 991 4057 1495 4130; x_wconf 85' lang='lat' dir='ltr'><strong>Nederelinquas.</strong></span> <span class='ocrx_word' id='word_1_471' title='bbox 2398 4063 2501 4116; x_wconf 91' lang='lat' dir='ltr'><strong>Per</strong></span> <span class='ocrx_word' id='word_1_472' title='bbox 2524 4062 3016 4118; x_wconf 90' lang='lat' dir='ltr'><strong>misericordiam.</strong></span> 
     </span>
    </p>
   </div>
   <div class='ocr_carea' id='block_1_65' title="bbox 644 4144 3999 4222">
    <p class='ocr_par' dir='ltr' id='par_1_65' title="bbox 644 4144 3999 4222">
     <span class='ocr_line' id='line_1_65' title="bbox 644 4144 3999 4222; baseline 0.005 -23"><span class='ocrx_word' id='word_1_473' title='bbox 644 4144 930 4200; x_wconf 90' lang='lat' dir='ltr'><strong>Dominus</strong></span> <span class='ocrx_word' id='word_1_474' title='bbox 961 4145 1054 4202; x_wconf 91' lang='lat' dir='ltr'><strong>sit.</strong></span> <span class='ocrx_word' id='word_1_475' title='bbox 1082 4156 1147 4215; x_wconf 63' lang='grc' dir='ltr'><strong>ῆι.</strong></span> <span class='ocrx_word' id='word_1_476' title='bbox 1174 4146 1241 4201; x_wconf 90' lang='lat' dir='ltr'><strong>Et</strong></span> <span class='ocrx_word' id='word_1_477' title='bbox 1271 4161 1436 4202; x_wconf 91' lang='lat' dir='ltr'><strong>cum.</strong></span> <span class='ocrx_word' id='word_1_478' title='bbox 2396 4149 2625 4204; x_wconf 82' lang='lat' dir='ltr'><strong>Preces.</strong></span> <span class='ocrx_word' id='word_1_479' title='bbox 2658 4153 2882 4219; x_wconf 84' lang='lat' dir='ltr'><strong>Averte,</strong></span> <span class='ocrx_word' id='word_1_480' title='bbox 2910 4151 3338 4222; x_wconf 87' lang='lat' dir='ltr'><strong>Domine,iram</strong></span> <span class='ocrx_word' id='word_1_481' title='bbox 3367 4158 3538 4212; x_wconf 90' lang='lat' dir='ltr'><strong>tuam</strong></span> <span class='ocrx_word' id='word_1_482' title='bbox 3570 4170 3607 4211; x_wconf 93' lang='lat' dir='ltr'><strong>a</strong></span> <span class='ocrx_word' id='word_1_483' title='bbox 3639 4157 3999 4215; x_wconf 86' lang='lat' dir='ltr'><strong>nobis.Cum</strong></span> 
     </span>
    </p>
   </div>
   <div class='ocr_carea' id='block_1_66' title="bbox 641 4230 3064 4306">
    <p class='ocr_par' dir='ltr' id='par_1_66' title="bbox 641 4230 3064 4306">
     <span class='ocr_line' id='line_1_66' title="bbox 641 4230 3064 4306; baseline 0.003 -20"><span class='ocrx_word' id='word_1_484' title='bbox 641 4230 870 4286; x_wconf 85' lang='lat' dir='ltr'><strong>Lauda.</strong></span> <span class='ocrx_word' id='word_1_485' title='bbox 893 4231 1060 4302; x_wconf 88' lang='lat' dir='ltr'><strong>Eripe</strong></span> <span class='ocrx_word' id='word_1_486' title='bbox 1089 4247 1204 4298; x_wconf 91' lang='lat' dir='ltr'><strong>me,</strong></span> <span class='ocrx_word' id='word_1_487' title='bbox 1252 4235 1520 4300; x_wconf 90' lang='lat' dir='ltr'><strong>Domine,</strong></span> <span class='ocrx_word' id='word_1_488' title='bbox 1562 4250 1600 4292; x_wconf 91' lang='lat' dir='ltr'><strong>a</strong></span> <span class='ocrx_word' id='word_1_489' title='bbox 1655 4233 1970 4290; x_wconf 88' lang='lat' dir='ltr'><strong>calumniis</strong></span> <span class='ocrx_word' id='word_1_490' title='bbox 2026 4233 2215 4289; x_wconf 89' lang='lat' dir='ltr'><strong>homi-</strong></span> <span class='ocrx_word' id='word_1_491' title='bbox 2326 4249 2456 4303; x_wconf 83' lang='lat' dir='ltr'><strong>sua,</strong></span> <span class='ocrx_word' id='word_1_492' title='bbox 2481 4238 2765 4302; x_wconf 84' lang='lat' dir='ltr'><strong>oratione,</strong></span> <span class='ocrx_word' id='word_1_493' title='bbox 2798 4239 2905 4306; x_wconf 87' lang='lat' dir='ltr'><strong>fol.</strong></span> <span class='ocrx_word' id='word_1_494' title='bbox 2946 4242 3064 4294; x_wconf 86' lang='grc'><strong>183.</strong></span> 
     </span>
    </p>
   </div>
   <div class='ocr_carea' id='block_1_67' title="bbox 570 4316 3767 4412">
    <p class='ocr_par' dir='ltr' id='par_1_67' title="bbox 570 4316 3767 4412">
     <span class='ocr_line' id='line_1_67' title="bbox 570 4316 3767 4412; baseline 0.005 -43"><span class='ocrx_word' id='word_1_495' title='bbox 570 4328 715 4412; x_wconf 71' lang='lat' dir='ltr'><strong>num</strong></span> <span class='ocrx_word' id='word_1_496' title='bbox 745 4331 757 4370; x_wconf 94' lang='lat'>:</span> <span class='ocrx_word' id='word_1_497' title='bbox 786 4316 929 4387; x_wconf 86' lang='lat' dir='ltr'><strong>quia</strong></span> <span class='ocrx_word' id='word_1_498' title='bbox 959 4319 1194 4372; x_wconf 84' lang='lat' dir='ltr'><strong>servavi</strong></span> <span class='ocrx_word' id='word_1_499' title='bbox 1219 4320 1506 4376; x_wconf 88' lang='lat' dir='ltr'><strong>mandata</strong></span> <span class='ocrx_word' id='word_1_500' title='bbox 1536 4324 1654 4377; x_wconf 90' lang='lat' dir='ltr'><strong>tua.</strong></span> <span class='ocrx_word' id='word_1_501' title='bbox 1687 4321 1916 4375; x_wconf 80' lang='lat' dir='ltr'><strong>Faciem</strong></span> <span class='ocrx_word' id='word_1_502' title='bbox 1959 4324 2127 4376; x_wconf 89' lang='lat' dir='ltr'><strong>tuam</strong></span> <span class='ocrx_word' id='word_1_503' title='bbox 2155 4321 2219 4376; x_wconf 85' lang='lat' dir='ltr'><strong>il-</strong></span> <span class='ocrx_word' id='word_1_504' title='bbox 2247 4357 2292 4412; x_wconf 68' lang='grc' dir='ltr'><strong>Β</strong></span> <span class='ocrx_word' id='word_1_505' title='bbox 2539 4340 2772 4380; x_wconf 63' lang='lat' dir='ltr'><strong>securum</strong></span> <span class='ocrx_word' id='word_1_506' title='bbox 2806 4341 2964 4380; x_wconf 69' lang='lat' dir='ltr'><strong>ream</strong></span> <span class='ocrx_word' id='word_1_507' title='bbox 2994 4341 3128 4381; x_wconf 80' lang='lat' dir='ltr'><strong>posr</strong></span> <span class='ocrx_word' id='word_1_508' title='bbox 3167 4342 3432 4384; x_wconf 77' lang='lat' dir='ltr'><strong>MEDIANTE</strong></span> <span class='ocrx_word' id='word_1_509' title='bbox 3463 4345 3548 4386; x_wconf 71' lang='lat' dir='ltr'><strong>nua</strong></span> <span class='ocrx_word' id='word_1_510' title='bbox 3579 4347 3767 4388; x_wconf 61' lang='grc' dir='ltr'><strong>πετο.</strong></span> 
     </span>
    </p>
   </div>
   <div class='ocr_carea' id='block_1_68' title="bbox 570 4399 3408 4477">
    <p class='ocr_par' dir='ltr' id='par_1_68' title="bbox 570 4399 3408 4477">
     <span class='ocr_line' id='line_1_68' title="bbox 570 4399 3408 4477; baseline 0.006 -23"><span class='ocrx_word' id='word_1_511' title='bbox 570 4399 799 4456; x_wconf 90' lang='lat' dir='ltr'><strong>lumina</strong></span> <span class='ocrx_word' id='word_1_512' title='bbox 825 4417 1004 4472; x_wconf 90' lang='lat' dir='ltr'><strong>super</strong></span> <span class='ocrx_word' id='word_1_513' title='bbox 1030 4419 1270 4459; x_wconf 88' lang='lat' dir='ltr'><strong>servum</strong></span> <span class='ocrx_word' id='word_1_514' title='bbox 1291 4411 1460 4460; x_wconf 92' lang='lat' dir='ltr'><strong>tuum</strong></span> <span class='ocrx_word' id='word_1_515' title='bbox 1494 4421 1507 4460; x_wconf 92' lang='lat'>:</span> <span class='ocrx_word' id='word_1_516' title='bbox 1537 4407 1597 4460; x_wconf 88' lang='lat' dir='ltr'><strong>P.</strong></span> <span class='ocrx_word' id='word_1_517' title='bbox 1630 4409 1696 4462; x_wconf 90' lang='lat' dir='ltr'><strong>Et</strong></span> <span class='ocrx_word' id='word_1_518' title='bbox 1723 4406 1872 4461; x_wconf 92' lang='lat' dir='ltr'><strong>doce</strong></span> <span class='ocrx_word' id='word_1_519' title='bbox 1903 4422 1998 4462; x_wconf 94' lang='lat' dir='ltr'><strong>me</strong></span> <span class='ocrx_word' id='word_1_520' title='bbox 2046 4409 2216 4477; x_wconf 88' lang='lat' dir='ltr'><strong>justi-</strong></span> <span class='ocrx_word' id='word_1_521' title='bbox 2248 4399 2289 4412; x_wconf 59' lang='grc' dir='ltr'><em>υ</em></span> <span class='ocrx_word' id='word_1_522' title='bbox 2890 4415 2988 4469; x_wconf 84' lang='lat' dir='ltr'><strong>Ad</strong></span> <span class='ocrx_word' id='word_1_523' title='bbox 3020 4416 3408 4472; x_wconf 82' lang='lat' dir='ltr'><strong>Matutinum.</strong></span> 
     </span>
    </p>
   </div>
   <div class='ocr_carea' id='block_1_69' title="bbox 573 4486 3994 4572">
    <p class='ocr_par' dir='ltr' id='par_1_69' title="bbox 573 4486 3994 4572">
     <span class='ocr_line' id='line_1_69' title="bbox 573 4486 3994 4572; baseline 0.008 -32"><span class='ocrx_word' id='word_1_524' title='bbox 573 4486 2205 4561; x_wconf 63' lang='lat' dir='ltr'><strong>ﬁcationestuas,Domine.v.Mirabiliatestimoniatua,</strong></span> <span class='ocrx_word' id='word_1_525' title='bbox 2399 4501 2645 4569; x_wconf 89' lang='lat' dir='ltr'><strong>Exurge,</strong></span> <span class='ocrx_word' id='word_1_526' title='bbox 2694 4501 2960 4571; x_wconf 90' lang='lat' dir='ltr'><strong>Domine,</strong></span> <span class='ocrx_word' id='word_1_527' title='bbox 3011 4503 3246 4558; x_wconf 91' lang='lat' dir='ltr'><strong>salvum</strong></span> <span class='ocrx_word' id='word_1_528' title='bbox 3304 4520 3401 4560; x_wconf 92' lang='lat' dir='ltr'><strong>me</strong></span> <span class='ocrx_word' id='word_1_529' title='bbox 3432 4503 3544 4572; x_wconf 87' lang='lat' dir='ltr'><strong>fac,</strong></span> <span class='ocrx_word' id='word_1_530' title='bbox 3595 4507 3756 4564; x_wconf 92' lang='lat' dir='ltr'><strong>Deus</strong></span> <span class='ocrx_word' id='word_1_531' title='bbox 3781 4525 3994 4568; x_wconf 91' lang='lat' dir='ltr'><strong>meus.</strong></span> 
     </span>
    </p>
   </div>
   <div class='ocr_carea' id='block_1_70' title="bbox 571 4574 2706 4644">
    <p class='ocr_par' dir='ltr' id='par_1_70' title="bbox 571 4574 2706 4644">
     <span class='ocr_line' id='line_1_70' title="bbox 571 4574 2706 4644; baseline 0.007 -15"><span class='ocrx_word' id='word_1_532' title='bbox 571 4574 817 4630; x_wconf 91' lang='lat' dir='ltr'><strong>Domine</strong></span> <span class='ocrx_word' id='word_1_533' title='bbox 847 4595 860 4630; x_wconf 90' lang='lat'><strong>:</strong></span> <span class='ocrx_word' id='word_1_534' title='bbox 889 4575 1024 4630; x_wconf 91' lang='lat' dir='ltr'><strong>ideo</strong></span> <span class='ocrx_word' id='word_1_535' title='bbox 1051 4582 1311 4632; x_wconf 89' lang='lat' dir='ltr'><strong>scrutata</strong></span> <span class='ocrx_word' id='word_1_536' title='bbox 1341 4581 1428 4632; x_wconf 87' lang='lat' dir='ltr'><strong>est</strong></span> <span class='ocrx_word' id='word_1_537' title='bbox 1447 4579 1649 4636; x_wconf 90' lang='lat' dir='ltr'><strong>anima</strong></span> <span class='ocrx_word' id='word_1_538' title='bbox 1673 4596 1826 4637; x_wconf 90' lang='lat' dir='ltr'><strong>mea.</strong></span> <span class='ocrx_word' id='word_1_539' title='bbox 1850 4581 1912 4636; x_wconf 88' lang='lat' dir='ltr'><strong>P.</strong></span> <span class='ocrx_word' id='word_1_540' title='bbox 1955 4583 2019 4638; x_wconf 90' lang='lat' dir='ltr'><strong>Et</strong></span> <span class='ocrx_word' id='word_1_541' title='bbox 2046 4583 2213 4640; x_wconf 92' lang='lat' dir='ltr'><strong>doce.</strong></span> <span class='ocrx_word' id='word_1_542' title='bbox 2326 4587 2602 4643; x_wconf 86' lang='lat' dir='ltr'><strong>Psalmus</strong></span> <span class='ocrx_word' id='word_1_543' title='bbox 2624 4605 2706 4644; x_wconf 87' lang='lat' dir='ltr'><strong>in.</strong></span> 
     </span>
    </p>
   </div>
   <div class='ocr_carea' id='block_1_71' title="bbox 567 4660 4000 4746">
    <p class='ocr_par' dir='ltr' id='par_1_71' title="bbox 567 4660 4000 4746">
     <span class='ocr_line' id='line_1_71' title="bbox 567 4660 4000 4746; baseline 0.006 -25"><span class='ocrx_word' id='word_1_544' title='bbox 567 4661 629 4721; x_wconf 63' lang='grc' dir='ltr'><strong>ν.</strong></span> <span class='ocrx_word' id='word_1_545' title='bbox 654 4660 867 4728; x_wconf 88' lang='lat' dir='ltr'><strong>Gloria,</strong></span> <span class='ocrx_word' id='word_1_546' title='bbox 897 4668 1012 4718; x_wconf 93' lang='lat' dir='ltr'><strong>etc.</strong></span> <span class='ocrx_word' id='word_1_547' title='bbox 1061 4662 1122 4716; x_wconf 89' lang='lat' dir='ltr'><strong>P.</strong></span> <span class='ocrx_word' id='word_1_548' title='bbox 1164 4666 1228 4719; x_wconf 91' lang='lat' dir='ltr'><strong>Et</strong></span> <span class='ocrx_word' id='word_1_549' title='bbox 1254 4665 1422 4720; x_wconf 90' lang='lat' dir='ltr'><strong>doce.</strong></span> <span class='ocrx_word' id='word_1_550' title='bbox 2401 4675 2623 4732; x_wconf 80' lang='lat' dir='ltr'><strong>Oratio.</strong></span> <span class='ocrx_word' id='word_1_551' title='bbox 2651 4679 2877 4746; x_wconf 88' lang='lat' dir='ltr'><strong>Exurge</strong></span> <span class='ocrx_word' id='word_1_552' title='bbox 2898 4679 3146 4734; x_wconf 91' lang='lat' dir='ltr'><strong>Domine</strong></span> <span class='ocrx_word' id='word_1_553' title='bbox 3171 4682 3320 4735; x_wconf 90' lang='lat' dir='ltr'><strong>Deus</strong></span> <span class='ocrx_word' id='word_1_554' title='bbox 3353 4685 3552 4737; x_wconf 92' lang='lat' dir='ltr'><strong>noster</strong></span> <span class='ocrx_word' id='word_1_555' title='bbox 3577 4683 3640 4738; x_wconf 93' lang='lat' dir='ltr'><strong>in</strong></span> <span class='ocrx_word' id='word_1_556' title='bbox 3687 4686 4000 4743; x_wconf 83' lang='lat' dir='ltr'><strong>auxilium</strong></span> 
     </span>
    </p>
   </div>
   <div class='ocr_carea' id='block_1_72' title="bbox 637 4749 3993 4840">
    <p class='ocr_par' dir='ltr' id='par_1_72' title="bbox 637 4749 3993 4840">
     <span class='ocr_line' id='line_1_72' title="bbox 637 4749 3993 4840; baseline 0.007 -35"><span class='ocrx_word' id='word_1_557' title='bbox 637 4749 926 4840; x_wconf 57' lang='lat' dir='ltr'><strong>{ig/vinas.</strong></span> <span class='ocrx_word' id='word_1_558' title='bbox 945 4749 1202 4840; x_wconf 82' lang='lat' dir='ltr'><strong>Verbum</strong></span> <span class='ocrx_word' id='word_1_559' title='bbox 1234 4753 1414 4808; x_wconf 91' lang='lat' dir='ltr'><strong>Patri.</strong></span> <span class='ocrx_word' id='word_1_560' title='bbox 1449 4755 1558 4823; x_wconf 85' lang='lat' dir='ltr'><strong>fol.</strong></span> <span class='ocrx_word' id='word_1_561' title='bbox 1582 4759 1702 4812; x_wconf 82' lang='lat'><strong>252.</strong></span> <span class='ocrx_word' id='word_1_562' title='bbox 2324 4760 2658 4826; x_wconf 89' lang='lat' dir='ltr'><strong>humilium,</strong></span> <span class='ocrx_word' id='word_1_563' title='bbox 2693 4764 2822 4818; x_wconf 90' lang='lat' dir='ltr'><strong>etin</strong></span> <span class='ocrx_word' id='word_1_564' title='bbox 2848 4766 3261 4821; x_wconf 90' lang='lat' dir='ltr'><strong>exterminium</strong></span> <span class='ocrx_word' id='word_1_565' title='bbox 3299 4772 3797 4840; x_wconf 90' lang='lat' dir='ltr'><strong>persequentium</strong></span> <span class='ocrx_word' id='word_1_566' title='bbox 3830 4789 3952 4829; x_wconf 88' lang='lat' dir='ltr'><strong>nos</strong></span> <span class='ocrx_word' id='word_1_567' title='bbox 3979 4793 3993 4829; x_wconf 89' lang='lat'><strong>:</strong></span> 
     </span>
    </p>
   </div>
   <div class='ocr_carea' id='block_1_73' title="bbox 640 4837 3999 4932">
    <p class='ocr_par' dir='ltr' id='par_1_73' title="bbox 640 4837 3999 4932">
     <span class='ocr_line' id='line_1_73' title="bbox 640 4837 3999 4932; baseline 0.007 -40"><span class='ocrx_word' id='word_1_568' title='bbox 640 4837 936 4932; x_wconf 51' lang='lat' dir='ltr'><strong>Capitula,</strong></span> <span class='ocrx_word' id='word_1_569' title='bbox 967 4838 1268 4932; x_wconf 45' lang='lat' dir='ltr'><strong>ﬁovimus,</strong></span> <span class='ocrx_word' id='word_1_570' title='bbox 1297 4842 1562 4907; x_wconf 91' lang='lat' dir='ltr'><strong>Domine,</strong></span> <span class='ocrx_word' id='word_1_571' title='bbox 1596 4845 1759 4916; x_wconf 92' lang='lat' dir='ltr'><strong>quod</strong></span> <span class='ocrx_word' id='word_1_572' title='bbox 1788 4845 2086 4903; x_wconf 87' lang='lat' dir='ltr'><strong>traditoris</strong></span> <span class='ocrx_word' id='word_1_573' title='bbox 2126 4847 2210 4903; x_wconf 91' lang='lat' dir='ltr'><strong>tui</strong></span> <span class='ocrx_word' id='word_1_574' title='bbox 2325 4854 2561 4903; x_wconf 90' lang='lat' dir='ltr'><strong>contere</strong></span> <span class='ocrx_word' id='word_1_575' title='bbox 2586 4849 2960 4906; x_wconf 90' lang='lat' dir='ltr'><strong>adversarios</strong></span> <span class='ocrx_word' id='word_1_576' title='bbox 2991 4858 3246 4916; x_wconf 90' lang='lat' dir='ltr'><strong>nostros,</strong></span> <span class='ocrx_word' id='word_1_577' title='bbox 3275 4837 3379 4926; x_wconf 86' lang='lat' dir='ltr'><strong>qui</strong></span> <span class='ocrx_word' id='word_1_578' title='bbox 3428 4837 3538 4910; x_wconf 86' lang='lat' dir='ltr'><strong>nos</strong></span> <span class='ocrx_word' id='word_1_579' title='bbox 3570 4873 3607 4913; x_wconf 91' lang='lat' dir='ltr'><strong>a</strong></span> <span class='ocrx_word' id='word_1_580' title='bbox 3667 4863 3999 4932; x_wconf 64' lang='lat' dir='ltr'><strong>praeceptis</strong></span> 
     </span>
    </p>
   </div>
   <div class='ocr_carea' id='block_1_74' title="bbox 569 4925 3998 5020">
    <p class='ocr_par' dir='ltr' id='par_1_74' title="bbox 569 4925 3998 5020">
     <span class='ocr_line' id='line_1_74' title="bbox 569 4925 3998 5020; baseline 0.008 -44"><span class='ocrx_word' id='word_1_581' title='bbox 569 4937 887 5020; x_wconf 79' lang='lat' dir='ltr'><strong>perpessus</strong></span> <span class='ocrx_word' id='word_1_582' title='bbox 901 4925 1210 5020; x_wconf 37' lang='lat' dir='ltr'><strong>.injuriam,</strong></span> <span class='ocrx_word' id='word_1_583' title='bbox 1247 4945 1437 5003; x_wconf 92' lang='lat' dir='ltr'><strong>usque</strong></span> <span class='ocrx_word' id='word_1_584' title='bbox 1463 4933 1542 4986; x_wconf 91' lang='lat' dir='ltr'><strong>ad</strong></span> <span class='ocrx_word' id='word_1_585' title='bbox 1574 4939 1829 4989; x_wconf 87' lang='lat' dir='ltr'><strong>mortem</strong></span> <span class='ocrx_word' id='word_1_586' title='bbox 1856 4951 1977 4989; x_wconf 93' lang='lat' dir='ltr'><strong>non</strong></span> <span class='ocrx_word' id='word_1_587' title='bbox 2003 4935 2213 4990; x_wconf 86' lang='lat' dir='ltr'><strong>dereli-</strong></span> <span class='ocrx_word' id='word_1_588' title='bbox 2328 4935 2463 4999; x_wconf 88' lang='lat' dir='ltr'><strong>tuis,</strong></span> <span class='ocrx_word' id='word_1_589' title='bbox 2495 4936 2720 4992; x_wconf 91' lang='lat' dir='ltr'><strong>dolosis</strong></span> <span class='ocrx_word' id='word_1_590' title='bbox 2749 4939 3269 5009; x_wconf 88' lang='lat' dir='ltr'><strong>promissionibus,</strong></span> <span class='ocrx_word' id='word_1_591' title='bbox 3303 4925 3361 4998; x_wconf 87' lang='lat' dir='ltr'><strong>et</strong></span> <span class='ocrx_word' id='word_1_592' title='bbox 3405 4945 3627 5014; x_wconf 89' lang='lat' dir='ltr'><strong>apertis</strong></span> <span class='ocrx_word' id='word_1_593' title='bbox 3659 4925 3998 5005; x_wconf 72' lang='lat' dir='ltr'><strong>terroribus</strong></span> 
     </span>
    </p>
   </div>
   <div class='ocr_carea' id='block_1_75' title="bbox 569 5012 3997 5102">
    <p class='ocr_par' dir='ltr' id='par_1_75' title="bbox 569 5012 3997 5102">
     <span class='ocr_line' id='line_1_75' title="bbox 569 5012 3997 5102; baseline 0.009 -39"><span class='ocrx_word' id='word_1_594' title='bbox 569 5012 769 5102; x_wconf 73' lang='lat' dir='ltr'><strong>queris</strong></span> <span class='ocrx_word' id='word_1_595' title='bbox 787 5012 1137 5102; x_wconf 84' lang='lat' dir='ltr'><strong>patientiam</strong></span> <span class='ocrx_word' id='word_1_596' title='bbox 1167 5021 1249 5072; x_wconf 91' lang='lat' dir='ltr'><strong>:et</strong></span> <span class='ocrx_word' id='word_1_597' title='bbox 1271 5033 1408 5074; x_wconf 91' lang='lat' dir='ltr'><strong>cum</strong></span> <span class='ocrx_word' id='word_1_598' title='bbox 1431 5019 1524 5074; x_wconf 94' lang='lat' dir='ltr'><strong>ille</strong></span> <span class='ocrx_word' id='word_1_599' title='bbox 1544 5020 1894 5077; x_wconf 89' lang='lat' dir='ltr'><strong>insatiabilis</strong></span> <span class='ocrx_word' id='word_1_600' title='bbox 1906 5022 2210 5079; x_wconf 87' lang='lat' dir='ltr'><strong>homicida</strong></span> <span class='ocrx_word' id='word_1_601' title='bbox 2330 5028 2586 5079; x_wconf 90' lang='lat' dir='ltr'><strong>avertere</strong></span> <span class='ocrx_word' id='word_1_602' title='bbox 2610 5023 2964 5080; x_wconf 91' lang='lat' dir='ltr'><strong>moliuntur:</strong></span> <span class='ocrx_word' id='word_1_603' title='bbox 2983 5027 3044 5082; x_wconf 93' lang='lat' dir='ltr'><strong>in</strong></span> <span class='ocrx_word' id='word_1_604' title='bbox 3065 5028 3229 5083; x_wconf 93' lang='lat' dir='ltr'><strong>nullo</strong></span> <span class='ocrx_word' id='word_1_605' title='bbox 3249 5030 3409 5085; x_wconf 92' lang='lat' dir='ltr'><strong>enim</strong></span> <span class='ocrx_word' id='word_1_606' title='bbox 3432 5012 3753 5102; x_wconf 79' lang='lat' dir='ltr'><strong>proﬁcient</strong></span> <span class='ocrx_word' id='word_1_607' title='bbox 3775 5051 3997 5095; x_wconf 91' lang='lat' dir='ltr'><strong>eorum</strong></span> 
     </span>
    </p>
   </div>
   <div class='ocr_carea' id='block_1_76' title="bbox 567 5099 4008 5192">
    <p class='ocr_par' dir='ltr' id='par_1_76' title="bbox 567 5099 4008 5192">
     <span class='ocr_line' id='line_1_76' title="bbox 567 5099 4008 5192; baseline 0.008 -40"><span class='ocrx_word' id='word_1_608' title='bbox 567 5101 624 5192; x_wconf 76' lang='lat' dir='ltr'><strong>te</strong></span> <span class='ocrx_word' id='word_1_609' title='bbox 653 5099 988 5192; x_wconf 74' lang='lat' dir='ltr'><strong>Magistrum</strong></span> <span class='ocrx_word' id='word_1_610' title='bbox 1022 5103 1324 5162; x_wconf 91' lang='lat' dir='ltr'><strong>tradiderit</strong></span> <span class='ocrx_word' id='word_1_611' title='bbox 1351 5107 1746 5163; x_wconf 90' lang='lat' dir='ltr'><strong>occidendum</strong></span> <span class='ocrx_word' id='word_1_612' title='bbox 1777 5126 1792 5177; x_wconf 86' lang='lat'>;</span> <span class='ocrx_word' id='word_1_613' title='bbox 1820 5113 1882 5163; x_wconf 91' lang='lat' dir='ltr'><strong>tu</strong></span> <span class='ocrx_word' id='word_1_614' title='bbox 1908 5113 2110 5163; x_wconf 90' lang='lat' dir='ltr'><strong>tamen</strong></span> <span class='ocrx_word' id='word_1_615' title='bbox 2131 5125 2205 5164; x_wconf 92' lang='lat' dir='ltr'><strong>ne</strong></span> <span class='ocrx_word' id='word_1_616' title='bbox 2329 5109 2579 5174; x_wconf 63' lang='lat' dir='ltr'><strong>insidiae,</strong></span> <span class='ocrx_word' id='word_1_617' title='bbox 2611 5111 2787 5182; x_wconf 74' lang='lat'><strong>259</strong></span> <span class='ocrx_word' id='word_1_618' title='bbox 2819 5111 2867 5166; x_wconf 93' lang='lat' dir='ltr'><strong>si</strong></span> <span class='ocrx_word' id='word_1_619' title='bbox 2899 5117 2998 5169; x_wconf 92' lang='lat' dir='ltr'><strong>tuo</strong></span> <span class='ocrx_word' id='word_1_620' title='bbox 3030 5115 3374 5173; x_wconf 91' lang='lat' dir='ltr'><strong>muniamur</strong></span> <span class='ocrx_word' id='word_1_621' title='bbox 3404 5099 3644 5189; x_wconf 82' lang='lat' dir='ltr'><strong>semper</strong></span> <span class='ocrx_word' id='word_1_622' title='bbox 3692 5121 4008 5192; x_wconf 91' lang='lat' dir='ltr'><strong>adjutorio</strong></span> 
     </span>
    </p>
   </div>
   <div class='ocr_carea' id='block_1_77' title="bbox 563 5183 2885 5267">
    <p class='ocr_par' dir='ltr' id='par_1_77' title="bbox 563 5183 2885 5267">
     <span class='ocr_line' id='line_1_77' title="bbox 563 5183 2885 5267; baseline 0.006 -29"><span class='ocrx_word' id='word_1_623' title='bbox 563 5183 762 5255; x_wconf 91' lang='lat' dir='ltr'><strong>ipsum</strong></span> <span class='ocrx_word' id='word_1_624' title='bbox 793 5188 1032 5258; x_wconf 87' lang='lat' dir='ltr'><strong>quidem</strong></span> <span class='ocrx_word' id='word_1_625' title='bbox 1053 5192 1693 5249; x_wconf 88' lang='lat' dir='ltr'><strong>voluerismoriturum:</strong></span> <span class='ocrx_word' id='word_1_626' title='bbox 1715 5195 2205 5266; x_wconf 79' lang='lat' dir='ltr'><strong>daergo,quaesu-</strong></span> <span class='ocrx_word' id='word_1_627' title='bbox 2335 5197 2555 5265; x_wconf 81' lang='lat' dir='ltr'><strong>gratiae.</strong></span> <span class='ocrx_word' id='word_1_628' title='bbox 2580 5209 2644 5267; x_wconf 50' lang='lat' dir='ltr'><strong>ly.</strong></span> <span class='ocrx_word' id='word_1_629' title='bbox 2680 5202 2885 5253; x_wconf 85' lang='lat' dir='ltr'><strong>Amen.</strong></span> 
     </span>
    </p>
   </div>
   <div class='ocr_carea' id='block_1_78' title="bbox 562 5274 2534 5356">
    <p class='ocr_par' dir='ltr' id='par_1_78' title="bbox 562 5274 2534 5356">
     <span class='ocr_line' id='line_1_78' title="bbox 562 5274 2534 5356; baseline 0.008 -32"><span class='ocrx_word' id='word_1_630' title='bbox 562 5286 718 5326; x_wconf 89' lang='lat' dir='ltr'><strong>mus.</strong></span> <span class='ocrx_word' id='word_1_631' title='bbox 747 5274 942 5346; x_wconf 90' lang='lat' dir='ltr'><strong>nobis,</strong></span> <span class='ocrx_word' id='word_1_632' title='bbox 967 5282 1030 5333; x_wconf 89' lang='lat' dir='ltr'><strong>ut</strong></span> <span class='ocrx_word' id='word_1_633' title='bbox 1055 5280 1316 5350; x_wconf 88' lang='lat' dir='ltr'><strong>patiendi</strong></span> <span class='ocrx_word' id='word_1_634' title='bbox 1352 5280 1544 5336; x_wconf 91' lang='lat' dir='ltr'><strong>malos</strong></span> <span class='ocrx_word' id='word_1_635' title='bbox 1564 5281 1894 5334; x_wconf 87' lang='lat' dir='ltr'><strong>habeamus</strong></span> <span class='ocrx_word' id='word_1_636' title='bbox 1925 5289 2215 5356; x_wconf 52' lang='lat' dir='ltr'><strong>constans</strong></span> <span class='ocrx_word' id='word_1_637' title='bbox 2408 5284 2534 5339; x_wconf 87' lang='lat' dir='ltr'><strong>Per.</strong></span> 
     </span>
    </p>
   </div>
   <div class='ocr_carea' id='block_1_79' title="bbox 585 5357 4006 5460">
    <p class='ocr_par' dir='ltr' id='par_1_79' title="bbox 585 5357 4006 5460">
     <span class='ocr_line' id='line_1_79' title="bbox 585 5357 4006 5460; baseline 0.009 -48"><span class='ocrx_word' id='word_1_638' title='bbox 585 5357 788 5458; x_wconf 82' lang='lat' dir='ltr'><strong>iam,et</strong></span> <span class='ocrx_word' id='word_1_639' title='bbox 816 5363 1117 5460; x_wconf 36' lang='lat' dir='ltr'><strong>patientiae.</strong></span> <span class='ocrx_word' id='word_1_640' title='bbox 1133 5369 1448 5460; x_wconf 83' lang='lat' dir='ltr'><strong>teneamus</strong></span> <span class='ocrx_word' id='word_1_641' title='bbox 1484 5365 1923 5460; x_wconf 81' lang='lat' dir='ltr'><strong>exemplaznon</strong></span> <span class='ocrx_word' id='word_1_642' title='bbox 1951 5383 2062 5423; x_wconf 92' lang='lat' dir='ltr'><strong>nos</strong></span> <span class='ocrx_word' id='word_1_643' title='bbox 2106 5365 2226 5460; x_wconf 66' lang='lat' dir='ltr'><strong>vo-_l</strong></span> <span class='ocrx_word' id='word_1_644' title='bbox 2407 5371 2739 5438; x_wconf 82' lang='lat' dir='ltr'><strong>Antiphona</strong></span> <span class='ocrx_word' id='word_1_645' title='bbox 2761 5378 2807 5426; x_wconf 86' lang='grc'><strong>1.</strong></span> <span class='ocrx_word' id='word_1_646' title='bbox 2837 5377 3156 5432; x_wconf 83' lang='lat' dir='ltr'><strong>Astiterunt</strong></span> <span class='ocrx_word' id='word_1_647' title='bbox 3183 5393 3352 5448; x_wconf 88' lang='lat' dir='ltr'><strong>reges</strong></span> <span class='ocrx_word' id='word_1_648' title='bbox 3379 5382 3569 5445; x_wconf 77' lang='lat' dir='ltr'><strong>terrae,</strong></span> <span class='ocrx_word' id='word_1_649' title='bbox 3603 5387 3660 5438; x_wconf 91' lang='lat' dir='ltr'><strong>et</strong></span> <span class='ocrx_word' id='word_1_650' title='bbox 3685 5385 4006 5460; x_wconf 89' lang='lat' dir='ltr'><strong>principes</strong></span> 
     </span>
    </p>
   </div>
   <div class='ocr_carea' id='block_1_80' title="bbox 605 5448 4013 5540">
    <p class='ocr_par' dir='ltr' id='par_1_80' title="bbox 605 5448 4013 5540">
     <span class='ocr_line' id='line_1_80' title="bbox 605 5448 4013 5540; baseline 0.007 -33"><span class='ocrx_word' id='word_1_651' title='bbox 605 5461 734 5518; x_wconf 69' lang='lat' dir='ltr'><strong>ego</strong></span> <span class='ocrx_word' id='word_1_652' title='bbox 749 5448 851 5506; x_wconf 62' lang='lat' dir='ltr'><strong>ira</strong></span> <span class='ocrx_word' id='word_1_653' title='bbox 882 5452 1225 5524; x_wconf 67' lang='lat' dir='ltr'><strong>prmcipitet,</strong></span> <span class='ocrx_word' id='word_1_654' title='bbox 1257 5467 1367 5506; x_wconf 92' lang='lat' dir='ltr'><strong>nec</strong></span> <span class='ocrx_word' id='word_1_655' title='bbox 1413 5466 1520 5524; x_wconf 87' lang='lat' dir='ltr'><strong>per</strong></span> <span class='ocrx_word' id='word_1_656' title='bbox 1543 5457 1779 5509; x_wconf 87' lang='lat' dir='ltr'><strong>noctem</strong></span> <span class='ocrx_word' id='word_1_657' title='bbox 1819 5454 2000 5525; x_wconf 85' lang='lat' dir='ltr'><strong>hujus</strong></span> <span class='ocrx_word' id='word_1_658' title='bbox 2033 5457 2210 5513; x_wconf 73' lang='lat' dir='ltr'><strong>saecul</strong></span> <span class='ocrx_word' id='word_1_659' title='bbox 2339 5465 2739 5516; x_wconf 91' lang='lat' dir='ltr'><strong>convenerunt</strong></span> <span class='ocrx_word' id='word_1_660' title='bbox 2762 5461 2821 5517; x_wconf 93' lang='lat' dir='ltr'><strong>in</strong></span> <span class='ocrx_word' id='word_1_661' title='bbox 2843 5477 3051 5532; x_wconf 89' lang='lat' dir='ltr'><strong>unum,</strong></span> <span class='ocrx_word' id='word_1_662' title='bbox 3083 5465 3370 5521; x_wconf 87' lang='lat' dir='ltr'><strong>adversus</strong></span> <span class='ocrx_word' id='word_1_663' title='bbox 3394 5448 3748 5540; x_wconf 84' lang='lat' dir='ltr'><strong>Dominum,</strong></span> <span class='ocrx_word' id='word_1_664' title='bbox 3807 5481 3867 5531; x_wconf 89' lang='lat' dir='ltr'><strong>et</strong></span> <span class='ocrx_word' id='word_1_665' title='bbox 3897 5448 4013 5532; x_wconf 72' lang='lat' dir='ltr'><strong>ad-</strong></span> 
     </span>
    </p>
   </div>
  </div>
