4192 6406
148 351 250 407 449

1340 355 1686 411 DOMINICA
1729 353 1794 408 IV
1836 350 2442 419 QUADRAGESIM/E.

3466 364 3570 417 45’)

144 492 350 530 versus
381 475 682 529 Christum
712 477 858 546 ejus.
895 481 950 532 Ρ.
985 479 1091 542 Qui
1115 478 1342 535 habitat
1376 481 1436 535 in
1463 479 1646 543 caelis,
1683 476 1804 532 irri-
1841 477 1884 530 A
1915 480 1971 530 et
1998 478 2233 547 propria
2254 479 2353 533 tibi
2385 480 2633 534 Domino
2662 478 2985 549 pandentes
3013 479 3260 550 piacula,
3285 484 3569 553 eiulantes

148 565 306 620 dehit
336 579 440 618 eos
472 582 483 617 :
513 568 569 617 et
602 567 884 620 Dominus
914 567 1313 622 subsannabit
1353 585 1456 623 eos
1498 586 1508 622 :
1539 573 1593 622 et
1617 569 1674 622 in
1721 568 1804 620 fu-

150 668 276 707 rore
331 667 440 705 suo
499 652 876 708 conturbabit
923 670 1042 708 eos.
1092 655 1153 714 ἲν.
1207 658 1398 720 Quare
1439 657 1806 710 fremuerunt

152 744 372 808 gentes,
409 743 464 793 et
497 740 702 809 populi
733 741 996 796 meditati
1030 748 1164 797 sunt
1194 743 1401 799 inania
1431 743 1458 796 7
1486 745 1552 796 Ρ.
1585 744 1711 806 Qui.
1743 742 1804 801 ἓν.

156 826 370 882 Gloria.
408 827 475 881 Ρ.
508 828 634 891 Qui.

223 915 454 970 Oratio.
489 918 641 969 Deus
666 917 830 970 Pater
856 917 1148 986 Unigeniti
1177 918 1278 973 ﬁlii
1309 919 1411 982 tui,
1443 920 1545 990 qui
1570 918 1806 973 habitas

155 1004 211 1057 in
225 1003 409 1068 caelis,
429 1003 537 1073 qui
558 1003 890 1059 irridendos
912 1011 1089 1076 atque
1117 1007 1581 1062 subsannandos
1598 1021 1806 1062 omnes

153 1106 316 1159 reges
335 1095 508 1144 terrae
531 1096 585 1146 et
610 1091 926 1163 principes,
952 1093 1270 1149 adversum
1309 1096 1604 1150 Christum
1635 1100 1805 1150 tuum

154 1179 600 1245 convenientes,
629 1180 892 1234 ostendis
937 1197 950 1244 ;
993 1181 1062 1236 da
1095 1183 1268 1237 nobis
1294 1183 1547 1253 speciale
1585 1198 1806 1236 munus

153 1267 262 1322 hoc
293 1266 503 1334 gratiae
527 1271 661 1330 tuae,
697 1272 757 1321 ut
782 1268 1049 1323 adversis
1103 1270 1439 1325 nesciamus
1479 1271 1592 1325 ullo
1625 1269 1805 1325 modo

153 1354 356 1408 cedere
395 1375 408 1409 :
437 1370 566 1425 quo
603 1354 686 1409 sic
712 1355 770 1408 in
798 1355 994 1411 furore
1021 1362 1122 1411 tuo
1144 1357 1462 1413 inﬁdelitas
1496 1357 1806 1412 conturbe-

152 1448 260 1510 tur,
291 1445 355 1495 ut
386 1457 457 1496 ex
514 1447 617 1497 tuo
657 1441 954 1512 adjutorio
991 1449 1200 1500 nostra
1227 1444 1542 1502 credulitas
1564 1460 1805 1501 corone-

154 1535 259 1584 tur.
290 1541 353 1599 R'.
378 1532 597 1586 Amen.

219 1621 344 1674 Per.

219 1708 261 1760 Α
275 1706 572 1773 ntiphona
589 1711 642 1760 2.
664 1706 845 1762 Odisti
875 1708 1119 1764 Domine
1137 1723 1343 1763 omnes
1360 1710 1459 1781 qui
1484 1714 1807 1780 operantur

1914 563 2256 634 lachrymis,
2287 572 2521 635 pectore
2543 565 2853 620 verberato
2885 567 3179 636 supplices
3198 585 3472 629 oramus:
3504 578 3570 627 ut

1914 657 2145 706 avertas
2175 669 2210 707 a
2231 654 2447 707 nostris
2479 654 2798 709 sceleribus
2825 653 3036 708 faciem
3063 673 3074 718 ;
3109 660 3162 710 et
3189 656 3407 724 deleas,
3431 675 3567 729 quae

1915 738 2229 806 gessimus,
2272 745 2484 795 cuncta
2511 744 2928 811 peccata.Crea
2960 741 3156 811 itaque
3188 744 3338 796 Deus
3361 744 3418 798 in
3437 760 3569 799 cor-

1914 826 2090 880 dibus
2128 828 2367 894 nostris,
2417 829 2578 898 quod
2611 845 2776 884 ames
2805 846 2818 892 ;
2852 834 2906 883 et
2951 829 3369 899 propitiatione
3400 831 3570 888 solita

1914 913 2163 978 dimitte,
2187 915 2350 985 quod
2376 916 2507 971 odis
2544 933 2555 970 :
2585 933 2654 972 ac
2680 917 2727 970 si
2760 920 2816 971 te
2843 916 3050 971 crebro
3083 917 3159 971 ad
3189 918 3568 974 irascendum

1914 1007 2118 1056 nostra
2156 1011 2510 1075 exasperant
2557 1005 2734 1070 vitia;
2770 1009 2865 1060 tua
2923 1009 2976 1060 te
3005 1005 3182 1060 nobis
3211 1005 3569 1076 placabitem

1913 1089 2126 1144 reddat
2154 1090 2541 1162 indulgentia.
2586 1104 2648 1163 1y.
2680 1100 2889 1149 Amen.

1986 1181 2107 1232 Per.

1985 1266 2080 1319 Ad
2093 1267 3240 1338 Canticum.Antiphona.Confundantur
3253 1285 3454 1326 omnes
3468 1272 3566 1342 qui

1913 1367 2010 1407 me
2031 1361 2487 1425 persequuntur,
2518 1362 2574 1413 et
2603 1372 2724 1411 non
2766 1356 3098 1413 confundar
3128 1372 3238 1427 ego
3264 1375 3275 1414 :
3306 1364 3566 1430 paveant

1913 1441 2014 1506 illi,
2057 1446 2112 1497 et
2148 1457 2270 1497 non
2311 1459 2567 1514 paveam
2599 1459 2729 1513 ego.

2222 1532 2540 1587 Canticum
2567 1533 2886 1588 Hieremiae
2911 1533 3078 1601 (Cap.
3104 1535 3260 1604 xvu).

1989 1620 2144 1674 Sana
2170 1635 2265 1674 me
2280 1621 2549 1689 Domine,
2569 1621 2923 1676 etsanabor:
2951 1623 2971 1644 '
2993 1622 3224 1676 salvum
3257 1638 3352 1677 me
3378 1623 3490 1689 fac,
3510 1625 3567 1680 et

1917 1705 2114 1760 salvus
2145 1722 2244 1761 ero
2270 1724 2281 1761 :
2314 1709 2601 1777 quoniam
2628 1709 2759 1765 laus
2786 1725 2938 1773 mea,
2969 1714 3024 1764 et
3045 1710 3230 1764 virtus
3254 1715 3461 1765 meatu
3479 1728 3564 1768 es.

150 1793 526 1863 iniquitatem
561 1814 572 1847 :
611 1795 668 1846 P.
695 1794 908 1849 l’erdes
939 1811 1039 1850 eos
1065 1797 1166 1866 qui
1192 1797 1517 1867 loquuntur
1557 1797 1804 1851 menda-
1843 1815 1888 1869 Β
1991 1796 2132 1849 Ecce
2163 1795 2275 1864 ipsi
2293 1795 2498 1850 dicunt
2521 1797 2664 1850 mihi
2695 1813 2707 1849 :
2739 1796 2952 1850 Ubiest
2981 1797 3231 1852 verbum
3251 1797 3563 1852 Domini?‘

155 1881 330 1945 cium,
361 1881 419 1939 ἲν.
477 1882 694 1938 Judica
723 1882 873 1949 illos,
926 1887 1093 1939 Deus.
1126 1885 1408 1940 Decidant
1444 1901 1479 1940 a
1505 1885 1808 1954 cogitatio-

159 1969 330 2023 nibus
360 1970 506 2024 suis.

224 2056 432 2112 Oratio.
486 2059 661 2122 Deus,
693 2059 797 2129 qui
854 2059 991 2114 odio
1023 2059 1210 2115 habes
1260 2075 1491 2124 omnes,
1535 2061 1638 2131 qui
1669 2076 1805 2131 ope-

147 2145 765 2216 ranturiniquitatem,
783 2146 1083 2202 charitatis
1111 2147 1442 2202 munimine
1468 2163 1575 2202 nos
1602 2148 1762 2218 reple
1790 2166 1802 2202 :

150 2239 206 2287 ut
256 2233 598 2304 aliquando
631 2234 708 2289 ad
766 2240 819 2289 te
855 2236 1146 2301 conversi,
1179 2235 1399 2290 doloris
1430 2237 1521 2290 sui
1552 2237 1809 2291 sentiant

147 2323 481 2392 cumulum,
517 2323 620 2394 qui
649 2327 856 2378 contra
882 2328 933 2378 te
963 2323 1290 2394 loquuntur
1311 2324 1714 2380 mendacium.
1740 2335 1802 2393 Br.

149 2411 357 2464 Amen.

213 2498 337 2552 Per.

210 2586 569 2653 Autiphona
593 2589 644 2639 3.
671 2585 820 2650 Quia
841 2599 960 2640 non
984 2589 1070 2640 est
1090 2585 1150 2638 in
1176 2601 1276 2640 ore
1302 2586 1681 2642 inimicorum
1705 2601 1805 2642 ve-

142 2673 277 2728 ritas
298 2689 428 2728 :cor
458 2688 666 2728 eorum
689 2689 912 2728 vanum
940 2677 1045 2727 est.
1069 2673 1460 2744 Sepulchrum
1489 2680 1698 2744 patens
1720 2679 1807 2728 est

147 2766 342 2829 guttur
371 2776 612 2823 eorum,
657 2761 714 2813 Ι).
750 2761 987 2829 Linguis
1020 2763 1143 2814 suis
1173 2760 1380 2815 dolose
1403 2762 1680 2829 agebant,
1711 2761 1801 2830 ju-

148 2849 276 2903 dica
302 2849 437 2905 illos
471 2851 645 2903 Deus.
694 2848 754 2907 Ψ.
791 2849 1078 2913 Quoniam
1104 2856 1166 2903 tu
1225 2849 1567 2918 percussisti
1597 2864 1806 2902 omnes

147 2937 537 2992 adversantes
570 2937 713 2992 mihi
754 2937 881 2991 sine
912 2952 1100 2992 causa
1133 2954 1144 2991 :
1185 2937 1390 2991 dentes
1423 2943 1805 3007 peccatorum

151 3025 499 3080 contrivisti.

1916 1883 2128 1938 veniat.
2166 1885 2230 1938 Et
2256 1898 2370 1952 ego
2401 1899 2519 1939 non
2549 1901 2685 1939 sum
2724 1884 3012 1951 turbatus,
3056 1890 3108 1940 te
3134 1890 3438 1955 pastorem
3470 1902 3562 1942 se-

1914 1987 2124 2042 quens.

1988 2061 2052 2112 Et
2089 2058 2249 2112 diem
2277 2058 2534 2114 hominis
2558 2074 2680 2114 non
2697 2058 3047 2125 desideravi,
3082 2064 3144 2114 tu
3177 2060 3312 2114 scis.
3345 2062 3361 2077 '
3393 2062 3564 2125 Quod

1915 2161 2222 2216 egressum
2234 2145 2485 2202 delabiis
2497 2147 2898 2209 meis,rectum
2911 2147 2969 2201 in
2983 2152 3308 2218 conspectu
3324 2152 3423 2204 tuo
3437 2148 3562 2206 fuit.

1987 2237 2111 2288 Non
2144 2236 2221 2288 sis
2261 2236 2403 2289 mihi
2427 2235 2748 2301 formidini,
2773 2236 2795 2258 *
2837 2250 2971 2306 spes
3003 2251 3138 2291 mea
3168 2239 3231 2290 tu
3261 2236 3321 2290 in
3350 2236 3446 2292 die
3483 2237 3566 2293 af-

1915 2321 2192 2378 ﬂictionis
2219 2339 2388 2380 meae.

1987 2410 2778 2484 Confundanturomnesqui
2798 2427 2890 2466 me
2903 2417 3423 2483 persequuntur,et
3441 2429 3564 2470 non

1915 2496 2246 2553 confundar
2269 2513 2379 2567 ego
2403 2516 2419 2550 ε
2442 2502 2461 2520 '
2493 2504 2751 2569 paveant
2778 2498 2880 2563 illi,
2915 2505 2970 2554 et
2996 2515 3115 2556 non
3149 2515 3401 2570 paveam
3431 2516 3561 2570 ego.

1990 2585 2168 2640 lnduc
2183 2602 2361 2657 super
2390 2603 2492 2642 eos
2513 2587 2671 2642 diem
2685 2586 3044 2651 afﬂictionis,
3067 2589 3079 2603 '
3101 2591 3158 2643 et
3185 2587 3411 2657 duplici
3429 2603 3565 2643 con-

1914 2673 2146 2728 tritione
2175 2679 2409 2728 contere
2439 2689 2563 2729 eos.

1988 2761 2206 2815 Oratio.
2246 2761 2696 2816 Confundantur
2729 2777 2938 2817 omnes
2982 2762 3251 2825 Domine,
3307 2763 3410 2833 qui
3438 2779 3569 2834 per-

1916 2853 2248 2918 sequuntur
2277 2848 2338 2902 in
2371 2864 2480 2904 nos
2510 2854 2784 2904 sanctum
2851 2864 3072 2903 nomen
3122 2853 3309 2913 tuum,
3367 2855 3567 2904 etnon

1915 2935 2358 2990 confundamur
2394 2951 2524 3005 nos,
2562 2937 2663 3007 qui
2692 2951 3044 2992 veneramur
3083 2941 3138 2992 et
3161 2937 3477 3002 credimus,
3513 2941 3570 2992 et

1915 3023 2211 3094 passionis
2239 3028 2353 3077 tuae
2381 3023 2682 3094 injuriam,
2731 3029 2788 3079 et
2841 3023 3285 3079 resurrectionis
3326 3029 3439 3079 tuae
3465 3041 3569 3094 po-

219 3115 443 3169 Oratio.
482 3115 550 3170 In
576 3129 675 3168 ore
698 3112 1083 3168 inimicorum
1113 3117 1372 3168 tuorum.
1408 3113 1672 3178 Domine,
1707 3127 1806 3167 ve-
1845 3150 1886 3206 C
1917 3111 2159 3166 tentiam
2197 3128 2210 3165 :
2241 3112 2560 3182 praavaleat
2588 3127 2728 3182 ergo
2758 3113 2944 3168 virtus
2967 3112 3165 3183 gloriae
3198 3117 3332 3182 tuae,
3353 3128 3486 3184 qua:
3512 3118 3570 3168 et

151 3200 288 3256 ritas
305 3218 433 3256 non
463 3207 550 3256 est
582 3217 594 3256 :
619 3201 761 3272 quia
786 3202 930 3255 dum
963 3204 998 3255 a
1025 3206 1078 3255 te
1106 3203 1166 3255 in
1196 3200 1414 3254 intimis
1442 3205 1804 3264 avertuntur,

150 3304 246 3343 cor
275 3306 488 3344 eorum
512 3290 772 3344 vanitate
794 3289 1138 3344 destruitur.
1167 3289 1253 3344 Da
1279 3303 1419 3358 ergo
1451 3289 1808 3352 nobis,utsic

149 3373 353 3444 lingua
385 3382 590 3430 nostra
623 3392 756 3429 cum
795 3377 1046 3446 puritate
1087 3377 1462 3431 conscientiae
1493 3380 1806 3446 acceptum

150 3463 249 3518 tibi
277 3464 510 3519 deferat
529 3464 844 3535 hymnum,
861 3472 921 3518 ut
952 3471 1160 3535 patens
1179 3464 1562 3534 malignitatis
1588 3479 1710 3519 non
1729 3463 1804 3519 ef-

149 3549 429 3607 ficiantur
461 3551 865 3623 sepulchrum.
899 3564 960 3622 Ην.
993 3555 1200 3608 Amen.

218 3640 351 3696 Per.

218 3737 288 3796 ly.
334 3727 574 3782 Miseriis
629 3729 885 3784 afﬂictus
908 3744 1062 3792 sum,
1090 3732 1145 3783 et
1175 3728 1442 3784 turbatus
1469 3744 1604 3783 sum
1633 3746 1644 3782 :
1687 3731 1810 3785 tota.

145 3815 243 3869 die
285 3815 668 3870 contristatus
691 3815 1069 3882 ingrediebar
1093 3833 1104 3869 :
1139 3819 1426 3886 quoniam
1449 3817 1652 3870 anima
1674 3831 1809 3872 mea

143 3900 455 3970 completa
487 3907 573 3956 est
630 3902 1128 3959 inlusionibus.P.
1149 3905 1210 3956 Et
1239 3918 1357 3956 non
1391 3909 1478 3958 est
1501 3903 1724 3958 sanitas
1748 3904 1810 3957 in

147 4003 332 4042 carne
361 4004 515 4044 mea.
549 3988 607 4047 ἲν.
653 3989 947 4052 Quoniam
982 3988 1213 4057 sagittae
1249 3993 1364 4043 tua:
1424 3990 1619 4042 infixae
1675 3997 1810 4046 sunt

145 4076 298 4132 mihi
323 4095 335 4128 :
364 4082 420 4132 et
449 4076 815 4132 conﬁrmasti
842 4091 1020 4146 super
1040 4091 1136 4132 me
1155 4090 1407 4131 manum
1431 4081 1617 4131 tuam.
1652 4077 1713 4132 P.
1747 4080 1812 4133 Et

147 4180 271 4220 non
301 4169 410 4222 est.

219 4254 444 4309 Oratio.
476 4253 724 4309 Domine
753 4255 888 4308 Jesu
943 4252 1184 4318 Christe,
1214 4253 1316 4323 qui
1367 4252 1721 4308 traditurum
1757 4257 1808 4310 te

152 4343 491 4411 morti,ante
518 4349 769 4400 mortem
798 4343 1081 4414 praescius
1106 4342 1424 4414 praedixisti
1452 4360 1464 4410 ;
1490 4347 1545 4398 et
1567 4342 1680 4398 illic
1704 4343 1806 4398 ubi

152 4434 472 4488 constituta
502 4439 588 4488 est
609 4432 822 4488 domus
841 4433 1036 4486 omnis
1057 4431 1327 4492 viventis,
1356 4431 1432 4486 ad
1453 4431 1684 4487 inferna
1703 4433 1807 4487 uti-

153 4535 285 4590 que,
320 4522 582 4576 moriens
599 4521 985 4576 descendisti:
1020 4522 1099 4576 da
1123 4520 1548 4585 nobis,utcum
1577 4527 1810 4591 tempus

153 4611 478 4666 vocationis
509 4617 725 4666 nostrte
761 4609 1087 4678 advenerit,
1118 4609 1234 4664 illic
1265 4625 1386 4664 non
1414 4608 1807 4664 deveniamus

149 4699 429 4754 retenturi
452 4700 510 4753 in
527 4715 770 4769 pmuam
801 4716 811 4751 :
841 4714 962 4769 quo
987 4703 1047 4752 tu
1066 4698 1325 4753 moriens
1342 4697 1624 4753 liberator
1645 4714 1809 4753 acce-

151 4785 272 4842 sisti
287 4804 392 4859 per
412 4790 677 4842 veniam:
706 4787 812 4842 sed
831 4788 1101 4842 emittens
1115 4801 1366 4841 manum
1389 4791 1553 4842 tuam
1571 4786 1646 4841 de
1674 4803 1808 4858 pro-

152 4871 331 4932 fundo
363 4877 578 4931 inferni
608 4874 925 4930 manifesta
954 4874 1217 4944 potentia
1245 4873 1470 4940 libera;
1505 4876 1609 4946 qui
1646 4875 1808 4930 solus

153 4975 254 5031 pro
279 4965 483 5036 impiis
527 4971 692 5020 tuam
725 4977 947 5034 ponere
1000 4962 1281 5032 dignatus
1325 4977 1387 5017 es
1419 4963 1706 5020 animam.
1741 4974 1803 5032 Iv.

154 5052 356 5108 Amen.

219 5140 345 5196 Per.

775 5229 845 5283 In
881 5228 1180 5284 laudibus.

218 5318 572 5388 Antiphonti.
614 5317 910 5382 Quoniam
941 5316 1312 5387 iniquitatem
1347 5331 1545 5372 meam
1563 5331 1675 5385 ego
1702 5332 1800 5372 co-

153 5416 390 5471 gnosco,
422 5406 670 5463 Domine
703 5423 716 5460 :
763 5405 839 5460 ab
878 5406 1012 5476 ipsa
1052 5404 1280 5460 munda
1309 5420 1428 5461 me.
1485 5405 1799 5476 Deprecor,

152 5493 430 5550 miserere
455 5496 594 5558 mei,
619 5493 915 5549 miserere.
950 5493 1231 5549 Psalmus
1271 5511 1321 5548 ιι.

221 5581 444 5642 Oratio.
473 5582 952 5657 Agnoscentibus
973 5581 1147 5639 nobis
1169 5581 1511 5654 iniquitates
1531 5586 1796 5651 nostras,

1915 3205 2340 3271 persequentes
2361 3205 2413 3255 te
2434 3216 2468 3256 a
2496 3201 2783 3271 pravitate
2828 3201 3136 3271 deterreat,
3179 3207 3236 3258 et
3264 3201 3569 3257 credentes

1914 3289 1975 3344 in
2003 3293 2290 3342 internum
2321 3287 2424 3343 tibi
2452 3287 2830 3344 laetabundos
2863 3289 3208 3360 conjungat.
3241 3301 3307 3360 Βί.
3355 3292 3568 3347 Amen.

1987 3379 2110 3440 Per,
2136 3381 2244 3430 etc.

1990 3465 2167 3535 260
2195 3465 2292 3519 Ad
2321 3465 2690 3521 Benedictus.
2712 3465 3077 3535 Antiphona.
3110 3468 3230 3534 Ego
3253 3465 3332 3521 ad
3360 3469 3432 3531 te,
3465 3468 3572 3521 Do-

1917 3552 2358 3616 mine,clamavi
2397 3559 2453 3608 et
2475 3569 2652 3609 mane
2684 3554 2875 3609 oratio
2898 3569 3023 3608 mea
3053 3554 3376 3625 praeveniet
3400 3558 3476 3608 te.
3507 3553 3569 3612 ἵ.

1918 3641 2167 3696 Domine
2219 3642 2370 3696 Deus
2409 3642 2613 3698 salutis
2669 3657 2839 3709 meae,
2883 3642 2973 3698 die
3004 3641 3278 3712 clamavi,
3314 3646 3369 3696 et
3405 3645 3574 3698 nocte

1919 3744 2124 3785 coram
2153 3734 2226 3784 te.

1988 3818 2220 3873 Lauda.
2245 3822 2305 3872 In
2320 3818 2538 3873 sanctis
2565 3819 2614 3888 ej
2628 3835 2693 3872 us
2711 3819 2951 3873 laudate
2967 3819 3312 3875 Dominum:
3330 3818 3390 3874 in
3412 3816 3575 3890 psal-

1919 3905 2083 3969 terio,
2114 3910 2169 3960 et
2196 3906 2420 3962 cithara
2444 3906 2684 3961 laudate
2724 3922 2884 3961 eum.
2913 3909 3200 3962 Psalmus
3231 3923 3314 3963 CL.

2043 3994 2238 4048 Lectio
2264 3994 2406 4048 libri
2433 3994 2721 4048 Samuelis
2753 3994 2969 4062 (Primi
2996 3995 3212 4064 Regum
3235 4009 3366 4062 cap.
3389 3995 3456 4063 1).

1991 4091 2058 4149 Βι.
2091 4083 2208 4134 Deo
2249 4081 2492 4149 gratias.

1992 4171 2055 4223 ln
2081 4167 2194 4222 illis
2224 4167 2437 4222 diebus
2464 4183 2475 4222 :
2503 4168 2781 4238 Concepit
2810 4172 3002 4235 Anna,
3047 4174 3100 4222 et
3135 4167 3359 4238 peperit
3386 4166 3576 4224 ﬁlium

1918 4257 2268 4326 vocavitque
2290 4271 2510 4311 nomen
2541 4255 2670 4325 ejus
2694 4254 2931 4310 Samuel
2956 4270 3055 4310 :eo
3075 4256 3240 4326 quod
3259 4272 3294 4311 a
3324 4255 3578 4312 Domino

1919 4344 2288 4418 postulasset
2316 4342 2760 4399 eum.Ascendit
2781 4348 2979 4398 autem
3024 4343 3112 4398 vir
3138 4344 3434 4414 Elcana,et
3463 4359 3581 4399 om-

1920 4435 2012 4489 nis
2044 4434 2263 4488 domus
2301 4433 2449 4502 ejus,
2475 4437 2536 4487 ut
2556 4432 3162 4487 immolaretDomino
3206 4433 3459 4488 hostiam
3490 4448 3580 4488 so-

1919 4523 2200 4585 lemnem,
2234 4526 2290 4577 et
2310 4526 2514 4576 votum
2553 4536 2751 4584 suum,
2806 4526 2862 4575 et
2899 4522 3070 4576 Anna
3105 4537 3226 4576 non
3257 4521 3528 4577 ascendit
3558 4535 3576 4579 :

1920 4613 2066 4667 dixit
2094 4611 2250 4666 enim
2278 4611 2408 4665 viro
2439 4626 2542 4664 suo
2577 4629 2588 4668 :
2628 4612 2753 4665 Non
2817 4610 3163 4679 ascendam,
3199 4611 3390 4666 donec
3418 4610 3581 4666 abla-

1920 4706 2107 4756 ctetur
2135 4700 2353 4769 infans,
2409 4704 2466 4754 et
2495 4699 2715 4755 ducam
2748 4714 2907 4764 eum,
2942 4704 2998 4753 et
3036 4704 3324 4769 appareat
3349 4699 3410 4752 in
3439 4713 3580 4753 con-

1919 4796 2125 4862 spectu
2156 4790 2275 4853 Dei,
2311 4793 2366 4843 et
2397 4792 2638 4844 maneat
2667 4787 2747 4841 ibi
2780 4787 3014 4856 jugiter.
3052 4790 3115 4841 Et
3138 4787 3216 4841 ait
3238 4786 3456 4841 Elcana
3487 4786 3576 4841 vir

1919 4893 2090 4932 suus:
2118 4878 2232 4932 Fac
2260 4876 2424 4947 quod
2451 4875 2555 4929 tibi
2585 4875 2814 4929 bonum
2833 4873 3084 4939 videtur,
3116 4878 3171 4928 et
3190 4888 3370 4929 mane
3386 4873 3580 4930 donec

1918 4965 2182 5021 ablactes
2213 4980 2368 5018 eum.
2400 4963 2608 5018 Mansit
2627 4977 2768 5031 ergo
2786 4961 3081 5024 mulier,et
3111 4961 3580 5018 lactabatﬁlium

1919 5054 2316 5117 suum,donec
2335 5056 2797 5109 amovereteum
2837 5067 2871 5106 a
2902 5050 3146 5106 lacte.Et
3172 5051 3578 5107 adduxiteum

1917 5158 2140 5206 secum,
2163 5147 2487 5214 postquam
2519 5139 2940 5202 ablactaverat,
2970 5139 3028 5193 in
3054 5139 3250 5194 vitulis
3280 5139 3491 5204 tribus,
3528 5143 3584 5194 et

1915 5231 2102 5286 tribus
2131 5231 2350 5286 modiis
2377 5229 2604 5293 farinae,
2660 5233 2714 5283 et
2749 5229 3044 5298 amphora
3073 5229 3213 5294 vini,
3244 5233 3300 5283 et
3330 5226 3581 5283 adduxit

1913 5335 2053 5374 eum
2084 5321 2144 5374 in
2175 5319 2425 5374 domum
2451 5317 2760 5373 Dominiin
2790 5316 2925 5372 Silo.
2949 5319 3096 5371 Puer
3117 5321 3317 5371 autem
3350 5314 3575 5369 eratin-

1912 5408 2176 5464 fantulus
2206 5426 2218 5462 :
2252 5414 2308 5464 et
2360 5407 2821 5463 immolaverunt
2846 5406 3121 5467 vitulum,
3150 5411 3206 5460 et
3231 5402 3574 5460 obtulerunt

1910 5512 2167 5568 puerum
2209 5497 2348 5565 Heli,
2389 5501 2694 5568 ,Annaque
2725 5493 2804 5550 ait
2833 5513 2846 5548 :
2881 5493 3138 5549 Obsecro
3182 5492 3267 5546 mi
3297 5488 3576 5565 Domine,

1908 5585 2073 5644 vivat
2085 5586 2288 5645 anima
2302 5590 2540 5656 tuazego
2559 5599 2694 5641 sum
2707 5583 2810 5640 illa
2831 5580 3204 5652 mulier,quae
3221 5577 3356 5637 steti
3369 5585 3580 5640 coram
