4192 6412
583 274 682 328 451

1853 267 2296 327 BREVIARIUM
2335 266 2724 324 GOTHICUM.

3861 261 3961 317 452

585 398 639 450 te
666 395 762 450 hic
791 409 970 450 orans
1000 394 1466 451 Dominum.Pro
1497 409 1682 467 puero
1706 396 1817 451 isto
1838 395 2022 457 oravi,
2048 397 2104 450 et
2131 392 2226 448 de-
2263 391 2310 446 A
2411 390 2581 445 Pater
2598 392 2820 444 noster.
2853 390 2900 442 A
2931 386 3092 443 malo
3121 399 3234 442 nos
3263 383 3468 448 libera,
3502 384 3608 438 etc.

585 480 824 535 ditmihi
840 479 1119 535 Dominus
1141 481 1485 551 petitionem
1510 496 1916 553 meam,quam
1930 479 2228 553 postulavi

582 582 739 622 eum.
772 567 995 623 Idcirco
1016 567 1394 622 commodavi
1421 582 1557 623 eum
1579 568 1850 637 Domino,
1867 569 2092 624 cunctis
2112 567 2231 620 die-

582 653 696 708 bus
717 653 938 725 quibus
953 654 1125 710 fuerit
1139 655 1568 710 accomodatus
1585 655 1856 710 Domino.
1868 659 1929 711 Et
1955 653 2230 710 adoravit

582 740 668 796 ibi
693 741 1101 798 Dominum.Et
1123 743 1313 798 oravit
1351 747 1537 808 Anna,
1572 748 1626 798 et
1648 743 1727 800 ait
1759 759 1772 796 :
1807 742 2099 798 Exultavit
2129 755 2231 796 cor

585 843 788 884 meum
817 829 877 884 in
910 830 1176 900 Domino,
1205 835 1260 884 et
1312 830 1635 886 exaltatum
1665 835 1754 885 est
1807 846 1909 886 cor
1938 844 2139 886 meum
2167 828 2229 882 in

587 916 708 973 Deo
740 916 982 972 salutari
1026 933 1182 973 meo.
1210 916 1374 988 (Cap.
1401 920 1480 988 η.)
1512 920 1576 973 Et
1607 917 1751 973 abiit
1777 918 1994 974 Elcana
2029 918 2088 972 in
2116 918 2226 971 Ra-

587 1005 813 1068 matha,
839 1003 1049 1061 urbem
1075 1020 1246 1060 suam
1273 1019 1284 1056 :
1316 1020 1462 1076 puer
1488 1009 1686 1060 autem
1719 1005 1959 1060 Samuel
1987 1008 2112 1060 erat
2125 1001 2228 1057 mi-

587 1091 770 1148 nister
795 1091 855 1145 in
890 1097 1212 1162 conspectu
1229 1092 1461 1148 Domini
1485 1096 1618 1148 ante
1647 1093 1862 1149 faciem
1895 1092 2013 1147 Heli
2041 1105 2232 1146 sacer-

587 1178 763 1234 dotis.
797 1181 974 1234 Porro
998 1178 1101 1233 ﬁlii
1133 1178 1272 1245 Heli,
1301 1179 1406 1234 ﬁlii
1439 1180 1633 1249 Belial,
1667 1180 1992 1236 nescientes
2031 1177 2229 1234 Domi-

586 1279 955 1336 num,neque
979 1264 1248 1320 ofﬁcium
1281 1265 1659 1322 sacerdotum
1685 1267 1764 1323 ad
1789 1266 2106 1338 populum:
2125 1263 2232 1320 sed

589 1351 948 1423 quicumque
978 1351 1351 1408 immolasset
1363 1352 1965 1418 victimam,veniebat
1979 1367 2128 1424 puer
2143 1367 2232 1408 sa-

588 1438 860 1503 cerdotis,
901 1438 1049 1494 dum
1089 1445 1484 1510 coquerentur
1512 1456 1739 1508 carnes,
1772 1445 1828 1497 et
1855 1441 2118 1496 habebat
2145 1438 2233 1496 fu-

588 1524 877 1580 scinulam
918 1524 1228 1582 tridentem
1254 1526 1521 1583 inmanu
1559 1545 1686 1596 sua,
1725 1531 1781 1584 et
1807 1527 2076 1583 mittebat
2098 1541 2233 1582 eam

587 1613 649 1668 in
677 1611 950 1679 lebetem,
1009 1613 1099 1668 vel
1134 1613 1196 1668 in
1226 1614 1572 1679 caldariam,
1609 1620 1712 1671 aut
1767 1616 1827 1669 in
1875 1615 2076 1678 ollam,
2110 1613 2232 1668 sive

2408 476 2620 532 Lauda.
2655 477 2913 530 Lucerna
2942 473 3196 545 pedibus
3221 470 3340 526 mei
3369 469 3619 525 verbum
3650 472 3844 535 tuum,
3873 472 3975 528 Do-

2339 565 2520 620 mine.
2560 563 2621 621 !‘V.
2655 563 2721 617 Et
2750 562 2952 617 lumen
3000 560 3222 616 semitis
3253 560 3425 623 meis,
3485 560 3639 612 Deus
3690 572 3889 616 meus.
3915 563 3970 616 P.

2337 649 2562 714 Juravi,
2595 653 2650 704 et
2679 649 2854 704 statui
2889 649 3185 704 custodire
3205 647 3430 718 judicia
3448 645 3703 716 justitiaa
3735 651 3870 700 tuas.

2410 738 2627 792 Oratio.
2662 739 2883 793 Lumen
2913 743 3103 804 tuum,
3133 734 3404 800 Domine,
3434 733 3582 802 legis
3637 738 3758 788 tuae
3805 733 3974 790 nobis

2337 824 2655 894 agitatione
2676 824 2920 880 ostende
2945 843 2959 882 :
2990 829 3052 879 ut
3081 839 3116 879 a
3139 822 3383 879 lubricis
3399 821 3637 877 casibus
3670 825 3773 876 tuo
3801 821 3973 891 juva-

2337 913 2497 968 mine
2550 911 2882 980 erigamur;
2938 915 3003 968 ut
3039 911 3263 968 alacres
3290 910 3351 965 in
3397 914 3499 965 tuo
3533 909 3705 979 261
3759 908 3975 966 lumine

2337 1001 2416 1057 ad
2435 1000 2728 1056 destinata
2752 999 3093 1056 aeternitatis
3124 1004 3240 1056 tum
3270 997 3494 1071 gaudia
3517 996 3888 1054 festinemus.
3911 1008 3971 1070 ﬁ.

2337 1091 2545 1143 Amen.

2409 1179 2532 1233 Per.

2951 1264 3043 1320 Ad
3095 1262 3374 1318 Tertiam.

2523 1354 2973 1412 Proverbiorum
3002 1350 3330 1409 Salomonis
3351 1347 3531 1418 (Cap.
3553 1347 3791 1416 xxviii.)

2409 1451 2473 1511 ne.
2507 1443 2626 1498 Deo
2647 1443 2885 1513 gratias.

2414 1529 2651 1602 Fili,qui
2680 1530 2784 1586 dat
2810 1527 3078 1600 pauperi,
3102 1540 3225 1580 non
3251 1521 3582 1593 indigebit:
3605 1522 3708 1594 qui
3737 1521 3976 1595 despicit

2343 1614 3096 1687 deprecantem,sustinebit
3114 1611 3603 1685 penuriam.Cum
3627 1611 3975 1667 surrexerint

589 1699 881 1756 cacabum
905 1721 919 1755 :
945 1703 1003 1755 et
1023 1714 1201 1756 omne
1221 1701 1383 1772 quod
1408 1701 1644 1758 levabat
1668 1701 1978 1772 fuscinula,
1997 1699 2234 1756 tollebat
2261 1718 2306 1775 Β
2345 1703 2529 1774 impii,
2564 1703 3004 1760 abscondentur
3032 1700 3305 1756 homines
3336 1715 3348 1753 :
3378 1712 3520 1753 cum
3558 1695 3640 1752 illi
3684 1697 3967 1768 perierint,

589 1786 868 1843 sacerdos
886 1785 997 1842 sibi
1023 1804 1036 1840 :
1071 1787 1154 1842 sic
1186 1803 1428 1858 quoque
1458 1788 1711 1845 faciebat
1738 1789 2018 1844 universo
2039 1787 2234 1843 Israeli

591 1874 951 1930 venientium
979 1873 1040 1928 in
1073 1873 1407 1930 Silo.Etiam
1421 1881 1743 1947 antequam
1771 1876 2079 1932 adolerent
2106 1874 2231 1930 adi-

589 1976 750 2032 pem,
801 1961 1075 2016 veniebat
1105 1976 1252 2032 puer
1299 1963 1639 2033 sacerdotis,
1675 1969 1730 2018 et
1761 1963 1996 2018 dicebat
2025 1963 2236 2017 immo-

590 2048 733 2104 lanti
761 2065 775 2102 :
799 2050 883 2103 Da
905 2049 1047 2104 mihi
1075 2063 1315 2104 carnem
1343 2054 1439 2114 ;ut
1467 2065 1724 2122 coquam
1756 2050 2051 2106 sacerdoti
2081 2065 2234 2105 :non

593 2137 750 2192 enim
779 2135 1069 2206 accipiam
1098 2152 1136 2192 a
1180 2140 1235 2192 te
1264 2153 1505 2194 carnem
1530 2143 1784 2203 coctam,
1833 2139 1936 2193 sed
1963 2137 2232 2193 crudam.

594 2223 834 2279 Dicebat
880 2238 1122 2294 quoque
1156 2223 1475 2280 immolans
1505 2241 1518 2280 :
1548 2225 1920 2281 Accendatur
1971 2225 2237 2296 primum

594 2312 760 2382 juxta
785 2327 1014 2367 morem
1036 2313 1238 2384 adeps,
1264 2318 1319 2368 et
1348 2314 1481 2370 tolle
1502 2315 1604 2370 tibi
1625 2320 1920 2386 quantum
1942 2314 2240 2369 desiderat

599 2400 803 2455 anima
830 2400 1066 2461 tua.Qui
1087 2401 1457 2472 respondens
1481 2402 1676 2458 aiebat
1697 2403 1750 2456 ei
1771 2422 1785 2457 :
1807 2405 2229 2473 Nequaquam:

598 2487 682 2542 sic
701 2487 862 2542 enim
891 2487 1086 2558 dabis,
1109 2488 1371 2560 alioquin
1393 2489 1594 2545 tollam
1625 2491 1703 2546 vi.
1727 2493 1860 2545 Erat
1881 2495 2076 2545 autem
2106 2503 2238 2560 pec-

598 2578 798 2630 catum
815 2591 1137 2647 puerorum
1155 2577 1380 2645 grande
1393 2577 1570 2632 nimis
1585 2593 1788 2632 coram
1807 2578 2077 2633 Domino:
2097 2576 2240 2648 quia

597 2661 974 2718 retrahebant
1027 2663 1300 2718 homines
1325 2680 1362 2719 a
1391 2665 1681 2720 sacriﬁcio
1709 2665 1961 2720 Domini.
2003 2663 2240 2721 Samuel

597 2753 794 2804 autem
828 2749 1201 2807 ministrabat
1224 2751 1284 2806 in
1318 2757 1642 2823 conspectu
1671 2753 1929 2822 Domini,
1955 2767 2103 2823 puer
2128 2767 2239 2807 au-

594 2841 711 2890 tem
738 2837 1038 2893 accinctus
1068 2839 1264 2910 ephod
1282 2838 1454 2894 lineo.
1493 2843 1559 2894 Et
1588 2840 1851 2895 tunicam
1873 2854 2129 2910 parvam
2151 2839 2239 2894 fa-

594 2922 790 2978 ciebat
818 2924 870 2978 ei
891 2929 1080 2980 mater
1106 2942 1232 2992 sua,
1266 2943 1448 2998 quam
1479 2927 1769 2983 offerebat
1789 2928 1839 2982 ei
1862 2928 2091 2982 statutis
2123 2925 2241 2980 die-

593 3009 1066 3079 bus,ascendens
1079 3029 1216 3069 cum
1230 3013 1358 3069 viro
1372 3021 1570 3078 suo,ut
1583 3014 1962 3069 immolarent
1981 3013 2240 3068 hostiam

595 3097 942 3155 solemnem.
997 3103 1064 3156 Et
1084 3101 1384 3157 benedixit
1429 3103 1548 3158 Heli
1570 3102 1799 3157 Elcanaa
1831 3107 1888 3157 et
1910 3101 2081 3156 uxori
2110 3101 2239 3170 ejus

590 3184 776 3241 Annae
805 3206 816 3245 :
845 3187 1104 3259 dixitque
1131 3205 1144 3244 :
1198 3189 1427 3245 Reddat
1475 3190 1579 3244 tibi
1610 3189 1897 3244 Dominus
1936 3204 2138 3244 semen
2165 3189 2240 3246 de

593 3273 840 3329 muliere
860 3275 1109 3348 hac,pro
1130 3275 1354 3332 faenore
1375 3275 1540 3346 quod
1556 3276 1950 3332 commodasti
1969 3277 2236 3338 Domino.

592 3361 657 3415 Et
685 3361 960 3419 abierunt
984 3363 1042 3418 in
1068 3363 1268 3419 locum
1299 3363 1767 3419 suum.Visitavit
1790 3378 1930 3431 ergo
1954 3365 2240 3420 Dominus

593 3456 848 3513 Annam,
903 3455 960 3506 et
983 3451 1273 3520 concepit,
1306 3455 1362 3505 et
1424 3450 1650 3520 peperit
1679 3455 1796 3505 tres
1826 3450 2063 3515 ﬁlios,et
2090 3451 2242 3509 duas

593 3533 845 3590 ﬁliaszet
874 3536 1295 3604 magniﬁcatus
1309 3540 1393 3591 est
1418 3553 1565 3607 puer
1583 3537 1816 3592 Samuel
1842 3539 2004 3609 apud
2032 3539 2241 3595 Deum.

595 3621 719 3675 Heli
753 3627 952 3678 autem
975 3629 1100 3680 erat
1121 3639 1304 3679 senex
1335 3625 1526 3695 valde,
1553 3630 1609 3681 et
1628 3626 1854 3682 audivit
1882 3628 2086 3684 omnia
2105 3643 2241 3700 qua:

595 3705 894 3764 faciebant
921 3709 1020 3765 ﬁlii
1053 3711 1143 3766 sui
1166 3713 1442 3768 universo
1465 3713 1686 3768 lsraeli:
1710 3719 1765 3770 et
1780 3715 2087 3785 quomodo
2103 3715 2242 3771 dor-

595 3794 864 3852 miebant
877 3812 1014 3854 cum
1028 3799 1365 3854 mulieribus
1379 3816 1514 3871 quae
1527 3801 1928 3858 observabant
1940 3803 2016 3859 ad
2033 3803 2242 3859 ostium

594 3881 986 3941 tabernaculi:
1011 3890 1066 3942 et
1094 3887 1238 3942 dixit
1256 3888 1376 3943 eis:
1412 3891 1603 3954 Quare
1626 3889 1820 3945 facitis
1856 3907 1949 3946 res
1974 3892 2242 3962 hujusce-

593 3969 777 4035 modi,
808 3988 958 4044 quas
987 3989 1098 4045 ego
1123 3975 1320 4043 audio,
1353 3991 1446 4031 res
1500 3979 1809 4048 pessimas,
1845 3978 1922 4034 ab
1970 3981 2136 4035 omni
2166 3985 2241 4035 Is-

593 4060 933 4120 rael?Nolite
957 4062 1056 4117 ﬁlii
1073 4063 1149 4118 mi
1179 4081 1195 4116 :
1219 4079 1340 4119 non
1365 4065 1524 4120 enim
1547 4071 1634 4121 est
1658 4067 1820 4122 bona
1844 4066 2034 4131 fama,
2055 4083 2239 4139 quam

594 4169 705 4224 ego
725 4151 924 4219 audio,
943 4154 1008 4206 ut
1037 4152 1372 4222 transgredi
1400 4153 1631 4209 faciatis
1665 4154 1956 4226 populum
1981 4156 2237 4226 Domini,

596 4240 654 4297 Si
680 4239 1006 4312 peccaverit
1032 4238 1123 4294 vir
1170 4239 1232 4295 in
1267 4239 1482 4304 virum,
1515 4241 1752 4312 placare
1779 4242 1862 4297 eis
1897 4243 2108 4314 poterit
2132 4244 2241 4299 Do-

597 4327 799 4383 minus
828 4343 842 4382 :
871 4326 917 4380 si
945 4332 1143 4383 autem
1168 4328 1229 4382 in
1257 4329 1576 4384 Dominum
1605 4330 2242 4401 peccaverit,quisora-

595 4415 682 4471 bit
701 4430 809 4487 pro
830 4415 996 4470 eo?Et
1023 4431 1144 4471 non
1165 4417 1484 4471 audierunt
1502 4430 1708 4470 vocem
1730 4417 1915 4488 patris
1937 4419 2026 4472 sui
2051 4434 2064 4472 :
2097 4419 2240 4490 quia

578 4499 779 4559 tvoluit
809 4503 1094 4559 Dominus
1143 4503 1409 4558 occidere
1447 4517 1570 4557 eos.
1607 4503 1758 4558 Puer
1781 4509 1979 4560 autem
2004 4507 2239 4562 Samuel

595 4590 962 4662 proﬁciebat,
984 4595 1164 4661 atque
1195 4589 1520 4657 crescebat,
1552 4593 1609 4644 et
1653 4590 1929 4661 placebat
1965 4597 2088 4648 tam
2121 4597 2236 4651 Deo

597 4694 782 4751 quam
796 4678 1166 4735 hominibus.
1190 4689 1256 4747 ﬁ.
1288 4681 1494 4731 Amen.

668 4769 960 4838 Hymnus.
997 4765 1194 4820 Noctis
1224 4770 1459 4835 tempus
1479 4765 1610 4834 jam
1637 4769 1916 4838 prmterit.
1955 4771 2066 4839 fol.
2099 4773 2228 4828 257.

676 4853 980 4921 Capitula.
1000 4853 1208 4907 Libera
1237 4867 1348 4906 nos
1382 4852 1627 4909 Domine
1651 4855 2239 4928 alabiisiniquis,eta

603 4938 811 5008 lingua
826 4939 1231 5010 magniloqua,
1263 4939 1441 5010 quiin
1472 4942 1666 4998 Crucis
1688 4959 1991 5015 appensus
2013 4950 2098 5002 est
2128 4951 2241 5003 sta.

600 5032 768 5083 tera:
802 5031 858 5082 et
885 5032 1122 5096 praesta,
1160 5033 1223 5081 ut
1262 5043 1368 5082 nec
1406 5031 1733 5087 accusatori
1765 5033 2087 5087 accusandi
2113 5033 2239 5089 adi-

601 5118 697 5170 tus
733 5118 953 5187 pateat,
982 5129 1090 5170 nec
1120 5115 1287 5186 plebs
1316 5121 1413 5172 tua
1441 5120 1567 5188 ejus
1596 5120 1884 5190 decipulis
1915 5121 2236 5191 aquiescat,

600 5217 711 5258 nec
748 5203 899 5258 iram
929 5209 1094 5258 tuam
1125 5206 1424 5273 suggestio
1455 5206 1634 5262 fallax
1665 5213 2061 5266 commoveat.
2127 5211 2238 5266 Sed

600 5296 666 5348 tu
692 5291 936 5348 Domine
961 5292 1163 5364 ipsum
1193 5294 1442 5350 humani
1473 5296 1703 5364 generis
1747 5295 2028 5352 callidum
2094 5297 2240 5355 insi-

599 5379 892 5438 diatorem
921 5379 1144 5438 framea
1187 5383 1391 5440 divina
1416 5382 1696 5440 concide:
1731 5386 1788 5438 et
1835 5398 1945 5454 pro
1991 5384 2240 5443 miseriis

603 5485 941 5548 pauperum
965 5469 1186 5544 inclyta
1205 5470 1470 5528 bonitate
1501 5484 1748 5541 exurge.

2344 1789 2890 1860 multiplicabuntur
2909 1786 3071 1858 justi.
3100 1785 3272 1856 (Cap.
3300 1783 3488 1853 xxix).
3515 1783 3777 1854 Viro,qui
3799 1784 3973 1840 corri-

2342 1878 2600 1948 pientem
2628 1876 2781 1931 dura
2801 1875 3024 1930 cervice
3055 1871 3396 1938 contemnit,
3439 1870 3778 1941 repentinas
3805 1886 3974 1942 super

2341 1979 2480 2018 eum
2507 1963 2700 2018 veniet
2718 1963 2983 2017 interitus
3012 1977 3025 2014 :
3059 1965 3115 2015 et
3134 1975 3273 2014 eum
3287 1957 3518 2013 sanitas
3540 1972 3661 2013 non
3691 1963 3970 2028 sequetur.

2342 2053 2407 2105 In
2441 2050 2930 2121 multiplicatione
2945 2048 3246 2118 justorum
3262 2044 3557 2101 laetabitur
3573 2043 3775 2114 vulgus
3797 2061 3809 2098 :
3836 2061 3969 2100 cum

2341 2139 2508 2209 impii
2539 2137 2900 2210 sumpserint
2928 2135 3347 2207 principatum,
3372 2131 3553 2204 gemit
3568 2133 3834 2203 populus.
3855 2132 3965 2197 Vir,

2344 2225 2440 2296 qui
2468 2230 2631 2281 amat
2658 2224 3030 2296 sapientiam,
3078 2221 3338 2277 laetiﬁcat
3363 2224 3594 2292 patrem
3637 2235 3839 2274 suum:
3873 2219 3974 2289 qui

2345 2316 2533 2366 autem
2546 2306 3770 2380 nutritscortum,perdetsubstantiam.Hex
3787 2305 3976 2374 justus

2345 2399 2513 2468 erigit
2541 2403 2775 2469 terram,
2801 2399 2886 2453 vir
2920 2412 3134 2452 avarus
3161 2394 3410 2449 destruit
3429 2409 3584 2449 eam.
3619 2395 3800 2448 Homo
3822 2391 3975 2448 blan-

2345 2486 2587 2559 dus,qui
2606 2485 2981 2540 sermonibus
2997 2483 3258 2554 loquitur
3270 2481 3469 2537 amico
3483 2496 3615 2550 suo,
3631 2485 3749 2536 rete
3769 2494 3980 2551 expan-

2347 2573 2741 2644 ditjgressibus
2755 2573 2803 2642 ej
2815 2588 2882 2626 us
2895 2613 2908 2626 .
2923 2574 3256 2626 Peccantem
3271 2569 3452 2624 virum
3471 2568 3731 2638 iniquum
3751 2565 3984 2622 involvit

2344 2660 2599 2732 laqueus
2614 2678 2630 2715 :
2647 2666 2703 2715 et
2709 2659 2902 2730 justus
2919 2656 3392 2727 laudabit,atque
3406 2654 3982 2725 gaudebit.R.Amen.

2478 2749 2676 2804 Lectio
2718 2747 2858 2803 libri
2887 2746 3182 2803 Samuelis
3209 2745 3421 2816 (Primi
3449 2745 3587 2814 Reg.
3630 2757 3765 2813 cap.
3786 2745 3864 2815 ιι).

2419 2847 2482 2905 ἢ.
2516 2837 2634 2891 Deo
2666 2834 2904 2904 gratias.

2421 2926 2482 2977 In
2508 2923 2620 2977 illis
2639 2921 2851 2976 diebus
2885 2937 2897 2975 :
2931 2919 3100 2975 Venit
3124 2919 3212 2975 vir
3238 2919 3340 2974 Dei
3382 2919 3462 2975 ad
3492 2918 3634 2988 Heli,
3687 2921 3744 2972 et
3781 2917 3862 2973 ait
3921 2916 3989 2971 ad

2269 3048 2312 3104 ε
2350 3027 2486 3067 eum
2513 3013 2677 3066 :Haec
2707 3007 3485 3078 dicitDominuszNumquid
3532 3021 3655 3062 non
3691 3010 3894 3077 aperte
3910 3019 3988 3060 re-

2349 3099 2573 3154 velatus
2603 3114 2736 3152 suin
2755 3096 2962 3152 domui
2990 3096 3170 3167 patris
3194 3095 3453 3165 tui,eum
3481 3099 3636 3151 esset
3664 3095 3726 3150 in
3747 3096 3989 3165 A-ngpto

2348 3187 2409 3242 in
2424 3186 2607 3241 domo
2629 3183 2954 3241 Pharaonis
2973 3188 3000 3239 ?
3016 3187 3082 3240 Et
3102 3184 3248 3253 elegi
3265 3199 3405 3240 eum
3419 3198 3487 3239 ex
3503 3182 3791 3239 omnibus
3814 3181 3990 3238 tribu-

2348 3274 2464 3330 bus
2496 3272 2677 3328 Israel
2693 3272 2838 3328 mihi
2857 3273 2918 3328 in
2943 3272 3407 3342 sacerdotem,ut
3432 3270 3786 3327 ascenderet
3810 3269 3886 3325 ad
3917 3268 3993 3325 al-

2349 3367 2471 3418 tare
2510 3376 2736 3430 meum,
2767 3365 2821 3417 et
2845 3360 3110 3416 adoleret
3133 3360 3278 3415 mihi
3307 3359 3710 3424 incensum,et
3740 3359 3994 3430 portaret

2348 3449 2545 3522 ephod
2562 3464 2764 3504 coram
2786 3465 2910 3504 me:
2933 3453 2990 3504 et
3005 3447 3144 3504 dedi
3165 3447 3374 3504 domui
3394 3447 3578 3519 patris
3591 3447 3679 3503 tui
3709 3445 3912 3502 omnia
3925 3444 3994 3500 de

2349 3536 2649 3592 sacriﬁciis
2662 3536 2910 3592 ﬁliorum
2929 3535 3102 3592 Israel
3113 3537 3325 3601 .Quare
3337 3534 3496 3592 calce
3514 3533 3823 3606 abjecistis
3843 3533 3892 3588 vi
3903 3531 3993 3587 cti-

2347 3640 2513 3680 mam
2541 3640 2751 3690 meam,
2778 3628 2834 3679 et
2856 3639 3106 3680 munera
3143 3639 3279 3680 mea
3298 3639 3434 3695 quae
3457 3623 3721 3695 praecepi
3751 3627 3817 3679 ut
3835 3621 3998 3678 oﬁ‘er—

2347 3718 2550 3769 rentur
2578 3713 2638 3768 in
2668 3711 3017 3784 templozet
3047 3711 3240 3782 magis
3295 3711 3605 3768 honorasti
3655 3711 3812 3766 ﬁlios
3865 3715 3991 3766 tuos

2347 3816 2533 3872 quam
2564 3805 2749 3870 me,ut
2779 3799 3167 3856 comederetis
3189 3799 3698 3871 primitiasomnis
3732 3799 3998 3856 sacriﬁcii

2347 3887 2553 3960 populi
2576 3889 2742 3944 mei?
2772 3890 3086 3958 Propterea
3116 3888 3196 3944 ait
3249 3886 3539 3944 Dominus
3587 3890 3750 3944 Deus
3791 3887 3993 3944 Israel:

2350 3978 2624 4047 Loquens
2644 3975 2871 4031 locutus
2893 3975 3350 4044 sum,utdomus
3373 3979 3558 4046 tua,et
3577 3974 3808 4032 domus
3824 3975 3998 4048 patris

2347 4063 2450 4129 tui,
2476 4063 2836 4119 ministraret
2872 4079 2933 4118 1n
2986 4070 3310 4135 conspectu
3337 4079 3498 4131 meo,
3532 4080 3736 4136 usque
3784 4063 3998 4136 sempi-

2347 4156 2602 4208 ternum.
2660 4155 2824 4207 Nunc
2851 4157 3052 4208 autem
3090 4152 3231 4208 dicit
3255 4153 3582 4209 Dominus:
3617 4153 3794 4210 Absit
3820 4154 3933 4211 hoc
3970 4168 4002 4209 a

2347 4255 2443 4296 me
2468 4256 2479 4294 :
2510 4240 2613 4294 sed
2625 4239 2988 4312 quicumque
3004 4240 3486 4297 honoriﬁcaverit
3501 4256 3620 4309 me,
3653 4241 3999 4311 gloriﬁcabo

2346 4343 2520 4384 eum:
2545 4327 2651 4400 qui
2681 4331 2882 4383 autem
2909 4334 3299 4385 contemnunt
3337 4345 3456 4393 me,
3479 4335 3657 4386 erunt
3686 4330 3996 4401 ignobiles.

2347 4419 2491 4472 Ecce
2507 4416 2634 4471 dies
2656 4417 2920 4483 veniunt,
2945 4422 3002 4474 et
3034 4417 3360 4490 praecidam
3380 4417 3704 4474 brachium
3729 4424 3920 4485 tuum,
3951 4421 4003 4474 et

2345 4505 2648 4561 brachium
2670 4505 2879 4560 domus
2892 4507 3076 4577 patris
3093 4506 3265 4572 tui,ut
3285 4521 3403 4562 non
3425 4507 3530 4562 erit
3547 4522 3737 4563 senex
3753 4508 3818 4563 in
3835 4506 4001 4563 domo

2345 4596 2468 4649 tua.
2490 4595 2553 4648 Et
2573 4593 2796 4648 videbis
2835 4595 3119 4650 mmulum
3145 4599 3315 4650 tuum
3343 4594 3404 4649 in
3426 4595 3751 4666 templo,in
3778 4597 4004 4651 univer-

2346 4681 2424 4736 sis
2454 4681 2753 4753 prosperis
2786 4682 2995 4748 Israel;
3018 4687 3075 4738 et
3103 4697 3226 4738 non
3247 4681 3356 4737 erit
3383 4697 3566 4738 senex
3590 4682 3658 4738 in
3691 4684 3876 4740 domo
3909 4688 4003 4739 tua

2345 4769 2627 4825 omnibus
2655 4769 2887 4824 diebus.
2931 4773 3347 4826 Verumtamen
3375 4786 3498 4826 non
3529 4771 3813 4828 auferam
3861 4788 3931 4827 ex
3953 4775 4003 4825 te

2346 4857 2582 4928 penitus
2636 4857 2832 4912 virum
2875 4857 2953 4913 ab
2993 4858 3165 4914 altari
3222 4873 3360 4914 meo
3403 4858 3557 4914 :sed
3604 4865 3674 4916 ut
3733 4859 4004 4915 deﬁciant

2346 4944 2501 5001 oculi
2530 4944 2696 5010 tui,et
2717 4945 2985 5002 tabescat
3006 4947 3325 5003 animatua
3354 4967 3365 5005 :
3392 4954 3446 5001 et
3471 4962 3616 5018 pars
3648 4964 3883 5018 magna
3909 4947 4004 5002 do-

2349 5052 2482 5090 mus
2503 5042 2619 5090 tuas
2637 5037 3081 5102 morietur,cum
3099 5038 3176 5094 ad
3203 5038 3433 5093 virilem
3448 5042 3694 5094 aetatem
3711 5038 4000 5095 venerint.

2348 5126 2465 5178 Hoc
2496 5129 2694 5179 autem
2725 5126 2832 5180 erit
2851 5126 2953 5180 tibi
2979 5127 3238 5196 signum,
3288 5127 3454 5197 quod
3493 5132 3830 5184 venturum
3873 5131 3957 5183 est
3989 5142 3998 5180 :

2347 5211 2468 5266 duo
2498 5211 2600 5265 ﬁlii
2627 5212 2923 5282 tui,0phni
2949 5219 3005 5269 et
3030 5215 3281 5269 Phinees
3308 5214 3369 5268 in
3401 5214 3496 5269 die
3520 5230 3645 5270 una
3672 5217 4003 5272 morientur

2349 5299 2550 5356 ambo.
2572 5302 2638 5354 Et
2667 5301 2965 5357 suscitabo
3009 5302 3156 5358 mihi
3185 5301 3556 5359 sacerdotem
3596 5303 3876 5372 ﬁdelem,
3906 5301 4002 5374 qui

2343 5387 2514 5458 juxta
2543 5402 2644 5443 cor
2667 5403 2868 5444 meum
2900 5394 2956 5445 et
2978 5391 3247 5446 animam
3280 5405 3480 5446 meam
3509 5389 3729 5448 faciet:
3757 5389 4000 5448 etaadiﬁ-

2349 5474 2500 5532 cabo
2524 5474 2607 5531 illi
2625 5474 2865 5532 domum
2880 5476 3190 5550 ﬁdelem,et
3209 5477 3534 5536 ambulabit
3548 5494 3758 5539 coram
3776 5479 3998 5539 Christo
