4192 6406
96 256 108 270 ”
169 286 266 340 453

1325 281 1665 336 DOMINICA
1707 279 1778 333 ιν
1818 274 2431 351 ΟῌᾼΡΒΑΘΕΞΙΜἉΕ.

3462 287 3569 341 454

168 423 296 464 meo
321 404 542 461 cunctis
557 403 1091 459 diebus.Futurum
1122 408 1208 459 est
1224 408 1445 473 autem,
1466 408 1528 459 ut
1547 404 1813 475 quicum-
1842 404 1888 456 A
1927 404 2317 462 concinamus
2374 408 2693 479 praeconia,
2728 412 2792 464 ut
2827 409 3274 465 resurrectionis
3305 409 3577 467 conlaete-

169 511 279 568 que
309 492 659 547 remanserit
690 492 748 544 in
776 491 959 545 domo
993 496 1111 555 tua,
1145 493 1341 548 veniet
1386 498 1448 546 ut
1474 500 1672 547 oretur
1705 507 1813 561 pro

169 599 253 647 eo,
274 587 326 637 et
348 581 556 636 oﬂ‘erat
579 595 901 633 nummum
926 586 1292 649 argenteum,
1309 584 1590 635 ettortam
1614 580 1810 651 panis,

170 670 437 739 dicatque
469 688 480 721 :
505 666 741 721 Dimitte
762 683 855 722 me
882 668 1134 723 obsecro
1153 668 1226 723 ad
1254 684 1435 724 unam
1449 672 1681 738 partem
1714 683 1815 722 sa-

171 756 539 819 cerdotalem,
560 759 623 810 ut
644 754 964 810 comedam
980 756 1279 811 bucellam
1300 758 1485 827 panis.
1526 758 1689 828 (Cap.
1708 756 1814 825 III.)

172 848 519 900 Puerautem
534 842 1381 901 Samuelministrabatcoram
1398 845 1596 909 Heli,et
1630 859 1815 898 sermo

176 933 397 989 Domini
414 931 846 1002 eratpretiosus
873 932 960 997 ;iu
994 932 1206 988 diebus
1227 933 1340 988 illis
1367 948 1489 989 non
1517 938 1641 988 erat
1668 932 1817 987 visio

173 1022 513 1078 manifesta.
549 1022 789 1076 Factum
820 1025 906 1075 est
936 1024 1128 1075 autem
1157 1021 1219 1076 in
1238 1021 1335 1076 die
1382 1021 1670 1093 quadam,
1698 1019 1818 1075 Heli

176 1108 404 1181 jacebat
428 1108 489 1161 in
516 1106 648 1162 loco
670 1122 801 1172 suo,
835 1111 890 1163 et
919 1107 1073 1162 oculi
1096 1108 1225 1178 ejus
1254 1109 1678 1179 caligaverant,
1709 1122 1817 1162 nec

171 1200 391 1270 poterat
414 1194 613 1250 videre
644 1194 951 1251 lucernam
968 1196 1068 1251 Dei
1093 1202 1422 1269 antequam
1448 1196 1819 1265 extinguere-

174 1290 278 1347 tur,
304 1282 545 1339 Samuel
556 1287 756 1338 autem
768 1281 1107 1339 dormiebat
1122 1286 1183 1338 in
1206 1284 1431 1355 templo
1454 1281 1820 1349 Domini,ubi

170 1378 284 1427 erat
312 1386 449 1426 arca
477 1370 602 1427 Dei.
631 1369 698 1425 Et
722 1370 960 1426 vocavit
990 1371 1279 1426 Dominus
1315 1372 1572 1429 Samuel.
1600 1370 1709 1437 Qui
1732 1385 1820 1427 re-

179 1458 397 1532 spondit
427 1461 607 1513 :Ecce
628 1459 1207 1527 ego.Etcucurritad
1221 1460 1359 1526 Heli,
1404 1466 1460 1516 et
1480 1460 1655 1516 dixit:
1676 1464 1819 1517 Ecce

170 1562 491 1619 ego,quem
506 1547 735 1602 vocasti
752 1562 866 1601 me.
888 1547 1155 1611 Quidixit
1185 1550 1343 1603 :Non
1360 1550 1574 1605 vocavi
1612 1553 1666 1604 te
1690 1549 1773 1604 ﬁli
1802 1568 1815 1602 :

176 1642 481 1699 revertere,
498 1640 554 1690 et
573 1634 786 1690 dormi.
823 1637 887 1689 Et
914 1635 1078 1698 abiit,
1111 1640 1167 1691 et
1193 1636 1486 1693 dormivit.
1516 1639 1581 1692 Et
1602 1637 1821 1707 adjecit

1925 508 2051 547 mur
2076 493 2406 566 impensius
2433 496 2619 566 gloria
2650 501 2783 567 post
2816 496 3030 552 futura.
3074 508 3136 568 Br,
3162 502 3359 554 Amen.

1996 583 2126 637 Per.

1996 671 2349 739 Antiphona
2380 675 2438 728 2.
2480 672 2898 743 Caligavitprae
2928 672 3323 728 amaritudine
3370 675 3579 730 oculus

1926 772 2097 811 meus
2129 774 2141 812 :
2171 758 2879 815 inveteraviinteromnes
2894 760 3168 815 inimicos
3188 762 3579 817 meos.Disce-

1928 843 2049 899 dite
2074 860 2111 900 a
2141 862 2235 900 me
2261 862 2471 901 omnes
2495 848 2597 918 qui
2628 847 2960 918 operamini
2990 847 3362 918 iniquitatem
3394 866 3407 900 :
3438 848 3582 919 quia

1929 933 2220 988 exaudivit
2234 935 2521 989 Dominus
2538 951 2745 990 vocem
2761 951 2978 991 meam.
3000 934 3061 996 ὴ.
3082 934 3365 991 Laboravi
3392 935 3452 991 in
3480 950 3579 1005 ge-

1927 1020 2075 1075 mitu
2098 1037 2251 1089 meo,
2270 1022 2487 1079 lavabo
2501 1038 2605 1094 per
2627 1023 2894 1094 singulas
2915 1028 3119 1080 noctes
3137 1024 3358 1080 lectum
3380 1039 3582 1081 meum

1928 1107 2253 1180 lachrymis
2275 1114 2528 1167 stratum
2549 1127 2754 1167 meum
2782 1111 3013 1181 rigabo.

2005 1199 2229 1254 Oratio.
2266 1198 2562 1256 DeiPatris
2602 1200 2908 1270 Unigenite
2940 1199 3061 1256 Filii
3110 1199 3357 1265 Christe,
3405 1199 3581 1270 cujus

1928 1284 2257 1342 divinitatis
2286 1288 2492 1343 oculos
2510 1287 2593 1342 sic
2609 1288 2909 1359 passionis
2925 1288 3143 1359 injuria
3155 1303 3278 1344 non
3292 1284 3597 1358 turbat,ut'

1929 1376 2131 1428 tamen
2149 1374 2430 1445 passione
2452 1374 2583 1446 ipsa
2600 1375 2662 1430 in
2676 1374 2802 1431 solo
2816 1375 3058 1431 homine
3072 1378 3402 1447 assumpta,
3431 1374 3583 1431 exci-

1928 1462 2050 1533 piat
2067 1476 2176 1517 nos
2194 1461 2451 1519 famulos
2467 1466 2600 1518 tuos
2626 1482 2638 1533 ;
2669 1462 2730 1518 in
2748 1478 3007 1535 quorum
3018 1464 3115 1519 via
3128 1462 3540 1520 amaritudinis
3565 1481 3578 1532 ;

1930 1552 1987 1603 et
2014 1549 2218 1605 oculos
2234 1549 2551 1620 calligavit,
2582 1554 2637 1607 et
2661 1550 2784 1607 vita
2799 1551 2949 1606 inter
2974 1551 3245 1607 inimicos
3263 1550 3459 1623 posita
3486 1564 3583 1606 ve-

1932 1638 2191 1705 terascit,
2208 1638 2289 1693 sic
2303 1653 2339 1694 a
2353 1637 2530 1693 nobis
2547 1653 2855 1693 accessum
2870 1638 3229 1713 excludetoti
3238 1655 3304 1694 us
3320 1637 3579 1704 malitiae,

170 1725 432 1779 Dominus
447 1738 669 1778 vocare
680 1723 1693 1798 rursum,Samuel.Consurgensque
1714 1727 1813 1782 Sa-
1857 1732 1917 1817 ιὲ
1932 1727 1995 1779 ut
2020 1728 2326 1796 compotes
2350 1724 2675 1782 habeamur
2696 1725 2989 1783 felicitatis
3020 1731 3274 1783 aeternae.
3299 1730 3579 1798 Bz.Amen.

172 1811 341 1874 muel,
360 1811 508 1865 abiit
537 1810 617 1866 ad
637 1810 847 1879 Heli,et
870 1810 1208 1867 dixitzEcce
1224 1827 1367 1882 ego:
1396 1816 1627 1869 vocasti
1656 1814 1818 1869 enim

176 1916 286 1955 me.
315 1898 773 1969 Quirespondit:
794 1902 920 1953 Non
934 1899 1144 1954 vocavi
1158 1904 1231 1968 te,
1256 1899 1335 1954 ﬁli
1365 1901 1444 1954 mi
1470 1922 1483 1955 :
1505 1906 1818 1966 revertere,

179 1986 377 2042 dormi.
407 1986 592 2042 Porro
620 1985 861 2041 Samuel
889 2001 998 2041 nec
1020 1986 1169 2041 dum
1222 1985 1448 2043 sciebat
1478 1989 1815 2055 Dominum,

175 2090 356 2145 neque
386 2073 683 2129 revelatus
712 2073 903 2129 fuerat
919 2074 969 2129 ei
1000 2089 1196 2129 sermo
1230 2076 1487 2130 Domini.
1516 2079 1579 2130 Et
1609 2077 1821 2146 adjecit

174 2162 479 2233 Dominus,
502 2166 559 2216 et
587 2162 817 2218 vocavit
834 2161 1073 2217 Samuel
1092 2178 1334 2218 rursum
1354 2163 1659 2229 tertio.Qui
1684 2180 1823 2219 con—

171 2266 407 2320 surgens
430 2250 585 2305 abiit
614 2250 690 2305 ab
716 2249 859 2313 Heli,
892 2254 948 2305 et
976 2250 1058 2305 ait
1088 2268 1100 2302 :
1134 2254 1277 2306 Ecce
1307 2266 1418 2321 ego
1461 2271 1472 2307 :
1511 2268 1687 2323 quem
1710 2269 1824 2308 vo-

170 2338 309 2394 casti
323 2354 440 2393 me.
464 2338 748 2393 Intellexit
773 2338 951 2407 igitur
965 2338 1089 2393 Heli
1116 2338 1253 2410 quia
1287 2339 1565 2395 Dominus
1583 2349 1826 2402 vocaret

168 2442 410 2499 puerum
434 2444 448 2482 :
470 2426 710 2482 etaitad
729 2426 968 2482 Samuel
996 2444 1008 2481 :
1032 2426 1232 2493 Valde,
1278 2427 1475 2483 dormi
1511 2429 1824 2484 :etsidein-

168 2529 299 2586 ceps
317 2514 625 2570 vocaverit
646 2518 719 2583 te,
750 2512 912 2569 dices
941 2532 953 2566 :
978 2516 1237 2585 Loquere
1256 2516 1523 2586 Domine,
1548 2517 1692 2588 quia
1721 2532 1825 2572 au-

166 2603 245 2658 dit
276 2618 486 2658 servus
516 2609 673 2656 tuus.
708 2601 1061 2671 Abiitigitur
1086 2604 1344 2680 Samuel,
1368 2609 1425 2659 et
1444 2604 1724 2660 dormivit
1762 2606 1822 2659 in

166 2692 292 2748 loco
310 2708 446 2748 suo.
473 2694 539 2747 Et
555 2691 714 2746 venit
734 2692 1105 2761 Dominus,et
1121 2694 1275 2748 stetit
1300 2698 1383 2749 :et
1400 2694 1653 2758 vocavit,
1673 2694 1823 2749 sicut

166 2779 777 2849 vocaveratsecundo,
794 2783 849 2833 et
870 2780 1057 2845 tertio,
1077 2780 1332 2835 Samuel.
1361 2783 1427 2835 Et
1443 2781 1525 2836 ait
1547 2781 1785 2837 Samuel
1807 2801 1818 2839 :

168 2872 424 2942 Loquere
446 2867 718 2934 Domine,
734 2866 874 2938 quia
893 2867 1058 2923 audit
1079 2883 1285 2923 servus
1298 2872 1451 2923 tuus.
1472 2869 1693 2924 Etdixit
1718 2872 1824 2924 Do-

167 2957 359 3012 minus
390 2956 476 3012 ad
499 2954 738 3011 Samuel
770 2971 781 3007 :
809 2956 952 3009 Ecce
968 2969 1078 3025 ego
1094 2954 1247 3010 facio
1263 2956 1771 3012 verbuminlsrael
1806 2972 1818 3011 :

168 3045 327 3117 quod
338 3044 708 3115 quicumque
722 3041 1457 3106 audierit,tinnientambae
1485 3060 1656 3100 aures
1672 3044 1817 3114 ejus:

169 3116 230 3189 lin
241 3133 337 3189 die
354 3134 460 3188 illo
474 3132 771 3187 suscitabo
785 3131 1069 3188 adversus
1081 3131 1205 3186 Heli
1220 3133 1425 3188 omnia
1438 3148 1573 3204 quas
1592 3133 1824 3188 locutus
1858 3116 1863 3153 ⁷

170 3237 301 3277 sum
330 3236 520 3289 super
548 3220 791 3275 domum
830 3219 961 3289 ejus
995 3239 1006 3277 :
1041 3220 1350 3291 incipiam,
1383 3225 1439 3276 et
1482 3220 1818 3293 complebo.

170 3310 417 3366 Praedixi
430 3309 590 3365 enim
603 3309 653 3363 ei
666 3308 831 3380 quod
839 3310 856 3377 j
869 3308 1217 3364 udicaturus
1235 3324 1427 3365 essem
1441 3311 1682 3365 domum
1696 3311 1743 3380 ej
1757 3326 1824 3364 us

167 3398 226 3454 in
255 3404 547 3454 aeternum
584 3404 825 3469 propter
849 3397 1228 3469 iniquitatem
1259 3398 1523 3453 ﬁliorum
1554 3400 1709 3468 ejus,
1753 3414 1824 3453 eo

168 3485 332 3560 quod
356 3490 610 3542 noverat
634 3484 879 3554 indigne
892 3501 1068 3554 agere
1081 3485 1237 3541 ﬁlios
1265 3502 1427 3555 suos,
1445 3492 1501 3542 et
1518 3502 1637 3542 non
1651 3485 1825 3542 corri-

168 3576 296 3647 puit
326 3590 451 3630 eos.
475 3574 699 3629 Idcirco
708 3574 906 3643 juravi
935 3573 1142 3630 domui
1159 3574 1486 3646 Heli,quod
1501 3591 1614 3631 non
1637 3575 1827 3647 expie-

169 3663 562 3735 turiniquitas
574 3662 652 3718 do
660 3678 793 3717 mus
807 3663 855 3731 ej
867 3678 936 3716 us
950 3662 1193 3717 victimis
1207 3669 1263 3718 et
1275 3664 1626 3719 muneribus
1638 3678 1827 3735 usque

166 3750 1022 3821 insempiternum.Dormivit
1077 3756 1278 3805 autem
1349 3751 1586 3806 Samuel
1640 3765 1830 3822 usque

165 3855 375 3902 mane,
404 3837 754 3907 aperuitque
772 3836 927 3891 ostia
948 3836 1167 3891 domus
1202 3838 1458 3894 Domini.
1490 3841 1553 3892 Et
1594 3836 1833 3893 Samuel

166 3923 427 3981 timebat
442 3922 894 3992 2621ndicare
925 3921 1222 3977 visionem
1254 3923 1395 3976 Heli.
1419 3925 1660 3978 Vocavit
1692 3938 1833 3992 ergo

167 4012 293 4069 Heli
326 4009 681 4078 Samuelem,
715 4013 770 4065 et
800 4008 948 4064 dixit
989 4010 1040 4063 ei
1076 4026 1089 4063 :
1149 4010 1247 4063 Fili
1300 4010 1382 4064 mi
1416 4010 1695 4067 Samuel?
1726 4011 1836 4074 Qui

164 4099 564 4171 respondens,
596 4099 676 4154 ait
710 4117 722 4151 :
757 4100 958 4153 Presto
985 4114 1130 4153 sum.
1160 4098 1621 4167 Etinterrogavit
1648 4113 1785 4153 eum
1820 4115 1833 4153 :

171 4189 317 4257 Quis
343 4192 436 4244 est
466 4203 661 4243 sermo
680 4185 936 4251 Domini,
963 4201 1142 4258 quem
1167 4186 1402 4242 locutus
1429 4190 1520 4242 est
1540 4186 1618 4242 ad
1644 4194 1696 4241 te
1714 4187 1742 4241 ?
1760 4190 1839 4244 Ne

172 4276 464 4337 celaveris
492 4277 664 4345 mihi;
695 4276 825 4331 haec
851 4275 1030 4331 faciat
1058 4275 1161 4331 tibi
1192 4279 1363 4339 Deus,
1409 4280 1463 4331 et
1486 4275 1613 4331 haec
1632 4275 1835 4341 addat,

178 4370 227 4424 si
242 4367 692 4425 celaverisame
722 4379 1081 4430 sermonem,
1120 4379 1189 4419 ex
1214 4364 1497 4419 omnibus
1523 4380 1659 4436 quea
1683 4363 1841 4420 dicta

179 4462 321 4513 sunt
342 4456 468 4511 tibi.
497 4454 783 4510 lndicavit
806 4454 1007 4525 itaque
1031 4452 1591 4509 Samueluniversos
1609 4469 1831 4509 sermo-

178 4561 308 4609 nes,
339 4548 397 4600 et
424 4560 549 4599 non
578 4542 894 4598 abscondit
919 4541 996 4597 ab
1037 4557 1104 4597 eo
1123 4543 1479 4614 quicquam.
1538 4544 1603 4596 Et
1632 4541 1729 4597 ille
1753 4557 1840 4597 re-

183 4634 488 4707 spondens
528 4633 652 4689 ait:
691 4632 973 4688 Dominus
1005 4639 1126 4687 est:
1160 4630 1326 4703 quod
1354 4630 1589 4686 bonum
1648 4635 1735 4687 est
1780 4631 1842 4686 in

183 4724 372 4781 oculis
395 4722 518 4778 suis
550 4721 751 4778 faciat.
772 4721 965 4776 Crevit
1003 4726 1206 4776 autem
1256 4718 1517 4784 Samuel,
1558 4722 1613 4775 et
1650 4720 1845 4777 Domi-

184 4829 297 4869 nus
328 4816 457 4868 erat
485 4826 612 4867 cum
644 4825 736 4865 eo.
761 4820 825 4881 Br.
849 4810 1058 4864 Amen.

254 4900 594 4971 Antiphona
630 4901 674 4951 t.
710 4897 1277 4966 Saname,Domine,
1308 4896 1543 4954 turbata
1575 4900 1712 4954 sunt
1750 4914 1845 4954 os-

187 5008 253 5047 sa
292 5006 449 5055 mea,
488 4992 543 5044 et
568 4987 771 5043 anima
802 5002 939 5041 mea
969 4986 1205 5043 turbata
1227 4992 1313 5042 est
1366 4987 1543 5042 valde
1576 5003 1587 5042 :
1624 4992 1702 5055 tu,
1736 4988 1843 5043 Do-

187 5080 366 5145 mine,
393 5080 758 5141 convertere,
792 5080 847 5131 et
876 5074 1036 5146 eripe
1063 5075 1329 5131 animam
1397 5091 1617 5133 meam.
1641 5074 1702 5136 1V.
1734 5077 1846 5132 Do-

189 5169 370 5238 mine,
397 5183 472 5222 ne
504 5166 564 5221 in
594 5166 685 5222 ira
708 5170 811 5220 tua
831 5180 1048 5235 arguas
1079 5180 1194 5235 me,
1218 5180 1408 5237 neque
1434 5165 1495 5221 in
1520 5163 1715 5221 furore
1744 5170 1848 5221 tuo

189 5254 481 5327 corripias
512 5269 627 5309 me.

262 5343 490 5401 Oratio.
509 5341 755 5409 Christe,
778 5341 877 5397 Dei
892 5340 1090 5407 Filius,
1116 5341 1288 5412 cujus
1314 5357 1455 5398 ossa
1481 5345 1536 5398 et
1553 5341 1760 5398 anima
1787 5341 1849 5396 in

189 5433 475 5507 passione
504 5430 744 5487 turbata
769 5435 924 5496 sunt,
956 5445 1105 5486 sana
1124 5429 1369 5501 plagam
1413 5430 1611 5487 cordis
1627 5430 1846 5487 nostri:

194 5526 276 5592 ut,
310 5519 683 5580 conﬁrmatis
710 5518 996 5578 virtutum
1023 5517 1281 5585 ossibus,
1304 5518 1390 5575 sic
1414 5519 1712 5594 passionis
1734 5522 1850 5577 tum

2002 1812 2130 1868 Per.

2001 1900 2345 1971 Antiphona
2362 1905 2390 1957 3
2406 1943 2419 1957 .
2454 1901 2698 1957 Domine
2721 1900 3134 1967 Deus,salvum
3162 1916 3247 1955 me
3262 1900 3355 1955 fac
3378 1917 3585 1957 secun-

1930 1988 2077 2043 dum
2088 1988 2375 2057 justitiam
2393 1996 2672 2045 meamzet
2686 1994 3075 2045 consumetur
3092 1987 3356 2060 nequitia
3378 2004 3586 2059 pecca-

1930 2077 2094 2139 toris,
2126 2081 2183 2132 et
2221 2077 2407 2147 dirige
2457 2078 2707 2148 justum,
2768 2081 3039 2133 scrutans
3092 2077 3279 2133 corda.
3318 2080 3375 2131 et
3410 2092 3585 2131 renes

1931 2166 2105 2220 Deus.
2130 2164 2191 2224 if.
2219 2164 2464 2220 Domine
2490 2166 2644 2221 Deus
2660 2181 2832 2221 meus
2860 2166 2921 2239 in
2958 2169 3014 2220 te
3042 2164 3313 2236 speravi:
3349 2164 3586 2220 salvum

1931 2269 2027 2308 me
2049 2252 2143 2308 fac
2156 2268 2227 2307 ex
2254 2253 2535 2309 omnibus
2550 2253 3045 2325 persequentibus
3066 2268 3183 2320 me,
3207 2256 3264 2307 et
3283 2252 3443 2324 eripe
3467 2267 3583 2307 me.

2004 2352 2067 2411 ﬁ.
2095 2343 2222 2396 Non
2253 2341 2685 2398 erubescantin
2731 2357 2850 2406 me,
2904 2340 3007 2412 qui
3034 2344 3087 2395 te
3136 2343 3450 2412 expectant
3480 2341 3589 2394 Do-

1934 2429 2114 2495 mine,
2147 2429 2391 2484 Domine
2422 2430 2732 2485 virtutum.
2764 2431 2892 2484 Non
2935 2426 3380 2484 confundantur
3410 2442 3587 2498 super

1932 2532 2029 2571 me
2058 2516 2161 2587 qui
2189 2517 2505 2588 requirunt
2534 2522 2610 2587 te,
2643 2519 2795 2572 Deus
2820 2515 3014 2572 Israel.
3038 2516 3102 2570 P.
3138 2515 3290 2581 Quia
3347 2518 3591 2587 propter

1934 2608 1986 2660 te
2003 2604 2262 2659 sustinui
2275 2604 2732 2676 improperium.
2757 2602 2821 2664 72'.
2836 2606 2915 2658 Ne
2932 2607 3166 2659 avertas
3184 2603 3397 2659 faciem
3423 2606 3589 2659 tuam

1934 2706 1969 2746 a
1993 2706 2179 2762 puero
2210 2698 2310 2746 tuo
2332 2713 2345 2746 :
2369 2691 2660 2762 quoniam
2673 2689 2940 2755 tribulor,
2953 2689 3225 2746 velociter
3239 2689 3456 2747 exaudi
3469 2704 3584 2745 me.

1932 2777 1999 2832 P.
2026 2776 2175 2843 Quia
2195 2782 2438 2848 propter
2468 2782 2540 2833 te.

2006 2866 2235 2920 Preces.
2266 2864 2358 2919 Ad
2389 2870 2442 2919 te
2464 2864 2822 2930 clamamus,
2850 2863 3117 2929 Domine,
3141 2862 3513 2929 P.Miserere,
3533 2868 3591 2919 et

1934 2968 2112 3025 parce
2142 2952 2367 3024 populo
2399 2956 2521 3009 tuo.
2544 2952 2606 3012 ἵ.
2638 2954 2774 3007 Esto
2802 2966 2905 3021 pro
2962 2950 3141 3007 nobis
3172 2948 3586 3022 expostulans,

1862 3071 1902 3128 α
1934 3040 2040 3113 qui
2061 3045 2314 3096 matrem
2336 3040 2409 3095 de
2431 3055 2604 3095 cruce
2635 3038 3047 3094 commendas.
3080 3039 3153 3093 P.
3204 3037 3494 3092 Miserere.
3528 3036 3592 3098 ἡ.

1935 3128 2047 3194 Qui
2063 3129 2213 3184 Petri
2229 3128 2561 3200 lachrymas
2573 3127 3180 3198 accipis,postlapsum
3193 3125 3350 3194 erige
3368 3140 3479 3179 nos
3494 3124 3596 3181 mi-

1933 3218 2026 3272 tis.
2056 3219 2126 3272 P.
2160 3216 2604 3277 Miserere.Y.Ut
2624 3216 2725 3287 qui
2756 3220 3075 3286 tepassum
3100 3214 3233 3286 jam
3265 3212 3592 3281 credimus,

1935 3310 2131 3362 tecum
2163 3304 2291 3361 sine
2322 3305 2617 3360 vivamus.
2646 3303 2711 3358 P.
2744 3303 3029 3359 Miserere.
3057 3303 3334 3358 Psalmus
3363 3318 3415 3357 1..

2004 3394 2293 3463 Hymnus.
2327 3394 2370 3449 Ο
2398 3395 2717 3456 Nazarene,
2735 3390 2839 3446 lux
2870 3389 3233 3446 Bethlehem.
3284 3389 3432 3458 folio
3460 3389 3593 3446 144.

2010 3482 2233 3537 Oratio.
2262 3480 2706 3551 DomineﬁDeus,
2739 3478 2972 3535 salvum
2992 3478 3087 3533 fac
3104 3477 3397 3550 populum
3422 3480 3596 3533 tuum

1937 3570 2270 3626 secundum
2294 3574 2609 3641 acceptum
2640 3570 2751 3624 ate
2780 3566 3021 3638 justitiaa
3068 3565 3317 3631 donum,
3351 3565 3413 3620 in
3476 3579 3599 3635 quo

1938 3664 2158 3714 sanctae
2179 3657 2321 3713 ﬁdei
2346 3656 2520 3713 nobis
2547 3655 2798 3712 tribuisti
2830 3654 3183 3727 mysterium
3215 3658 3317 3709 :ut
3330 3656 3600 3725 porrecto

1939 3746 2109 3802 titulo
2141 3746 2361 3810 Crucis,
2387 3746 2469 3800 sic
2497 3748 2890 3801 consumatur
2940 3742 3205 3814 nequitia
3248 3740 3597 3813 peccatoris,

1942 3839 2006 3892 ut
2033 3835 2325 3904 dirigatur
2343 3834 2544 3904 justus
2568 3848 2674 3905 per
2726 3831 2971 3888 semitas
3004 3831 3315 3904 aequitatis.

2019 3926 2188 3978 Pater
2213 3925 2433 3978 noster.

2590 4008 2959 4064 AdSextam.

2162 4098 2361 4152 Lectio
2382 4095 2525 4150 libri
2546 4094 2875 4151 Ezechielis
2895 4091 3601 4165 prophetae(Cap.xxxxv)

2020 4195 2083 4253 Ιςτ.
2107 4185 2226 4239 Deo
2260 4183 2515 4255 gratias.

2022 4276 2264 4330 Factum
2295 4276 2382 4327 est
2398 4270 2654 4327 verbum
2686 4268 2921 4325 Domini
2943 4268 3021 4325 ad
3051 4282 3166 4334 me,
3209 4267 3415 4323 dicens
3451 4284 3467 4322 :
3500 4266 3603 4323 Fili

1948 4360 2212 4418 hominis
2234 4359 2524 4431 propheta
2536 4358 2610 4413 de
2625 4356 2964 4429 pastoribus
2997 4355 3172 4412 Israel
3189 4355 3522 4428 :propheta,
3547 4356 3606 4411 et

1950 4451 2110 4507 dices
2123 4448 2465 4521 pastoribus
2487 4450 2647 4503 :Htec
2660 4445 2804 4500 dixit
2820 4445 3111 4501 Dominus
3128 4461 3141 4499 :
3157 4445 3253 4499 Vae
3266 4441 3604 4515 pastoribus

1950 4539 2150 4609 Israel,
2173 4539 2271 4609 qui
2292 4538 2623 4610 pascebant
2650 4535 3000 4607 semetipsos
3019 4554 3029 4592 :
3047 4549 3246 4589 nonne
3260 4548 3467 4604 greges
3480 4548 3608 4604 pas-

1951 4631 2165 4685 cuntur
2185 4644 2219 4684 a
2234 4626 2578 4699 pastoribus
2593 4625 2621 4680 ?
2636 4627 2747 4681 Lac
2762 4622 3191 4688 comedebatis,
3210 4626 3266 4677 et
3295 4620 3447 4676 lanis
3464 4634 3607 4691 ope-

1950 4714 2289 4779 riebamini,
2316 4719 2371 4769 et
2400 4712 2566 4786 quod
2591 4728 2862 4769 crassum
2894 4714 3019 4766 erat
3048 4707 3448 4765 occidebatis:
3477 4722 3612 4776 gre-

1954 4820 2091 4876 gem
2121 4808 2321 4860 autem
2356 4818 2557 4858 meum
2591 4817 2714 4857 non
2728 4795 3274 4872 pascebatis.Quod
3297 4794 3610 4851 inﬁrmum

1918 4882 2062 4950 .fuit
2082 4908 2205 4949 non
2244 4890 2567 4955 solidastis,
2601 4895 2657 4945 et
2682 4887 2849 4960 quod
2873 4890 3166 4957 aegrotum
3196 4898 3320 4940 non
3364 4883 3609 4956 sanatis,

1954 4982 2118 5055 quod
2132 4974 2494 5037 confractum
2511 4981 2730 5033 estnon
2746 4974 3117 5044 alligastis,et
3134 4971 3299 5045 quod
3316 4971 3614 5042 abjectum

1956 5075 2043 5127 est
2063 5085 2183 5126 non
2204 5067 2542 5137 reduxistis,
2568 5070 2624 5122 et
2652 5064 2817 5137 quod
2846 5063 3103 5135 perierat
3139 5076 3262 5117 non
3276 5061 3570 5133 quaesistis
3595 5077 3610 5114 :

1957 5161 2059 5216 sed
2089 5176 2227 5216 cum
2255 5156 2593 5215 austeritate
2620 5151 3086 5226 imperabamini
3117 5150 3220 5217 eis,
3252 5153 3308 5206 et
3337 5165 3474 5205 cum
3506 5163 3611 5219 po-

1958 5248 2161 5306 tentia.
2186 5250 2254 5303 Et
2280 5246 2566 5317 dispersas
2590 5247 2728 5299 sunt
2754 5257 2897 5297 oves
2928 5255 3175 5307 meae,eo
3202 5238 3370 5311 quod
3391 5251 3512 5293 non
3527 5251 3616 5291 es-

1959 5343 2044 5394 set
2061 5341 2257 5409 pastor
2291 5354 2303 5391 :
2328 5339 2383 5391 et
2414 5336 2586 5391 factae
2610 5335 2749 5387 sunt
2777 5331 2837 5387 in
2863 5328 3313 5385 devorationem
3340 5324 3612 5382 omnium

1958 5426 2287 5483 bestiarum
2307 5421 2827 5494 agri,etdispersaa
2840 5423 2998 5474 sunt.
3016 5418 3372 5473 Erraverunt
3400 5423 3611 5494 greges

1960 5515 2078 5573 mei
2107 5514 2168 5573 in
2180 5493 2410 5571 cunctis
2434 5510 2763 5579 montibus,
2792 5512 2848 5566 et
2873 5507 2935 5565 in
2952 5506 3233 5564 universo
3257 5499 3404 5560 colle
3425 5493 3611 5552 excel-
