4192 6418
216 304 322 359 45³7

214 514 301 570 vir
321 512 397 569 de
427 512 739 584 Benjamin
801 528 875 569 ex
903 515 1047 585 acie,
1078 514 1241 571 venit
1271 514 1334 569 in
1388 514 1504 570 Silo
1533 515 1595 570 in
1624 513 1718 569 die
1748 512 1868 580 illa,

216 601 397 658 scissa
417 605 599 668 veste,
628 604 685 657 et
707 616 1066 675 conspersus
1093 602 1335 675 pulvere
1362 605 1561 675 caput.
1602 601 1872 673 Cumque

214 690 305 747 ille
332 690 739 757 venisset,Heli
760 691 1006 747 sedebat
1033 707 1211 764 super
1230 690 1438 748 sellam
1476 694 1683 748 contra
1706 692 1869 746 viam

220 785 552 853 aspectans.
577 782 713 836 Erat
732 779 891 836 enim
922 796 1025 837 cor
1052 796 1280 854 pavens
1306 796 1414 853 pro
1445 796 1585 837 arca
1608 778 1866 836 Domini.

223 870 311 924 Vir
347 875 550 925 autem
585 868 680 924 ille
718 873 1048 942 postquam
1086 870 1393 941 ingressus
1435 874 1545 935 est,
1576 868 1871 925 nuntiavit

220 956 347 1013 urbi
372 974 386 1013 :
412 962 468 1013 et
487 956 734 1014 ululavit
756 958 954 1014 omnis
971 958 1201 1014 civitas.
1232 961 1296 1015 Et
1323 958 1554 1015 audivit
1572 957 1697 1014 Heli
1717 957 1872 1014 soni-

219 1050 341 1103 tum
369 1045 672 1116 clamoris,
699 1046 968 1120 dixitque
998 1063 1011 1102 :
1036 1048 1177 1113 Quis
1196 1051 1287 1103 est
1312 1048 1542 1103 sonitus
1570 1047 1751 1117 hujus
1780 1051 1870 1103 tu-

218 1134 436 1191 multus
457 1136 486 1192 ?
531 1138 602 1190 At
628 1132 723 1191 ille
753 1134 1071 1201 festinavit,
1105 1139 1163 1192 et
1184 1136 1362 1207 venit,
1396 1140 1451 1192 et
1494 1135 1870 1192 annuntiavit

218 1223 335 1281 Heli
360 1240 373 1277 :
394 1223 517 1280 Heli
548 1228 751 1280 autem
782 1228 909 1281 erat
934 1224 1286 1295 nonaginta,
1317 1230 1376 1281 et
1403 1228 1537 1281 octo
1567 1238 1865 1280 annorum

214 1318 267 1371 et
292 1314 451 1370 oculi
481 1313 612 1385 ejus
636 1313 1040 1385 caligaverant
1069 1318 1126 1370 et
1158 1314 1349 1370 videre
1374 1329 1497 1371 non
1524 1316 1770 1386 poterat.
1803 1312 1867 1369 Et

212 1401 358 1458 dixit
377 1402 455 1458 ad
487 1402 642 1458 Heli:
677 1405 797 1473 Ego
812 1418 949 1458 sum
980 1402 1085 1475 qui
1107 1403 1283 1459 venio
1313 1402 1387 1458 de
1404 1402 1629 1475 praelia,
1663 1405 1720 1458 et
1751 1415 1864 1472 ego

212 1491 276 1547 de
305 1489 439 1546 acie
469 1490 592 1560 fugi
615 1490 817 1547 hodie.
849 1489 954 1546 Cui
980 1490 1074 1546 ille
1105 1491 1184 1547 ait
1215 1490 1405 1555 :Quid
1435 1496 1635 1547 actum
1662 1493 1749 1545 est
1778 1489 1864 1545 ﬁli

210 1579 289 1635 mi
312 1579 343 1635 ?
366 1578 755 1646 Respondeas
777 1584 978 1635 autem
999 1578 1417 1647 annuntiabat,
1447 1579 1615 1650 fugit,
1646 1577 1859 1651 inquit,

211 1667 387 1724 Israel
408 1684 444 1723 a
463 1666 611 1723 facie
641 1666 1021 1738 Philisthiim,
1044 1672 1100 1724 et
1129 1667 1305 1724 ruina
1324 1683 1545 1739 magna
1571 1671 1658 1723 est
1682 1668 1743 1722 in
1765 1683 1864 1740 po-

1394 301 1748 359 DOMINICA
1786 299 1856 358 IV
1896 298 2499 370 QUADRAGESIME.

214 424 312 481 ﬁlii
338 422 559 497 Ophni,
590 425 648 480 et
670 422 917 481 Phinees
947 425 1166 482 mortui
1190 427 1346 482 sunt.
1376 425 1632 482 Currens
1671 426 1874 481 autem
1904 426 1950 480 A

3533 320 3639 378 458

2576 434 2671 491 Ad
2711 436 3040 505 Vesperum.

2050 520 2270 579 Lauda.
2294 525 2377 579 Tu
2391 522 2696 581 illuminas
2715 523 3024 582 lucernam
3044 541 3265 599 meam,
3292 530 3559 589 Domine.

2052 608 2340 666 Dominus
2371 612 2445 668 sit
2471 628 2710 685 semper
2732 613 3152 686 vobiscuer.
3190 619 3257 673 Et
3285 634 3443 676 cum.

2048 695 2412 767 Antiphona.
2446 701 2749 758 Auxilium
2778 717 2984 759 meum
3005 718 3041 759 a
3072 704 3345 773 Domino,
3367 708 3471 781 qui
3500 707 3634 767 fecit

1979 783 2196 840 coelum
2224 791 2280 843 et
2300 792 2539 847 terram.
2568 791 2835 847 Psalmus
2864 807 2991 848 cxx.

2053 882 2276 942 Lauda.
2300 885 2386 941 Ab
2402 886 2676 943 omnibus
2696 888 3197 961 persequentibus
3213 906 3320 958 me,
3342 893 3405 947 P.
3427 893 3633 954 Libera

1977 985 2093 1034 me,
2128 973 2398 1029 Domine.
2428 974 2493 1036 ὴ.
2523 975 2775 1033 Domine
2804 977 2982 1044 Deus,
3014 978 3075 1034 in
3120 982 3175 1035 te
3205 981 3443 1053 speravi
3475 1001 3489 1040 :
3523 986 3633 1043 sal-

1976 1073 2119 1115 vum
2151 1076 2247 1115 me
2281 1062 2375 1118 fac
2403 1078 2474 1119 ex
2503 1064 2789 1121 omnibus
2806 1067 3301 1139 persequentibus
3330 1085 3448 1136 me,
3481 1076 3539 1129 et
3564 1073 3633 1131 li-

1974 1145 2122 1203 bera
2152 1164 2265 1205 me.
2318 1151 2379 1205 P.
2417 1151 2649 1209 Libera.

2046 1237 2322 1308 Hymnus,
2344 1239 2602 1297 Verbum
2624 1242 2807 1298 Patris
2832 1243 2946 1312 fol.
2975 1247 3098 1299 252.

2048 1325 2355 1396 Capitula.
2381 1327 2663 1401 Gloriose,
2687 1334 2919 1402 potens,
2964 1346 3035 1388 ac
3070 1332 3408 1391 misericors
3447 1338 3622 1406 Deus,

1973 1427 2112 1468 erue
2134 1429 2244 1470 nos
2266 1415 2343 1470 ab
2363 1416 2596 1473 insidiis
2616 1418 2838 1475 inimici
2873 1435 2887 1485 ;
2916 1423 2990 1485 et,
3023 1434 3099 1476 ne
3124 1421 3330 1479 anima
3359 1428 3562 1481 nostra
3588 1442 3627 1483 a

1972 1500 2364 1573 rugientibus,
2378 1504 2567 1561 leonis
2583 1510 2760 1578 raptu
2775 1506 3011 1579 rapido,
3030 1508 3321 1581 rapiatur,
3337 1514 3624 1584 protectio

1972 1589 2228 1647 dexterae
2246 1597 2359 1648 tuae
2379 1592 2439 1648 in
2453 1594 2645 1651 nostri
2662 1596 2996 1653 custodiam
3012 1596 3330 1669 deputetur
3353 1618 3366 1655 :
3386 1616 3461 1657 ne
3474 1600 3624 1660 dum

1971 1694 2093 1735 non
2115 1682 2316 1753 estqui
2340 1681 2617 1749 redimat,
2644 1682 2737 1739 ille
2760 1700 2955 1740 saavus
2979 1685 3246 1743 occidat:
3274 1693 3396 1755 aut,
3427 1691 3479 1745 si
3499 1706 3623 1747 non

209 1755 350 1829 P010
377 1774 390 1810 ³
419 1755 669 1828 insuper
696 1760 753 1811 ει
776 1755 899 1812 duo
924 1756 1029 1812 ﬁlii
1054 1756 1135 1812 ίυί
1157 1756 1375 1812 morini
1401 1761 1555 1824 sunt,
1585 1756 1777 1828 Ophni
1808 1761 1864 1813 Bt
1895 1774 1939 1829 Β
1971 1773 2063 1825 est
2097 1769 2203 1842 qui
2233 1770 2468 1827 salvum
2512 1770 2714 1840 faciat,
2767 1773 2863 1829 ille
2908 1774 3356 1834 subvertat.Sed
3408 1783 3475 1835 tu
3504 1780 3620 1839 Leo

216 1843 460 1899 Phinees
493 1862 506 1900 :
539 1848 596 1900 et
618 1859 758 1901 arca
784 1843 909 1908 Dei,
937 1850 1113 1916 capta
1135 1848 1239 1900 est.
1267 1846 1533 1917 Cumque
1554 1843 1648 1900 ille
1670 1843 1864 1900 nomi-

213 1936 415 1989 nasset
429 1948 629 1989 arcam
651 1932 771 1999 Dei,
795 1931 1006 1989 cecidit
1026 1932 1150 1989 Heli
1180 1932 1254 1988 de
1277 1932 1421 1990 sella
1439 1938 1785 2004 retrorsum,
1807 1938 1863 1990 et

214 2020 410 2077 fractis
432 2021 758 2078 cervicibus
784 2026 1058 2078 mortuus
1078 2026 1184 2077 est.
1214 2022 1401 2078 Senex
1422 2022 1585 2078 enim
1628 2026 1771 2089 erat,
1806 2028 1863 2077 ct

210 2110 573 2182 grandmvus
591 2111 679 2167 vir
697 2127 710 2166 :
726 2115 783 2167 et
803 2112 932 2184 ipse
948 2110 1240 2183 judicavit
1262 2110 1441 2168 Israel
1455 2109 1862 2184 quadraginta

207 2201 403 2258 annis.
429 2212 495 2269 Br.
520 2205 730 2258 Amen.

268 2290 631 2360 Antiphona
648 2290 770 2345 l.In
788 2288 1043 2346 Domino
1059 2289 1307 2346 conﬁdit
1319 2290 1524 2346 anima
1538 2305 1663 2347 mea
1683 2304 1695 2345 :
1715 2289 1861 2363 quia

202 2379 351 2436 oculi
369 2379 507 2449 ejus
524 2379 585 2436 in
610 2394 932 2453 pauperem
964 2380 1302 2452 respiciunt.
1321 2378 1383 2439 )7.
1411 2379 1707 2445 Quoniam
1724 2396 1859 2436 ecce

197 2472 547 2540 peccatores
574 2468 948 2525 tetenderunt
977 2484 1204 2534 arcum,
1224 2472 1588 2541 paraverunt
1616 2469 1860 2539 sagittas

197 2572 331 2614 suas
358 2558 431 2613 in
479 2558 780 2630 pharetra,
814 2562 879 2613 ut
923 2558 1199 2627 sagittent
1244 2557 1305 2613 in
1365 2557 1619 2615 obscuro
1666 2562 1859 2615 rectos

197 2647 397 2704 corde.

265 2756 491 2813 Oratio.
519 2756 697 2822 Deus,
722 2756 893 2827 cujus
910 2756 1066 2813 oculi
1084 2756 1143 2812 in
1164 2771 1495 2829 pauperem
1517 2757 1856 2829 respiciunt,

196 2845 253 2901 in
273 2851 327 2902 te
340 2844 677 2902 confidenti
690 2846 909 2901 animae
923 2850 1141 2901 nostras
1159 2845 1322 2901 dona
1337 2844 1656 2901 auxilium:
1676 2850 1741 2901 ut
1755 2846 1860 2918 qui

200 2936 403 2992 sanari
423 2949 537 2990 nos
552 2935 848 3007 passionis
864 2938 979 2990 tum
999 2932 1348 2989 vulneribus
1363 2934 1785 3006 imprecamur,
1806 2939 1859 2991 te

198 3023 805 3082 auxilianteanostris
817 3022 1199 3095 passionibus
1213 3022 1552 3080 liberemur.
1579 3029 1858 3095 mitmen.

266 3114 372 3169 Per
409 3112 888 3170 misericordiam

261 3219 606 3293 Antiphona
627 3223 679 3276 2.
712 3220 898 3278 Pedes
929 3219 1253 3293 impiorum
1280 3220 1513 3277 veloces
1544 3222 1622 3278 ad
1679 3221 1864 3278 eﬂ‘um

193 3312 471 3368 dentium
496 3311 872 3380 sanguinem.
904 3310 1091 3367 Deum
1119 3326 1240 3366 non
1271 3311 1700 3368 invocaverunt
1727 3311 1858 3376 sibi,

192 3400 531 3459 timuerunt
558 3400 788 3467 timore,
822 3399 923 3456 ubi
975 3415 1097 3457 non
1118 3405 1245 3457 erat
1270 3400 1461 3457 timor.
1486 3399 1552 3461 ἡ.
1595 3400 1749 3457 Dixit
1776 3402 1863 3457 in-

195 3491 428 3563 sipiens
449 3491 509 3544 in
530 3488 710 3545 corde
736 3505 849 3545 suo
874 3506 887 3545 :
911 3489 1051 3547 Non
1084 3494 1170 3546 est
1193 3490 1370 3546 Deus.
1402 3490 1673 3562 Corrupti
1700 3495 1857 3560 sunt,

197 3585 252 3635 et
279 3576 864 3635 abominabilesfacti
883 3578 1092 3634 suntin
1115 3577 1528 3651 voluptatibus
1548 3578 1673 3635 suis
1698 3596 1712 3631 :
1735 3594 1857 3635 non

197 3672 286 3723 est
308 3668 419 3739 qui
448 3665 626 3722 faciat
649 3666 904 3733 bonum,
923 3682 1045 3723 non
1072 3671 1371 3740 estusque
1394 3667 1471 3724 ab
1494 3684 1704 3725 unum.
1722 3669 1857 3725 Non

192 3757 439 3813 dicatur
460 3755 673 3826 Gloria,
703 3759 760 3811 et
784 3755 997 3811 honor.

270 3843 506 3901 Oratio.
531 3842 757 3897 Inimici
786 3842 871 3896 tui
896 3842 1163 3906 Domine,
1186 3843 1469 3899 adversus
1500 3848 1552 3900 te
1568 3859 1860 3903 convene-

191 3935 362 3995 runt,
383 3944 508 3984 non
529 3934 590 3984 ut
620 3934 1168 4000 compungerentur
1196 3930 1547 4003 paenitentia
1577 3932 1857 4000 salutari;

193 4020 308 4079 sed
335 4019 429 4091 (ut
456 4018 629 4090 soliti)
680 4018 1032 4075 tentandum
1062 4026 1118 4074 te
1146 4019 1378 4075 adirent
1407 4021 1689 4077 inrisione
1730 4038 1859 4079 cru-

192 4110 352 4167 deli:
377 4108 483 4181 qui
509 4124 649 4180 ergo
671 4108 961 4165 innocens
983 4123 1302 4182 perpessus
1329 4109 1782 4167 esinimicorum
1806 4117 1861 4167 et

190 4199 517 4257 inrisiones
530 4203 585 4254 et
603 4197 854 4254 vulnera
873 4215 887 4267 ;
907 4198 1179 4254 nostrain
1198 4197 1291 4254 his
1310 4199 1488 4255 ablue
1503 4200 1858 4271 propitiatus

190 4290 472 4362 peccata.
504 4298 568 4357 Βι.
600 4292 813 4343 Amen.

261 4394 622 4462 Antiphona
640 4397 693 4449 3.
716 4391 988 4463 Domine,
1012 4391 1182 4449 salva
1202 4409 1293 4449 me
1321 4410 1357 4451 a
1375 4394 1860 4454 contradictioni-
1895 4396 1938 4450 D

194 4488 310 4543 bus
329 4482 541 4557 populi
565 4501 581 4538 :
608 4482 933 4539 constitues
953 4499 1047 4539 me
1065 4484 1122 4538 in
1152 4489 1331 4556 caput
1351 4484 1614 4555 gentium
1635 4490 1690 4541 et
1707 4486 1862 4543 exal-

195 4578 351 4631 tetur
372 4569 528 4627 Deus
552 4571 759 4627 salutis
799 4586 965 4627 meae.
993 4570 1054 4631 ἲν.
1092 4571 1342 4641 Diligam
1383 4579 1436 4629 te
1464 4573 1708 4630 Domine
1752 4576 1863 4631 vir-

197 4669 290 4720 tus
314 4676 457 4719 mea
489 4679 503 4717 :
536 4662 688 4716 Deus
718 4660 1167 4717 ﬁrmamentum
1200 4678 1426 4729 meum,
1461 4669 1516 4719 et
1564 4664 1860 4736 refugium

200 4768 429 4818 meum,
455 4755 511 4806 et
538 4749 819 4806 liberator
848 4767 1039 4806 meus.

266 4860 566 4931 Hymnus.
601 4858 644 4914 Ο
671 4859 991 4914 Nazarene.
1022 4858 1133 4927 fol.
1174 4860 1290 4915 144.

269 4966 500 5025 Oratio.
536 4962 760 5021 Christe
787 4966 941 5020 Deus
971 4967 1188 5033 noster,
1219 4965 1326 5038 qui
1357 4970 1727 5027 contumacis
1756 4986 1860 5043 po-

1974 1858 2150 1930 265
2179 1858 2253 1914 de
2282 1858 2437 1915 tribu
2459 1860 2489 1914 J
2496 1860 2615 1916 uda
2642 1860 2702 1917 in
2723 1860 2812 1918 ira
2830 1865 2935 1918 tua
2950 1878 3190 1935 exurge,
3213 1870 3270 1921 et
3318 1868 3623 1925 severitate

1966 1947 2194 2017 judicii,
2225 1947 2501 2003 insidiosi
2530 1948 2687 2005 hosti
2718 1954 3007 2007 cattervas
3029 1951 3303 2010 interime
3343 1972 3356 2012 :
3386 1969 3622 2027 nosque

1970 2035 2030 2091 in
2048 2039 2366 2108 praecepto,
2393 2037 2556 2108 quod
2577 2038 2896 2111 mandasti,
2924 2038 3164 2097 credere
3188 2045 3246 2098 et
3270 2056 3624 2114 permanere

1969 2126 2247 2182 concede.

2038 2215 2205 2271 Pater
2224 2218 2444 2273 noster.

2042 2304 2353 2362 Humiliate
2387 2320 2492 2361 vos
2516 2304 2942 2363 benedictioni.

2041 2395 2327 2450 Dominus
2353 2394 2425 2450 sit
2449 2410 2704 2467 semper.
2733 2406 2801 2467 ἢ.
2830 2398 2913 2452 Et.

2037 2482 2394 2540 Benedictio.
2420 2483 2684 2541 Christus
2695 2484 3109 2559 Dominus,qui
3129 2491 3317 2545 morte
3340 2504 3453 2547 sua
3477 2505 3624 2564 quad

1968 2571 2331 2628 driduanam
2352 2572 2741 2630 humanitatis
2761 2577 2978 2631 nostrae
2996 2579 3249 2632 mortem
3280 2577 3517 2645 devicit,
3536 2578 3625 2635 vi-

1968 2664 2157 2717 ctores
2180 2677 2285 2717 vos
2314 2660 2534 2717 efﬁciat
2561 2660 2825 2719 criminis
2852 2663 3051 2720 vestri.
3083 2675 3147 2735 Bg.
3175 2668 3384 2722 Amen.
3425 2667 3491 2723 Et
3519 2667 3624 2741 qui

1968 2749 2121 2806 tradi
2146 2765 2207 2805 se
2250 2750 2523 2822 permisit
2542 2750 2620 2806 ad
2639 2749 2860 2822 impiis,
2882 2751 2961 2808 ab
2982 2756 3343 2811 aeternorum
3362 2770 3471 2813 vos
3487 2770 3626 2830 sup-

1969 2837 2285 2910 pliciorum
2313 2837 2527 2911 eripiat
2572 2838 2789 2911 poenis.
2819 2849 2885 2911 BI.
2916 2843 3127 2897 Amen.
3160 2843 3228 2898 Ut
3257 2857 3395 2899 cum
3444 2860 3516 2902 eo
3553 2845 3629 2901 si-

1969 2941 2044 2982 ne
2103 2927 2223 2984 ﬁne
2269 2927 2501 2993 vivatis,
2546 2928 2651 3001 qui
2703 2928 2891 2985 victor
2918 2927 3111 2987 factus
3150 2934 3239 2987 est
3277 2932 3506 2989 mortis.
3558 2932 3625 2994 ἲν.

1976 3026 2186 3073 Amen.

1894 3128 1937 3184 α
2045 3105 2155 3161 Per
2176 3105 2641 3163 misericordiam
2680 3105 2893 3179 ipsius,
2925 3110 3038 3166 etc.

2045 3196 2282 3251 Lauda.
2320 3198 2585 3252 Lucerna
2612 3194 2870 3267 pedibus
2898 3196 3047 3253 meis
3070 3196 3339 3254 verbum.
3358 3198 3476 3269 fol.
3498 3201 3622 3257 260.

2589 3300 2783 3340 PERTIA.
2821 3301 3042 3344 TERTIA.

2537 3373 2632 3429 Ad
2666 3372 3053 3432 Matutinum.

2039 3463 2399 3533 Antiphona.
2415 3462 2922 3534 Exurge,Domine
2939 3463 3174 3520 salvum
3202 3481 3297 3522 me
3318 3464 3432 3523 fac.
3456 3468 3627 3525 Psal-

1968 3568 2097 3609 mus
2126 3558 2206 3608 ιη.
2254 3551 2448 3609 Oratio
2492 3553 2742 3622 Exurge,
2796 3552 3043 3609 Domine
3093 3552 3250 3611 Deus
3304 3559 3525 3625 noster,
3559 3557 3623 3615 in

1969 3642 2258 3698 auxilium
2288 3640 2627 3698 humilium.
2650 3641 2754 3713 fol.
2787 3644 2915 3699 258.

2036 3731 2389 3800 Antiphona
2416 3736 2462 3786 l.
2510 3729 2755 3787 Salvum
2783 3745 2881 3787 me
2897 3729 2995 3788 fac
3046 3731 3308 3802 Domine,
3334 3734 3624 3808 quoniam

1967 3818 2179 3875 defecit
2196 3826 2464 3876 sanctus:
2488 3818 2779 3892 quoniam
2802 3818 3111 3877 diminuta;
3132 3826 3272 3878 sunt
3286 3823 3562 3881 veritates
3586 3840 3625 3882 δ

1966 3906 2103 3962 ﬁliis
2131 3907 2467 3963 hominum.
2512 3909 2678 3964 Vana
2717 3906 2954 3963 locutus
2979 3913 3068 3963 est
3108 3911 3513 3984 ususquisque
3544 3912 3624 3970 ad

1968 3995 2309 4067 proximum
2338 4012 2543 4051 suum:
2580 3995 2891 4067 Disperdat
2920 3996 3208 4053 Dominus
3236 3997 3519 4057 universa
3540 4001 3624 4059 la-

1970 4083 2068 4139 bia
2088 4082 2322 4148 dolosa,
2351 4088 2407 4139 et
2435 4083 2705 4153 linguam
2736 4082 3206 4155 magniloquam.

2043 4172 2266 4229 Oratio.
2299 4172 2540 4230 Salvum
2562 4171 2655 4228 fac
2694 4171 2987 4244 populum
3017 4178 3187 4229 tuum
3222 4174 3490 4242 Domine,
3513 4176 3622 4249 qui

1970 4262 2231 4333 gloriosa
2249 4260 2548 4335 passionis
2562 4265 2676 4318 tua;
2698 4261 3043 4334 exceptione
3058 4261 3363 4320 laetamur:
3381 4268 3445 4321 ut
3460 4263 3623 4324 labia

1969 4350 2181 4407 dolosa
2205 4366 2325 4407 non
2356 4349 2691 4406 habeamus
2741 4348 2803 4405 in
2830 4349 3008 4406 corde
3033 4366 3044 4405 :
3079 4352 3179 4407 sed
3210 4367 3315 4408 ore
3340 4352 3620 4425 simplici,

1970 4445 2027 4497 et
2054 4454 2202 4497 vane
2224 4438 2603 4513 loquentibus
2622 4438 2804 4495 ﬁnem
2822 4455 2984 4511 pore,
3014 4444 3070 4497 et
3093 4439 3152 4495 in
3178 4444 3231 4497 te
3248 4440 3620 4499 credentium

1970 4530 2272 4603 possimus
2296 4529 2621 4586 accendere
2650 4528 3018 4585 charitatem.
3053 4542 3116 4601 Ri.
3133 4535 3331 4587 Amen.

2043 4621 2150 4675 Per
2179 4618 2673 4675 misericordiam.

2036 4709 2383 4781 Antiphona
2405 4712 2459 4764 2.
2489 4711 2666 4765 Notas
2692 4709 2784 4765 fac
2828 4708 2976 4765 mihi
3006 4708 3132 4766 vias
3174 4709 3309 4765 vitae
3347 4708 3613 4776 Domine,

1969 4798 2245 4871 implebis
2266 4814 2362 4855 me
2381 4796 2587 4853 laetitia
2608 4814 2746 4854 cum
2768 4796 2932 4853 vultu
2951 4801 3054 4854 tuo
3079 4814 3093 4853 :
3117 4796 3539 4854 delectationes
3556 4798 3619 4854 in

1969 4888 2212 4944 dextera
2242 4892 2338 4942 tua
2365 4901 2559 4958 usque
2587 4885 2649 4943 in
2668 4886 2877 4944 ﬁnem.
2906 4885 2968 4946 IV.
3007 4888 3307 4944 Conserva
3360 4902 3457 4943 me
3498 4889 3621 4945 Do-

1968 4976 2149 5042 mine,
2173 4974 2463 5047 quoniam
2493 4973 2552 5029 in
2583 4978 2637 5030 te
2692 4973 2944 5046 speravi.
2980 4973 3104 5030 Dixi
3142 4973 3431 5036 Domino:
3462 4977 3617 5033 Deus

198 5056 317 5127 puli
338 5052 917 5111 contradictionibus
946 5068 1010 5109 es
1039 5060 1435 5128 contemptus,
1468 5064 1523 5114 et
1547 5059 1629 5115 ob
1656 5060 1772 5117 hoc
1797 5061 1859 5117 in
1969 5062 2606 5135 meusestu,quoniam
2620 5061 2917 5119 bonorum
2934 5078 3206 5120 meorum
3221 5063 3614 5134 nonindiges.

199 5146 391 5218 capite
418 5142 685 5216 gentium
708 5143 1093 5212 constitutus;
1112 5158 1242 5211 nos,
1263 5146 1484 5218 quibus
1504 5163 1612 5220 per
1632 5149 1861 5222 passio-
2041 5154 2263 5210 Oratio.
2299 5156 2599 5222 Rogamus
2642 5156 2715 5219 te,
2741 5152 2990 5209 Domine
3036 5156 3205 5210 Pater
3232 5153 3615 5226 omnipotens

197 5249 336 5289 nem
352 5238 411 5288 et
431 5231 926 5287 resurrectionem
944 5236 1114 5288 tuam
1135 5239 1315 5305 caput
1338 5235 1467 5291 ﬁeri
1484 5237 1718 5295 voluisti
1736 5255 1857 5296 non
1970 5245 2121 5299 Deus
2146 5263 2156 5301 :
2180 5247 2242 5298 ut
2263 5241 2668 5314 quemadmod
2679 5257 2779 5297 um
2790 5242 2965 5299 nobis
2982 5242 3341 5299 intellectum
3361 5242 3616 5299 tribuere

196 5322 446 5395 patiaris
468 5326 579 5376 ate
604 5319 933 5393 aliquando
958 5322 1201 5391 praecidi
1235 5342 1248 5379 :
1283 5330 1347 5379 ut
1365 5328 1419 5380 te
1446 5324 1597 5383 duce
1646 5326 1721 5384 de
1753 5329 1860 5386 ad-
1966 5333 2249 5403 dignatus
2271 5348 2363 5391 es;
2395 5330 2545 5387 itaet
2566 5334 2800 5387 reternae
2816 5332 2950 5388 vitae
2970 5336 3145 5388 notas
3172 5332 3301 5389 vias
3323 5330 3569 5388 ostende
3598 5344 3610 5385 ε

196 5414 381 5468 versis
398 5410 797 5484 potestatibus
816 5409 1256 5483 triumphemus,
1274 5428 1447 5486 quem
1468 5430 1576 5488 pro
1593 5417 1770 5475 nobis
1794 5419 1856 5476 in
1967 5425 2030 5477 ut
2055 5421 2363 5494 adimpleti
2394 5420 2593 5481 laetitia
2629 5437 2770 5478 cum
2796 5420 2968 5479 vultu
2996 5425 3119 5490 tuo,
3170 5421 3227 5477 in
3268 5434 3454 5492 regno
3509 5421 3613 5472 tuo

200 5500 402 5558 Crucis
426 5497 698 5573 patibulo
722 5498 1047 5557 exaltatum
1066 5499 1387 5559 credimus.
1959 5510 2364 5582 jocundemnr
2387 5526 2424 5567 a
2451 5509 2685 5567 dextris.
2722 5520 2786 5579 13;.
2822 5512 3035 5568 Amen.

199 5590 365 5648 Pater
384 5591 607 5650 noster.
2035 5599 2143 5657 Per
2174 5598 2664 5658 misericordiam.

563 5674 799 5735 PATROL.
843 5677 1140 5739 LXXXVI.
3260 5678 3328 5736 15
