4192 6408
529 345 634 400 459
1801 301 2249 383 saevumuit
2291 307 2682 377 GOTHICUM.
3832 302 3954 363 460

589 464 940 532 Antipho-na
961 464 1011 515 3.
1044 454 1659 528 Usquequo,Domine,
1678 451 2030 507 exaltabitur
2063 446 2169 502 ini-
2198 443 2242 498 A
2277 459 2398 500 non
2428 448 2650 517 parcat,
2677 445 2692 462 ‘
2721 457 2828 499 nec
2841 439 3246 498 contradicam
3280 431 3666 532 sermonibus
3679 425 3954 532 sanctis:

519 553 713 608 micus
738 515 915 604 lmeus
945 559 1123 617 super
1138 515 1282 600 mei
1308 515 1616 614 respice,et
1633 538 1846 595 exaudi
1872 553 1962 592 me
1983 535 2168 590 Domi-
2348 515 2488 597 Quae
2511 536 2596 587 est
2620 527 3073 586 enimfortitudo
3105 541 3256 590 mea,
3279 527 3346 580 ut
3375 520 3536 577 mala
3559 515 3944 574 sustineam?

520 655 596 696 ne
629 642 781 693 Deus
816 608 1370 703 meum-nequando
1405 608 1576 684 .dicat
1630 627 1901 682 inimicus
1941 639 2112 679 meus
2150 638 2163 675 :
2275 620 2296 639 "
2324 625 2426 674 aut
2453 620 2588 690 quis
2615 618 2750 673 ﬁnis
2771 633 2961 683 meus,
2997 622 3061 671 ut
3079 613 3370 688 patienter
3407 608 3632 679 agam?

521 725 810 786 Praevalui
832 724 1120 781 adversus
1153 697 1311 775 eum.
1340 721 1460 787 Ego
1490 721 1692 773 autem
1722 715 1782 769 in
1805 720 1908 769 tua
1938 710 2164 767 miseri-
2344 709 2456 762 Nec
2477 706 2758 762 fortitudo
2785 706 3058 778 lapidum
3086 700 3368 759 fortitudo
3390 712 3548 769 mea,
3587 697 3611 719 '
3639 709 3756 751 nec
3788 708 3941 751 caro

525 814 729 871 cordia
746 807 1295 884 speravi.Exultavit
1319 821 1420 861 cor
1440 819 1641 859 meum
1659 803 1718 857 in
1744 801 1984 857 salutari
2006 812 2160 853 meo.
2273 809 2407 850 mea
2436 811 2603 851 aenea
2630 801 2736 851 est.

599 871 829 958 Oratio.
874 890 1867 970 Usquequo,Domine,exa1tabitur
1886 888 2162 944 inimicus
2344 885 2506 952 Ecce,
2562 899 2683 940 non
2726 886 2816 938 est
2847 880 3134 938 auxilium
3175 879 3237 934 in
3285 875 3444 942 me,‘
3487 877 3545 930 et
3604 871 3946 929 necessarii

527 965 1143 1057 animaenostraajqui—d
1157 999 1268 1038 nos
1281 978 1915 1054 quotidianavitiorum
1931 973 2167 1031 abrodit
2271 985 2513 1043 quoque
2535 973 2646 1026 mei
2686 973 3052 1026 recesserunt
3082 985 3118 1025 a
3137 981 3256 1024 me.
3293 977 3355 1036 ﬁ.
3389 965 3604 1018 Amen.

529 1078 801 1146 rubigine
819 1048 1100 1144 ?Respice
1110 1048 1320 1142 jam,et
1334 1068 1673 1126 exaudinos
1695 1082 1794 1122 :ac
1839 1062 2166 1136 nequando
2346 1058 2566 1114 Oratio.
2597 1058 2736 1124 Quis
2766 1058 2884 1123 det,
2919 1058 3202 1114 utveniat
3252 1052 3458 1126 petitio
3507 1048 3790 1106 Ecclesiae
3817 1053 3944 1105 tum

528 1139 792 1221 inimicus
808 1139 1313 1218 nosteradversum
1329 1173 1437 1212 nos
1451 1155 1829 1226 prtevaluisse
1869 1169 1929 1208 se
1946 1152 2162 1222 jactet:
2276 1147 2528 1214 Christe;
2551 1146 2663 1202 nisi
2690 1147 2904 1218 tui,qui
2929 1144 3192 1218 optimus
3219 1142 3504 1198 liberator
3529 1155 3595 1194 es
3627 1139 3655 1194 ‘i
3685 1139 3943 1203 Praesta,

527 1252 771 1309 victoria
797 1250 986 1304 crucis
1021 1253 1135 1303 tute
1167 1261 1402 1317 semper
1424 1244 1501 1300 ad
1531 1257 1790 1315 superna
1819 1256 1928 1297 nos
1959 1239 2116 1308 erige
2149 1254 2162 1292 :
2277 1235 2459 1307 utqui
2485 1250 2594 1305 pro
2623 1250 2693 1291 ea
2723 1250 2948 1304 egenus
2974 1237 3031 1290 et
3068 1246 3302 1305 pauper
3329 1228 3578 1286 effectus
3619 1243 3708 1293 es,
3756 1226 3945 1282 donis

528 1345 585 1396 et
621 1354 758 1394 eum
788 1337 1022 1408 quinos
1046 1339 1293 1390 conatur
1307 1347 1537 1403 rapere,
1589 1331 1700 1386 sub
1746 1329 1964 1385 nostris
2007 1325 2169 1399 pedi-
2275 1322 2610 1378 ctelestibus
2641 1339 2773 1380 eam
2799 1324 2858 1378 in
2881 1321 3080 1378 futuro
3101 1318 3436 1376 muniﬁcas.
3473 1326 3538 1387 Βι.
3565 1321 3777 1372 Amen.

527 1428 640 1484 bus
661 1423 1088 1481 conterendum
1109 1423 1413 1492 immerge.
1444 1430 1507 1490 Βι.
1531 1420 1741 1474 Amen.
2346 1416 2450 1467 Per
2474 1411 2960 1468 misericordiam.

558 1533 561 1536 ·
597 1516 706 1570 Per
721 1511 1206 1570 misericordiam.
2344 1501 2442 1555 Ad
2470 1501 2838 1557 Benedictus.
2864 1498 3230 1570 Antiphona.
3255 1500 3319 1552 In
3345 1493 3656 1552 matutinis
3677 1492 3936 1550 medita-

597 1614 660 1672 Βι.
688 1605 767 1657 Ne
825 1599 1218 1656 obduraveris
1257 1611 1454 1653 aurem
1491 1599 1656 1651 tuam
1708 1593 1786 1650 ad
1834 1591 2167 1648 orationem
2275 1589 2386 1644 hor
2404 1588 2466 1643 in
2486 1593 2579 1645 te:
2627 1589 2773 1662 quia
2828 1588 2987 1643 fuisti
3042 1586 3278 1658 adjutor
3304 1599 3507 1640 meus.
3548 1582 3822 1640 Domine.
3866 1581 3933 1642 ν.

529 1705 727 1748 meam
749 1690 838 1747 :in
860 1685 1146 1744 auxilium
1159 1686 1303 1740 mihi
1320 1684 1636 1748 accessisti,
1668 1681 1912 1738 Domine
1937 1679 2026 1736 :in
2049 1679 2164 1744 die,
2275 1678 2429 1732 Deus
2449 1693 2631 1742 meus,
2661 1677 2738 1732 ad
2759 1681 2812 1732 te
2838 1676 2912 1732 de
2935 1676 3066 1732 luce
3098 1673 3298 1745 vigilo.

528 1794 651 1850 qua
678 1783 734 1833 te
772 1773 1065 1840 invocavi,
1096 1773 1293 1828 dixisti
1322 1789 1335 1827 :
1369 1773 1425 1828 P.
1456 1775 1534 1828 Ne
1566 1772 1798 1828 timeas.
1824 1768 1885 1830 ν.
1920 1766 2169 1823 Effunde
2203 1789 2245 1844 Β
2349 1765 2646 1822 Canticum
2703 1764 2964 1822 Danielis
3001 1779 3086 1820 ιιι.
3142 1759 3504 1818 Benedictus
3543 1763 3632 1816 est
3678 1758 3936 1816 Domine

529 1867 774 1933 framea,
811 1868 867 1919 et
905 1861 1194 1918 conclude
1224 1860 1510 1917 adversus
1541 1874 1661 1924 eos,
1695 1857 1796 1930 qui
1833 1872 1929 1912 me
1975 1870 2172 1927 perse—
2273 1855 2386 1924 fol.
2419 1856 2474 1909 6.

528 1958 812 2026 quuntur,
855 1956 908 2006 et
933 1951 1022 2004 die
1053 1949 1268 2004 animus
1293 1947 1557 2004 meae:P.
1587 1949 1663 2001 Ne
1689 1946 1919 2000 timeas.
2350 1942 2575 1999 Lauda.
2621 1942 2960 1999 Secundum
3002 1937 3439 1996 multitudinem
3493 1937 3935 2008 magnitudinis

603 2040 824 2096 Oratio.
851 2042 928 2094 Ne
943 2037 1223 2105 obdures,
1253 2036 1724 2098 Domine.aurem
1749 2038 1912 2089 tuam
1935 2031 2012 2087 ad
2030 2047 2169 2087 ora-
2278 2031 2437 2102 ejus:
2456 2030 2696 2087 laudate
2714 2030 3038 2087 Dominum
3056 2029 3116 2085 in
3136 2028 3356 2085 sanctis
3382 2027 3432 2098 ej
3443 2027 3821 2083 us.Psalmus
3835 2041 3922 2082 CL.

529 2132 750 2187 tionem
782 2127 1050 2184 Ecclesiae
1077 2130 1223 2181 tuae:
1247 2126 1309 2180 in
1339 2124 1623 2181 auxilium
1673 2124 1803 2194 ejus
1832 2122 2080 2188 accede;
2110 2124 2173 2177 ut
2392 2119 2587 2175 Lectio
2625 2119 2765 2175 libri
2788 2119 3080 2176 Samuelis
3100 2117 3327 2188 (Primi
3356 2115 3504 2186 Reg.
3535 2129 3662 2184 cap.
3691 2113 3808 2185 vn).

529 2220 634 2291 qui
662 2234 770 2290 pro
791 2233 860 2272 ea
875 2231 1087 2288 passus
1107 2230 1169 2270 es
1199 2214 1550 2286 passionum
1577 2213 1732 2268 dura
1756 2209 2066 2283 supplicia,
2087 2209 2172 2266 in-
2348 2217 2412 2277 ﬁt.
2431 2207 2548 2262 Deo
2581 2207 2820 2277 gratias.

529 2290 844 2362 vocantem
869 2319 1003 2358 eam
1035 2306 1135 2358 tua
1154 2302 1349 2357 Deitas
1377 2315 1498 2356 non
1527 2303 1773 2372 spernat
1797 2305 1888 2354 :ut
1907 2313 2042 2370 qua:
2060 2297 2170 2354 tuis
2347 2297 2410 2350 In
2437 2295 2549 2350 illis
2576 2295 2808 2350 diebus.
2850 2296 3146 2351 Venerunt
3173 2293 3283 2350 viri
3309 2290 3743 2356 Cariathiarim,
3761 2293 3818 2346 et
3836 2304 3928 2346 re-

528 2393 908 2466 passionibus
936 2390 1356 2455 conformatur,
1390 2389 1505 2446 tuis
1539 2403 1781 2460 quoque
1822 2385 2171 2443 muneribus
2275 2382 2573 2439 duxerunt
2610 2399 2812 2440 arcam
2853 2383 3105 2454 Domini,
3137 2386 3190 2438 et
3218 2381 3546 2438 intulerunt
3577 2395 3712 2436 eam
3742 2379 3806 2434 in
3823 2377 3934 2435 do-

532 2481 887 2540 consoletur.
914 2490 979 2550 It.
1000 2483 1214 2535 Amen.
2276 2487 2444 2527 mum
2465 2471 2781 2527 Abinadab
2804 2472 2866 2527 in
2897 2471 3132 2528 Gabaa:
3162 2469 3510 2526 Eleazarum
3565 2471 3769 2524 autem
3795 2467 3938 2538 ejus

601 2571 724 2626 Per.
2275 2559 2464 2615 ﬁlium
2489 2559 3094 2629 sanctiﬁcaverunt,ut
3115 2557 3444 2616 custodiret
3468 2572 3674 2615 arcam
3688 2554 3936 2612 Domini

1161 2653 1567 2710 InLaudibus.
2275 2649 2334 2704 in
2357 2648 2784 2705 Cariathiarim.
2819 2648 3116 2705 Etfactum
3141 2652 3252 2714 est,
3285 2663 3360 2705 ex
3407 2662 3536 2719 qua
3578 2645 3676 2702 die
3704 2643 3940 2702 mansit

598 2745 959 2816 Antiphona.
984 2743 1324 2800 Secundum
1358 2755 1646 2811 magnam
1697 2739 1776 2796 mi
1787 2738 2167 2796 sericordiam
2275 2753 2415 2794 arca
2441 2737 2665 2795 Domini
2688 2738 2750 2794 in
2777 2737 3208 2806 Cariathiarim,
3234 2735 3613 2808 multiplicati
3635 2737 3781 2790 sunt
3799 2734 3936 2790 dies

529 2841 692 2892 tuam
705 2835 979 2891 miserere
1003 2833 1282 2888 meiDeus
1312 2830 1804 2896 meus.Quouiam
1834 2845 1936 2885 cor
1962 2843 2168 2884 meum
2276 2825 2428 2896 (erat
2453 2826 2680 2899 quippe
2705 2826 2832 2897 jam
2847 2840 3044 2882 annus
3067 2825 3409 2895 vicesimus)
3428 2823 3793 2896 etrequievit
3804 2838 3942 2880 om-

526 2924 844 2981 contritum
880 2926 987 2989 est,
1028 2921 1345 2992 deprecor:
1371 2920 1636 2975 Miserere
1658 2918 1793 2974 mei.
1815 2919 2087 2974 Psalmus
2112 2932 2163 2973 L.
2275 2915 2365 2970 nis
2395 2915 2613 2972 domus
2631 2915 2811 2972 lsrael
2840 2921 2974 2987 post
3002 2915 3210 2971 Deum.
3243 2913 3337 2970 Ait
3356 2918 3558 2970 autem
3583 2912 3832 2970 Samuel
3855 2911 3945 2969 ad

596 3013 814 3068 Oratio.
849 3011 1114 3065 Miserere
1157 3009 1328 3064 nobis
1355 3006 1623 3071 Domine,
1681 3005 2010 3061 secundum
2042 3019 2168 3061 ma-
2276 3004 2615 3061 universam
2634 3003 2876 3061 domum
2913 3003 3114 3070 lsrael,
3145 3003 3383 3061 dicens:
3415 3002 3473 3058 Si
3494 3001 3556 3058 in
3596 3005 3722 3058 toto
3752 3000 3948 3058 corde

525 3118 705 3173 gnam
732 3100 1199 3157 misericordiam
1228 3103 1479 3164 tuam,et
1505 3097 1583 3152 ab
1609 3095 2165 3165 erroreresipiscen-
2193 3138 2235 3196 Ο
2275 3099 2466 3149 vestro
2482 3092 2891 3148 convertimini
2907 3091 2985 3148 ad
2999 3091 3346 3155 Dominum,
3363 3090 3590 3147 auferte
3611 3090 3763 3147 deos
3791 3088 3948 3145 alie-

523 3192 680 3246 tibus
706 3189 1029 3244 clementia:
1061 3194 1173 3243 tute
1195 3186 1358 3258 aperi
1375 3186 1650 3255 januam.
1681 3187 1938 3240 Tuarum
1963 3184 2162 3254 itaque
2195 3179 2235 3196 ν’
2273 3196 2386 3237 nos
2414 3181 2488 3236 de
2536 3181 2733 3236 medio
2770 3181 2968 3246 vestri,
2991 3179 3223 3237 Baalim
3250 3183 3309 3236 et
3335 3179 3656 3237 Astaroth:
3695 3183 3758 3238 et
3783 3194 3946 3250 pras-

523 3273 1468 3349 misericordiarummagnitudine
1480 3287 1600 3327 non
1618 3270 1861 3326 sinimur
1878 3271 2162 3327 malorum
2271 3274 2474 3339 parate
2493 3269 2677 3325 corda
2713 3275 2906 3326 vestra
2931 3268 3183 3324 Domino
3207 3285 3220 3324 :
3249 3273 3306 3323 et
3344 3267 3558 3324 servite
3586 3267 3641 3322 ei
3690 3266 3824 3332 soli,
3885 3272 3949 3326 et

523 3371 864 3422 nostrorum
889 3365 1064 3420 obrui
1083 3360 1469 3434 depressione
1493 3376 1503 3414 :
1526 3375 1635 3414 nos
1652 3359 2162 3430 eniminiquitates
2269 3363 2433 3412 eruet
2470 3373 2576 3413 vos
2613 3357 2686 3411 de
2711 3372 2896 3413 manu
2934 3355 3305 3413 Philisthiim.
3359 3355 3752 3412 Abstulerunt
3789 3371 3948 3426 ergo

522 3460 757 3510 nostras
786 3452 1205 3523 agnoscimus;
1233 3455 1289 3502 et
1316 3463 1422 3519 per
1442 3447 1630 3502 moles
1658 3447 1975 3502 criminum
2003 3463 2162 3503 com-
2269 3445 2369 3499 ﬁlii
2392 3445 2529 3500 lsrel
2568 3443 2816 3512 Baalim,
2844 3449 2901 3499 et
2935 3443 3230 3508 Astaroth,
3256 3447 3313 3500 et
3343 3443 3678 3501 servierunt
3728 3443 3947 3500 Domi-

523 3545 846 3598 missorum
875 3541 935 3594 in
968 3538 1186 3592 nostris
1225 3535 1410 3592 oculis
1443 3536 1742 3606 punimur.
1785 3538 1892 3590 Pro
1926 3551 2045 3607 qua
2075 3551 2158 3602 re,
2268 3549 2345 3588 no
2361 3533 2647 3588 soli.Dixit
2667 3538 2868 3589 autem
2891 3531 3152 3588 Samuel;
3174 3533 3543 3602 Congregate
3571 3533 3948 3588 universum

524 3629 810 3684 Domine:
859 3626 1018 3681 unde
1048 3641 1159 3680 nos
1199 3623 1628 3689 erubescimus,
1661 3626 1725 3678 tu
1783 3624 2060 3693 ignosce;
2108 3629 2163 3680 et
2267 3621 2512 3677 Israelin
2538 3621 2966 3692 Mastphatli,ut
2981 3636 3144 3677 orem
3159 3635 3267 3692 pro
3289 3618 3460 3676 vobis
3477 3619 3558 3676 ad
3576 3621 3947 3680 Dominum.

523 3731 594 3771 ea
613 3729 750 3786 quas
777 3714 967 3783 egisse
1005 3728 1116 3768 nos
1147 3713 1408 3783 paenitet,
1452 3717 1516 3766 tu
1545 3711 1674 3767 dele
1723 3711 2056 3768 clementer.
2093 3723 2156 3783 It.
2269 3713 2329 3764 Et
2355 3709 2830 3765 conveneruntin
2861 3707 3168 3779 Masphath
3193 3725 3206 3762 :
3237 3707 3679 3780 hauseruntque
3699 3725 3949 3782 aquam

524 3810 733 3861 Amen.
2267 3804 2322 3854 et
2343 3797 2679 3854 effuderunt
2702 3797 2763 3852 in
2792 3800 3112 3868 conspectu
3125 3795 3380 3866 Domini,
3405 3801 3462 3853 et
3471 3795 3945 3867 jejunaverunt,

593 3893 702 3946 Per
734 3890 1214 3946 misericordiam.
2268 3887 2329 3942 in
2359 3887 2452 3942 die
2492 3886 2608 3951 illa,
2634 3891 2810 3959 atque
2840 3885 3116 3941 dixerunt
3141 3902 3154 3940 ;
3177 3885 3303 3940 Tibi
3323 3885 3711 3956 peccavimus
3730 3887 3950 3944 Domi-

591 3980 685 4036 Ad
709 3981 1031 4037 Canticum.
1063 3979 1422 4047 Antiphona.
1447 3978 1589 4043 Quis
1614 3977 1712 4033 det
1739 3984 1800 4034 ut
1828 3979 2027 4034 veniat
2055 3993 2160 4049 pe-
2266 3991 2359 4030 ne.
2403 3975 2814 4046 iudicavitque
2838 3973 3076 4030 Samuel
3102 3972 3256 4029 ﬁlios
3286 3974 3469 4030 lsrael
3498 3973 3562 4029 in
3583 3974 3942 4046 Masphath.

519 4069 642 4126 titio
680 4085 842 4125 mea:
869 4075 922 4124 et
961 4068 1118 4139 quod
1149 4073 1427 4137 exspecto
1462 4067 1680 4124 tribuat
1701 4067 1846 4122 mihi
1888 4070 2037 4122 Deus
2061 4068 2088 4122 ?
2266 4064 2708 4134 Audieruntque
2735 4061 3084 4118 Philisthiim
3116 4062 3281 4134 quod
3324 4063 3678 4133 congregati
3727 4068 3949 4120 essent

940 4156 1242 4214 Canticum
1274 4155 1379 4209 Job
1419 4155 1582 4226 (Cap.
1620 4158 1721 4225 γι).
2266 4152 2369 4207 tilii
2394 4152 2569 4208 lsrael
2597 4153 2658 4206 in
2673 4149 3474 4222 Masphath,etascenderunt
3491 4156 3768 4224 satrapes
3792 4152 3945 4208 Phi-

589 4247 780 4302 Verba
815 4261 951 4302 mea
975 4245 1178 4300 dolore
1200 4248 1336 4299 sunt
1353 4245 1556 4313 plena:
1590 4246 1609 4266 '
1636 4243 1779 4314 quia
1792 4244 2022 4313 sagittas
2043 4244 2155 4301 Do-
2264 4240 2643 4295 listhinorum
2669 4239 2746 4294 ad
2776 4238 2975 4294 lsrael.
3009 4239 3181 4303 Quod
3212 4254 3348 4294 cum
3372 4239 3688 4296 audissent
3721 4240 3838 4296 ﬁlii
3861 4245 3948 4296 Is-

518 4335 663 4390 mini
685 4335 743 4388 in
778 4349 873 4388 me
903 4337 1059 4387 sunt.
2265 4326 2953 4392 rael,timueruntafacie
2986 4326 3947 4402 Philisthinorum.Dixeruntque

589 4425 856 4486 Quarum
885 4420 1214 4489 indignatio
1261 4419 1444 4474 ebibit
1492 4420 1756 4489 spiritum
1802 4435 2024 4483 meum,
2055 4420 2068 4436 '
2101 4426 2156 4475 et
2265 4417 2368 4472 iilii
2390 4417 2564 4472 lsrael
2585 4416 2662 4472 ad
2693 4414 2961 4472 Samuel:
2986 4418 3064 4470 Ne
3092 4430 3288 4470 cesses
3320 4415 3579 4472 clamare
3601 4431 3714 4488 pro
3746 4417 3946 4474 nobis

517 4515 766 4566 terrores
796 4509 1026 4565 Domini
1052 4508 1306 4564 militant
1333 4513 1541 4563 contra
1561 4524 1676 4563 me.
2190 4496 2233 4549 Ῑ)
2266 4507 2341 4562 ad
2374 4505 2690 4561 Dominum
2707 4504 2893 4560 Deum
2911 4503 3603 4570 nostrum,utsalvetnos
3631 4504 3709 4560 de
3740 4522 3945 4562 manu

589 4599 887 4671 Numquid
909 4598 1098 4669 fugiet
1115 4613 1337 4665 onager
1353 4613 1490 4651 cum
1517 4597 1788 4652 habuerit
1815 4597 2067 4652 herbam
2086 4597 2115 4651 ?
2136 4601 2156 4620 "
2265 4593 2925 4650 Philistliinorum.Tulit
2945 4597 3145 4647 autem
3180 4592 3420 4648 Samuel
3439 4609 3672 4664 agnum
3695 4594 3946 4652 lactan-

519 4693 620 4743 aut
651 4691 874 4758 mugiet
902 4687 1010 4742 bos
1042 4702 1178 4741 cum
1194 4693 1329 4740 ante
1352 4701 1612 4756 praesepe
1637 4686 1880 4756 plenum
1897 4686 2156 4742 steterit?
2267 4688 2383 4738 tem
2416 4699 2623 4752 unum,
2644 4685 2700 4736 et
2729 4680 2962 4736 obtullit
2987 4679 3153 4735 illum
3176 4680 3592 4738 holocaustum
3614 4682 3944 4754 integrum

589 4777 764 4848 266
791 4780 902 4832 Aut
931 4774 1382 4847 poteritcomedi
1401 4774 1905 4846 insulsum,quod
1924 4789 2044 4830 non
2071 4778 2159 4830 est
2266 4771 2546 4826 Domino:
2579 4774 2635 4826 et
2663 4768 2942 4825 clamavit
2966 4767 3204 4824 Samuel
3231 4767 3310 4824 ad
3337 4768 3666 4827 Dominum
3695 4787 3812 4844 pro
3852 4777 3950 4830 Is-

518 4865 640 4920 sole
661 4865 969 4921 conditum
989 4865 1052 4920 7'
1083 4870 1186 4920 aut
1214 4868 1406 4935 potest
1447 4864 1664 4936 aliquis
1702 4868 1960 4934 gustare,
1992 4863 2158 4935 quod
2263 4858 2400 4925 rael,
2425 4865 2482 4915 et
2509 4857 2961 4914 exaudiviteum
2994 4856 3556 4914 Dominus.Factum
3575 4863 3668 4915 est
3694 4865 3946 4930 autem,

516 4957 820 5022 gustatum
846 4953 1016 5008 affert
1035 4956 1288 5008 mortem
1301 4953 1329 5006 Ἰ
2265 4965 2402 5004 cum
2417 4945 3338 5012 Samuelotferretholocaustum,
3356 4946 3707 5003 Philisthiim
3741 4949 3952 5008 iniere

583 5041 727 5102 Quae
757 5040 921 5110 prius
964 5045 1207 5106 tangere
1240 5039 1480 5095 nolebat
1519 5039 1726 5095 anima
1758 5053 1914 5102 mea,
1948 5038 1969 5060 "
1996 5053 2162 5095 nunc
2265 5036 2534 5108 praelium
2547 5040 2756 5090 contra
2781 5032 2988 5090 Israel:
3017 5022 3798 5093 intonuitautemDominus
3812 5038 3952 5097 fra-

514 5141 634 5197 prae
663 5128 956 5195 angustia,
999 5126 1114 5181 cibi
1139 5126 1252 5180 mei
1276 5131 1430 5181 sunt.
2266 5140 2406 5195 gore
2419 5138 2695 5193 magnore
2707 5123 2768 5178 in
2780 5121 2873 5178 die
2891 5122 2988 5178 illa
3000 5137 3179 5194 super
3190 5122 3625 5189 Philisthiim,et
3637 5129 3954 5185 exterruit

589 5213 731 5277 Quis
760 5215 858 5268 det
890 5218 949 5269 ut
977 5213 1176 5268 veniat
1193 5213 1394 5282 petitio
1425 5228 1588 5269 mea:
1623 5216 1678 5268 et
1695 5212 1859 5285 quod
1887 5218 2157 5286 expecto,~
2266 5230 2389 5282 eos,
2415 5217 2471 5268 et
2491 5212 2627 5267 caesi
2675 5215 2814 5266 sunt
2837 5210 3027 5267 aﬁliis
3059 5211 3259 5267 Israel.
3305 5213 3662 5285 Egressique
3717 5214 3833 5272 ﬁlii
3865 5217 3954 5273 Is~

518 5303 736 5358 tribuat
763 5303 908 5356 mihi
941 5304 1137 5357 Dens?
2265 5302 2386 5360 rael
2413 5301 2486 5356 de
2507 5299 3131 5371 Masphath,persecuti
3153 5304 3290 5355 sunt
3310 5300 3782 5366 Philisthaaos,et
3800 5320 3955 5376 per-

589 5395 652 5447 Et
688 5393 788 5462 qui
830 5393 1024 5463 carpit,
1057 5392 1183 5462 ipse
1204 5406 1299 5444 me
1318 5394 1582 5446 conterat
1608 5405 1620 5444 :
1651 5392 1666 5406 '
1689 5391 1880 5447 solvat
1903 5409 2151 5450 manum
2265 5395 2577 5446 cusserunt
2614 5404 2734 5453 eos,
2753 5403 2945 5459 usque
2967 5388 3043 5444 ad
3069 5388 3270 5443 locum
3298 5389 3616 5446 Bethchar.
3645 5392 3805 5448 Tulit
3835 5410 3956 5451 ιω·-

514 5496 706 5546 suam,
728 5484 783 5535 et
814 5477 1082 5536 succidat
1119 5493 1216 5533 me
1231 5478 1260 5532 7
2265 5485 2383 5534 tem
2412 5477 2648 5534 Samuel
2672 5477 2933 5549 lapidem
2947 5483 3219 5542 unum,et
3233 5478 3432 5548 posuit
3443 5494 3586 5535 eum
3599 5480 3762 5538 inter
3780 5485 3951 5542 Mas—

582 5571 648 5626 Et
684 5567 1500 5634 hmcmihisitconsolatiomt
1522 5568 1799 5640 afﬂigens
1813 5583 1912 5627 me
1925 5570 2149 5643 dolore,
2265 5566 2471 5638 phath,
2504 5570 2560 5623 et
2580 5566 2732 5622 inter
2761 5567 2874 5624 Sen
2907 5581 2920 5620 :
2956 5570 3012 5622 et
3048 5565 3284 5622 vocavit
3311 5580 3538 5626 nomen
3565 5568 3722 5640 ejus,
3748 5573 3960 5646 Lapis‘
