4192 6436
198 372 288 437 464
1336 377 1685 433 DOMINICA
1725 376 1798 433 IV
1838 372 2445 443 QUADBAGESIM/E.

3500 395 3609 453 462

198 500 480 576 adjutorii.
520 499 821 590 Dixitque;
846 500 1163 573 llucusque
1194 502 1513 557 auxiliatus
1544 505 1635 558 est
1663 501 1839 557 nobis
1868 500 1916 554 A
1957 516 2075 572 que
2104 520 2373 571 numera,
2401 510 2457 563 et
2483 511 2860 579 perveterunt
2884 509 3197 581 judicium.
3248 518 3605 590 Congregatl

200 591 489 648 Dominus.
528 590 593 643 Et
617 588 910 644 humiliati
944 596 1083 645 sunt
1106 590 1477 655 Philisthiim,
1520 605 1630 645 nec
1654 604 1838 661 appo-

203 682 435 737 suerunt
459 676 629 741 ultra,
673 678 1021 734 utvenirent
1051 678 1113 733 in
1141 678 1424 734 terminos
1454 678 1840 734 Israel.Facta

206 772 285 826 est
321 771 516 823 autem
535 781 751 821 manus
765 767 1001 822 Domini
1016 783 1193 840 super
1209 767 1838 831 Philisthzeos,cunctis

207 857 405 914 diebus
433 855 690 910 Samuel.
706 858 770 911 Et
785 855 1033 911 redditae
1051 862 1188 913 sunt
1204 856 1562 928 urbes,quas
1584 855 1840 912 tulerant

207 944 541 1002 Philisthiim
572 944 770 1009 Israel,
801 945 877 1000 ab
908 950 1174 1002 Accaron
1214 960 1404 1017 usque
1432 946 1594 1011 Geth,
1630 950 1685 1001 et
1730 949 1840 1000 ter-

205 1036 387 1091 minos
404 1049 576 1089 suos:
606 1034 1007 1090 liberaverunt
1026 1036 1100 1090 de
1124 1051 1311 1091 manu
1334 1034 1834 1098 Philisthinorum,

204 1128 431 1196 eratque
460 1137 580 1194 pax
606 1122 1033 1190 interlsrael,et
1060 1122 1841 1179 AmorrhreumJudicabat—

202 1227 308 1283 que
331 1211 567 1269 Samuel
588 1211 765 1267 Israel
791 1212 1019 1267 cunctis
1047 1211 1260 1267 diebus
1290 1213 1425 1267 vitae
1457 1227 1601 1266 suae.
1621 1214 1686 1266 Et
1715 1210 1840 1266 ibat

198 1316 296 1373 per
318 1300 584 1371 singulos
608 1316 803 1356 annos
829 1300 1189 1356 circumiens
1232 1298 1447 1366 Bethel,
1482 1303 1538 1355 et
1591 1299 1653 1354 in
1707 1300 1838 1355 Gal-

198 1391 339 1459 gala,
368 1394 423 1447 et
446 1390 781 1461 Masphath,
807 1394 862 1445 et
884 1389 1192 1459 judicabat
1213 1389 1392 1445 Israel
1436 1388 1499 1443 in
1531 1388 1839 1460 supradic-

198 1481 263 1537 tis
289 1479 452 1535 locis.
505 1481 572 1535 Et
598 1478 1008 1535 revertabatur
1027 1479 1088 1534 in
1110 1478 1402 1534 Ramatha
1424 1496 1440 1532 ε
1462 1478 1565 1532 ubi
1580 1480 1707 1533 erat
1735 1477 1838 1533 do-

195 1585 319 1625 mus
359 1568 515 1638 ejus,
538 1572 596 1623 et
626 1566 704 1622 ibi
720 1566 1031 1639 judicabat
1056 1566 1234 1623 Israel
1261 1584 1274 1623 :
1304 1565 1737 1637 aediﬁcavitque
1756 1566 1840 1622 ibi

195 1657 364 1714 altare
385 1656 670 1712 Domino.

259 1747 554 1815 Hymnus.
584 1744 779 1799 Noctis
815 1747 1074 1814 tempus.
1108 1742 1213 1813 fol.
1246 1742 1366 1797 257.
1403 1741 1708 1813 Capitula.
1754 1742 1839 1797 Li-

193 1834 328 1890 bera
356 1849 462 1890 nos
494 1831 747 1889 Domine
772 1833 886 1902 fol.
921 1835 1047 1888 260.

267 1922 481 1979 Lauda.
518 1924 847 1977 Posuerunt
876 1919 1484 1991 peccatoreslaqueos
1502 1918 1649 1973 mihi
1675 1937 1687 1982 ;
1714 1921 1770 1973 et
1803 1934 1841 1975 a

200 2011 481 2067 mandatis
519 2010 655 2076 tuls,
681 2008 953 2075 Domine,
980 2023 1104 2063 non
1134 2007 1448 2063 declinavi.
1492 2005 1552 2066 ἡ.
1599 2006 1838 2062 Heredi-

196 2105 303 2157 tate
314 2099 611 2171 acquisivi
629 2097 971 2155 testimonia
986 2098 1159 2153 tuain
1180 2101 1469 2153 aeternum
1491 2115 1504 2149 :
1524 2097 1667 2168 quia
1678 2096 1838 2154 exul-

193 2190 323 2246 tatio
346 2190 552 2246 cordis
582 2189 701 2244 mei
727 2192 885 2243 sunt.

255 2279 465 2335 Oratio.
500 2278 715 2333 Tribue
762 2276 959 2341 nobis,
1004 2276 1275 2343 Domine,
1304 2274 1708 2347 adjutorium:
1739 2276 1837 2331 de-

186 2367 332 2423 clina
356 2367 508 2424 odia.
536 2366 897 2438 iniquorum,
935 2369 991 2421 et
1011 2364 1309 2421 fallaciam
1349 2380 1631 2437 superare
1684 2380 1838 2437 prae-

182 2457 618 2513 varicatorum:
645 2457 777 2510 Esto
809 2457 1105 2526 protector
1135 2454 1504 2525 sperantium
1552 2452 1616 2508 in
1660 2453 1839 2510 verbo

183 2548 279 2600 tuo
292 2560 306 2611 ;
321 2549 377 2600 et
396 2542 652 2614 suscipe
664 2541 910 2598 humiles
931 2542 1100 2612 267
1120 2541 1293 2612 juxta
1310 2541 1615 2612 eloquium
1632 2544 1836 2597 tuum:

183 2639 474 2706 quatenus
504 2630 805 2702 possimus
824 2634 928 2687 tua
953 2629 1241 2686 mandata
1259 2644 1515 2693 servare,
1545 2633 1602 2686 et
1613 2629 1842 2700 judicia

182 2728 279 2779 tua
294 2725 645 2792 metuere,et
660 2719 739 2776 ab
754 2718 1038 2775 admissis
1052 2717 1490 2788 indulgentiam
1507 2719 1839 2789 promereri.

186 2822 249 2881 ἢ.
283 2815 496 2867 Amen.

247 2899 357 2957 Per
386 2896 896 2955 misericoridam.

812 2985 911 3041 Ad
941 2984 1225 3040 Tertiam.

443 3075 836 3134 Ecclesiastes
864 3074 1209 3131 Salomonis
1235 3073 1406 3144 (Cap.
1450 3076 1571 3145 VII).

245 3181 308 3237 Re.
344 3171 470 3224 Deo
505 3164 745 3236 gratias.

244 3257 507 3321 Fili,non
536 3258 624 3310 est
648 3254 710 3308 in
724 3252 990 3309 hominis
1004 3251 1346 3309 conditione
1375 3251 1690 3325 prohibere
1720 3251 1840 3323 spi-

175 3346 375 3411 ritum,
398 3359 517 3401 nec
542 3342 1088 3414 habetpotestatem
1114 3341 1176 3397 in
1196 3341 1294 3397 die
1316 3341 1544 3409 mortis,
1568 3355 1677 3397 nec
1704 3341 1843 3397 sini-

179 3436 593 3508 turquiescere
620 3433 933 3501 ingruente
961 3430 1136 3500 bello,
1154 3446 1351 3504 neque
1383 3430 1842 3501 salvabitimpie-

178 3528 264 3580 tas
306 3522 593 3595 impium.
629 3521 843 3578 Omnia
870 3521 999 3576 haec
1044 3520 1437 3586 consideravi,
1478 3523 1535 3577 et
1576 3520 1710 3577 dedi
1741 3535 1844 3576 cor

175 3627 383 3669 meum
405 3613 471 3667 in
502 3610 703 3667 multis
760 3610 1062 3681 operibus,
1109 3625 1243 3681 quae
1287 3609 1439 3666 ﬁunt
1478 3609 1621 3666 sole.
1654 3610 1842 3666 Inter-

174 3702 312 3758 dum
332 3700 689 3757 dominatur
714 3699 899 3753 homo
915 3696 1149 3753 homini
1171 3699 1232 3753 in
1250 3699 1477 3754 malum
1504 3714 1691 3753 suum.
1716 3699 1845 3755 Vidi

170 3791 396 3864 impios
421 3788 691 3860 sepultos
714 3806 732 3841 ε
749 3786 853 3857 qui
880 3789 1060 3842 etiam
1077 3786 1226 3841 dum
1260 3787 1759 3858 adhucviverent,
1781 3788 1844 3844 in

164 3881 305 3937 loco
329 3881 550 3932 sancto
576 3878 762 3939 erant,
797 3878 851 3929 et
876 3874 1279 3929 laudabantur
1310 3874 1373 3929 in
1405 3874 1642 3931 civitate
1668 3877 1847 3947 quasi

157 3970 486 4041 justorum
509 3976 792 4034 operum:
816 3962 920 4017 sed
949 3965 1007 4016 et
1048 3961 1167 4016 hoc
1190 3962 1425 4017 vanitas
1451 3966 1557 4018 est.
1614 3964 1844 4020 Etenim

161 4057 318 4130 quia
340 4066 477 4109 non
504 4050 795 4123 profertur
819 4050 934 4106 cito
956 4054 1164 4105 contra
1184 4049 1375 4105 malos
1394 4051 1701 4115 sententia,
1712 4052 1845 4107 abs-

163 4162 286 4220 que
338 4141 472 4197 ullo
516 4141 729 4196 timore
762 4137 867 4193 filii
918 4138 1238 4194 hominum
1278 4141 1618 4210 perpetrant
1657 4139 1840 4196 mala.

164 4240 447 4291 Attamen
490 4228 658 4301 quod
676 4231 949 4299 peccator
976 4226 1196 4282 centies
1223 4226 1357 4282 fecit
1379 4225 1629 4293 malum,
1659 4232 1715 4283 et
1739 4244 1845 4300 per

165 4320 536 4397 patientiam
560 4320 947 4387 sustentatur,
987 4330 1100 4386 ego
1126 4315 1379 4387 cognovi
1409 4316 1572 4388 quod
1598 4316 1706 4373 erit
1734 4317 1839 4374 bo-

165 4429 320 4469 num
356 4406 713 4465 timentibus
740 4407 949 4476 Deum,
984 4404 1089 4477 qui
1131 4409 1405 4460 verentur
1447 4404 1660 4462 faciem
1689 4407 1837 4478 ejus.

168 4506 299 4558 Non
322 4500 401 4555 sit
430 4497 667 4553 bonum
688 4494 898 4566 impio,
920 4509 1031 4549 nec
1054 4493 1479 4565 prolengentur
1508 4494 1639 4549 dies
1689 4497 1836 4568 ejus,

1953 606 2095 659 ergo
2130 595 2389 650 universi
2416 596 2675 667 majores
2694 602 2838 654 natu
2868 600 3361 670 Israel,venerunt
3389 608 3467 662 ad
3502 610 3604 665 Sa-

1948 680 2107 734 muel
2138 681 2197 735 in
2224 685 2947 759 Itamatba.Dixeruntque
2979 687 3061 742 ei:
3089 690 3234 745 Ecce
3254 696 3316 747 tu
3332 695 3599 766 senuisti,

1949 770 2005 822 et
2042 768 2146 823 ﬁlii
2177 770 2259 825 tui
2276 786 2396 826 non
2413 772 2725 829 ambulant
2748 774 2809 829 in
2824 775 3062 831 viistuis
3085 779 3404 835 :constitue
3429 782 3604 838 nobis

1947 869 2170 925 regem,
2205 862 2266 914 ut
2288 860 2515 929 judicet
2532 863 2824 929 nos,sicut
2849 866 2904 920 et
2928 866 3228 922 universae
3256 867 3482 926 habent
3500 886 3607 928 na-

1949 943 2156 1000 tiones.
2182 946 2606 1021 Displicuitque
2650 967 2847 1008 sermo
2878 953 2938 1008 in
2963 953 3149 1010 oculis
3172 955 3495 1024 Samuelis,
3532 974 3603 1016 eo

1948 1033 2115 1104 quod
2145 1033 2461 1093 dixissent:
2489 1040 2573 1095 Da
2597 1040 2776 1095 nobis
2792 1056 3015 1110 regem,
3049 1046 3114 1098 ut
3139 1042 3515 1113 judicetnos.
3540 1048 3605 1103 Et

1948 1122 2138 1177 oravit
2161 1125 2400 1180 Samuel
2419 1127 2497 1181 ad
2537 1128 3055 1185 Dominum.Dixit
3084 1135 3285 1188 autem
3311 1134 3602 1191 Dominus

1948 1208 2026 1263 ad
2050 1212 2290 1266 Samuel
2321 1229 2332 1267 :
2362 1216 2514 1271 Audi
2536 1232 2745 1272 vocem
2767 1219 2974 1290 populi
2990 1219 3051 1275 in
3071 1220 3353 1277 omnibus
3368 1237 3505 1294 quae
3520 1223 3604 1280 Ιο-

1946 1304 2213 1369 quuntur
2246 1302 2345 1357 tibi
2367 1325 2378 1355 :
2403 1318 2527 1359 non
2557 1306 2709 1360 enim
2738 1310 2789 1362 te
2817 1306 3184 1378 abjecerunt,
3206 1309 3311 1366 sed
3361 1326 3477 1380 me,
3524 1328 3601 1369 ne

1945 1400 2189 1455 regnem
2217 1406 2395 1463 super
2432 1409 2553 1449 eos.
2594 1397 2769 1451 Juxta
2792 1396 2998 1453 omnia
3012 1412 3196 1468 opera
3219 1414 3491 1472 sua,qute
3521 1400 3603 1457 fe-

1947 1481 2154 1533 cerunt
2178 1494 2214 1534 a
2252 1479 2346 1535 die
2372 1497 2496 1553 quo
2524 1482 2703 1539 eduxi
2724 1499 2824 1540 eos
2877 1484 2951 1540 de
2994 1489 3249 1559 rEgypto
3292 1504 3482 1561 usque
3521 1490 3601 1547 ad

1948 1564 2107 1619 diem
2155 1566 2346 1623 hanc:
2379 1570 2530 1626 sicut
2552 1571 2998 1644 dereliquerunt
3038 1591 3152 1639 me,
3191 1579 3248 1631 et
3270 1577 3601 1636 servierunt

1949 1652 2062 1707 diis
2094 1654 2320 1727 alienis,
2355 1657 2436 1712 sic
2468 1658 2687 1715 facient
2715 1662 2892 1717 etiam
2924 1661 3045 1717 tibi.
3079 1665 3246 1719 Nunc
3282 1679 3424 1734 ergo
3454 1667 3602 1723 audi

1949 1756 2151 1797 vocem
2168 1759 2367 1799 eorum
2390 1763 2403 1812 ;
2418 1754 2821 1804 verumtamen
2837 1754 3361 1818 contestareeos,et
3377 1756 3600 1825 praedic

1950 1828 2034 1884 eis
2043 1830 2142 1899 jus
2162 1832 2336 1902 regis,
2368 1834 2469 1905 qui
2500 1839 2855 1905 regnaturus
2887 1844 2975 1893 est
2998 1854 3171 1909 super
3192 1840 3468 1898 eos.Dixit
3494 1844 3597 1900 ita-

1948 1933 2065 1989 que
2098 1920 2335 1976 Samuel
2365 1922 2571 1979 omnia
2598 1925 2783 1980 verba
2813 1926 3049 1981 Domini
3073 1927 3151 1982 ad
3171 1928 3599 2001 populum,qui

1949 2006 2195 2078 petierat
2224 2024 2260 2065 a
2289 2026 2349 2066 se
2367 2025 2592 2082 regem,
2628 2017 2683 2068 et
2710 2014 2789 2069 ait
2813 2030 2825 2067 :
2874 2015 2994 2070 Hoc
3019 2016 3128 2071 erit
3161 2017 3260 2085 jus
3284 2016 3462 2086 regis,
3493 2018 3599 2089 qui

1948 2096 2347 2168 imperaturus
2379 2108 2465 2155 est
2481 2101 2675 2156 vobis:
2699 2102 2885 2160 Filios
2909 2107 3142 2160 vestros
3159 2104 3399 2169 tollet,et
3419 2110 3602 2177 ponet

1947 2185 2008 2240 in
2029 2187 2302 2243 curribus
2334 2189 2779 2263 suis,facietque
2813 2191 2924 2247 sibi
2946 2192 3174 2265 equites
3191 2199 3247 2250 et
3268 2210 3598 2267 praecurso-

1946 2289 2040 2329 res
2055 2276 2475 2347 quadrigarum
2496 2282 2817 2345 suarum,et
2832 2281 3147 2337 constituet
3177 2281 3292 2338 sibi
3306 2282 3594 2349 tribunos,

1949 2368 2002 2417 et
2021 2364 2481 2433 centuriones,et
2510 2374 2771 2423 aratores
2797 2384 3081 2438 agrorum
3100 2376 3432 2436 suorum,et
3447 2386 3601 2428 mes-

1950 2466 2113 2508 sores
2144 2457 2433 2523 segetum,
2465 2462 2520 2511 et
2545 2456 2748 2512 fabros
2787 2473 3095 2514 armorum
3120 2464 3178 2515 et
3197 2475 3441 2516 currum
3465 2475 3599 2517 suo-

1949 2540 2285 2597 rum.Filias
2314 2558 2556 2615 quoque
2583 2550 2813 2602 vestras
2828 2545 3123 2602 facietsibi
3145 2547 3594 2617 unguentarias,

1949 2631 2007 2683 et
2032 2627 2307 2695 focarias,
2350 2635 2405 2686 et
2442 2632 2753 2703 paniﬁcas.
2780 2634 2968 2703 Agros
2991 2650 3234 2707 quoque
3254 2640 3506 2706 vestros,
3543 2639 3601 2693 et

1949 2716 2175 2784 vineas,
2191 2722 2248 2773 et
2282 2718 2501 2775 oliveta
2529 2721 2759 2792 optima
2779 2721 2954 2791 tollet,
2974 2727 3032 2777 et
3056 2722 3223 2779 dabit
3242 2726 3428 2780 servis
3449 2725 3595 2781 suis.

1954 2804 2067 2860 Sed
2085 2810 2310 2875 segetes
2325 2811 2571 2873 vestras,
2602 2810 2984 2866 etvinearum
3010 2810 3239 2867 reditus
3274 2812 3606 2870 addecima.

1950 2892 2057 2963 bit,
2088 2895 2568 2952 utdeteunuchis
2601 2903 2659 2953 et
2676 2898 2916 2954 famulis
2955 2899 3097 2955 suis.
3134 2902 3346 2957 Servos
3360 2916 3606 2973 quoque

1952 2987 2199 3049 vestros,
2221 2989 2274 3039 et
2309 2985 2577 3055 ancillas,
2604 2991 2660 3041 et
2679 2986 2928 3057 juvenes
2962 2988 3246 3060 optimos,
3295 2994 3353 3046 et
3406 2990 3606 3047 asinos

1954 3070 2196 3137 auferet,
2240 3079 2295 3128 et
2322 3077 2505 3146 ponet
2522 3075 2584 3130 in
2609 3090 2787 3147 opere
2813 3078 3166 3147 suo.Greges
3182 3082 3409 3134 vestros
3425 3078 3606 3135 adde-

1869 3205 1910 3262 Ε
1953 3159 2217 3227 cimabit,
2250 3178 2477 3235 vosque
2498 3164 2655 3218 eritis
2680 3164 2732 3219 ei
2764 3165 2936 3220 servi.
2972 3168 3038 3220 Et
3058 3164 3392 3221 clamabitis
3423 3167 3485 3222 in
3508 3166 3606 3223 die

1952 3249 2053 3304 illa
2074 3265 2109 3305 a
2139 3249 2287 3306 facie
2301 3251 2457 3322 regis
2485 3253 2875 3325 vestri,quem
2894 3253 3150 3325 elegistis
3168 3254 3344 3311 vobis
3365 3260 3454 3312 :et
3479 3270 3605 3312 non

1953 3339 2232 3395 exaudiet
2251 3356 2359 3396 vos
2393 3340 2678 3397 Dominus
2710 3342 2770 3396 in
2801 3342 2895 3398 die
2917 3342 3607 3414 illa,quiapetistisvobis

1950 3443 2178 3497 regem.
2194 3428 2386 3485 Noluit
2406 3433 2607 3485 autem
2632 3430 2894 3502 populus
2912 3431 3119 3487 audire
3132 3446 3341 3487 vocem
3359 3433 3604 3489 Samued

1950 3518 2046 3585 lis,
2080 3517 2185 3573 sed
2213 3517 2521 3574 dixerunt:
2555 3522 2674 3575 Rex
2701 3518 2862 3575 enim
2903 3519 3012 3575 erit
3047 3535 3229 3593 super
3256 3535 3389 3589 nos,
3414 3525 3471 3578 et
3494 3522 3605 3577 eri-

1952 3622 2090 3663 mus
2112 3622 2353 3680 quoque
2371 3607 2729 3677 nos,sicutet
2753 3625 2965 3665 omnes
2985 3613 3190 3680 gentes
3214 3625 3225 3663 :
3243 3616 3298 3665 et
3308 3609 3609 3681 judicabit

1953 3711 2062 3751 nos
2091 3711 2213 3759 rex,
2248 3700 2304 3751 et
2331 3696 2625 3766 pugnabit
2650 3696 2809 3753 bella
2832 3701 3037 3753 nostra
3060 3713 3170 3769 pro
3188 3697 3382 3754 nobis.
3399 3700 3466 3753 Et
3496 3713 3606 3754 au-

1952 3784 2095 3841 divit
2120 3784 2356 3841 Samuel
2390 3786 2595 3841 omnia
2614 3786 2797 3842 verba
2826 3786 3054 3858 populi,
3087 3791 3143 3843 et
3164 3786 3398 3843 locutus
3418 3790 3505 3843 est
3533 3802 3608 3844 ea

1952 3873 2013 3928 in
2046 3872 2292 3928 auribus
2320 3874 2578 3928 Domini.
2610 3874 2761 3929 Dixit
2790 3878 2992 3929 autem
3052 3875 3341 3931 Dominus
3393 3874 3473 3931 ad
3506 3877 3606 3933 Sa-

1954 3961 2151 4017 muel:
2193 3961 2345 4016 Audi
2374 3977 2585 4018 vocem
2611 3977 2841 4031 eorum,
2873 3966 2931 4018 et
2952 3963 3243 4020 constitue
3278 3979 3458 4035 super
3503 3980 3606 4021 eos

1953 4064 2180 4120 regem.
2214 4060 2277 4118 Br.
2304 4051 2513 4105 Amen.

2022 4136 2370 4207 Antiphona
2408 4142 2455 4192 t.
2486 4138 2649 4194 Vana
2702 4138 2936 4193 locutus
2960 4143 3047 4194 est
3077 4139 3497 4211 unusquisque
3525 4138 3607 4197 ad

1954 4226 2294 4297 proximum
2334 4241 2545 4280 suum:
2578 4225 2742 4282 labia
2776 4224 2988 4281 dolosa
3013 4226 3074 4281 in
3122 4226 3320 4292 corde,
3345 4229 3399 4283 et
3430 4226 3605 4285 corde

1950 4315 2129 4370 locuti
2162 4317 2303 4369 sunt
2335 4313 2514 4370 mala.
2553 4317 2614 4370 P.
2658 4314 2969 4385 Disperdat
3000 4314 3287 4370 Dominus
3324 4314 3607 4373 universa

1953 4404 2113 4460 labia
2133 4403 2365 4459 dolosa.
2398 4402 2466 4463 ἲν.
2508 4402 2749 4459 Salvum
2776 4419 2872 4459 me
2903 4403 2995 4460 fac
3018 4403 3289 4470 Domine,
3314 4405 3605 4478 quoniam

1950 4492 2163 4548 defecit
2192 4496 2466 4548 sanctus:
2502 4491 2792 4564 quoniam
2823 4492 3131 4549 diminutas
3163 4498 3301 4549 sunt
3329 4494 3606 4551 veritates

166 4589 273 4647 sed
288 4585 478 4661 quasi
491 4583 695 4640 umbra
717 4560 1129 4653 transeantqui
1143 4596 1259 4638 non
1273 4560 1701 4638 timentfaciem
1716 4560 1836 4639 Dei:
1875 4560 1918 4613 D
1950 4599 1985 4639 a
2008 4582 2145 4637 ﬁliis
2179 4560 2599 4637 hominumiP.
2620 4582 2953 4653 Disperdat.

168 4684 356 4735 Amor
397 4676 729 4747 quoque,et
756 4672 966 4728 odium
992 4670 1174 4726 simul
1195 4677 1466 4743 pereunt,
1496 4688 1605 4728 nec
1618 4673 1841 4729 habent

169 4772 413 4840 partem
446 4763 509 4819 in
549 4759 791 4823 saeculo,
822 4764 876 4815 et
914 4760 974 4815 in
1004 4774 1185 4830 opere
1213 4759 1379 4831 quod
1398 4759 1513 4816 sub
1541 4760 1664 4815 sole
1695 4761 1841 4831 geri-

170 4862 287 4913 tur.
305 4852 484 4913 Vade
509 4864 651 4920 ergo
692 4853 746 4904 et
777 4849 1025 4904 comede
1055 4848 1116 4904 in
1153 4848 1352 4904 laetitia
1391 4865 1611 4919 panem
1644 4854 1837 4916 tuum,

170 4948 226 5001 et
257 4944 407 5001 bibe
427 4955 572 4996 cum
598 4936 820 5007 gaudio
838 4936 1046 4992 vinum
1068 4940 1235 4992 tuum
1257 4954 1270 4992 :
1296 4938 1439 5008 quia
1460 4939 1579 4995 Deo
1601 4938 1842 5011 placent

170 5049 363 5106 opera
391 5035 524 5087 tua.
548 5039 613 5097 Βρ.
633 5028 846 5082 Amen.

307 5121 510 5177 Lectio
542 5116 681 5171 libri
703 5112 1000 5171 Samuelis
1026 5112 1235 5182 (Primi
1250 5115 1388 5184 Reg.
1416 5131 1546 5185 cap.
1575 5116 1717 5187 vui).

241 5224 308 5281 ἢ.
356 5214 483 5266 Deo
523 5205 765 5275 gratias.

242 5304 306 5355 ln
346 5298 471 5355 illis
519 5293 770 5350 diebus:
819 5293 963 5347 Cum
1017 5291 1314 5348 senuisset
1359 5294 1613 5365 Samuel,
1644 5296 1845 5367 posuit

168 5390 335 5446 ﬁlios
370 5400 520 5442 suos
541 5383 771 5453 judices
808 5380 1005 5437 Israel.
1032 5380 1276 5451 Fuitque
1330 5397 1549 5437 nomen
1580 5383 1685 5439 filii
1715 5385 1845 5455 ejus

169 5470 753 5551 primogenitiloel:
787 5476 840 5527 et
860 5482 1083 5526 nomen
1102 5470 1347 5525 secundi
1365 5472 1537 5542 Abia,
1572 5473 1848 5543 judicum

168 5569 232 5624 in
261 5562 590 5623 Bersabee.
627 5560 697 5616 Et
726 5574 850 5615 non
881 5558 1343 5615 ambulaverunt
1370 5559 1474 5616 ﬁlii
1504 5560 1631 5631 ejus
1657 5562 1716 5618 in
1741 5563 1851 5618 viis

174 5657 311 5728 ejus
338 5672 352 5712 :
375 5651 489 5710 sed
511 5648 955 5706 declinaverunt
972 5650 1108 5720 post
1126 5647 1852 5723 avaritiam,acceperuntr

2022 4673 2248 4728 Oratio.
2281 4674 2447 4727 Vana
2477 4671 2642 4736 satis,
2668 4672 2938 4741 Domine,
2963 4671 3038 4727 de
3064 4675 3116 4727 te
3146 4671 3605 4744 loquuntur,qui

1950 4766 2003 4817 te
2036 4761 2135 4817 Dei
2166 4760 2374 4816 Filium
2402 4761 2669 4815 conﬁteri
2699 4760 2938 4816 nefariis
2977 4760 3228 4816 vocibus
3276 4760 3605 4829 dedignan-

1951 4850 2381 4921 turzdispel‘de
2413 4865 2553 4919 ergo
2586 4850 2749 4906 labia
2796 4849 3006 4905 dolosa
3046 4866 3080 4905 a
3128 4853 3283 4905 cmtu
3332 4848 3604 4906 Ecclesiae

1952 4945 2087 5008 tuae,
2118 4944 2180 4993 ut
2205 4938 2503 4993 destructa
2517 4938 2771 4993 vanitate
2804 4937 3122 5009 superbiae,
3150 4937 3378 4995 candor
3407 4938 3467 4994 in
3489 4954 3604 4997 nos

1949 5028 2144 5084 rutilet
2170 5027 2412 5081 humilis
2433 5026 2780 5097 disciplinae.
2816 5037 2877 5093 Βι.
2916 5032 3121 5082 Amen.

2020 5118 2124 5171 Per
2148 5116 2632 5172 misericordiam.

2022 5206 2366 5275 Antiphona
2388 5211 2440 5261 2.
2486 5207 2885 5276 Susceperunt
2911 5221 3028 5274 me,
3067 5205 3215 5261 sicut
3238 5205 3331 5262 leo
3361 5210 3607 5278 paratus

1954 5294 2033 5350 ad
2064 5294 2356 5366 praedam.
2390 5296 2624 5363 Exurge
2654 5294 2921 5359 Domine,
2951 5294 3214 5365 praeveni
3236 5309 3362 5361 eos,
3393 5298 3450 5349 et
3470 5293 3608 5348 sub.

1956 5389 2113 5439 verte
2144 5384 2273 5439 illos
2302 5401 2313 5438 :
2346 5384 2504 5456 eripe
2536 5384 2803 5439 animam
2838 5400 3037 5439 meam
3068 5385 3141 5439 de
3191 5382 3471 5438 manibus
3500 5380 3607 5434 ini-

1958 5473 2250 5529 micorum
2274 5472 3058 5541 meorum.S’.Exaudi,Deus,
3078 5471 3358 5541 justitiam
3377 5484 3555 5523 meam
3589 5480 3604 5519 :

1958 5562 2200 5618 intende
2221 5562 2701 5634 deprecationem
2734 5578 2951 5618 meam.
2986 5561 3163 5632 268
3194 5558 3450 5613 Auribus
3478 5565 3606 5622 per-

1960 5651 2088 5724 cipe
2129 5650 2461 5708 orationem
2503 5666 2726 5720 meam,
2758 5655 2812 5705 et
2837 5666 2956 5706 non
2982 5648 3043 5704 in
3069 5647 3243 5704 labiis
3265 5638 3508 5699 dolosis.
