4192 6420
584 367 689 422 463

1821 343 2277 411 BREVIARIUM
2317 344 2713 402 GOTHICUM.

3907 343 4015 400 464

657 487 887 545 Oratio.
936 484 1225 540 Auxiliare
1255 482 1522 547 Domine,
1563 484 1620 536 et
1647 479 1870 550 adjuva
1912 471 2232 532 Ecclesiam
2270 468 2316 524 A
2415 465 3108 540 Antiphonat.Discedite
3159 462 3677 534 amemaligni.P.
3698 464 4014 532 Quoniam

583 578 858 646 tuam,qu
869 589 967 629 am
989 571 1368 628 adversiarus
1389 572 1590 624 noster
1607 567 1806 622 nititur
1819 563 2116 634 suscipere
2134 559 2231 614 de-

583 660 941 728 vorandam,
973 658 1126 714 sicut
1165 657 1256 712 leo
1288 661 1532 728 paratus
1559 653 1638 710 ad
1667 652 1930 723 praedam
1963 665 1976 703 :
2005 648 2234 715 Exurge

580 749 708 818 jam
733 748 1000 812 Domine,
1043 751 1101 801 et
1119 750 1354 801 nostros
1375 742 1633 816 praeveni
1660 739 1956 805 inimicos,
1989 735 2233 792 subver-

588 841 716 892 tens
733 852 834 892 eos
856 841 912 892 et
937 834 1230 908 passionis
1249 832 1434 903 gloria
1447 836 1503 887 et
1522 827 1964 886 resurrectionis
1990 829 2102 880 tuas
2138 838 2233 894 po-

586 925 767 980 tentia
796 941 808 976 :
839 928 903 978 ut
925 925 1225 978 conversis
1245 920 1374 987 illis,
1402 924 1456 974 et
1478 918 1679 991 passio
1724 922 1824 972 tua
1849 913 2105 969 victoriae
2128 927 2233 967 no-

584 1011 676 1067 bis
707 1012 768 1066 in
807 1025 1126 1066 commune
1161 1013 1452 1080 praeparet
1493 1005 1758 1075 titulum;
1795 1009 1852 1059 et
1881 999 2229 1058 resurrectio

584 1099 898 1170 praamium
922 1096 1187 1152 conferat
1217 1096 1663 1168 sempiternum.
1697 1104 1758 1162 Ην.
1789 1095 1996 1146 Amen.

659 1189 761 1240 Per
790 1185 1273 1240 misericordiam.

653 1273 1002 1341 Antiphona
1029 1276 1079 1327 3.
1116 1275 1390 1328 Fructum
1420 1269 1823 1338 inimicorum,
1861 1265 2124 1330 Domine,
2151 1264 2227 1320 de

582 1365 735 1416 terra
767 1360 977 1431 perdes
1011 1376 1022 1414 :
1056 1364 1112 1414 et
1156 1374 1360 1414 semen
1395 1373 1593 1414 eorem
1638 1373 1674 1412 a
1709 1356 1843 1411 ﬁliis
1887 1354 2221 1410 hominum.

581 1449 652 1503 P.
673 1447 972 1512 Quoniam
997 1446 1448 1502 declinaverunt
1465 1446 1525 1500 in
1551 1451 1604 1501 te
1621 1443 1808 1515 mala;
1824 1442 2227 1513 cogitaverunt

582 1535 847 1600 consilia,
871 1549 1006 1607 quae
1037 1549 1158 1590 non
1187 1537 1508 1605 potuerunt
1526 1531 1809 1588 stabilire.
1837 1531 1897 1590 it.
1939 1529 2225 1585 Dominus

581 1623 640 1678 in
673 1623 760 1678 ira
797 1638 907 1678 sua
931 1620 1308 1678 conturbabit
1333 1636 1458 1687 eos,
1490 1625 1546 1676 et
1571 1618 1878 1675 devorabit
1907 1631 2008 1672 eos
2045 1614 2220 1685 ignis.

580 1711 646 1768 P.
675 1709 991 1776 Quoniam.

651 1811 713 1868 ἢ.
739 1800 892 1864 Quot
936 1802 1076 1854 sunt
1101 1797 1227 1854 dies
1257 1797 1408 1853 servi
1453 1796 1580 1852 tui?
1616 1795 1680 1851 P.
1711 1794 1956 1852 Domine
1975 1791 2219 1866 quando

581 1887 762 1943 facies
788 1886 862 1942 de
894 1886 1388 1958 persequentibus
1415 1901 1511 1941 me
1526 1883 1822 1956 judicium
1852 1883 1880 1939 ?
1908 1882 1975 1943 ἲν.
2005 1884 2222 1938 Posue-

579 1979 718 2029 runt
768 1977 1107 2044 peccatores
1134 1974 1383 2046 laqueos
1411 1972 1584 2029 mihi:
1635 1976 1691 2028 et
1709 1988 1746 2028 a
1774 1970 2072 2028 mandatis
2101 1968 2219 2025 tuis

579 2075 704 2116 non
733 2059 943 2117 erravi.
981 2063 1044 2116 P.
1079 2061 1342 2117 Domine.

656 2149 880 2204 Preces.
923 2147 1195 2204 Dicamus
1225 2164 1460 2205 omnes:
1499 2149 1763 2206 Miserere
1800 2146 1993 2214 nobis,
2039 2147 2214 2202 Deus.

581 2238 644 2291 P.
672 2235 938 2292 Miserere
960 2236 1150 2292 nobis.
1173 2236 1234 2297 it.
1284 2239 1365 2293 Tu
1414 2235 1771 2309 Redemptor
1815 2238 1950 2292 Jesu
1998 2235 2218 2292 Christe

580 2323 747 2380 salva
775 2324 1068 2380 mundum
1090 2329 1190 2381 tua
1203 2330 1415 2383 morte.
1447 2327 1509 2379 P.
1534 2326 1796 2382 Miserere
1812 2323 2004 2380 nobis.
2025 2323 2218 2388 inQui

579 2428 688 2484 pro
719 2411 892 2468 nobis
930 2428 992 2466 es
1029 2427 1365 2484 percussus,
1395 2418 1452 2469 et
1470 2413 1998 2486 iniquejudicatus.
2020 2413 2088 2468 P.
2123 2411 2219 2466 Mi-

577 2515 768 2556 serere
807 2499 1000 2556 nobis.
1035 2499 1094 2559 ir.
1129 2499 1239 2566 Qui
1268 2500 1483 2571 ligatus
1521 2515 1756 2557 crucem
1805 2504 2028 2572 portas,
2075 2502 2131 2556 et
2158 2498 2218 2553 in

577 2603 750 2644 cruce
797 2589 1028 2644 Patrem
1081 2604 1282 2645 vocas.
1342 2591 1409 2645 P.
1462 2589 1750 2644 Miserere.
1804 2588 1865 2649 ἵ.
1913 2588 2092 2658 Cujus
2136 2587 2219 2642 la-

577 2681 670 2731 tus
696 2675 1044 2748 perfoditur,
1073 2681 1130 2733 et
1156 2675 1460 2733 humilitas
1489 2676 1783 2733 irridetur.
1843 2676 1907 2730 P.
1949 2675 2218 2733 Miserere

572 2763 768 2820 nobis.

643 2854 938 2923 Hymnus.
981 2853 1024 2910 O
1049 2855 1359 2919 Nazarene,
1390 2853 1490 2910 lux
1515 2854 1635 2924 fol.
1674 2855 1791 2910 144.

643 2941 949 3010 Capitula.
977 2942 1252 2996 Fructum
1272 2941 1944 3008 inimicorum,Domine,
1975 2941 2048 2996 de
2063 2943 2217 2996 terra

571 3028 870 3100 disperde,
903 3033 958 3084 et
984 3043 1186 3085 semen
1211 3045 1419 3085 eorum
1439 3046 1475 3086 a
1503 3029 1646 3085 ﬁliis
1677 3029 2013 3093 hominum,
2037 3027 2141 3098 qui
2161 3031 2215 3083 te

575 3131 762 3172 unum
823 3116 1114 3171 Christum
1164 3117 1283 3181 Dei,
1334 3115 1669 3172 ethominis
1698 3116 1905 3172 Filium
1949 3113 2215 3171 conﬁteri
2245 3102 2284 3158 C

574 3203 872 3272 refugiunt
893 3223 904 3262 :
923 3207 986 3259 ut
1011 3204 1163 3259 Crux
1190 3209 1310 3268 tua,
1335 3219 1472 3275 quae
1500 3202 1722 3258 Judaeis
1741 3201 2210 3268 estscandalum,

574 3290 899 3348 Gentilibus
922 3295 1124 3347 autem
1145 3290 1696 3362 stultitia,utrosque
1709 3289 1966 3362 populos
1986 3289 2066 3346 ad
2077 3289 2215 3346 fidei

571 3378 840 3450 regulam
867 3379 1114 3448 dirigat;
1139 3377 1365 3449 tibique
1395 3377 1809 3443 conectendas,
1827 3394 1896 3434 ac
1927 3393 2216 3435 coronau-

571 3465 683 3523 dos
713 3466 840 3522 sine
864 3465 982 3520 ﬁne
1011 3465 1358 3535 conjungat.

645 3557 811 3609 Pater
846 3556 1062 3612 noster.

1188 3639 1285 3695 Ad
1313 3640 1582 3698 Sextum.

644 3729 840 3786 Lectio
868 3727 1009 3785 libri
1030 3727 1356 3786 Ezechielis
1381 3728 1694 3799 Prophetas
1721 3729 1888 3804 (Cap.
1917 3735 2137 3799 xxvui).

645 3828 708 3887 Βι.
731 3818 851 3873 Deo
873 3815 1120 3887 gratias.

640 3908 853 3964 Factus
867 3913 952 3964 est
964 3921 1159 3962 sermo
1171 3905 1408 3964 Domini
1430 3906 1508 3964 ad
1529 3923 1624 3964 me
1645 3907 1848 3965 dicens
1866 3925 1878 3966 :
1900 3908 2002 3966 Fili
2021 3909 2212 3967 homi-

570 3996 680 4064 nis,
709 4011 866 4068 pone
883 3995 1278 4052 faciemtuam
1312 3999 1518 4053 contra
1533 3995 1846 4054 Sidonem:
1881 3997 2210 4070 etprophe-

567 4084 722 4143 tabis
743 4084 817 4142 de
846 4098 936 4150 ea,
968 4087 1024 4140 et
1053 4083 1244 4140 dices:
1273 4086 1404 4140 Haec
1421 4083 1895 4142 dicitDominus:
1929 4089 2074 4144 Ecce
2099 4103 2209 4159 ego

565 4173 644 4231 ad
685 4178 738 4230 te
769 4173 968 4240 Sidon,
993 4177 1047 4229 et
1079 4171 1540 4243 gloriﬁcaborin
1563 4174 1861 4231 mediotui
1887 4193 1899 4230 :
1933 4180 1989 4232 et
2026 4176 2210 4233 scient

565 4261 707 4332 quia
719 4274 832 4330 ego
853 4260 1160 4329 Dominus,
1189 4275 1328 4315 cum
1356 4260 1548 4317 fecero
1576 4261 1637 4316 in
1657 4276 1726 4318 ea
1749 4262 2206 4333 judicia,etsan-

567 4348 858 4404 ctiticatus
891 4346 1056 4403 fuero
1077 4347 1137 4402 in
1163 4362 1253 4403 ea.
1289 4350 1354 4403 Et
1377 4348 1609 4404 mittam
1635 4349 1685 4404 ei
1718 4351 2207 4421 pestilentiam,et

567 4435 922 4504 sanguinem
952 4435 1010 4489 in
1041 4435 1252 4506 plateis
1273 4435 1432 4505 ejus:
1467 4440 1524 4491 et
1540 4442 1814 4494 corruent
1842 4439 2125 4496 interfecti
2145 4441 2204 4498 in
2235 4445 2280 4500 D

568 4523 768 4578 medio
798 4522 927 4593 ejus
946 4521 1144 4591 gladio
1167 4522 1622 4594 percircuitum:
1647 4530 1698 4582 et
1720 4526 2061 4600 scientquia
2094 4543 2206 4599 ego

569 4611 871 4668 Dominus.
905 4613 971 4666 Et
995 4625 1118 4665 non
1141 4610 1251 4666 erit
1278 4609 1657 4668 ultradomus
1696 4616 2207 4674 lsraelofl‘endicu-

565 4701 688 4757 lum
707 4699 1199 4764 amaritudinis,et
1212 4699 1386 4771 spina
1398 4700 1654 4758 dolorem
1667 4703 1923 4761 inferens
1941 4707 2204 4780 undique

563 4790 991 4860 percircuitum
1012 4788 1343 4858 eorum,qui
1372 4789 1760 4848 adversantur
1783 4793 1867 4849 eis
1891 4811 1904 4849 :
1937 4799 1993 4851 et
2021 4796 2206 4852 scient

562 4876 705 4948 quia
720 4891 832 4947 ego
856 4891 988 4931 sum
1003 4874 1298 4934 Dominus
1314 4877 1464 4932 Deus
1491 4878 1743 4943 Quando
1761 4896 2203 4952 congregavero

562 4963 812 5020 domum
834 4961 1011 5020 Israel
1038 4963 1111 5020 de
1141 4963 1391 5036 p0pulis,
1414 4965 1473 5021 in
1494 4966 1716 5039 quibus
1759 4969 2014 5040 dispersi
2043 4976 2198 5036 sunt,

563 5051 980 5108 sanctiﬁcabor
1002 5051 1063 5108 in
1101 5052 1183 5108 eis
1212 5068 1414 5110 coram
1440 5055 1743 5125 gentibus:
1773 5062 1827 5112 et
1846 5057 2204 5117 habitabunt

560 5139 619 5195 in
651 5143 867 5196 terram
897 5154 1090 5206 suam,
1125 5156 1310 5212 quam
1339 5141 1480 5196 dedi
1518 5156 1690 5198 servo
1718 5158 1850 5199 meo
1891 5145 2098 5201 Jacob.
2138 5150 2203 5204 Et

558 5227 913 5285 habitabunt
940 5229 1002 5284 in
1053 5244 1125 5285 ea
1169 5228 1402 5286 securi:
1445 5234 1502 5286 et
1539 5229 1925 5287 aediﬁcabunt
1965 5233 2198 5306 domos,

560 5317 1032 5391 plantabuntque
1060 5317 1293 5387 vineas,
1335 5320 1390 5372 et
1428 5316 1787 5373 habitabunt
1815 5319 2196 5390 conﬁdenter,

556 5421 693 5464 cum
714 5405 907 5463 fecero
927 5405 1152 5478 judicia
1177 5405 1239 5460 in
1268 5403 1548 5459 omnibus
1577 5404 1680 5476 qui
1704 5405 2096 5468 adversantur
2117 5413 2201 5469 eis

556 5493 1017 5565 percircuitum:
1050 5491 1307 5547 etscient
1341 5490 1483 5562 quia
1502 5505 1613 5562 ego
1635 5493 1918 5551 Dominus
1946 5500 2201 5558 Deuseo-

555 5596 712 5642 rum.
737 5593 801 5651 at.
829 5585 1036 5639 Amen.

2344 556 2642 612 exaudivit
2665 555 2952 612 Dominus
2983 569 3193 610 vocem
3222 552 3397 608 ﬂetus
3417 551 3554 623 mei,
3580 556 3638 608 et
3658 552 4014 611 orationem

2344 659 2542 701 meam
2562 645 2842 716 suscepit.
2862 644 2923 706 in
2955 641 3244 700 Laboravi
3263 642 3324 696 in
3351 641 3578 711 gemitu
3599 657 3762 711 meo,
3781 642 4012 700 lavabo

2341 742 2446 802 per
2475 731 2740 801 singulas
2761 736 2966 788 noctes
2991 731 3210 788 lectum
3223 744 3428 786 meum
3455 746 3466 784 :
3501 729 3844 802 lachrymis
3862 735 4015 789 stra-

2341 822 2465 873 tum
2498 835 2700 875 meum
2728 819 2958 890 rigabo.
2990 820 3062 875 P.
3089 817 3405 885 Quoniam.

2412 908 2629 963 Oratio.
2673 907 2986 965 Discedant
3017 923 3054 962 a
3091 911 3146 964 te
3191 905 3442 962 Domine
3487 920 3703 962 omnes
3748 905 4009 978 maligni

2337 1011 2488 1068 quos
2519 996 2722 1068 utique
2747 995 3248 1052 inﬁdelitatissuae
3265 1008 3491 1064 vorago
3529 1009 3568 1050 a
3595 999 3650 1050 te
3682 994 4008 1052 discedere

2335 1082 2471 1139 fecit
2497 1101 2510 1139 :
2551 1099 2674 1140 non
2698 1099 2819 1156 quo
2857 1084 2966 1155 ipsi
2997 1082 3213 1155 poenali
3245 1082 3469 1139 ultione
3498 1097 3535 1138 a
3569 1087 3620 1138 te
3645 1084 3898 1156 perituri
3921 1101 4007 1141 re-

2335 1173 2584 1238 cedant;
2616 1173 2716 1228 sed
2752 1178 2814 1229 ut
2838 1172 3198 1228 inﬁdelitatis
3218 1187 3429 1228 eorum
3473 1171 3828 1229 discedente
3864 1189 4004 1245 pro-

2339 1261 2538 1333 tervia,
2583 1261 2898 1317 mitissima
2932 1261 3042 1316 levi
3076 1261 3225 1332 jugo
3255 1264 3357 1318 tuo
3397 1275 3510 1318 sua
3551 1261 3709 1318 colla
3739 1261 4002 1320 submit-

2335 1355 2476 1407 tant.
2519 1362 2582 1422 Iy.
2608 1353 2816 1409 Amen.

2403 1443 2509 1494 Per
2539 1439 3031 1496 misericordiam.

2403 1527 2749 1596 Antiphona
2774 1532 2830 1586 2.
2861 1527 3110 1584 Domine
3137 1529 3290 1583 Deus
3315 1542 3512 1597 meus,
3541 1527 3602 1585 in
3630 1531 3682 1584 te
3709 1530 3953 1602 speravi
3979 1548 3994 1587 :

2333 1616 2398 1671 P.
2437 1616 2612 1672 Salva
2639 1632 2760 1674 me:
2797 1615 2875 1672 ab
2908 1616 3210 1678 omnibus,
3242 1615 3345 1688 qui
3391 1632 3490 1672 me
3521 1623 3991 1691 persequuntur,

2330 1702 2514 1760 libera
2531 1719 2626 1759 me
2640 1703 3059 1776 .V.Nequando
3075 1704 3342 1776 rapiatut
3359 1703 3455 1761 leo
3469 1705 3743 1762 animam
3762 1723 3987 1775 meam,

2331 1791 2474 1847 dum
2498 1807 2618 1848 non
2649 1795 2736 1848 est
2763 1792 2867 1865 qui
2890 1791 3162 1859 redimat,
3191 1793 3507 1865 nequequi
3525 1793 3760 1851 salvum
3782 1795 3986 1868 faciat,

2330 1881 2398 1937 P.
2441 1880 2630 1938 Salva.

2402 1969 2622 2026 Oratio.
2663 1969 2910 2025 Domine
2934 1969 3087 2025 Deus
3124 1974 3470 2042 sperantem
3498 1971 3558 2026 in
3600 1976 3653 2027 te
3685 1975 3849 2029 tuam
3875 1976 3982 2030 Ec.

2329 2056 2570 2113 clesiam
2595 2057 2758 2112 salva
2777 2073 2790 2122 ;
2807 2073 2942 2129 quae
2967 2061 3158 2130 perte,
3184 2057 3289 2129 qui
3321 2073 3434 2130 pro
3455 2073 3524 2114 ea
3553 2074 3762 2130 passus
3788 2075 3886 2126 es;
3909 2066 3973 2116 et

2328 2145 2407 2202 ab
2432 2146 2712 2202 omnibus
2748 2145 3241 2218 persequentibus
3267 2145 3566 2212 liberetur,
3595 2152 3651 2204 et
3676 2163 3811 2204 cum
3843 2164 3973 2205 om-

2327 2234 2505 2290 nibus
2525 2234 2698 2307 quite
2713 2234 3736 2308 diliguntperpetimjocundetur.Bx.
3769 2237 3979 2292 Amen.

2398 2322 2509 2378 Per
2543 2322 3032 2379 misericordiam.

2398 2412 2746 2480 Antiphona
2769 2415 2820 2468 3.
2861 2411 3162 2468 Liberator
3197 2427 3370 2468 meus
3409 2415 3566 2469 Deus
3596 2412 3670 2468 de
3698 2412 3984 2484 gentibus

2329 2499 2654 2557 iracundis.
2684 2501 2750 2555 P.
2776 2499 2933 2557 Etab
2964 2501 3410 2571 insurgentibus
3442 2502 3616 2558 inme
3644 2500 3835 2558 libera
3865 2517 3986 2565 me,

2331 2588 2599 2644 Domine.
2640 2587 2702 2647 ἓν.
2738 2588 3009 2660 Dilligam
3033 2593 3111 2658 te,
3135 2589 3385 2646 Domine
3416 2589 3608 2646 virtus
3639 2605 3779 2646 mea
3810 2610 3822 2648 :
3869 2591 3991 2646 Do-

2329 2677 2526 2733 minus
2555 2677 3003 2733 ﬁrmamentum
3033 2691 3258 2747 meum,
3291 2682 3349 2734 et
3371 2677 3657 2735 liberator
3676 2693 3876 2735 meus.
3921 2679 3987 2733 P.

2329 2768 2395 2822 Et
2419 2766 2496 2822 ab
2520 2765 2982 2836 insurgentibus.

2399 2854 2818 2924 mnumiliatus
2832 2870 2964 2910 sum
2979 2857 3034 2910 et
3051 2859 3334 2912 curvatus
3347 2871 3484 2913 sum
3500 2871 3984 2929 usquequaque:

2328 2943 2391 2998 P.
2417 2946 2559 3001 Tota
2589 2944 2677 3000 die
2703 2944 3085 3001 contristatus
3128 2944 3543 3002 ambulabam.
3577 2945 3644 3005 ἲν.
3679 2945 3985 3011 Quoniam

2326 3033 2528 3090 anima
2564 3048 2703 3090 mea
2757 3033 3054 3106 completa
3081 3038 3174 3090 est
3197 3033 3573 3091 illusionibus
3601 3052 3613 3090 :
3649 3038 3707 3090 et
3736 3049 3866 3090 non
3899 3038 3990 3090 est

2327 3121 2551 3177 sanitas
2587 3121 2647 3176 in
2679 3136 2855 3178 carne
2881 3137 3031 3178 mea.
3060 3122 3121 3176 P.
3150 3125 3294 3179 Tota
3312 3122 3433 3178 die.

2393 3209 2624 3268 Preces.
2669 3209 2830 3266 Servi
2878 3210 2984 3276 tui,
3042 3210 3312 3281 Domine,
3345 3211 3621 3268 acclives.
3661 3214 3717 3266 P.
3764 3211 3986 3268 Miseri-

2323 3297 2548 3355 cordia.
2571 3297 2634 3358 V.
2663 3298 2750 3354 Da
2772 3298 3011 3356 veniam
3033 3298 3393 3372 delictis,qui
3421 3315 3487 3356 es
3542 3299 3762 3356 illusus
3796 3299 3989 3371 269

2323 3385 2401 3442 ab
2438 3385 2656 3458 impiis.
2674 3386 2734 3440 P.
2769 3387 3183 3444 Misericordia.
3209 3399 3273 3456 Ri.
3303 3390 3462 3454 Quos
3481 3387 3752 3444 liberasti
3776 3404 3986 3453 cruce,

2320 3489 2444 3531 non
2469 3474 2711 3546 patiaris
2733 3475 2932 3531 venire
2960 3475 3024 3532 in
3053 3481 3318 3533 mortem.
3348 3477 3413 3534 P.
3444 3476 3876 3533 Misericordia.
3923 3479 3986 3536 ἴ.

2320 3561 2542 3618 Effusio
2568 3561 2650 3618 tui
2701 3561 3010 3633 sanguinis
3059 3563 3257 3621 valeat
3298 3564 3377 3621 ad
3415 3563 3833 3622 liberationem
3895 3581 3989 3622 re-

2320 3649 2597 3722 demptis.
2628 3649 2690 3706 P.
2711 3650 3135 3710 Misericordia.

2388 3739 2691 3809 Hymnus.
2739 3741 2783 3798 0
2814 3741 3130 3807 Nazarene,
3156 3740 3280 3798 lux.
3307 3741 3418 3810 fol.
3447 3743 3570 3798 444.

2392 3828 2612 3885 Oratio.
2647 3827 2948 3886 Liberator
2999 3833 3202 3887 noster
3239 3834 3296 3887 et
3326 3831 3598 3898 Domine,
3660 3830 3744 3889 da
3789 3834 3987 3892 nobis

2318 3931 2586 3974 amorem
2611 3916 2895 3989 diligendi
2916 3921 2970 3974 te
2996 3934 3010 3980 ;
3041 3923 3106 3974 ut
3129 3917 3447 3975 laudantes
3485 3919 3854 3977 invocemus
3881 3928 3939 3980 te
3971 3941 3982 3979 :

2317 4011 2374 4062 et
2397 4010 2460 4062 tu
2490 4006 2690 4063 mittas
2710 4007 2952 4076 sagittas
2981 4010 3138 4078 tuas,
3159 4011 3217 4064 et
3235 4007 3495 4081 dissipes
3520 4008 3807 4068 inimicos
3833 4027 3988 4068 nos-

2316 4097 2466 4160 tros;
2493 4097 2547 4150 et
2584 4093 2800 4166 eripias
2830 4109 2940 4151 nos
2965 4093 3044 4151 ab
3068 4094 3162 4150 his
3191 4095 3295 4168 qui
3311 4095 3732 4154 oderuntnos:
3763 4097 3986 4172 sicque

2315 4187 2372 4238 et
2394 4180 2928 4238 illiconfundantur
2942 4182 3088 4238 dum
3119 4188 3534 4241 conteruntur:
3555 4189 3740 4243 etnos
3755 4187 3989 4257 jocun-

2315 4269 2528 4325 demur
2551 4273 2608 4325 et
2635 4285 2771 4325 cum
2799 4273 2902 4327 tua
2930 4271 3292 4342 profectione
3317 4272 3644 4330 salvemur.

2386 4357 2552 4414 Pater
2579 4361 2799 4414 noster.

2925 4448 3022 4505 Ad
3053 4449 3298 4506 Nonam.

2807 4536 3180 4594 Ecclesiastes
3207 4537 3374 4610 (Cap.
3391 4540 3452 4608 χ)

2387 4634 2449 4693 Βῖ.
2491 4625 2609 4679 Deo
2641 4623 2880 4693 gratias.

2388 4711 2505 4778 Fili,
2538 4711 2728 4768 Verba
2757 4712 2876 4768 oris
2906 4713 3190 4784 sapientis
3235 4716 3464 4784 gratia:
3515 4721 3574 4774 et
3614 4717 3783 4777 labia
3836 4723 3993 4780 insi-

2313 4799 2529 4871 pientis
2558 4799 3020 4871 prascipitabunt
3051 4803 3458 4861 eum.lnitium
3479 4805 3810 4866 verborum
3847 4811 3991 4882 ejus

2313 4886 2573 4954 stultitia,
2605 4892 2659 4944 et
2686 4888 3077 4946 novissimum
3105 4891 3226 4948 oris
3251 4890 3406 4948 illius
3453 4909 3619 4951 error
3639 4897 3990 4968 pessimus.

2313 4974 2534 5032 Stultus
2560 4975 2745 5031 verba
2774 4977 3145 5049 multiplicat.
3176 4980 3622 5050 lgnorathomo,
3651 4985 3808 5057 quid
3839 4994 3991 5045 ante

2311 5063 2524 5120 fuerit:
2551 5067 2607 5120 et
2640 5064 2788 5136 quid
2834 5071 2968 5137 post
3012 5065 3282 5124 futurum
3304 5073 3425 5126 est:
3461 5073 3598 5143 quis
3643 5072 3727 5130 illi
3753 5076 3992 5146 poterit

2309 5150 2572 5208 indicare
2589 5151 2618 5205 ?
2635 5152 2824 5208 Labor
2835 5153 3148 5212 stultorum
3164 5155 3389 5227 afﬂiget
3408 5173 3531 5225 eos,
3551 5161 3659 5232 qui
3690 5165 3993 5222 nesciunt

2311 5239 2371 5297 in
2401 5240 2612 5296 urbem
2643 5255 2906 5311 pergere.
2930 5244 3024 5298 Vae
3042 5244 3145 5301 tibi
3177 5249 3351 5312 terra,
3374 5247 3548 5318 cujus
3573 5264 3678 5306 rex
3692 5256 3986 5325 estpuer,

2309 5333 2364 5385 et
2391 5343 2566 5399 cujus
2601 5327 2897 5401 principes
2923 5347 3097 5388 mane
3115 5333 3460 5392 comedunt.
3481 5338 3663 5394 Beata
3680 5342 3989 5409 terra,cu-

2303 5417 2402 5488 jus
2418 5432 2522 5473 rex
2541 5416 2756 5473 nobilis
2781 5422 2886 5484 est,
2934 5425 2991 5477 et
3010 5421 3182 5492 cujus
3210 5422 3510 5496 principes
3543 5433 3894 5488 vescuntur
3922 5432 3987 5488 in

2306 5509 2574 5577 tempore
2597 5520 2727 5571 suo,
2757 5505 2836 5563 ad
2863 5507 3273 5580 reﬁciendum,
3304 5514 3362 5568 et
3409 5527 3537 5570 non
3566 5519 3659 5572 est
3683 5517 3768 5574 ad
3799 5517 3990 5577 luxu-

2305 5593 2477 5652 riam.
2491 5595 2556 5651 ln
2579 5593 2818 5666 pigritia
2825 5594 3234 5656 humiliabitur
3248 5599 3707 5674 contignatio,et
3719 5605 3991 5666 inﬁrmi-
