4192 6408
211 336 324 392 465

1404 332 1753 391 DOMINICA
1792 331 1863 389 IV
1903 331 2514 400 QUADRAGESIMAE.

3516 336 3650 393 ⁷466

212 462 338 516 tate
375 456 1387 527 manuumpraastillabitdomuan
1400 458 1524 514 risu
1544 458 1883 529 faciuntpa-
1913 458 1963 511 A
1992 458 2916 534 Philisthinorum:quiarespexi
2937 462 3230 534 populum
3256 462 3651 527 meum,venit

214 562 385 611 nem,
428 549 484 601 et
510 543 721 599 vinum
742 548 805 600 ut
835 545 1151 616 epulentur
1178 547 1481 603 viventes:
1512 552 1570 603 et
1612 546 1881 618 pecuniae

216 634 515 694 obediunt
529 633 828 689 omniaJn
847 634 1206 703 cogitatione
1224 640 1328 692 tua
1346 636 1471 705 regi
1492 651 1566 691 ne
1579 634 1877 701 detrahas,

220 729 278 782 et
300 724 367 780 in
398 725 623 779 secreto
641 721 900 778 cubiculi
926 724 1009 779 tui
1023 739 1098 780 ne
1119 724 1500 781 maledixeris
1518 724 1682 781 diviti
1702 743 1715 777 :
1737 724 1883 796 quia

219 828 364 869 aves
395 810 527 866 cceli
553 809 1092 881 portabuntvocem
1114 819 1300 883 tuam,
1333 818 1390 869 et
1417 811 1879 884 quihabetpen-

219 917 331 958 nas
343 899 725 957 annuntiabit
737 902 1273 959 sententiam.Mitte
1289 916 1512 974 panem
1526 906 1693 957 tuum
1708 916 1883 971 super

220 993 599 1047 transeuntes
627 1003 819 1059 aquas
849 1005 860 1044 :
897 989 1042 1062 quia
1072 992 1700 1062 postmultatempora
1720 989 1881 1046 inve-

220 1077 349 1134 nies
372 1092 539 1134 eum.
569 1087 635 1145 Rt.
665 1079 879 1132 Amen.

318 1166 526 1223 Lectio
557 1166 700 1221 libri
716 1165 1010 1223 Samuelis
1043 1166 1257 1235 (Primi
1298 1169 1461 1239 Reg.,
1506 1182 1641 1237 cap.
1669 1171 1770 1235 ιχ).

285 1268 354 1326 It.
399 1256 522 1311 Deo
550 1254 797 1323 gratias.

288 1349 347 1400 In
372 1343 490 1399 illis
519 1341 732 1398 diebus
760 1362 771 1401 :
806 1345 940 1400 Erat
984 1345 1072 1399 vir
1097 1344 1170 1399 de
1197 1344 1876 1416 BenjaminnomineCis,

215 1434 371 1491 ﬁlius
406 1431 598 1496 Abiel,
626 1430 732 1485 ﬁlii
760 1432 931 1500 Seor,
961 1432 1064 1488 ﬁlii
1112 1433 1454 1498 Bechoreth,
1504 1432 1609 1489 ﬁlii
1665 1432 1875 1504 Aphia,

218 1524 322 1580 ﬁlii
348 1522 460 1577 viri
483 1520 897 1587 Jemini,forlis
917 1521 1295 1579 robore.Erat
1323 1523 1377 1579 ei
1405 1522 1563 1578 ﬁlius
1582 1521 1879 1578 vocabulo

220 1609 384 1677 Saul,
407 1608 654 1677 electus,
687 1612 741 1664 et
768 1608 967 1666 bonus
1002 1629 1012 1668 :
1048 1614 1104 1666 et
1146 1625 1269 1666 non
1300 1615 1423 1666 erat
1453 1610 1527 1665 de
1552 1609 1687 1665 ﬁliis
1704 1608 1880 1665 Israel

220 1699 427 1756 melior
448 1697 550 1753 illo
575 1714 588 1753 :
618 1696 696 1753 ab
724 1696 979 1754 humero
1010 1703 1067 1754 et
1090 1714 1331 1755 sursum
1369 1698 1672 1755 eminebat
1692 1713 1875 1770 super

1990 563 2131 619 ergo
2153 550 2383 607 clamor
2401 566 2608 607 eorum
2630 565 2835 605 coram
2866 565 2981 605 me.
3015 552 3282 621 Cumque
3320 550 3650 621 aspexisset

1993 638 2231 693 Samuel
2264 639 2522 705 Saulem,
2562 638 2849 693 Dominus
2865 637 2948 693 ait
2974 636 3225 693 ei:Eoce
3240 638 3328 692 vir
3357 652 3540 708 quem
3562 637 3648 693 di-

1988 741 2197 781 xeram
2231 727 2355 793 tibi,
2397 730 2504 782 iste
2535 724 3184 797 dominabiturpopulo
3208 739 3365 780 meo.
3388 724 3648 780 Accessit

1990 817 2191 869 autem
2220 814 2454 871 Saulad
2474 815 2812 872 Samuelem
2836 814 2896 869 in
2926 814 3409 884 medioportae,et
3431 811 3540 866 ait:
3561 814 3649 866 tn-

1989 902 2144 967 dica,
2169 919 2293 967 oro,
2326 902 2943 970 mihi,ubiestdomus
2980 900 3650 971 Videntis.Etrespondit

1990 990 2227 1045 Samuel
2251 992 2487 1047 dicens:
2512 992 2689 1063 270
2718 994 2837 1061 Ego
2860 1006 2997 1045 sum
3018 988 3230 1045 Videns
3259 986 3547 1044 :ascende
3569 986 3648 1041 ad

1990 1092 2085 1133 me
2100 1078 2161 1133 in
2188 1080 2510 1146 excelsum,
2536 1086 2599 1136 ut
2618 1078 2900 1135 comedas
2920 1074 3647 1141 mecumhodie,etdimit-

1989 1169 2111 1221 tam
2133 1171 2187 1223 te
2209 1183 2388 1224 mane
2420 1188 2432 1226 :
2467 1174 2524 1223 et
2542 1168 2748 1223 omnia
2768 1182 2905 1238 quae
2924 1165 3135 1221 suntin
3158 1164 3337 1220 corde
3364 1162 3650 1227 tuo,indi-

1989 1262 2142 1319 cabo
2165 1258 2448 1316 tibi.Etde
2469 1257 2673 1323 asinis,
2691 1272 2844 1328 quas
2858 1254 3167 1327 perdidisti
3182 1252 3642 1320 nudiustertius,

1990 1366 2065 1407 ne
2096 1348 2361 1405 solicitus
2386 1347 2488 1413 sis,
2530 1346 2672 1417 quia
2700 1344 2955 1399 iuventte
2985 1346 3142 1397 sunt.
3164 1344 3229 1397 Et
3268 1342 3443 1410 cujus
3474 1344 3649 1395 erunt

1989 1439 2219 1513 optima
2239 1450 2497 1509 quaeque
2521 1434 2695 1489 lsrael
2734 1432 2763 1487 ?
2801 1448 3000 1488 nonne
3021 1431 3225 1496 tibi,et
3248 1430 3415 1485 omni
3437 1429 3645 1484 domui

1986 1529 2173 1601 patris
2198 1525 2326 1582 tui?
2353 1522 2741 1595 Respondens
2773 1526 2970 1576 autem
3004 1518 3255 1583 Saul,ait
3292 1536 3303 1571 :
3343 1517 3645 1589 Numquid

1988 1632 2109 1673 non
2124 1615 2280 1670 ﬁlius
2298 1612 2516 1669 Jemini
2534 1626 2645 1680 ego
2668 1610 2904 1675 sum,de
2934 1609 3185 1664 minima
3215 1606 3647 1673 tribulsrael,et

1988 1704 2267 1774 cognatio
2281 1699 2738 1756 ineanovissin.a
2768 1699 2918 1753 inter
2956 1713 3158 1753 omnes
3173 1693 3643 1765 coguationesde

220 1802 465 1845 omnem
505 1784 815 1857 ρορυιυωο
850 1786 1094 1856 Peregre
1131 1787 1321 1843 ierant
1348 1792 1549 1843 aule
1578 1786 1761 1843 asinﬁe
1783 1786 1874 1842 Cis
1904 1803 1950 1859 Β
1989 1792 2131 1850 tribu
2165 1790 2468 1861 Benjamin
2496 1790 2525 1845 ‘2
2555 1802 2736 1858 quare
2758 1801 2900 1856 ergo
2918 1787 3150 1841 locutus
3179 1800 3242 1839 es
3256 1783 3401 1838 mihi
3423 1796 3644 1838 sermo-

230 1875 415 1948 patris
441 1872 612 1931 Saul:
646 1873 862 1930 etdixit
882 1874 973 1930 Cis
993 1876 1072 1931 ad
1105 1875 1245 1932 Saﬁl
1264 1875 1455 1933 ﬁlium
1469 1891 1647 1932 suum
1672 1894 1684 1943 ;
1706 1874 1864 1931 Tolle

223 1970 420 2020 tecum
440 1978 626 2018 unum
639 1962 713 2019 de
728 1963 951 2035 pueris,
971 1968 1028 2019 et
1043 1979 1413 2033 consurgens
1424 1963 1662 2030 vade,et
1675 1978 1878 2035 qurere

223 2054 441 2111 asinas.
500 2055 770 2124 Cumque
802 2053 1549 2126 transissentpermontem
1568 2052 1874 2124 Ephraim,

219 2147 272 2199 et
310 2157 420 2214 per
456 2147 704 2198 terrram
728 2141 938 2207 Salisa,
966 2146 1023 2198 et
1057 2158 1180 2199 non
1209 2142 1570 2199 invenissent
1596 2161 1609 2210 ;
1634 2142 1876 2198 transie-

214 2235 349 2287 runt
376 2230 568 2287 etiam
600 2246 706 2300 per
722 2234 939 2287 terram
965 2230 1165 2297 Salim,
1190 2235 1246 2288 et
1276 2246 1395 2287 non
1424 2234 1625 2287 erant:
1676 2230 1784 2287 sed
1820 2235 1877 2287 et

210 2334 312 2391 per
336 2324 569 2375 terram
588 2318 822 2384 Jemini,
839 2324 897 2375 et
925 2318 1171 2376 minime
1195 2322 1567 2392 repererunt.
1606 2320 1754 2376 Cum
1776 2335 1876 2376 au-

211 2413 324 2463 tem
353 2408 669 2463 venissent
692 2408 753 2463 in
784 2410 1004 2464 terram
1029 2409 1208 2479 Suph,
1242 2413 1299 2465 et
1322 2423 1445 2464 non
1482 2407 1874 2472 invenissent,

210 2496 351 2553 dixit
383 2495 538 2554 Saul
561 2495 639 2553 ad
661 2510 914 2568 puerum
946 2512 1126 2553 suum
1160 2496 1265 2569 qui
1296 2500 1583 2553 eratcum
1609 2511 1680 2553 eo
1702 2512 1713 2552 :
1736 2496 1877 2553 Veni

210 2590 263 2642 et
283 2592 691 2651 revertamur,
715 2601 790 2641 ne
803 2584 951 2641 forte
971 2584 1264 2642 dimiserit
1280 2589 1447 2656 pater
1467 2601 1637 2642 meus
1658 2585 1870 2648 asinus,

212 2680 265 2731 et
291 2674 573 2732 solicitus
595 2673 668 2730 sit
688 2688 799 2745 pro
820 2673 1018 2730 nobis.
1062 2675 1172 2740 Qui
1188 2673 1300 2732 ait:
1322 2676 1467 2730 Ecce
1492 2677 1579 2730 est
1598 2674 1687 2729 vir
1703 2673 1878 2729 Deiin

211 2763 457 2821 civitate
480 2762 617 2831 hac,
644 2762 735 2817 vir
754 2762 966 2818 nobilis
992 2777 1204 2819 :omne
1244 2762 1410 2834 quod
1428 2760 1710 2834 loquitur,
1740 2760 1876 2817 abs-

205 2868 319 2925 que
339 2851 750 2921 ambiguitate
767 2851 940 2906 venit.
973 2853 1141 2906 Nunc
1170 2865 1313 2921 ergo
1350 2866 1580 2916 eamus,
1633 2850 1681 2905 si
1727 2849 1876 2906 forte

200 2942 437 2998 indicet
453 2939 628 2997 nobis
646 2938 721 2995 de
741 2955 804 2995 re
828 2944 1054 3005 nostra,
1083 2944 1327 3011 propter
1353 2955 1544 3012 quam
1576 2938 1871 2995 venimus.

202 3030 394 3103 Dixitq
416 3044 487 3085 ue
503 3028 642 3086 Saul
656 3027 726 3083 ad
740 3043 991 3101 puerum
1010 3044 1189 3084 suum
1209 3031 1385 3084 :Ecce
1414 3027 1635 3084 ibimus
1654 3045 1667 3083 ε
1725 3026 1874 3099 quid

209 3118 478 3176 feremus
494 3118 573 3173 ad
586 3118 781 3174 virum
802 3118 830 3173 ‘?
851 3117 1025 3188 panis
1042 3116 1257 3173 defecit
1272 3117 1334 3173 in
1351 3116 1609 3173 sitarciis
1621 3116 1838 3173 nostris
1855 3132 1868 3171 :
1902 3145 1944 3203 ο

212 3214 267 3265 et
285 3206 627 3281 sportulam
643 3222 767 3263 non
782 3207 1100 3272 habemus,
1137 3210 1202 3263 ut
1216 3206 1432 3265 demus
1473 3206 1705 3263 homini
1749 3205 1868 3261 Dei.

216 3313 326 3354 nec
344 3297 678 3371 quicquam
693 3296 1139 3353 aliud.Rursum
1152 3312 1300 3368 puer
1318 3295 1625 3369 respondit
1643 3296 1803 3363 Saul,
1818 3298 1874 3351 et

210 3386 289 3443 ait
308 3402 320 3442 :
339 3385 747 3442 Ecceinventa
776 3389 868 3442 est
895 3385 956 3442 in
989 3400 1168 3443 manu
1182 3401 1321 3443 mea
1343 3389 1561 3458 quarta
1592 3400 1735 3457 pars
1755 3388 1871 3442 sta-

211 3474 619 3545 terisargenti,
639 3474 854 3532 demus
883 3475 1116 3532 homini
1154 3475 1274 3543 Dei,
1322 3480 1388 3532 ut
1436 3474 1656 3532 indicet
1692 3473 1870 3531 nobis

209 3563 374 3620 viam
405 3567 694 3619 nostram.
729 3562 907 3634 (Olim
937 3562 998 3620 in
1016 3562 1194 3620 Israel
1211 3563 1294 3620 sic
1313 3562 1673 3636 loquebatur
1691 3577 1873 3618 unus-

210 3651 475 3723 quisque
517 3651 747 3707 vadens
793 3651 1105 3708 consulere
1150 3651 1507 3709 Dominum:
1540 3652 1760 3715 Venite,
1816 3654 1873 3707 et

210 3756 427 3798 eamus
448 3739 528 3797 ad
553 3740 882 3797 Videntem.
906 3741 1016 3807 Qui
1036 3741 1197 3797 enim
1228 3740 1747 3813 Prophetadicitur
1761 3739 1871 3797 ho-

209 3829 329 3895 die,
351 3827 686 3885 vocabatur
714 3827 858 3883 olim
884 3828 1149 3899 Videns.)
1171 3832 1236 3886 Et
1289 3829 1430 3885 dixit
1447 3829 1588 3887 Saul
1608 3829 1687 3887 ad
1722 3843 1871 3901 pue-

207 3931 351 3973 rum
373 3930 589 3971 suum:
618 3914 894 3986 Optimus
929 3930 1128 3972 sermo
1159 3919 1314 3972 tuus.
1350 3917 1508 3982 Veni,
1543 3930 1774 3972 eamus.
1805 3918 1874 3972 Et

206 4004 414 4062 ierunt
441 4004 503 4061 in
522 4003 843 4074 civitatem,
892 4004 951 4059 in
988 4019 1113 4077 qua
1150 4008 1276 4060 erat
1295 4004 1383 4060 vir
1419 4003 1544 4060 Dei.
1603 4006 1872 4075 Cumque

208 4092 606 4152 ascenderant
649 4092 870 4150 clivum
905 4092 1186 4160 civitatis,
1242 4092 1600 4149 invenerunt
1636 4092 1868 4165 puellas

208 4182 581 4255 egredientes
601 4183 679 4239 ad
698 4182 1098 4239 hauriendam
1119 4185 1429 4255 aquam,et
1447 4180 1727 4237 dixerunt
1752 4179 1867 4236 eis:

210 4275 366 4328 Num
385 4271 483 4328 hic
511 4276 598 4328 est
624 4271 840 4328 Videns
863 4274 891 4328 ?
921 4272 1063 4337 Quae
1100 4270 1552 4343 respondentes,
1595 4268 1873 4326 dixerunt

209 4362 363 4418 illis:
398 4363 499 4418 Hic
524 4369 645 4419 est:
698 4377 835 4419 ecce
885 4367 1022 4419 ante
1064 4366 1135 4428 te,
1172 4360 1387 4417 festina
1416 4375 1576 4417 nunc
1607 4371 1624 4423 :
1691 4359 1871 4417 hodie

212 4451 375 4507 enim
397 4452 552 4509 venit
570 4452 631 4507 in
652 4451 971 4517 civitatem,
986 4450 1130 4524 quia
1157 4449 1519 4507 sacriﬁcium
1538 4454 1627 4506 est
1642 4448 1870 4523 populo

212 4537 270 4593 in
292 4538 546 4596 excelso.
574 4539 977 4610 lngredientes
1022 4538 1255 4609 urbem,
1301 4539 1502 4596 statim
1555 4537 1868 4595 invenietis

214 4642 353 4685 eum
367 4633 694 4702 antequam
708 4629 1068 4686 ascendatin
1080 4629 1348 4686 exelsum
1371 4628 1450 4685 ad
1467 4627 1836 4685 vescendum
1852 4643 1866 4683 :

215 4731 414 4791 neque
442 4718 605 4775 enim
629 4734 977 4778 comssurus
997 4722 1085 4775 est
1113 4717 1374 4791 populus
1424 4717 1617 4775 donec
1644 4716 1742 4774 ille
1768 4732 1871 4774 ve-

216 4806 340 4864 niat
362 4828 376 4864 :
402 4806 552 4881 quia
575 4807 702 4879 ipse
722 4807 1276 4876 benedicethostiaa,
1293 4811 1350 4864 et
1368 4806 1655 4880 deinceps
1675 4822 1872 4864 come-

217 4894 365 4954 dunt
384 4896 485 4970 qui
513 4897 704 4953 vocati
734 4899 886 4953 sunt.
908 4899 1075 4953 Nunc
1124 4912 1266 4967 ergo
1308 4895 1709 4961 conscendite,
1730 4897 1873 4969 quia

217 4983 395 5042 hodie
436 4984 737 5057 reperietis
763 5000 923 5042 eum.
946 4986 1014 5041 Et
1041 4985 1437 5042 ascenderunt
1456 4985 1518 5041 in
1548 4985 1867 5043 civitatem.

220 5070 490 5146 Cumque
505 5071 592 5127 illi
606 5071 1062 5129 ambularentin
1085 5070 1287 5129 medio
1304 5071 1469 5129 urbis
1480 5072 1761 5144 apparuit
1774 5073 1874 5129 Sa-

218 5160 377 5217 muel
404 5160 719 5232 egrediens
742 5160 985 5217 obviam
1005 5160 1110 5226 eis,
1134 5165 1198 5216 ut
1225 5159 1573 5218 ascenderet
1590 5159 1656 5217 in
1676 5160 1875 5217 excel-

218 5263 370 5306 sum.
390 5250 682 5308 Dominus
692 5256 892 5306 autem
904 5249 1269 5307 revelaverat
1279 5249 1612 5308 auriculam
1632 5252 1875 5307 Samue-

218 5334 287 5391 lis
308 5343 447 5397 ante
464 5354 650 5395 unam
679 5338 831 5395 diem
855 5354 1038 5412 quam
1068 5338 1294 5395 veniret
1322 5338 1402 5395 ad
1433 5339 1593 5407 Saul,
1624 5338 1830 5396 dicens
1859 5355 1873 5394 :

220 5424 335 5483 Hac
372 5428 519 5500 ipsa,
552 5443 688 5499 quae
702 5443 862 5485 nunc
882 5429 1169 5494 est,hora,
1203 5443 1335 5485 cras
1360 5428 1595 5485 mittam
1625 5428 1705 5485 ad
1727 5428 1877 5485 tevi-

220 5527 353 5570 rum
377 5519 453 5574 de
477 5521 633 5574 terra
666 5517 993 5589 Benjamin,
1012 5522 1070 5574 et
1105 5533 1286 5589 unges
1312 5516 1683 5574 eumducem
1698 5532 1878 5590 super

224 5604 505 5676 pOpulum
516 5621 721 5664 meum
743 5621 754 5661 :
776 5610 834 5665 et
853 5604 1102 5665 salvabit
1118 5605 1393 5679 populum
1419 5621 1615 5664 meum
1628 5606 1697 5663 de
1708 5621 1879 5664 manu

1986 1898 2127 1939 nem
2165 1881 2350 1935 istum
2378 1878 2406 1932 ?
2428 1881 2753 1932 Assumens
2792 1874 2993 1946 itaque
3025 1871 3264 1929 Samuel
3306 1870 3567 1933 Saulem,
3589 1876 3646 1925 et

1985 1984 2236 2044 puerum
2263 1968 2412 2038 ejus,
2444 1963 2773 2021 introduxit
2793 1978 2895 2018 eos
2924 1962 2983 2016 in
3012 1959 3382 2028 ,triolinium,
3409 1961 3465 2012 et
3484 1956 3646 2011 dedit

1985 2061 2070 2117 eis
2088 2060 2293 2113 locum
2310 2056 2372 2111 in
2386 2053 2579 2125 capite
2596 2068 2804 2109 eorum
2828 2051 2925 2122 qui
2950 2050 3187 2104 fuerant
3200 2045 3430 2102 invitati
3447 2060 3459 2109 ;
3476 2049 3646 2100 erant

1984 2147 2145 2203 enim
2174 2146 2349 2218 quasi
2362 2141 2602 2212 triginta
2630 2138 3035 2209 viri.Dixitque
3067 2132 3645 2204 Samuelcoquo:Da

1984 2240 2237 2309 partem,
2268 2247 2449 2304 quam
2489 2229 2627 2285 dedi
2658 2227 2781 2293 tibi,
2819 2231 2877 2282 et
2928 2223 3186 2296 praecepi
3226 2227 3291 2278 ut
3322 2236 3643 2292 reponeres

1985 2338 2262 2380 seorsum
2283 2319 2448 2393 apud
2466 2324 2540 2375 te.
2576 2316 3028 2373 Levavitautem
3056 2327 3288 2384 coquus
3319 2315 3644 2375 armum,et

1985 2412 2185 2485 posuit
2206 2415 2344 2468 ante
2372 2407 2806 2478 Saul.Dixitque
2839 2404 2888 2459 ei
2926 2401 3360 2459 Samuelecce
3380 2398 3543 2470 quod
3558 2412 3643 2453 re-

1988 2502 2229 2565 mansit,
2253 2514 2405 2572 pone
2419 2495 2582 2569 apud
2610 2499 2683 2565 te,
2702 2492 3017 2549 etcomedc
3044 2510 3055 2549 :
3085 2490 3225 2562 quia
3250 2489 3319 2543 de
3347 2486 3642 2543 industria

1988 2596 2289 2646 servatum
2309 2591 2395 2642 est
2422 2585 2546 2650 tibi,
2579 2582 2824 2656 quando
2850 2580 3144 2652 populum
3170 2576 3408 2633 vocavi.
3456 2578 3520 2630 Et
3546 2589 3642 2630 co-

1986 2678 2171 2735 medit
2194 2676 2332 2734 Saul
2362 2690 2500 2730 cum
2531 2670 2805 2729 Samuele
2836 2670 2895 2725 in
2918 2668 3014 2724 die
3032 2668 3149 2723 illa.
3209 2669 3272 2722 Et
3318 2664 3640 2721 descende-

1983 2770 2125 2823 runt
2148 2765 2222 2820 de
2252 2762 2486 2819 excelso
2509 2761 2571 2816 in
2596 2758 2908 2831 oppidum.
2934 2768 3003 2825 Ita.
3039 2761 3247 2810 Amen.

2055 2854 2386 2922 Antiphona
2419 2856 2466 2906 1.
2508 2842 3076 2916 Erubescantlimpii,
3109 2847 3167 2897 et
3194 2839 3639 2896 deducanturin

1981 2942 2281 3000 infernum
2314 2956 2328 2995 :
2364 2942 2530 2994 muta
2552 2934 2883 2992 efﬁciantur
2929 2932 3092 2988 labia
3118 2930 3344 3003 iniqua.
3380 2930 3521 2993 Quae
3556 2926 3638 2982 lo-

1982 3034 2251 3104 quuntur
2277 3028 2568 3083 adversus
2591 3025 2817 3095 justum
2846 3021 3234 3093 iniquitatem.
3272 3017 3335 3077 V.
3372 3017 3436 3071 lu
3464 3017 3640 3071 teDo-

1986 3119 2147 3175 mine
2178 3116 2433 3190 speravi,
2467 3129 2589 3170 non
2619 3110 2958 3167 confundar
2986 3110 3044 3163 in
3068 3112 3359 3163 internum
3399 3105 3491 3159 :in
3537 3108 3639 3159 tua

1977 3207 2210 3280 justitia
2236 3206 2425 3261 libera
2455 3218 2571 3269 me,
2605 3207 2660 3256 et
2687 3199 2845 3271 eripe
2876 3212 2997 3255 me.
3047 3197 3333 3251 l’salmus.
3388 3209 3525 3248 xxx.

2057 3296 2282 3354 Oratio.
2310 3292 2695 3357 Erubescant,
2720 3281 3639 3357 Domine,impii,etdeducantur

1980 3388 2044 3445 in
2072 3381 2521 3454 infernum,qui
2544 3384 2599 3437 te
2648 3377 2947 3435 Christum
3001 3373 3102 3430 Dei
3140 3373 3329 3428 lilium
3385 3384 3636 3441 negave—

1980 3482 2150 3533 runt:
2174 3477 2236 3530 ut
2266 3488 2373 3528 ora
2407 3475 2461 3527 te
2486 3466 2882 3541 loquentium,
2908 3463 3026 3520 alto
3057 3458 3493 3534 praedicationis
3514 3457 3637 3513 cul-

1982 3564 2144 3621 mine
2173 3558 2609 3635 polleant,dum
2628 3554 2835 3612 advers
2846 3570 2912 3608 us
2920 3552 2940 3623 j
2954 3554 3152 3607 ustum
3169 3547 3543 3621 iniquitatem
3558 3544 3639 3601 lo-

1982 3651 2294 3727 quentium
2322 3643 2688 3704 destruxeris
2716 3642 2897 3699 labia.
2933 3652 2998 3705 It».
3030 3645 3239 3695 Amen.

2054 3740 2165 3797 Per
2191 3734 2693 3795 misericordiam.

2054 3846 2403 3915 Antiphona
2428 3846 2482 3897 2.
2514 3839 2727 3897 Judica
2757 3836 3005 3894 Domine
3035 3838 3319 3892 nocentes
3350 3834 3636 3899 me,etex-

1982 3932 2608 4009 pugnaimpugnantes
2623 3922 3118 3998 me.Apprehende
3132 3937 3291 3978 arma
3302 3925 3359 4009 et
3373 3924 3601 3975 scutum
3621 3934 3634 3973 :

1982 4007 2040 4080 et
2060 4036 2280 4091 exurge
2318 4020 2379 4075 in
2411 4012 2961 4088 adjutoriummibi.
2983 4010 3045 4070 llr.
3067 4007 3641 4071 Eﬂ'undeframea,et

1981 4109 2274 4168 conclude
2303 4107 2593 4164 adversus
2626 4118 2749 4173 eos,
2784 4102 2890 4173 qui
2931 4114 3028 4156 me
3052 4094 3639 4169 persequunturzdic

1983 4199 2191 4257 animae
2212 4210 2392 4253 mete:
2438 4191 2605 4249 Salus
2636 4194 2738 4246 tua
2789 4203 2902 4259 ego
2934 4184 3393 4242 sum.Psalmus.
3432 4197 3633 4237 xxxnv.

2053 4301 2483 4361 OratioJudica
2499 4297 2746 4354 Domine
2758 4297 3042 4351 nocentes
3058 4307 3168 4347 nos
3186 4306 3199 4355 ;
3214 4289 3636 4360 etimpugnan-

1980 4399 2066 4452 tes
2084 4408 2193 4450 nos
2209 4392 2335 4464 ipse
2349 4402 2663 4461 expugna:
2692 4390 2755 4441 ut
2772 4382 3149 4458 quiprimum
3171 4396 3232 4435 es
3246 4379 3638 4449 impugnatus

1901 4495 1948 4551 D
1977 4484 2040 4541 in
2059 4496 2308 4554 corpore
2322 4484 2529 4536 nostro
2550 4490 2741 4544 ;nunc
2761 4466 3378 4543 nosinexpugnabiles
3399 4465 3634 4531 reddas,

1979 4572 2399 4647 permanentes
2428 4566 2489 4623 in
2527 4578 2776 4637 corpore
2797 4566 2921 4620 tuo.
2958 4572 3021 4631 Bg.
3056 4564 3271 4614 Amen.

2050 4678 2400 4748 Antiphona
2424 4679 2482 4732 3.
2514 4668 2929 4731 Stridebantin
2956 4682 3053 4725 me
3071 4663 3344 4722 dentibus
3362 4662 3515 4717 suis:
3533 4661 3639 4715 Do-

1980 4769 2143 4826 mine
2170 4764 2419 4840 quando
2455 4761 2807 4835 respiciens,
2829 4756 3096 4815 restitues
3109 4753 3378 4810 animam
3391 4749 3638 4840 meam?

1979 4859 2043 4920 γ.
2067 4836 2497 4913 Νοιίὶοειιιιθιιι
2542 4851 2604 4906 in
2632 4847 2863 4923 me,qui
2896 4845 3291 4902 adversantur
3338 4837 3489 4896 mihi
3525 4836 3634 4893 ini-

1981 4960 2101 5020 que
2136 4961 2149 5000 :
2187 4942 2293 5017 qui
2322 4941 2578 4998 oderunt
2605 4952 2702 4994 me
2729 4934 2912 5008 gratis
2940 4936 2998 4991 et
3027 4929 3379 4989 annuebant
3424 4924 3634 4986 oculis.

1982 5035 2262 5092 Psalmus
2290 5045 2495 5088 xxxxv.

2052 5141 2343 5213 Hymnus.
2378 5140 2422 5196 0
2447 5139 2765 5205 Nazarene,
2799 5132 2922 5189 lux.
2956 5129 3167 5199 Quaere
3192 5128 3307 5198 fol.
3347 5128 3471 5183 144.

2057 5248 2278 5306 Oratio.
2296 5245 2538 5311 Christe,
2579 5242 2682 5298 Dei
2707 5240 2905 5305 Filius,
2926 5238 3031 5310 qui
3050 5234 3431 5293 stridentium
3446 5230 3638 5288 inimi-

1987 5355 2195 5397 corum
2219 5335 2497 5394 dentibus
2549 5348 2673 5390 non
2714 5348 2776 5388 es
2804 5332 3166 5395 commotus,
3201 5325 3309 5381 sed
3351 5318 3637 5392 singulari

1985 5428 2292 5503 patientia,
2316 5423 2554 5481 effrenis
2582 5420 2934 5478 stridoribus
2965 5415 3213 5489 spicula,
3249 5417 3325 5504 et
3352 5407 3634 5504 humanis

1985 5495 2377 5588 languoribus
2399 5510 2654 5584 porrigis
2693 5507 3053 5564 medicinam
3088 5501 3359 5557 :restitue
3400 5495 3504 5551 tibi
3524 5506 3630 5588 per

1984 5583 2188 5664 veram
2201 5583 2607 5676 pcenitentiam
2629 5597 2863 5655 animas
2874 5598 3110 5651 nostras
3128 5607 3139 5645 :
3158 5591 3221 5645 ut
3240 5602 3277 5643 a
3297 5589 3351 5641 te
3363 5583 3631 5651 respecti,
