4192 6448
529 356 642 412 467

1777 340 2236 402 BREVIARIUM
2277 343 2593 403 GOTHICU
2603 347 2683 404 M.

3865 333 3978 389 468

519 491 644 535 non
673 475 934 531 feramur
947 467 1801 542 praecipitiiniradamnabiles
1826 486 1843 537 ;
1865 466 1969 522 sed
1982 480 2176 521 exem—
2201 467 2253 520 Α
2282 483 2424 525 num
2464 487 2477 537 ;
2506 475 2560 526 et
2588 472 2666 527 ab
2686 469 2944 526 inimicis
2965 467 3114 524 meis
3145 466 3345 522 salvus
3358 464 3549 519 ero.P.
3579 463 3724 527 Qua
3760 461 3978 513 custo-

521 564 622 637 plo
641 568 757 620 tuae
787 558 1081 633 passionis
1098 558 1424 614 reddamur
1455 557 1533 613 ad
1573 555 1778 612 omnia
1804 555 1996 610 mites.

592 652 767 709 Pater
781 653 1004 707 noster.

1147 733 1242 788 Ad
1288 734 1577 802 Vesperos.

598 826 833 885 Lauda.
864 821 1220 880 llluminatio
1236 836 1395 889 mea,
1425 824 1481 876 et
1501 819 1663 876 salus
1687 833 1824 874 mea
1870 815 2176 874 Dominus.

599 913 889 972 Dominus
919 911 1013 966 sit.
1053 921 1115 980 Br.
1156 909 1413 964 Etcum.

602 1001 957 1070 Antiphona.
972 996 1212 1053 lntende
1225 996 1442 1052 animae
1464 1008 1636 1060 meas,
1655 991 2183 1057 Domine,etlibera

535 1106 672 1150 eam
685 1132 699 1146 .
736 1089 1217 1144 Psalmus.1.xv1u.

607 1179 833 1236 Lauda.
875 1178 938 1230 ln
963 1176 1105 1244 {toto
1145 1172 1323 1228 corde
1348 1187 1502 1236 meo,
1549 1174 1701 1226 Deus
1731 1169 2029 1241 exquisivi
2079 1172 2133 1224 te
2165 1184 2178 1222 :

535 1269 608 1324 P.
637 1269 717 1322 Ne
736 1263 989 1335 repellas
1013 1277 1109 1317 me
1138 1277 1174 1317 a
1200 1259 1652 1316 mandatistuis.
1674 1259 1717 1317 ἣν
1731 1300 1741 1312 .
1783 1260 1983 1313 lntoto
2007 1255 2184 1312 corde

536 1370 673 1412 meo
703 1351 994 1409 abscondi
1015 1349 1250 1421 eloquia
1265 1352 1370 1404 tua
1402 1366 1414 1406 ε
1451 1351 1516 1404 ut
1544 1363 1667 1403 non
1694 1361 1935 1418 peccem
1957 1345 2084 1403 tibi.
2115 1345 2182 1402 P.

538 1447 620 1502 Ne
644 1440 900 1513 repellas

607 1532 871 1601 Hymno.
912 1527 1167 1583 Verbum
1209 1525 1397 1580 Patris
1427 1524 1590 1596 quod
1620 1523 1857 1596 prodiit.
1887 1524 2001 1592 fol.
2046 1526 2176 1577 252.

613 1618 923 1687 Capitula.
955 1613 1304 1671 Bellantium
1329 1628 1664 1676 mucrones,
1697 1612 2186 1683 quaesumus,D0-

543 1704 948 1771 mine,vitricis
965 1718 1199 1774 semper
1213 1701 1518 1774 potestatis
1536 1705 1649 1755 tum
1678 1703 1890 1756 virtute
1905 1699 2151 1755 retunde
2171 1718 2183 1767 ;

2283 559 2406 614 divi
2433 560 2564 615 vias
2585 561 2712 630 ejus
2751 578 2769 629 ;
2801 561 2858 613 et
2893 572 3017 612 non
3055 553 3364 625 egi‘impie
3389 567 3427 608 a
3447 554 3567 607 Deo
3588 563 3768 605 meo.
3811 546 3879 607 ῒ.
3907 548 3974 602 Et

2283 647 2582 704 exaudivit
2602 647 2677 702 de
2698 646 2922 718 templo
2976 649 3185 700 sancto
3225 657 3336 697 suo
3381 655 3594 696 vocem
3623 650 3888 693 meam:
3913 638 3971 690 et

2285 734 2512 792 clamor
2530 751 2701 791 meus
2729 735 2791 790 in
2814 736 3136 805 conspectu
3148 732 3374 801 ejus,et
3396 727 3668 785 introivit
3690 725 3761 780 in
3783 737 3970 780 aures

2287 823 2440 893 ejus.

2360 912 2575 968 Oratio.
2610 915 2673 968 In
2699 911 3076 967 tribulatione
3108 923 3220 964 sua
3245 910 3299 964 te
3321 908 3510 961 Deum
3554 903 3965 959 liberatorem

2289 1015 2464 1055 suum
2475 999 2712 1056 invocat
2727 997 2985 1054 Ecclesia
3000 1000 3107 1052 tua
3135 1013 3148 1050 :
3173 995 3431 1067 petimus
3447 990 3966 1065 proinde,uteam

2289 1087 2477 1144 salves
2515 1087 2592 1144 ab
2619 1087 2874 1143 inimicis
2903 1103 2915 1140 :
2945 1085 3048 1157 qui
3079 1099 3214 1140 eam
3254 1080 3567 1138 redemisti
3624 1077 3834 1150 pretio
3876 1075 3962 1132 tui

2291 1176 2555 1230 cruoris:
2584 1191 2704 1247 quo
2736 1176 2816 1230 ita
2853 1173 2980 1229 vias
3003 1177 3136 1228 tuas
3184 1173 3243 1227 in
3295 1171 3410 1227 hac
3457 1165 3962 1241 peregrinatione

2292 1264 2676 1329 custodiat,ut
2695 1278 2888 1318 ovans
2909 1261 2986 1317 ad
3014 1265 3117 1317 tua
3142 1262 3441 1315 mereatur
3468 1255 3794 1328 pervenire
3827 1268 3964 1326 pro-

2293 1351 2500 1408 missa.
2532 1363 2602 1420 It.
2635 1355 2847 1407 Amen.

2364 1442 2470 1494 Per
2492 1438 2982 1495 misericordiam.

2364 1529 2708 1597 Antiphona
2721 1527 2935 1583 3.Deus
2951 1542 3120 1582 meus
3133 1524 3303 1581 salva
3317 1538 3413 1579 me
3425 1522 3502 1578 de
3514 1521 3766 1578 inimicis
3783 1521 3959 1577 meis:

2295 1617 2827 1673 etaresistentibus
2848 1616 2994 1671 mihi
3023 1630 3160 1669 erue
3199 1628 3319 1668 me.
3387 1615 3446 1667 P.
3507 1613 3577 1666 Et
3618 1609 3964 1666 conﬁtebor

2294 1705 2400 1760 tibi
2430 1706 2490 1761 in
2525 1705 2820 1774 gentibus,
2851 1708 2904 1760 et
2927 1704 3154 1760 nomini
3199 1707 3302 1758 tuo
3334 1700 3617 1757 cantabo.
3670 1699 3737 1758 ἲν.
3788 1698 3958 1770 Eripe

543 1800 602 1853 et
637 1799 844 1851 contra
862 1796 1079 1848 sortem
1105 1794 1270 1846 tuam
1297 1789 1646 1845 meditantes
1673 1788 1896 1852 inania,
1931 1787 2190 1844 veritatis
2218 1790 2263 1846 Β
2297 1809 2393 1849 me
2423 1793 2497 1848 de
2518 1792 3086 1849 contradictionibus
3112 1789 3345 1864 populi;
3402 1789 3732 1845 constitues
3779 1786 3957 1842 mein

543 1889 661 1942 tua;
699 1881 924 1950 corrige
943 1878 1282 1950 disciplina:
1317 1877 1540 1948 quique
1564 1877 1852 1932 adversus
1895 1876 2190 1933 Christum

546 1975 719 2028 tuum
746 1968 1173 2038 blasphemant
1197 1966 1699 2028 declamsntes,ad
1712 1964 2188 2036 praedicationem

547 2075 704 2116 verae
731 2056 872 2112 ﬁdei
901 2054 1558 2111 suacordaconvertant
1582 2071 1594 2108 :
1625 2058 1688 2109 ut
1710 2057 1767 2109 et
1804 2053 2043 2109 vincula
2058 2068 2192 2124 pec-

549 2150 845 2212 catorum,
868 2143 1083 2215 quibus
1129 2141 1309 2196 vincti
1351 2141 1707 2205 detinentur,
1742 2141 2191 2197 miseratusdis-

549 2238 900 2306 rumpas;et
930 2229 1533 2300 cunctosjustiticatos
1560 2230 1726 2300 digiti
1765 2230 1850 2285 tui
1867 2229 2099 2286 calamo
2131 2229 2190 2284 in

548 2322 703 2379 libro
721 2320 860 2376 vita).
891 2317 1251 2375 conscribas.

621 2413 791 2467 Pater
809 2411 1026 2464 noster.

622 2497 934 2554 Humiliate
963 2511 1064 2551 vos
1094 2493 1509 2551 benedictioni.

620 2586 906 2642 Dominus
932 2585 1026 2640 sit.
1066 2596 1135 2653 Bg.
1168 2586 1233 2639 Et
1261 2599 1426 2638 cum.

623 2674 984 2733 Benedictio.
1018 2672 1328 2728 Benedicat
1350 2687 1455 2727 vos
1486 2673 1672 2739 Pater,
1696 2673 1800 2743 qui
1825 2673 1887 2728 in
1905 2671 2194 2743 principio

552 2779 659 2838 per
682 2763 938 2819 Verbum
969 2766 1184 2818 cuncta
1221 2759 1465 2816 creavit.
1498 2772 1566 2830 Βι.
1625 2761 1834 2816 Amen.
1887 2761 2196 2817 Benedicat

551 2867 661 2909 vos
682 2851 877 2915 Filius.
903 2850 1008 2921 qui
1038 2849 1347 2906 aPaterna
1398 2849 1538 2903 sede
1601 2863 1711 2919 pro
1751 2853 1960 2905 nostra
2007 2848 2195 2905 salute

551 2938 877 2997 descendit.
905 2949 968 3007 ni.
999 2939 1209 2993 Amen.
1248 2936 1564 2993 Benedicat
1612 2952 1720 2991 vos
1761 2937 2009 3008 Spiritus
2042 2937 2198 2995 San-

552 3032 698 3097 ctus,
723 3027 828 3098 qui
856 3041 1034 3097 super
1059 3025 1354 3082 Christum
1379 3024 1438 3079 in
1468 3024 1729 3081 Jordane
1750 3025 1996 3080 ﬂumine
2018 3028 2081 3080 ut
2097 3039 2195 3078 co-

550 3116 763 3173 lumba
780 3113 1080 3185 requievit.
1103 3124 1166 3182 Βτ.
1192 3114 1403 3168 Amen.

624 3204 734 3258 Per
761 3201 1236 3258 misericordiam

623 3289 848 3346 Lauda.
879 3290 1214 3346 Posuerunt
1256 3289 1618 3359 peccatores,
1645 3286 1718 3341 Et
1751 3286 1968 3342 Oratio.
1992 3286 2201 3343 Tribue

553 3379 750 3448 nobis,
772 3377 1021 3434 Domine
1063 3377 1176 3445 [οι.
1203 3379 1330 3432 266.

1196 3479 1355 3519 FERIA
1371 3478 1607 3525 QUARTA.

1123 3551 1214 3606 Ad
1267 3551 1651 3607 Matii-unum.

628 3643 988 3711 Antiphona.
1009 3639 1200 3696 Gloria
1216 3653 1371 3703 mea,
1403 3645 1458 3695 et
1478 3640 1743 3696 exaltans
1765 3643 1938 3709 caput
1984 3653 2206 3695 meum.

562 3735 716 3788 Voce
737 3745 874 3785 mea
913 3728 986 3783 ad
1018 3727 1338 3782 Dominum
1372 3728 1664 3784 clamavi:
1697 3734 1754 3785 et
1797 3727 2099 3784 exaudivit
2117 3743 2210 3783 me

563 3821 638 3878 de
661 3822 867 3876 monte
887 3819 1093 3872 sancto
1117 3831 1245 3872 suo.
1281 3815 1551 3872 Psalmus
1597 3833 1676 3872 ιιι.

638 3908 746 3978 27
767 3907 810 3976 ι
850 3904 1064 3960 Oratio.
1083 3902 1273 3959 Gloria
1301 3908 1504 3958 nostra
1518 3903 1671 3958 Deus
1688 3904 1991 3967 noster,da
2018 3903 2207 3974 nobis,

564 3999 629 4052 ut
653 3997 713 4051 in
743 3998 798 4051 te
828 3994 952 4048 sine
968 3993 1083 4048 ﬁne
1102 3992 1424 4062 gloriemur
1456 4011 1473 4046 :
1504 4007 1774 4064 quosque
1799 3992 1989 4048 fecisti
2029 3992 2102 4048 de
2119 4009 2213 4049 ca-

565 4084 703 4157 pitis
723 4081 1084 4139 exultatione
1112 4079 1416 4145 sublimes,
1434 4096 1707 4152 quassum
1719 4080 2116 4146 us,utefﬁcias
2139 4082 2213 4138 de

567 4173 748 4230 totius
776 4171 1042 4243 corporis
1071 4174 1492 4226 consummata
1518 4169 1708 4226 salute
1733 4186 1998 4227 securos:
2018 4171 2215 4228 Elevet

566 4260 963 4332 abjectionem
989 4263 1256 4314 nostram
1295 4261 1394 4312 tua
1425 4258 1744 4314 celsitudo:
1780 4264 1842 4314 ut
1863 4259 2210 4331 quihumili-

568 4355 686 4406 tate
713 4354 875 4404 tuaa
918 4346 1162 4402 terrenis
1208 4346 1527 4414 erigimur;
1561 4347 1918 4404 exaltatione
1975 4365 2215 4421 quoque

569 4433 818 4508 provehi
846 4449 1193 4490 mereamur.
1226 4444 1289 4504 ηε.
1318 4435 1516 4490 Amen.

641 4521 994 4591 Antiphona
1032 4526 1078 4576 t.
1122 4524 1205 4577 Da
1225 4521 1665 4588 mihi,Domine,
1697 4523 1975 4598 clypeum
2009 4523 2215 4581 salutis

573 4613 687 4666 tua:
722 4621 739 4671 :
777 4613 834 4664 et
857 4609 1098 4665 dextera
1114 4613 1216 4665 tua
1240 4609 1504 4666 conforta
1536 4612 1910 4681 me.Accinge
1946 4611 2217 4668 meforti-

573 4697 840 4755 tudinem
862 4698 938 4754 ad
958 4698 1251 4771 praelium,
1290 4699 1537 4756 incurva
1570 4717 1746 4773 super
1767 4717 1861 4756 me
1881 4701 2217 4756 resistentes

572 4786 723 4843 mihi
745 4791 802 4843 et
825 4787 1090 4843 odientes
1109 4803 1194 4841 me
1215 4788 1508 4859 disperde.
1532 4788 1598 4848 ἲν.
1635 4789 1884 4858 Diligam
1899 4793 1950 4845 te
1970 4790 2218 4846 Domine

573 4873 757 4931 virtus
773 4892 940 4931 mea:
968 4874 1252 4932 Dominus
1281 4877 1729 4933 ﬁrmamentum
1754 4893 1979 4946 meum,
1999 4882 2055 4933 et
2081 4877 2221 4932 libe-

574 4967 736 5020 rator
765 4979 951 5020 meus.

649 5050 868 5108 Oratio.
896 5053 980 5108 Da
1007 5053 1200 5123 nobis,
1235 5055 1500 5118 Domine,
1535 5053 1815 5123 clypeum
1848 5053 2056 5108 salutis
2071 5057 2217 5110 tuae:

579 5141 635 5194 et
655 5137 896 5196 dextera
919 5143 1144 5197 tuanos
1179 5140 1257 5196 ad
1287 5141 1405 5197 alta
1435 5155 1672 5211 semper
1686 5140 2071 5210 provehendo
2086 5156 2222 5197 con-

577 5227 770 5296 fortet,
803 5243 924 5300 quo
945 5230 1194 5286 accincti
1224 5228 1562 5284 fortitudine
1595 5232 1695 5282 tua
1716 5226 1792 5282 ad
1825 5228 2099 5296 przelium
2120 5245 2225 5300 per

577 5315 812 5385 insigne
834 5317 1032 5374 Crucis
1052 5323 1165 5372 tum
1184 5315 1512 5385 trophaeum
1537 5314 1886 5383 dejiciamus
1908 5316 2226 5374 adversan-

579 5407 698 5460 tem
717 5403 892 5459 nobis
916 5401 1414 5470 humanigeneris
1445 5401 1777 5457 inimicum.
1808 5413 1871 5472 11'.
1895 5403 2100 5460 Amen.

650 5492 760 5546 Per
789 5489 1277 5546 misericordiam.

649 5578 992 5647 Antiphona
1023 5581 1074 5634 2.
1093 5579 1154 5632 ln
1174 5574 1549 5632 tribulatione
1580 5594 1715 5635 mea
1740 5579 2225 5640 invocaviDomi-

2297 1885 2477 1952 caput
2506 1882 2786 1949 gentium.

2371 1971 2596 2026 Oratio.
2628 1970 2782 2024 Deus
2812 1971 3030 2033 noster,
3065 1967 3232 2023 salva
3257 1981 3369 2022 nos
3393 1967 3471 2022 ab
3492 1963 3948 2034 insurgentibus

2298 2060 2554 2115 inimicis
2582 2077 2594 2126 ;
2619 2063 2675 2113 et
2703 2056 3168 2113 aresistentibus
3209 2055 3470 2111 victorias
3523 2051 3938 2117 Crucis,libera

2298 2164 2409 2204 nos
2439 2146 2699 2219 potentia
2724 2145 2997 2200 Deitatis:
3022 2149 3087 2200 ut
3124 2143 3357 2199 nomini
3408 2147 3508 2198 tuo
3531 2145 3861 2204 cantantes,
3883 2142 3942 2193 te

2299 2251 2534 2306 semper
2575 2235 2898 2303 gloriosum
2917 2232 3308 2288 conﬁteamur
3350 2231 3413 2286 in
3447 2228 3734 2299 gentibus,
3774 2227 3950 2299 cujus

2300 2324 2593 2393 sanguine
2620 2322 2964 2393 redemptus
2991 2325 3082 2376 est
3113 2320 3380 2375 mundus
3404 2329 3469 2388 ἢ.
3503 2323 3712 2374 Amen.

2371 2413 2481 2467 Per
2507 2409 2993 2466 misericordiam.

2372 2511 2436 2569 13;.
2460 2498 2880 2568 Cogitaverunt
2903 2497 3096 2569 iniqui
3136 2497 3429 2552 dicentes:
3476 2494 3693 2558 Venite,
3728 2492 3956 2565 disper-

2301 2589 2518 2644 damus
2545 2602 2684 2642 eum
2715 2586 2788 2641 de
2810 2589 3000 2655 gente,
3032 2588 3110 2641 Ρ.
3160 2588 3222 2640 Et
3243 2599 3366 2640 non
3392 2582 3836 2639 memorabitur
3857 2595 3956 2636 no-

2301 2691 2441 2732 men
2462 2675 2590 2746 ejus
2619 2675 2901 2746 amplius.
2933 2673 3046 2730 Sed
3079 2677 3162 2741 tu,
3204 2673 3453 2728 Domine
3466 2669 3884 2733 Deuslsrael,a
3905 2673 3959 2724 te

2303 2763 2745 2821 confundantur
2765 2762 2989 2818 inimici
3044 2761 3182 2817 mei.
3224 2760 3286 2820 v.
3345 2760 3672 2816 Dixerunt:
3737 2759 3955 2825 Venite,

2302 2853 2609 2908 mittamus
2629 2852 2861 2920 lignum
2890 2851 2949 2906 in
2973 2866 3190 2921 panem
3213 2850 3365 2920 ejus,
3397 2853 3455 2904 et
3474 2848 3805 2904 eradamus
3824 2861 3956 2903 eum

2303 2943 2378 2998 de
2422 2946 2580 2998 terra
2597 2940 2943 2996 viventium.
2964 2940 3102 2997 P.Et
3125 2953 3273 2995 non.
3302 2939 3441 2994 Non
3471 2939 3716 2994 dicatur
3745 2935 3952 2992 Gloria.

2378 3031 2595 3085 Oratio.
2637 3032 2813 3093 Deus,
2840 3028 2975 3100 quis
3030 3027 3234 3082 similis
3290 3026 3400 3082 tibi
3440 3030 3563 3082 tam
3588 3027 3650 3082 in
3671 3025 3953 3087 bonitate,

2235 3128 2278 3185 (ι
2305 3133 2492 3190 quam
2517 3118 2800 3173 invirtute
2817 3117 2844 3172 ?
2861 3117 3368 3188 quiSanctostuos
3392 3119 3450 3172 et
3467 3114 3740 3171 bonitate
3769 3112 3959 3168 erudis

2307 3213 2364 3263 et
2391 3207 2604 3262 virtute
2628 3205 2899 3261 defendis
2927 3226 2940 3261 :
2967 3205 3346 3261 inimicorum
3368 3219 3476 3260 ora
3491 3203 3809 3260 frementia
3828 3214 3958 3257 con-

2309 3294 2535 3365 primis,
2560 3297 2618 3348 et
2649 3297 2887 3348 tuorum
2916 3292 3395 3349 obsecrationem
3421 3291 3734 3360 agnoscis:
3767 3292 3850 3346 Da
3863 3301 3960 3343 no-

2311 3382 2403 3438 bis
2433 3382 2508 3438 de
2532 3386 2634 3437 tua
2644 3381 2906 3438 bonitate
2923 3381 3356 3437 conﬁdentibus
3379 3396 3634 3453 operum
3661 3380 3960 3436 bonorum

2313 3469 2686 3543 particulam,
2720 3485 2848 3540 quae
2885 3485 2996 3524 nos
3025 3474 3082 3524 et
3105 3469 3184 3525 ab
3222 3469 3482 3524 inimicis
3525 3468 3782 3524 consilio
3807 3469 3960 3522 tutos

2314 3558 2550 3624 efﬁciat,
2579 3561 2635 3613 et
2655 3558 2974 3613 mundatos
2990 3558 3180 3614 acrim
3191 3557 3282 3612 ine
3298 3555 3402 3612 tibi
3415 3556 3649 3629 placere
3664 3554 3959 3612 ostendat:

2314 3652 2379 3702 ut
2391 3651 2453 3702 tu
2474 3662 2585 3702 nos
2599 3645 2674 3700 ad
2689 3645 2939 3715 gloriam
2966 3646 3264 3716 perducas
3285 3649 3568 3701 aeternam
3579 3687 3592 3714 ,
3607 3645 3718 3717 qui
3730 3642 3892 3700 solus
3905 3654 3965 3696 es

2317 3734 2656 3792 Altissimus
2673 3749 2850 3805 super
2874 3749 3117 3790 omnem
3136 3738 3376 3790 terram.
3409 3744 3472 3803 Bg.
3502 3735 3718 3789 Amen.

2389 3826 2493 3879 Per
2519 3821 3008 3878 misericordiam.

2931 3927 2999 3982 In
3021 3927 3322 3983 Laudibus
3336 3971 3348 3982 .

2340 4009 2348 4018 ’
2389 4034 2765 4103 Antiphona.
2789 4034 2910 4102 Ego
2939 4032 2998 4088 in
3022 4031 3777 4105 iniquitatibusconceptus
3808 4044 3960 4086 sum:

2321 4127 2373 4178 et
2398 4123 2458 4177 in
2483 4122 2739 4194 peccatis
2769 4121 2997 4193 peperit
3021 4136 3116 4175 me
3139 4125 3327 4176 mater
3356 4136 3516 4176 mea.
3553 4121 3829 4176 Miserere
3859 4115 3965 4172 mei

2321 4212 2478 4266 Deus
2496 4211 2710 4266 secund
2721 4225 2819 4265 um
2832 4224 3108 4280 magnam
3123 4209 3576 4266 misericordiam
3589 4214 3785 4266 tuam.
3801 4205 3966 4266 Psal-

2320 4315 2451 4355 mus
2475 4316 2526 4355 L.

2396 4404 2623 4460 Oratio.
2645 4403 2850 4460 Averte
2876 4401 3087 4459 faciem
3114 4407 3302 4460 tuam.
3329 4404 3440 4475 fol.
3469 4405 3591 4460 161.

2245 4474 2290 4529 Β
2393 4509 2471 4566 Ad
2502 4510 2826 4567 Canticum.
2854 4509 3212 4578 Antiphona.
3244 4474 3373 4567 Non
3395 4510 3479 4566 sis
3505 4509 3654 4566 mihi
3666 4501 3968 4567 formidini

2323 4615 2458 4672 spes
2485 4614 2647 4665 mea;
2679 4599 2740 4654 in
2769 4598 2863 4654 die
2893 4597 3230 4654 aﬂlictionis
3253 4614 3402 4656 mete
3431 4615 3721 4656 succurre
3744 4594 3901 4654 mihi.

2394 4705 2724 4762 Canticum.
2756 4708 2913 4760 Sana
2941 4721 3056 4773 me,
3091 4706 3359 4762 Domine.
3385 4706 3498 4775 fol.
3530 4709 3655 4762 259.

2398 4793 2713 4852 0ratio.Ad
2723 4797 2845 4848 esto
2858 4792 3030 4848 nobis
3053 4794 3494 4865 Domine,quasi
3506 4793 3764 4850 bellator
3779 4787 3963 4848 fortis:

2325 4885 2387 4938 ut
2418 4886 2470 4938 te
2491 4882 2552 4936 in
2568 4881 2741 4936 nobis
2757 4881 3284 4952 pugnante,omnis
3299 4882 3471 4951 vigor
3487 4896 3602 4937 nos
3618 4883 3971 4954 impugnan-

2326 4971 2398 5026 tis
2413 4970 2680 5026 adversee
2703 4971 2939 5024 corruat
2957 4968 3312 5025 fortitudinis
3345 4985 3358 5024 :
3391 4973 3447 5025 et
3483 4970 3546 5025 in
3603 4983 3820 5043 sopore
3855 4975 3969 5018 sum

2327 5056 2713 5114 confessionis
2725 5057 2938 5111 nostris
2961 5057 3302 5113 labentibus
3315 5058 3592 5127 inimicis,
3609 5062 3845 5130 ereptos
3868 5064 3970 5107 nos

2330 5145 2440 5200 sibi
2469 5143 2737 5198 vendicet
2763 5149 2878 5198 tuae
2904 5144 2992 5199 vis
3006 5146 3282 5215 potentiaa
3314 5145 3667 5214 majestatis.
3687 5148 3967 5215 mAmen.

2401 5234 2511 5286 Per
2526 5231 3019 5288 misericordiam.

2402 5321 2494 5374 Ad
2516 5320 2881 5376 Benedictus.
2901 5321 3252 5388 Antiphona.
3277 5324 3442 5378 Mane
3474 5322 3695 5378 astabo
3712 5321 3816 5377 tibi
3832 5314 3971 5374 etvi-

2333 5406 2489 5461 debo
2519 5411 2595 5468 te,
2618 5407 2861 5460 Domine
2887 5424 2899 5461 :
2924 5409 3211 5478 quoniam
3227 5413 3289 5463 tu
3309 5425 3371 5462 es
3397 5410 3500 5479 qui
3521 5423 3645 5465 non
3663 5403 3970 5476 visiniqui-

2335 5500 2534 5548 tatem.
2659 5494 2844 5548 Verba
2874 5511 3004 5549 mea
3035 5496 3280 5550 auribus
3315 5499 3552 5568 percipe
3589 5499 3858 5562 Domine,
3887 5491 3968 5544 ill-

2337 5581 2526 5651 tellige
2541 5582 2864 5638 clamorem
2876 5599 3059 5638 meum
3074 5626 3085 5638 .
3102 5583 3341 5639 Intende
3357 5586 3490 5640 voci
3502 5585 3791 5644 orationis
3809 5593 3967 5643 mete,
