4192 6438
272 349 410 411 ιω

1439 351 1791 413 ΒΟΜΙΝΙΟΑ
1830 351 1905 409 IV
1940 350 2557 422 QUADRAGESIM/E.

3621 366 3728 433 470

266 491 398 534 rex
440 489 612 534 meus
639 480 695 532 et
719 474 874 531 Deus
894 488 1090 533 meus.
1108 476 1405 543 Quoniam
1431 478 1510 535 ad
1534 480 1589 534 te
1612 476 1817 542 orabo,
1846 478 1955 535 Do-
1983 477 2030 534 A
2068 481 2232 539 muel
2258 486 2552 558 populum
2573 486 2653 544 ad
2688 487 3009 545 Dominum
3029 488 3091 543 in
3114 490 3386 561 Masphat
3413 510 3425 550 :
3455 493 3511 549 et
3542 491 3624 549 ait
3645 434 3726 549 ad

266 580 476 623 mine.

354 655 709 711 Canticum.
744 652 1095 710 Benedictus
1125 670 1189 712 es
1223 656 1493 712 Domine.
1521 657 1631 725 fol.
1667 660 1718 712 6.

348 744 599 801 Lauda.
625 746 845 799 Montes
867 746 924 798 et
938 758 1171 799 ommes
1191 743 1373 800 colles
1399 761 1410 800 :
1438 744 1601 814 ligna
1630 743 1950 809 fructifera,

266 834 333 889 et
368 847 592 889 omnes
622 831 783 887 cedri
804 830 1046 887 laudate
1068 832 1409 888 Dominum.
1437 834 1704 889 Psalmus
1726 848 1948 888 cxmu.

392 923 597 978 Lectio
629 920 771 976 libri
795 920 1092 978 Samuelis
1132 921 1335 991 (Primi
1376 922 1517 992 Reg.
1551 936 1685 991 cap.
1716 920 1821 992 ιχ).

349 1021 427 1081 ﬁ.
461 1012 583 1065 Deo
610 1009 853 1079 gratias.

351 1100 429 1155 In
468 1098 585 1155 illis
610 1097 826 1154 diebus
866 1114 880 1154 :
918 1098 1156 1155 Vocavit
1185 1098 1427 1156 Samuel
1464 1098 1604 1156 Saul
1636 1098 1699 1154 in
1729 1096 1947 1154 solario

260 1190 529 1254 domus,
568 1187 772 1243 dicens
798 1206 811 1246 :
834 1188 1041 1257 Surge,
1074 1192 1129 1244 et
1157 1187 1457 1244 dimittam
1487 1192 1567 1244 te.
1604 1190 1672 1243 Et
1701 1186 1948 1242 surrexit

263 1277 423 1335 Saul
453 1296 466 1335 :
511 1280 568 1332 et
592 1275 817 1346 egressi
844 1279 984 1330 sunt
1013 1275 1219 1345 ambo,
1246 1276 1377 1348 ipse
1422 1275 1711 1342 videlicet,
1746 1280 1802 1331 et
1837 1277 1944 1331 Sa-

257 1366 464 1422 muel.
495 1368 767 1436 Cumque
793 1363 1224 1421 descenderent
1249 1365 1307 1420 in
1333 1369 1597 1421 extrema
1620 1368 1784 1436 parte
1807 1363 1944 1418 civi-

260 1455 439 1523 tatis,
478 1452 721 1509 Samuel
740 1452 886 1507 dixit
909 1452 986 1507 ad
1005 1452 1144 1508 Saul
1176 1470 1188 1509 :
1223 1454 1323 1509 Dic
1350 1468 1535 1524 puero
1555 1451 1942 1508 utantecedat

257 1560 410 1611 nos,
451 1544 563 1613 27
579 1544 629 1611 2
646 1546 973 1597 ettranseat
1008 1558 1019 1597 :
1043 1548 1105 1597 tu
1128 1546 1328 1598 autem
1342 1542 1593 1597 subsiste
1616 1542 1936 1613 paulisper,

257 1638 330 1689 ut
355 1632 625 1688 indicem
652 1629 758 1685 tibi
788 1630 1041 1686 verbum
1068 1630 1323 1686 Domini.
1348 1630 1518 1702 (Cap.
1540 1630 1623 1700 x.)
1656 1628 1802 1685 Tulit
1832 1644 1939 1684 au-

261 1725 395 1779 tem
448 1718 693 1777 Samuel
734 1718 1078 1775 lenticulam
1110 1720 1242 1784 olei,
1276 1725 1332 1776 et
1371 1720 1520 1775 fudit
1558 1734 1732 1790 super
1761 1722 1940 1791 caput

2064 568 2217 625 ﬁlios
2252 572 2470 629 Israel:
2502 577 2635 629 Haec
2666 573 2805 629 dicit
2836 574 3126 630 Dominus
3148 577 3299 631 Deus
3336 578 3516 635 Israel
3551 596 3565 635 :
3598 581 3721 649 Ego

2064 659 2241 715 eduxi
2258 662 2434 715 lsrael
2447 662 2522 716 dc
2534 663 3003 734 .«Egypto,eterui
3016 679 3122 718 vos
3136 663 3203 718 de
3219 680 3402 719 manu
3418 668 3719 737 Egyptia-

2059 750 2363 813 rum,etde
2388 767 2573 805 manu
2586 750 2860 805 omnium
2874 752 3214 821 regum,qui
3232 752 3715 821 afﬂigebantvos.

2060 836 2175 891 Vos
2189 842 2381 892 autem
2394 838 2564 893 hodie
2577 838 2910 909 projecistis
2923 839 3227 895 Dominum
3244 842 3423 894 Deum
3438 845 3711 909 vestrum,

2059 924 2154 996 qui
2166 925 2324 981 solus
2336 926 2581 983 salvavit
2593 942 2693 984 vos
2708 927 2776 983 de
2791 928 3070 984 universis
3086 927 3331 994 malis,et
3342 927 3717 985 tribulationi-

2054 1013 2169 1070 bus
2182 1016 3264 1089 vestriszetdixistiszNequaquamzsed
3278 1033 3480 1087 regem
3493 1020 3715 1075 consti-

2054 1105 2152 1159 tue
2164 1104 2410 1160 nobis.N
2420 1120 2532 1160 unc
2544 1111 2745 1161 autem
2760 1110 2905 1162 state
2919 1122 3125 1161 coram
3138 1106 3393 1162 Domino
3406 1123 3511 1179 per
3528 1107 3715 1165 tribus

2054 1196 2302 1258 vestras,
2320 1192 2653 1250 etfamilias.
2675 1193 3067 1265 Etapplicavit
3080 1195 3310 1251 Samuel
3323 1210 3521 1251 omnes
3536 1196 3713 1251 tribus

2052 1280 2313 1344 Israel,et
2326 1282 2670 1337 ceciditsors
2688 1281 2858 1338 tribui
2877 1283 3199 1353 Benjamin.
3216 1285 3278 1338 Et
3296 1283 3608 1355 applicavit
3622 1284 3713 1340 tri-

2050 1367 2190 1424 bum
2205 1370 2494 1440 Benjamin
2512 1370 2959 1440 etcognatioues
2971 1371 3120 1441 ejus,
3138 1370 3410 1426 etcecidit
3426 1373 3485 1425 in
3499 1387 3710 1441 cogna-

2052 1457 2207 1513 tione
2227 1458 2355 1524 viri,
2398 1462 2455 1513 et
2491 1458 2758 1529 pervenit
2804 1474 2997 1531 usque
3040 1458 3117 1514 ad
3167 1459 3304 1515 Saul
3352 1460 3546 1513 ﬁlium
3590 1460 3702 1516 Cis.

2050 1548 2580 1617 Quaesieruntergo
2598 1565 2759 1613 eum,
2784 1554 2841 1605 et
2862 1565 2984 1604 non
3005 1553 3091 1604 est
3106 1548 3707 1607 inventus.Etconsu-

2048 1642 2286 1694 tuerunt
2306 1644 2441 1709 post
2464 1638 2591 1693 haec
2611 1638 2927 1693 Dominum
2946 1642 3293 1693 utrumnam
3310 1644 3593 1695 venturus
3614 1656 3704 1697 es-

2049 1728 2134 1780 set
2164 1724 2323 1782 illuc.
2342 1725 2784 1797 Besponditque
2810 1726 3098 1780 Dominus
3123 1740 3135 1780 :
3156 1725 3300 1779 Ecce
3314 1725 3705 1782 absconditus

258 1810 425 1881 ejus,
467 1814 523 1865 et
561 1808 867 1865 osculatus
919 1813 1007 1863 est
1032 1824 1190 1873 eum,
1225 1813 1281 1865 et
1310 1809 1391 1864 ait
1429 1828 1440 1867 :
1485 1811 1651 1876 Ecce,
1684 1808 1850 1862 unxit
1878 1812 1939 1863 te.
1973 1824 2018 1881 Β
2049 1813 2340 1869 estdomi.
2367 1814 2654 1869 Miserunt
2682 1815 2902 1886 itaque,
2933 1818 2989 1868 et
3010 1814 3267 1869 tulerunt
3290 1815 3581 1870 euminde
3611 1833 3622 1870 :
3648 1820 3703 1872 et

262 1898 565 1955 Dominus
587 1912 768 1968 super
787 1896 1179 1953 hereditatem
1192 1912 1367 1953 suam
1388 1897 1447 1951 in
1466 1895 1933 1968 principe.Cum-

265 2003 393 2061 que
420 1986 634 2043 abieris
659 1985 837 2042 hodie
867 2001 903 2041 a
937 2001 1054 2050 me,
1088 1985 1348 2041 invenies
1391 1985 1545 2041 duos
1576 1985 1733 2040 viros
1764 1986 1936 2055 juxta

259 2074 657 2146 sepulchrum
688 2073 958 2129 Rachelis
973 2074 1033 2129 in
1064 2074 1286 2129 ﬁnibus
1306 2073 1640 2143 Benjamin,
1666 2072 1931 2137 meridie,

259 2163 592 2235 dicentque
624 2161 767 2218 tibi:
798 2165 1057 2219 Inventa:
1070 2163 1602 2234 suntasinm,quas
1623 2163 1775 2216 ieras
1801 2177 1934 2233 per-

250 2252 629 2325 quirendas:
654 2252 1074 2308 etintermissis
1095 2256 1261 2323 pater
1283 2257 1420 2306 tuus
1436 2250 1915 2319 asinis,solicitus

255 2346 350 2398 est
384 2356 502 2412 pro
533 2341 731 2405 vobis,
752 2344 809 2396 et
846 2341 1022 2397 dicit:
1057 2340 1209 2406 Quid
1236 2340 1452 2397 faciam
1483 2340 1557 2395 de
1592 2339 1715 2395 ﬁlio
1750 2340 1931 2395 meo?

252 2432 543 2503 Cumque
564 2429 781 2486 abieris
812 2428 1201 2497 inde,etultra
1215 2428 1514 2485 transieris
1541 2429 1618 2484 ad
1640 2444 1929 2499 quercum

249 2519 525 2587 Thabor,
578 2518 880 2576 invenient
932 2522 985 2574 te
1016 2518 1099 2574 ibi
1130 2523 1244 2575 tres
1286 2518 1395 2573 viri
1427 2517 1821 2574 ascendentes
1850 2518 1931 2574 ad

248 2609 595 2666 Dominum
624 2608 686 2662 in
720 2607 935 2673 Bethel,
985 2622 1141 2663 unus
1168 2612 1414 2678 portans
1443 2611 1559 2663 tres
1597 2606 1828 2673 haedos,
1874 2609 1931 2663 et

249 2698 417 2756 alius
444 2701 563 2753 tres
580 2700 764 2752 tortas
785 2696 1046 2768 panis,et
1061 2695 1212 2751 alius
1229 2699 1474 2767 portans
1491 2694 1769 2765 lagenam
1786 2694 1924 2752 vini.

250 2786 543 2858 Cumque
572 2789 627 2841 te
647 2783 1056 2851 salutaverint,
1080 2783 1313 2841 dabunt
1339 2783 1442 2838 tibi
1459 2783 1612 2838 duos
1640 2798 1849 2855 panes,
1874 2786 1930 2838 et

248 2876 525 2947 accipies
548 2874 623 2929 de
656 2873 937 2930 manibus
959 2888 1188 2929 eorum.
1206 2872 1341 2928 Post
1362 2872 1491 2928 haec
1516 2870 1713 2926 venies
1730 2871 1789 2926 in
1809 2871 1927 2926 col-

244 2964 373 3020 lem
410 2962 673 3028 Domini,
703 2962 808 3017 ubi
837 2966 925 3018 est
945 2961 1121 3017 statio
1151 2960 1644 3017 Philisthinorum
1670 2976 1680 3015 :
1709 2965 1925 3016 etcum

245 3052 570 3122 ingressus
615 3049 795 3105 fueris
828 3049 1060 3114 urbem,
1095 3048 1338 3103 obviam
1384 3046 1639 3103 habebis
1680 3062 1923 3117 gregem

2047 1903 2201 1958 stetit
2222 1902 2281 1956 in
2308 1902 2508 1957 medio
2531 1902 2757 1973 populi,
2783 1906 2839 1957 et
2862 1901 3155 1956 altiorfuit
3177 1902 3452 1957 universo
3476 1902 3701 1973 populo

2043 1991 2121 2046 ab
2152 1991 2404 2047 humero
2444 1995 2500 2045 et
2529 2006 2795 2045 sursum.
2848 1993 2915 2046 Et
2954 1990 3033 2045 ait
3065 1989 3303 2045 Samuel
3344 1990 3421 2045 ad
3454 2007 3699 2045 omnem

2042 2079 2369 2151 populum:
2395 2079 2558 2134 Certe
2586 2078 2796 2133 videtis
2815 2094 2997 2148 quem
3018 2078 3191 2147 elegit
3218 2078 3527 2145 Dominus,
3557 2094 3703 2150 quo-

2042 2168 2205 2223 niam
2229 2183 2352 2223 non
2377 2170 2466 2222 est
2491 2166 2699 2221 similis
2722 2166 2851 2221 eiin
2873 2166 3039 2221 omni
3062 2164 3307 2236 populo.
3336 2168 3399 2221 Et
3418 2166 3701 2223 clamavit

2039 2256 2236 2311 omnis
2266 2255 2551 2329 populus,
2586 2260 2643 2310 et
2671 2255 2752 2309 ait
2785 2272 2797 2309 :
2828 2254 2995 2311 Vivat
3016 2257 3156 2308 Rex.
3186 2255 3440 2309 Locutus
3472 2260 3559 2310 est
3598 2258 3698 2311 Sa-

2038 2345 2199 2401 muel
2230 2345 2307 2401 ad
2329 2344 2622 2417 populum
2648 2343 2843 2413 legem
2872 2342 3063 2412 regni,
3087 2346 3143 2397 et
3169 2341 3407 2413 scripsit
3436 2343 3494 2398 in
3522 2342 3694 2409 libro,

2038 2438 2093 2490 et
2130 2434 2398 2505 reposuit
2419 2448 2623 2490 coram
2646 2432 2930 2488 Domino.
2970 2442 3033 2502 [tu
3072 2436 3277 2486 Amen.

2108 2524 2404 2592 Hymnus.
2434 2521 2630 2578 Noctis
2681 2525 2914 2592 tempus
2965 2520 3092 2590 jam
3151 2520 3429 2592 praeterit.
3488 2520 3698 2588 Quccre

2034 2611 2145 2680 fol.
2180 2615 2305 2667 257.

2109 2697 2690 2768 CapitulaDomine,
2718 2696 2821 2768 qui
2840 2696 2983 2753 olim
3004 2696 3065 2750 in
3085 2712 3332 2769 corpore
3351 2700 3555 2753 nostro
3572 2697 3698 2769 pati

2036 2788 2318 2856 dignatus
2349 2802 2408 2841 es
2441 2803 2453 2838 :
2482 2784 2729 2856 quando
2744 2783 2821 2839 ad
2846 2800 2958 2839 nos
2980 2784 3284 2855 respicies,
3319 2789 3373 2839 et
3401 2785 3477 2839 ad
3496 2784 3698 2841 solitu-

2035 2875 2263 2944 dinem,
2278 2877 2455 2946 atque
2469 2872 2949 2944 implorationem
2968 2877 3234 2927 nostrain
3252 2870 3279 2925 7
3295 2872 3547 2937 Quando
3564 2889 3694 2943 pro-

2036 2964 2214 3035 pitius
2230 2967 2539 3017 convertes
2573 2960 2846 3015 obtutum
2865 2960 2891 3014 ‘2
2905 2963 3017 3015 Nec
3037 2959 3306 3025 moreris,
3327 2974 3434 3014 nec
3452 2960 3650 3016 tardes
3676 2980 3689 3020 :

2030 3051 2159 3123 jam
2190 3050 2448 3114 intende,
2477 3050 2604 3120 jam
2629 3052 2989 3113 convertere,
3014 3048 3143 3117 jam
3172 3048 3400 3120 respice
3427 3064 3438 3102 :
3472 3052 3536 3103 ut
3556 3064 3692 3106 ora~

245 3141 697 3214 prophetarum
717 3138 1207 3195 descendentium
1224 3137 1301 3193 de
1318 3136 1569 3208 excelso,
1592 3140 1647 3193 et
1664 3126 1800 3193 ante
1821 3152 1923 3193 eos
1953 3165 1995 3221 ρ
2036 3139 2211 3196 tionis
2225 3144 2605 3210 nostraeque:
2627 3151 2786 3192 nunc
2802 3136 2859 3190 in
2878 3136 3073 3190 sinum
3092 3140 3365 3191 nostrum
3380 3151 3489 3207 pro
3504 3152 3691 3192 secre-

246 3229 625 3302 psalterium,
659 3232 716 3284 et
745 3231 1126 3300 tympanum,
1162 3231 1218 3281 et
1273 3225 1498 3291 tibiam,
1525 3229 1581 3281 et
1609 3226 1920 3293 citharam,

245 3319 550 3391 ipsosque
571 3316 1022 3388 prophetantes.
1054 3318 1119 3371 Et
1138 3314 1433 3372 insilietin
1454 3318 1510 3371 te
1543 3314 1782 3386 spiritus
1816 3315 1923 3370 Do-

246 3408 435 3472 mini,
464 3409 521 3462 et
549 3404 941 3478 prophetabis
961 3420 1101 3461 cum
1115 3404 1284 3471 eis,et
1299 3403 1627 3460 mutaberis
1646 3403 1707 3460 in
1728 3402 1923 3459 virum

247 3498 470 3554 alium.
491 3494 745 3562 Quando
761 3493 1518 3566 ergovenerintsignalhaec
1552 3493 1756 3549 omnia
1795 3491 1921 3557 tibi,

248 3583 353 3642 fac
368 3597 774 3656 quascumque
792 3583 1084 3640 invenerit
1102 3598 1319 3639 manus
1336 3586 1458 3651 tua,
1471 3583 1619 3654 quia
1636 3581 1924 3637 Dominus

249 3677 465 3730 tecum
486 3676 593 3729 est.
627 3674 691 3729 Et
708 3671 1033 3728 descendas
1064 3676 1203 3727 ante
1235 3687 1331 3726 me
1361 3671 1421 3726 in
1442 3668 1706 3741 Galgala,
1735 3674 1791 3725 et
1812 3684 1924 3740 ego

248 3761 473 3833 quippe
485 3759 834 3815 descendam
848 3760 921 3815 ad
940 3763 1084 3827 te,ut
1096 3758 1313 3814 offeras
1325 3757 1590 3815 victimas
1603 3758 1884 3830 paciﬁcas
1902 3774 1916 3812 :

252 3853 495 3919 septem
525 3846 741 3902 diebus
762 3845 1129 3919 expectabis,
1163 3848 1355 3902 donec
1383 3847 1624 3902 veniam
1653 3846 1731 3902 ad
1762 3850 1833 3918 te,
1868 3850 1925 3901 et

253 3934 586 3993 ostendam
601 3932 711 3991 tibi
732 3934 878 4006 quid
894 3932 1108 3990 facias.
1123 3937 1327 4006 Itaque
1347 3950 1485 3988 cum
1503 3934 1925 3990 avertissethu-

254 4038 503 4081 merum
531 4037 730 4087 suum,
763 4026 832 4077 ut
869 4021 1061 4078 abiret
1084 4036 1120 4077 a
1161 4020 1459 4090 Samuele,
1505 4020 1844 4079 immutavit
1874 4022 1927 4077 ei

255 4114 420 4169 Deus
443 4126 547 4167 cor
562 4108 751 4178 aliud,
782 4112 840 4167 et
864 4110 1377 4165 veneruntomnia
1402 4109 1576 4178 signa
1600 4108 1727 4163 haec
1749 4109 1807 4163 in
1829 4108 1925 4165 die

252 4200 381 4257 illa.
412 4202 827 4271 Veneruntque
844 4199 924 4255 ad
948 4199 1303 4271 praedictum
1322 4198 1554 4264 collem,
1584 4203 1641 4253 et
1669 4213 1804 4253 ecce
1821 4213 1923 4254 cu-

252 4305 413 4345 neus
434 4287 870 4360 prophetarum
898 4287 1112 4343 obvius
1143 4288 1194 4343 ei
1224 4303 1236 4341 :
1266 4291 1323 4343 et
1338 4286 1564 4343 insiluit
1590 4301 1923 4357 supereum

256 4377 514 4449 Spiritus
536 4374 792 4442 Domini,
819 4380 875 4432 et
892 4375 1274 4447 prophetavit
1296 4375 1355 4431 in
1374 4375 1563 4430 medio
1579 4390 1808 4430 eorum.
1834 4375 1924 4431 Vi-

255 4466 470 4523 dentes
489 4469 690 4521 autem
704 4465 808 4538 qui
820 4470 1111 4521 noverant
1123 4480 1263 4520 eum
1277 4464 1354 4520 ab
1366 4464 1575 4531 heri,et
1587 4463 1924 4521 nudiuster-

256 4554 556 4626 tius,quod
567 4558 727 4610 esset
739 4569 868 4610 cum
880 4552 1263 4625 prophetis,et
1277 4552 1926 4624 prOphetaret,dixerunt

256 4644 339 4700 ad
350 4644 929 4708 inviceszumnam
942 4658 1036 4699 res
1048 4641 1262 4698 accidit
1275 4641 1401 4697 ﬁlio
1415 4640 1541 4698 Cis?
1553 4658 1699 4697 num
1715 4646 1769 4697 et
1782 4641 1926 4698 Saul

256 4731 410 4788 inter
421 4729 1190 4803 prophetasiﬂespouditque
1207 4730 1354 4785 alter
1364 4730 1435 4787 ad
1450 4729 1691 4786 alterum
1706 4730 1921 4786 dicens:

258 4818 327 4877 Et
352 4820 493 4892 quis
523 4824 693 4891 pater
722 4835 927 4876 eorum
945 4820 972 4874 ‘?
992 4819 1311 4891 Propterea
1329 4834 1571 4874 versum
1598 4819 1764 4875 estin
1793 4835 1925 4890 pro-

258 4908 922 4967 verbium:NumetSaul
937 4908 1089 4965 inter
1101 4909 1717 4981 prophetas‘2Cessavit
1731 4914 1927 4966 autem

262 4999 642 5071 prophetare,
672 5002 729 5055 et
747 4998 905 5054 venit
924 4998 1002 5054 ad
1019 4998 1507 5055 excelsum.Dixit
1530 5003 1728 5055 autem
1758 5004 1929 5072 pater

261 5088 404 5145 Saul
427 5087 507 5145 ad
531 5103 693 5152 eum,
722 5091 778 5143 et
806 5087 886 5143 ad
912 5102 1165 5159 puerum
1188 5088 1318 5159 eius
1342 5105 1355 5142 :
1391 5090 1517 5153 Quo
1536 5088 1747 5145 abistis
1769 5088 1795 5142 ?
1818 5083 1927 5154 Qui

262 5175 706 5249 responderunt
735 5193 747 5232 :
777 5176 1050 5242 Quaerere
1074 5174 1277 5231 asinas
1306 5192 1318 5231 :
1351 5191 1504 5248 quas
1525 5193 1663 5232 cum
1696 5192 1817 5233 non
1842 5193 1929 5232 re-

262 5265 646 5335 perissemus,
666 5264 942 5320 venimus
965 5262 1042 5319 ad
1066 5263 1499 5321 Samuelem.Et
1520 5264 1670 5320 dixit
1690 5265 1742 5321 ei
1762 5269 1931 5336 pater

264 5367 408 5408 suus
450 5369 461 5409 :
494 5352 699 5408 Indica
726 5351 874 5408 mihi
912 5350 1061 5423 quid
1092 5350 1310 5406 dixerit
1341 5351 1444 5407 tibi
1469 5353 1728 5409 Samuel.
1754 5356 1820 5410 Et
1850 5353 1931 5409 ait

267 5440 406 5497 Saul
426 5440 506 5497 ad
527 5445 755 5512 patrem
772 5455 978 5495 suum:
1006 5438 1297 5495 Iudicavit
1318 5440 1492 5497 nobis
1509 5442 1654 5514 quia
1668 5443 1929 5497 inventa

265 5534 404 5587 sunt
418 5530 716 5586 asinee.De
733 5543 1007 5585 sermone
1026 5531 1226 5584 autem
1245 5529 1411 5598 regni
1435 5545 1557 5586 non
1573 5530 1861 5587 indicavit
1876 5529 1929 5585 ei

262 5632 446 5688 quem
469 5617 708 5677 locutus
749 5616 940 5683 fuerat
963 5615 1017 5672 ei
1051 5616 1311 5677 Samuel.
1349 5619 1413 5674 Et
1441 5619 1804 5677 convocavit
1830 5621 1934 5675 Sa-

2036 3232 2233 3285 torum
2255 3242 2502 3282 suorum
2520 3224 2983 3296 compunctione
3005 3224 3384 3289 convertitur,
3401 3229 3537 3280 ante
3555 3239 3692 3280 con-

2036 3320 2310 3388 spectum
2342 3320 2511 3370 tuum
2540 3317 2796 3386 purgato
2820 3312 3017 3378 corde,
3053 3312 3307 3384 gemitus
3334 3312 3687 3382 dirigantur.

2105 3406 2277 3460 Pater
2314 3409 2535 3459 noster.

2103 3493 2328 3549 Lauda.
2358 3491 2601 3563 Iniquos
2618 3489 2756 3547 odio
2776 3489 2981 3555 habui,
3015 3492 3070 3545 et
3091 3487 3477 3545 abominatus
3503 3505 3637 3545 sum
3672 3507 3685 3545 :

2030 3582 2096 3639 P.
2146 3582 2361 3650 Legem
2392 3584 2593 3635 autem
2638 3583 2805 3634 tuam
2835 3577 3031 3644 dilexi,
3067 3577 3220 3633 Deus
3246 3593 3436 3634 meus.
3476 3576 3538 3638 ὴ.
3572 3577 3690 3633 Ad-

2025 3670 2210 3742 jutor,
2243 3672 2298 3724 et
2323 3670 2636 3740 susceptor
2667 3682 2835 3721 meus
2868 3681 2930 3720 es
2957 3670 3017 3721 tu
3045 3683 3057 3721 :
3084 3669 3137 3721 et
3165 3665 3226 3721 in
3248 3664 3496 3721 verbum
3523 3668 3690 3721 tuum

2034 3758 2296 3832 speravi.
2328 3759 2401 3814 P.
2436 3758 2650 3828 Legem
2683 3761 2911 3812 autem.

2107 3846 2646 3904 0ratio.Auxiliare
2667 3845 2864 3914 nobis,
2888 3844 3160 3911 Domine,
3183 3846 3239 3899 et
3261 3843 3409 3899 salvi
3430 3842 3651 3898 erimus
3677 3859 3689 3898 :

2032 3939 2088 3991 te
2119 3935 2281 3991 enim
2311 3934 2652 4002 desistente,
2683 3931 2957 4005 perditio,
2992 3936 3049 3987 et
3080 3935 3133 3986 te
3163 3936 3455 4003 praesente
3495 3931 3691 3987 vitalis

2033 4027 2121 4079 est
2144 4022 2472 4095 plenitudo.
2506 4033 2569 4091 11v.
2604 4025 2813 4075 Amen.

2533 4108 2705 4179 273
2760 4106 2859 4162 Ad
2912 4107 3190 4162 Tertiam.

2262 4196 2718 4253 Proverbiorum
2742 4195 3079 4251 Salomonis
3106 4193 3274 4265 (Cap.
3306 4208 3447 4268 xw).

2105 4299 2167 4359 Βι.
2204 4288 2322 4343 Deo
2345 4284 2591 4357 gratias.

2104 4375 2231 4446 Fili,
2258 4375 2363 4449 qui
2393 4372 2646 4445 despicit
2668 4372 3040 4445 proximum,
3068 4387 3271 4438 suum,
3301 4375 3510 4445 peccat
3542 4392 3554 4428 :
3588 4372 3694 4447 qui

2033 4469 2235 4522 autem
2266 4464 2577 4519 miseretur
2615 4461 2913 4535 pauperis,
2945 4459 3160 4517 beatus
3192 4460 3319 4517 erit.
3352 4463 3562 4518 Errant
3589 4462 3694 4533 qui

2040 4556 2364 4627 operantur
2384 4550 2614 4607 malum
2642 4566 2654 4606 :
2692 4547 3105 4605 misericordia
3130 4553 3183 4606 et
3212 4551 3427 4607 veritas
3455 4566 3695 4624 pracpa-

2030 4646 2163 4699 rant
2192 4642 2373 4697 bona.
2398 4642 2457 4694 In
2480 4639 2643 4695 omni
2666 4654 2844 4711 opere
2869 4637 2977 4695 erit
3008 4636 3381 4695 abundantia
3405 4659 3417 4697 :
3458 4638 3562 4694 ubi
3591 4655 3697 4697 au-

2036 4736 2153 4789 tem
2177 4729 2359 4787 verba
2400 4732 2541 4785 sunt
2589 4727 2869 4800 plurima,
2930 4726 3266 4800 frequenter
3304 4731 3559 4797 egestas.
3593 4729 3695 4783 Co-

2032 4835 2182 4877 rona
2212 4817 2538 4890 sapientim,
2563 4815 2783 4872 divitiae
2810 4830 3019 4871 eorum
3050 4833 3061 4870 :
3089 4813 3331 4870 fatuitas
3356 4814 3690 4888 stultorum,

2034 4900 2329 4982 impietas.
2371 4906 2604 4962 Liberat
2652 4904 2886 4961 animas
2914 4903 3079 4960 testis
3112 4903 3336 4959 ﬁdelis:
3366 4909 3423 4961 et
3473 4905 3698 4978 profert

2034 4995 2353 5055 mendacia
2373 4994 2719 5068 versipellis.
2744 4997 2805 5048 ln
2826 4994 3033 5049 timore
3047 4993 3283 5049 Domini
3298 4993 3520 5052 ﬁducia
3536 4995 3699 5052 forti-

2034 5086 2261 5145 tudinis
2288 5104 2301 5153 ;
2330 5088 2386 5140 et
2405 5083 2542 5138 ﬁliis
2574 5084 2703 5155 ejus
2730 5083 2836 5137 erit
2866 5098 3028 5154 spes.
3058 5083 3255 5139 Timor
3294 5083 3528 5141 Domini
3562 5085 3696 5142 fons

2034 5176 2189 5243 vitae,
2218 5178 2283 5231 ut
2312 5172 2567 5229 declinet
2598 5188 2634 5228 a
2663 5172 2837 5228 ruina
2856 5171 3084 5227 mortis.
3116 5174 3176 5227 ln
3195 5171 3572 5230 multitudine
3590 5190 3697 5245 po-

2037 5263 2161 5336 puli
2178 5261 2439 5332 dignitas
2460 5259 2614 5331 regis
2640 5278 2651 5314 :
2678 5260 2806 5315 etin
2830 5260 3125 5332 paucitate
3157 5260 3347 5332 plebis
3364 5261 3697 5333 ignominia

2036 5352 2348 5425 principis.
2364 5350 2471 5416 Qui
2486 5350 2718 5422 patiens
2733 5350 3037 5415 est,multa
3056 5350 3423 5421 gubernatur
3440 5349 3697 5421 pruden-

2038 5441 2122 5497 tia
2152 5457 2163 5496 :
2198 5439 2299 5513 qui
2335 5444 2534 5495 autem
2562 5437 2904 5510 impatiens,
2931 5438 3147 5495 exaltat
3170 5439 3474 5494 stultitiam
3497 5452 3694 5491 suam.

2040 5529 2166 5585 Vita
2182 5528 2474 5598 carnium,
2492 5527 2719 5583 sanitas
2739 5527 2935 5582 cordis
2966 5544 2976 5582 :
3003 5526 3255 5599 putredo
3278 5527 3524 5587 ossium,
3544 5522 3694 5575 invi-

2040 5616 2159 5674 dia.
2199 5615 2309 5682 Qui
2334 5614 2735 5673 calumniatur
2764 5617 3059 5687 egentem,
3113 5612 3433 5685 exprobrat
3488 5608 3695 5661 factori
