4192 6412
513 344 614 401 471

1765 330 2222 392 BREVIARIUM
2260 332 2652 394 GOTHICUM.

3845 331 3957 390 472

514 467 646 538 ejus
678 483 693 519 :
720 463 978 521 honorat
999 461 1202 520 autem
1225 474 1384 532 eum,
1407 458 1836 534 quimiseretur
1853 456 2154 530 pauperis.
2187 459 2238 513 Α
2342 460 2568 518 Oratio.
2591 459 2818 517 Exaudi
2843 457 3089 516 Domine
3111 456 3188 514 de
3206 455 3430 529 templo
3455 457 3681 514 sancto
3708 457 3826 512 tuo
3841 468 3952 511 vo-

515 566 588 628 ιῇ.
623 555 834 610 Amen.

641 641 840 700 Lectio
870 638 1012 697 libri
1031 637 1327 696 Samuelis
1347 637 1566 709 (Primi
1591 639 1727 708 Reg.
1757 651 1888 707 cap.
1922 636 2022 706 xi).

588 744 654 803 ιν.
678 733 796 787 Deo
827 729 1071 800 gratias.

590 823 651 875 ln
678 819 789 874 illis
816 817 1068 875 diebus:
1111 815 1244 873 Saul
1291 815 1434 872 abiit
1469 815 1529 871 in
1572 816 1823 872 domum
1877 830 2051 870 suam
2099 813 2159 868 in

523 909 724 969 Gabaa
753 925 766 962 :
790 912 847 962 et
862 905 1008 962 abiit
1025 921 1160 961 cum
1174 920 1246 961 eo
1262 920 1400 976 pars
1420 905 1734 969 exercitus,
1752 919 2011 976 quorum
2033 902 2159 958 teti-

523 1003 690 1073 gerat
713 997 866 1052 Deus
895 993 1100 1050 corda.
1139 992 1259 1049 Filii
1284 1008 1424 1048 vero
1457 991 1633 1048 Belial
1665 992 1940 1048 dixerunt
1972 1011 1984 1050 :
2010 994 2163 1046 Num

526 1085 760 1143 salvare
787 1097 898 1138 nos
937 1080 1151 1152 poterit
1182 1081 1341 1136 iste?
1378 1082 1443 1135 Et
1482 1079 1880 1152 despexerunt
1917 1094 2074 1146 eum,
2108 1082 2165 1134 et

524 1187 647 1230 non
667 1169 987 1226 attulerunt
1014 1169 1067 1224 ei
1096 1183 1348 1224 munera
1365 1185 1378 1224 :
1395 1167 1488 1223 ille
1507 1183 1646 1224 vero
1667 1166 2080 1224 dissimulabat
2103 1181 2165 1222 se

525 1256 1032 1318 audire.Ascendit
1045 1261 1244 1312 autem
1262 1259 1416 1312 Naas
1433 1255 1816 1320 Ammonites,
1832 1260 1888 1310 et
1901 1269 2168 1326 pugnare

526 1347 704 1418 coepit
719 1345 1008 1401 adversus
1027 1345 1056 1398 J
1063 1343 1208 1400 abes
1229 1343 1472 1400 Galaad.
1491 1345 1891 1414 Dixeruntque
1911 1341 2169 1398 universi

523 1435 630 1491 viri
659 1433 836 1489 Jabes
865 1431 944 1487 ad
974 1435 1127 1488 Naas
1155 1449 1168 1488 :
1193 1431 1420 1488 Habeto
1451 1447 1560 1488 nos
1599 1431 1940 1495 foederatos,
1973 1436 2023 1486 et
2049 1445 2168 1486 ser-

525 1523 759 1579 viemus
790 1519 915 1576 tibi.
944 1523 1009 1576 Et
1037 1519 1345 1591 respondit
1371 1520 1444 1574 ad
1457 1535 1560 1576 eos
1581 1522 1732 1576 Naas
1753 1520 2119 1574 Ammonites
2153 1536 2166 1574 :

529 1612 594 1667 In
620 1610 736 1666 hoc
759 1607 970 1664 feriam
994 1607 1307 1664 vobiscum
1339 1607 1554 1670 foedus,
1578 1612 1644 1663 ut
1672 1623 1878 1663 eruam
1898 1608 2170 1663 omnium

527 1704 852 1756 vestrorum
871 1696 1072 1753 oculos
1086 1697 1593 1768 dextros,ponamq
1603 1711 1668 1752 ue
1681 1712 1789 1752 vos
1803 1695 2170 1767 obprobrium

2264 562 2395 604 cem
2406 547 2678 605 Ecclesiae
2692 553 2807 605 tuae
2823 567 2835 606 :
2853 550 2918 604 ut
2939 546 3046 620 qui
3060 547 3122 602 in
3139 546 3410 618 passione
3431 541 3950 618 positus,rivulos

2265 635 2574 704 sanguinis
2609 633 2892 707 patiendo
2922 633 3207 699 tolerasti,
3229 649 3340 689 nos
3359 632 3572 689 mortis
3591 629 3950 702 gemitibus

2267 723 2664 780 circumdatos
2690 723 2986 780 solaturus
3010 723 3296 794 aspicias;
3323 726 3701 778 uttorrentes
3719 718 3954 791 iniqui-

2266 812 2475 866 tatisin
2502 811 2664 866 nullo
2680 826 2789 866 nos
2809 815 3064 866 noceant
3094 826 3106 865 :
3136 825 3275 865 cum
3293 807 3789 882 imperturbatos
3831 821 3949 862 nos

2268 900 2588 956 reddiderit
2611 900 2868 970 adjutrix
2901 900 3089 970 gratia
3108 903 3230 955 tua.
3255 911 3318 970 13;.
3349 905 3562 954 Amen.

2339 989 2681 1060 Antiphona
2710 994 2761 1044 2.
2784 993 2844 1044 in
2857 989 3163 1061 pulverem
3175 988 3386 1045 mortis
3398 987 3802 1044 deduxerunt
3822 1003 3950 1052 me,

2272 1076 2841 1142 Domine.Quoniam
2863 1077 3497 1133 circumdederuntme
3510 1091 3702 1132 canes
3723 1075 3910 1132 multi
3936 1091 3948 1131 :

2274 1165 2579 1222 concilium
2592 1166 3027 1237 malignantium
3043 1165 3271 1221 obsedit
3283 1165 3708 1222 me.Foderunt
3724 1180 3951 1220 manus

2275 1269 2458 1318 meas,
2492 1259 2549 1308 et
2577 1253 2760 1324 pedes
2789 1270 2802 1308 :
2836 1253 3362 1309 dinumeraverunt
3382 1252 3592 1308 omnia
3611 1266 3948 1308 ossamea.

2274 1341 2336 1401 )7.
2357 1343 2439 1396 Tu
2456 1346 2656 1396 autem
2671 1341 2918 1396 Domine
2934 1357 3008 1397 ne
3027 1341 3203 1410 longe
3227 1339 3412 1397 facias
3438 1340 3739 1396 auxilium
3771 1346 3951 1395 tuum

2277 1446 2312 1486 a
2326 1446 2417 1485 me
2439 1446 2449 1485 :
2467 1430 2540 1485 ad
2552 1429 2961 1486 defensionem
2978 1445 3178 1486 meam
3191 1444 3337 1486 cons
3344 1428 3497 1501 pice.
3523 1429 3663 1486 Non
3685 1428 3951 1485 dicatur

2279 1518 2492 1577 Gloria.

2349 1605 2570 1662 Oratio.
2597 1607 2677 1660 Tu
2699 1607 2852 1661 Deus
2874 1609 3072 1662 noster
3091 1610 3148 1661 et
3165 1605 3448 1662 fortitudo
3471 1605 3816 1678 nostra,qui
3839 1620 3949 1676 pro

2277 1694 2451 1750 nobis
2477 1695 2667 1749 crucis
2697 1693 3024 1749 sustinuisti
3046 1693 3350 1764 injuriam,
3379 1693 3561 1766 274
3586 1709 3660 1750 ne
3677 1693 3945 1765 repellas

531 1788 592 1844 in
625 1786 902 1842 universo
943 1783 1139 1842 Israel.
1164 1786 1230 1839 Et
1244 1783 1520 1840 dixerunt
1538 1784 1615 1839 ad
1632 1799 1769 1838 eum
1791 1785 2051 1839 seniores
2075 1786 2168 1839 Ja-
2201 1793 2244 1848 Β
2279 1783 2600 1838 Ecclesiam
2627 1786 2820 1837 tuam:
2849 1787 2912 1836 ut
2930 1797 3063 1854 qum
3084 1781 3407 1838 constricta
3421 1782 3766 1851 formidine,
3789 1781 3946 1839 afﬂi-

528 1875 636 1932 bes
668 1891 681 1930 :
711 1872 1159 1929 Concedenobis
1175 1878 1404 1943 septem
1426 1871 1572 1938 dies,
1597 1878 1660 1928 ut
1683 1875 1988 1928 mittamus
2020 1888 2170 1928 nun-

530 1962 647 2018 tios
665 1962 743 2018 ad
756 1961 1053 2016 universos
1070 1961 1356 2016 terminos
1372 1960 1547 2016 Israel
1568 1978 1582 2013 :
1601 1965 1657 2016 et
1673 1961 1720 2016 si
1739 1976 1860 2016 non
1877 1960 2047 2016 fuerit
2068 1963 2168 2031 qui

531 2049 813 2108 defendat
834 2063 968 2114 nos,
1009 2047 1380 2117 egrediemur
1404 2047 1483 2102 ad
1522 2052 1596 2104 te.
1651 2050 1942 2104 Venerunt
1970 2055 2170 2104 autem

531 2137 725 2194 nuntii
740 2137 798 2192 in
813 2137 1015 2192 Gabaa
1029 2136 1105 2191 ad
1117 2135 1526 2192 Saulzetlocuti
1541 2136 2172 2207 suntverba,audiente

532 2225 757 2299 populo
786 2241 798 2280 :
832 2229 889 2280 et
916 2223 1130 2279 levavit
1167 2223 1363 2279 omnis
1392 2223 1648 2296 populus
1677 2241 1886 2281 vocem
1917 2241 2088 2281 suam
2118 2229 2174 2281 et

532 2312 708 2369 ﬂevit.
728 2313 940 2368 Etecce
960 2309 1100 2366 Saul
1118 2326 1130 2366 :
1151 2309 1702 2384 veniebat,sequens
1717 2311 1899 2368 boves
1912 2311 1986 2368 de
2007 2327 2170 2381 agro,

533 2405 591 2458 et
619 2400 869 2458 audiens
896 2398 1061 2472 quod
1085 2399 1345 2471 populus
1369 2399 1583 2471 plorat.
1613 2402 1678 2456 Et
1708 2408 2099 2457 narraverunt
2120 2401 2174 2457 ei

534 2487 714 2546 verba
742 2489 1004 2544 virorum
1030 2486 1226 2544 labes.
1260 2489 1325 2543 Et
1351 2486 1575 2543 insiluit
1599 2488 1840 2560 spiritus
1859 2489 2092 2544 Domini
2112 2488 2174 2544 in

535 2577 694 2641 Saul,
718 2592 856 2633 cum
866 2575 1131 2632 audisset
1147 2575 1327 2632 verba
1344 2575 1558 2646 haec,et
1569 2575 1754 2633 iratus
1767 2581 1855 2633 est
1866 2577 2030 2632 furor
2045 2578 2095 2649 ej
2109 2594 2173 2632 us

529 2663 1057 2722 nimis.Assumens
1070 2667 1381 2735 utrumque
1391 2662 1955 2730 bovem,conciditin
1968 2664 2170 2734 frusta,

531 2752 812 2825 misitque
830 2753 891 2808 in
916 2767 1125 2808 omnes
1143 2750 1430 2808 terminos
1448 2751 1624 2808 Israel
1642 2768 1748 2825 per
1763 2768 2012 2809 manum
2027 2769 2176 2808 nun-

530 2839 980 2910 tiorum,dicens
1002 2855 1014 2896 :
1035 2839 1406 2913 Quicumque
1421 2855 1544 2895 non
1573 2839 1795 2906 exierit,
1818 2846 2178 2914 secutusque

529 2927 705 2985 fuerit
735 2927 990 2998 Saulem,
1019 2932 1075 2984 et
1106 2926 1463 2998 Samuelem,
1484 2927 1570 2984 sic
1591 2927 1688 2985 ﬁet
1715 2928 1914 2986 bobus
1933 2930 1983 3000 ej
1995 2931 2176 2984 us.ln-

527 3016 686 3072 vasit
723 3030 864 3086 ergo
893 3015 1182 3087 populum
1210 3015 1385 3070 timor
1403 3014 1659 3082 Domini,
1692 3021 1749 3073 et
1776 3017 1999 3086 egressi
2039 3021 2177 3072 sunt

529 3103 703 3180 quasi
732 3103 822 3159 vir
851 3119 1006 3159 unus
1045 3103 1108 3158 in
1157 3103 1411 3159 Bezech:
1451 3101 1808 3176 fueruntque
1854 3103 1959 3160 ﬁlii
2000 3103 2175 3160 Israel

529 3193 788 3248 trecenta
813 3189 999 3247 millia
1031 3211 1045 3246 :
1070 3191 1336 3246 virorum
1366 3195 1567 3247 autem
1595 3191 1624 3246 J
1633 3191 1753 3248 uda
1780 3191 2019 3262 triginta
2043 3193 2175 3248 mil-

529 3279 626 3336 lia.
659 3281 724 3335 Et
743 3279 1016 3336 dixerunt
1044 3278 1287 3345 nuntiis,
1321 3277 1428 3351 qui
1475 3283 1793 3336 venerant:
1831 3281 1921 3337 Sic
1969 3281 2176 3337 dicetis

528 3367 690 3438 viris,
703 3367 808 3440 qui
837 3367 1238 3424 suntinlabes
1257 3366 1478 3424 Galaad
1498 3385 1512 3420 :
1542 3370 1683 3423 Cras
1701 3370 1860 3424 enim
1873 3369 1979 3425 erit
2000 3369 2174 3426 nobis

532 3455 712 3519 salus,
740 3472 880 3512 cum
922 3454 1232 3512 incaluerit
1277 3458 1389 3511 sol.
1431 3456 1724 3513 Venerunt
1769 3473 1910 3528 ergo
1958 3459 2172 3526 nuntii,

530 3544 1035 3600 annuntiaverunt
1062 3542 1200 3598 viris
1226 3541 1403 3599 labes
1435 3561 1449 3599 :
1473 3543 1572 3614 qui
1599 3543 1782 3601 laetati
1804 3552 1941 3602 sunt
1963 3563 1977 3613 ;
1997 3551 2176 3619 atque

533 3630 808 3686 dixerunt
835 3649 847 3689 :
886 3631 1055 3685 Mane
1080 3630 1376 3687 exibimus
1393 3631 1472 3688 ad
1492 3647 1602 3688 vos
1632 3650 1645 3689 :
1667 3637 1722 3690 et
1750 3633 1974 3691 facietis
1999 3635 2175 3692 nobis

533 3733 733 3784 omne,
773 3717 939 3791 quod
968 3717 1258 3791 placuerit
1292 3719 1485 3776 vobis.
1523 3723 1594 3777 Et
1620 3720 1844 3778 factum
1888 3728 1998 3788 est,
2039 3740 2177 3781 cum

532 3807 794 3865 venisset
820 3805 948 3862 dies
975 3805 1250 3879 crastina,
1296 3807 1592 3865 constituit
1623 3809 1764 3866 Saul
1794 3815 2089 3882 populum
2114 3813 2176 3869 in

535 3899 650 3952 tres
667 3899 864 3969 partes
893 3911 906 3950 :
939 3899 996 3951 et
1023 3894 1328 3966 ingressus
1347 3902 1432 3953 est
1459 3897 1659 3955 media
1687 3900 1958 3956 castrain
1983 3901 2178 3971 vigilia

533 3983 844 4051 matutina,
868 3983 1228 4056 etpercussit
1245 3985 1503 4043 Ammon
1523 4002 1716 4060 usque
1735 3987 1881 4044 dum
1901 3988 2178 4046 inclares-

534 4078 690 4130 ceret
711 4072 841 4130 dies
875 4088 888 4128 :
920 4070 1132 4147 reliqui
1155 4078 1356 4130 autem
1384 4073 1643 4148 dispersi
1669 4081 1826 4141 sunt,
1861 4077 1945 4134 ita
1965 4081 2030 4134 ut
2053 4093 2176 4135 non

531 4162 1082 4235 derelinquerentur
1101 4161 1162 4219 in
1191 4162 1275 4220 eis
1304 4163 1427 4220 duo
1443 4165 1680 4236 pariter.
1712 4168 1776 4223 Et
1803 4167 1884 4223 ait
1913 4166 2175 4240 populus

534 4251 614 4310 ad
643 4248 885 4308 Samuel
921 4271 935 4307 :
967 4249 1106 4317 Quis
1144 4255 1234 4308 est
1258 4251 1364 4308 iste
1393 4252 1499 4324 qui
1523 4253 1671 4310 dixit
1701 4270 1714 4310 :
1747 4254 1886 4311 Saul
1915 4270 2062 4311 num
2090 4271 2178 4311 re-

534 4336 740 4408 gnabit
765 4350 943 4408 super
965 4351 1078 4393 nos
1095 4336 1123 4390 ‘t
1148 4339 1290 4394 Date
1317 4337 1490 4402 viros,
1517 4343 1576 4395 et
1601 4339 2022 4398 interﬁciemus
2052 4357 2176 4400 eos.

535 4428 604 4482 Et
626 4425 706 4481 ait
735 4423 875 4480 Saul
905 4441 919 4480 :
948 4426 1077 4480 Non
1106 4425 1408 4482 occidetur
1434 4427 1688 4500 quisque
1708 4429 1768 4485 in
1789 4430 1883 4486 die
1896 4431 2178 4504 bac,quia

532 4511 714 4571 hodie
738 4512 874 4568 fecit
901 4511 1186 4569 Dominus
1214 4512 1468 4570 salutem
1495 4514 1558 4570 in
1582 4514 1780 4573 Israel.
1807 4517 1956 4574 Dixit
1985 4524 2177 4577 autem

534 4601 774 4660 Samuel
792 4600 871 4658 ad
891 4599 1215 4673 populum:
1238 4601 1522 4667 Venite,et
1539 4619 1748 4660 eamus
1767 4605 1828 4661 in
1853 4606 2178 4678 Galgala,et

532 4691 890 4749 innovemus
910 4689 988 4748 ibi
1008 4693 1352 4762 regnum.Et
1366 4692 1616 4764 perrexit
1629 4695 1823 4750 omnis
1840 4697 2099 4768 populus
2113 4699 2175 4756 in

534 4781 799 4851 Galgala,
837 4784 896 4837 et
918 4778 1182 4837 fecerunt
1203 4779 1285 4836 ibi
1305 4795 1507 4851 regem
1534 4783 1672 4839 Saul
1695 4799 1897 4842 coram
1922 4786 2174 4845 Domino

533 4867 592 4926 in
625 4867 887 4939 Galgala,
921 4874 977 4925 et
1006 4868 1468 4926 immolaverunt
1496 4870 1578 4928 ibi
1599 4871 1866 4929 victimas
1893 4875 2174 4946 pacificus

533 4971 740 5012 coram
765 4955 1035 5012 Domino.
1083 4959 1146 5014 Et
1166 4956 1395 5014 laetatus
1433 4958 1517 5014 ibi
1563 4960 1722 5031 Saul,
1765 4966 1821 5020 et
1849 4963 2044 5019 cuncti
2070 4963 2175 5022 viri

532 5042 736 5100 Israel.
777 5054 838 5112 az.
871 5047 1076 5099 Amen.

603 5130 946 5202 Antiphona
962 5135 980 5186 1
994 5132 1241 5188 .Exaudi
1257 5133 1505 5190 Domine
1517 5135 1590 5191 de
1605 5136 1825 5208 templo
1846 5144 2051 5195 sancto
2074 5145 2174 5198 tuo

533 5235 740 5276 vocem
770 5234 990 5274 meam.
1037 5219 1185 5284 Quia
1217 5220 1736 5279 circumdederunt
1783 5241 1878 5280 me
1922 5230 2174 5296 gemitus

531 5308 762 5366 mortis.
789 5308 861 5364 P.
889 5309 957 5364 Et
985 5311 1269 5364 torrentes
1300 5308 1642 5381 iniquitates
1668 5313 2175 5377 conturbaverunt

529 5413 651 5456 me.
697 5409 762 5469 ﬁ.
795 5395 1048 5468 Diligam
1077 5400 1132 5454 te
1157 5397 1406 5454 Domine
1439 5399 1620 5456 virtus
1652 5416 1790 5460 mea
1823 5420 1837 5459 :
1881 5404 2172 5465 Dominus

531 5488 982 5546 ﬁrmamentum
1034 5501 1260 5553 meum,
1301 5492 1358 5543 et
1397 5485 1678 5548 liberator
1738 5507 1926 5550 meus.
1982 5497 2052 5552 P.
2109 5499 2173 5555 Et

533 5576 844 5635 torrentes.
881 5572 1020 5632 Non
1051 5571 1293 5630 dicatur
1330 5570 1546 5632 Gloria.

2281 1877 2452 1940 gente
2466 1870 2706 1925 inimico
2725 1870 2961 1935 incedit,
2981 1877 3036 1926 te
3053 1870 3165 1926 sibi
3183 1875 3487 1942 parcente,
3523 1870 3857 1940 gratuletur
3873 1885 3940 1925 se

2279 1959 2338 2014 in
2371 1958 2879 2030 persecutionibus
2905 1958 3159 2014 dilatari.
3186 1970 3250 2028 Βρ.
3289 1964 3502 2014 Amen.

2351 2048 2698 2115 Antiphonti
2731 2050 2782 2103 3.
2808 2047 3144 2102 lnfirmatus
3172 2052 3260 2102 est
3286 2046 3349 2102 in
3379 2049 3719 2119 paupertate
3751 2046 3933 2114 vigor

2280 2151 2451 2191 meus
2483 2151 2494 2188 :
2529 2140 2585 2190 et
2612 2150 2750 2190 ossa
2772 2150 2904 2191 mea
2934 2134 3289 2190 conturbata
3337 2140 3498 2190 sunt.
3541 2136 3746 2190 Factus
3785 2149 3932 2189 sum

2281 2223 2671 2295 obprobrium
2701 2223 2908 2278 vicinis
2934 2223 3105 2292 meis,
3122 2228 3179 2280 et
3203 2223 3383 2280 timor
3397 2223 3554 2279 notis
3578 2223 3748 2278 meis.
3775 2220 3841 2281 ﬁ.
3866 2223 3937 2276 ln

2283 2317 2336 2368 te
2369 2312 2612 2367 Domine
2643 2311 2875 2383 speravi
2913 2327 3035 2367 non
3061 2311 3398 2368 confundar
3419 2313 3481 2368 in
3511 2317 3837 2368 aeternum:
3872 2308 3939 2364 in

2284 2405 2384 2456 tua
2415 2399 2646 2469 justitia
2674 2400 2862 2456 libera
2889 2415 2981 2455 me
3011 2405 3068 2456 et
3095 2401 3254 2472 eripe
3277 2416 3394 2456 me.

2354 2490 2642 2557 It.0mnes
2662 2487 2838 2542 amici
2859 2487 2975 2543 mei
2989 2487 3300 2544 illuserunt
3315 2487 3942 2544 mihi.Praavaluerunt

2284 2576 2601 2632 adversum
2621 2591 2714 2630 me
2732 2575 2841 2631 viri
2855 2576 3019 2646 pacis
3046 2591 3195 2632 mete
3219 2585 3277 2633 et
3303 2577 3408 2648 qui
3432 2576 3651 2632 edebat
3669 2589 3938 2642 mecum,

2283 2665 2346 2720 P.
2382 2664 2581 2720 Posuit
2601 2664 2920 2721 adversum
2953 2679 3050 2720 me
3089 2664 3666 2736 supplantationem.
3706 2663 3769 2726 llr.
3806 2665 3941 2718 Ver-

2282 2753 2428 2808 bum
2446 2753 2720 2825 iniquum
2732 2753 3222 2824 disposueruntad
3232 2769 3468 2809 versum
3485 2769 3583 2808 me
3605 2748 3940 2823 :Numquid

2283 2841 2386 2914 qui
2411 2841 2630 2897 dormit
2658 2856 2780 2897 non
2807 2840 3040 2912 abjiciet
3066 2846 3131 2897 ut
3149 2841 3462 2914 resurgat?
3492 2841 3727 2897 Etenim
3754 2841 3940 2896 homo

2285 2930 2447 3001 pacis
2475 2946 2644 2995 meae,
2676 2930 2736 2984 in
2762 2945 2945 3001 quem
2966 2945 3078 3000 ego
3103 2930 3444 3003 sperabam.
3467 2930 3534 2986 P.
3554 2930 3776 2987 Posuit.
3803 2929 3941 2986 Non

2284 3018 2526 3074 dicatur
2557 3017 2774 3074 Gloria.

2356 3107 2593 3163 Preces.
2635 3104 2981 3162 Clamamus
3008 3105 3085 3163 ad
3106 3111 3180 3173 te,
3201 3107 3376 3173 Deus,
3395 3106 3614 3163 exaudi
3631 3121 3768 3172 nos,
3791 3105 3947 3162 P.Et

2285 3209 2321 3250 a
2351 3193 2587 3261 ﬂagello
2616 3193 2716 3248 ires
2749 3199 2861 3249 tum
2884 3193 3097 3251 libera.
3134 3207 3199 3267 Bt.
3216 3198 3300 3251 Tu
3315 3197 3570 3251 traditus
3595 3210 3660 3250 es
3677 3195 3763 3251 ad
3781 3207 3946 3252 mor-

2285 3280 2786 3352 tem,Redemptor
2804 3283 3345 3349 Sancte,sanctiﬁca
3355 3298 3820 3356 gregem,quem
3839 3287 3943 3338 tuo

2284 3369 2584 3426 redemisti
2613 3384 2842 3425 cruore.
2873 3371 2944 3426 P.
2979 3372 3064 3428 Et.
3101 3371 3165 3432 γ.
3198 3371 3309 3437 Qui
3337 3378 3542 3444 portas
3564 3371 3852 3442 spineam
3881 3370 3942 3425 in

2284 3461 2465 3529 caput
2477 3461 2640 3512 tuum
2659 3473 2975 3515 coronam:
2995 3475 3108 3515 nos
3125 3459 3400 3516 membra
3417 3465 3521 3515 tua
3533 3458 3612 3516 ab
3628 3458 3830 3531 spinis
3841 3457 3948 3514 cri-

2283 3546 2516 3602 minum
2543 3561 2752 3616 purga.
2785 3547 2856 3602 P.
2891 3549 2974 3603 Et.
3007 3547 3070 3609 ἡ.
3098 3549 3220 3604 Vox
3239 3553 3341 3604 tua
3357 3551 3588 3604 Patrem
3614 3562 3727 3618 pro
3761 3545 3947 3604 nobis

2285 3648 2446 3691 nunc
2474 3632 2818 3704 interpellet,
2843 3635 2947 3706 qui
2966 3635 3322 3692 clamavitin
3341 3651 3516 3692 cruce
3541 3652 3554 3691 :
3579 3635 3944 3706 utignoran-

2285 3722 2445 3778 tibus
2480 3722 2836 3779 subveniret.
2866 3723 2923 3778 P.
2958 3726 3044 3781 Et.

2353 3812 2654 3879 Hymnus.
2683 3813 2726 3867 0
2746 3813 3063 3868 Nazarene.
3101 3814 3214 3884 fol.
3249 3815 3375 3869 144.

2357 3899 2649 3971 Capitula.
2676 3899 2923 3955 Domine
2949 3902 3089 3956 lesu
3137 3900 3382 3967 Christe,
3416 3916 3539 3958 non
3576 3901 3942 3967 inﬁrmatur,

2282 3987 2702 4061 quaesumus,iu
2729 3989 3190 4060 peregrinatione
3204 3990 3378 4061 hujus
3392 3991 3750 4062 paupertatis
3765 3991 3945 4062 vigor

2282 4077 2553 4133 Ecclesiae
2595 4081 2752 4132 tuas:
2792 4091 2862 4132 ac
2902 4076 2949 4130 si
2976 4078 3286 4148 contigerit
3332 4079 3390 4134 in
3421 4079 3597 4135 nobis
3644 4079 3943 4136 virtutum

2283 4181 2420 4222 ossa
2457 4180 2564 4237 pro
2595 4170 2859 4235 tempore
2886 4165 3263 4232 conturbari;
3313 4167 3588 4239 exemplo
3632 4167 3942 4239 passionis

2283 4260 2400 4311 tua:
2423 4252 2616 4316 erecti,
2635 4253 3115 4310 nonincidamus
3137 4271 3576 4330 usquequaque
3590 4255 3653 4313 in
3680 4254 3939 4329 laqueos

2284 4357 2532 4398 lnlmlcl.

2356 4430 2528 4487 Pater
2564 4433 2778 4487 noster.

2913 4521 3007 4577 Ad
3032 4521 3294 4578 Sextum.

2389 4610 2583 4666 Lectio
2611 4609 2751 4664 libri
2773 4609 3096 4667 Ezechielis
3116 4612 3423 4681 Propheta:
3445 4613 3610 4685 (Cap.
3642 4620 3823 4682 xxix).

2354 4710 2417 4768 ἢ.
2441 4699 2559 4754 Deo
2589 4698 2826 4769 gratias.

2354 4786 2598 4842 Factum
2623 4791 2710 4841 est
2732 4786 2980 4844 verbum
3013 4789 3246 4845 Domini
3284 4789 3364 4846 ad
3395 4806 3510 4857 me,
3543 4789 3746 4846 dicens
3783 4807 3795 4845 :
3828 4788 3936 4846 Fili

2281 4873 2542 4931 hominis
2560 4890 2710 4947 pone
2722 4873 2934 4932 faciem
2953 4880 3116 4934 tuam
3135 4882 3342 4935 contra
3355 4879 3724 4935 Pharaonem
3737 4893 3939 4949 regem

2281 4961 2547 5034 Egypti;
2582 4964 2638 5016 et
2675 4961 3060 5032 prophetabis
3089 4964 3162 5020 de
3196 4981 3287 5032 eo,
3321 4970 3377 5022 et
3406 4967 3480 5021 de
3513 4969 3765 5034 Egypto
3804 4967 3941 5022 uni-

2282 5067 2453 5106 versa
2505 5063 2516 5103 :
2573 5051 2854 5119 Loquere,
2897 5055 2952 5106 et
2988 5051 3150 5107 dices
3202 5073 3215 5113 :
3260 5056 3394 5108 Haec
3440 5053 3580 5107 dicit
3635 5050 3937 5109 Dominus

2285 5137 2438 5195 Deus
2469 5155 2480 5190 :
2510 5140 2653 5193 Ecce
2683 5152 2794 5208 ego
2825 5145 2878 5194 te
2908 5139 2987 5195 ad
3015 5145 3065 5196 te
3096 5142 3325 5197 Pharao
3354 5157 3454 5196 rex
3472 5138 3722 5210 rEgypti,
3747 5140 3936 5199 draco

2283 5243 2518 5297 magne,
2541 5225 2643 5297 qui
2675 5227 2861 5283 cubas
2894 5229 2954 5284 in
2984 5229 3182 5285 medio
3220 5228 3539 5283 ﬂuminum
3572 5233 3836 5293 tuorum,
3876 5239 3935 5290 et

2283 5317 2478 5372 dixisti
2506 5331 2518 5369 :
2553 5317 2714 5370 Meus
2744 5322 2831 5372 est
2857 5316 3094 5384 ﬂuvius,
3131 5321 3188 5373 et
3211 5332 3322 5386 ego
3353 5315 3463 5372 feci
3481 5332 3576 5372 me
3606 5316 3828 5388 ipsum.
3865 5323 3934 5378 Et

2279 5420 2506 5478 ponam
2519 5402 2828 5460 freuumin
2847 5406 3104 5462 maxillis
3135 5405 3248 5461 tuis
3283 5419 3294 5458 :
3316 5408 3372 5460 et
3396 5404 3793 5474 adglutinabo
3810 5409 3937 5479 pis-

2281 5507 2378 5549 ces
2406 5490 2728 5548 ﬂuminum
2757 5497 3013 5550 tuorum.
3047 5495 3112 5549 Et
3160 5492 3475 5563 projiciam
3518 5497 3574 5550 te
3630 5494 3692 5550 in
3726 5494 3933 5552 deser-

2282 5586 2431 5647 tum,
2458 5585 2516 5638 et
2552 5596 2762 5639 omnes
2801 5583 2990 5652 pisces
3036 5579 3351 5638 ﬂuminum
3410 5586 3650 5640 tuorum
3690 5599 3706 5640 :
3748 5599 3932 5657 super
