4192 6410
222 356 347 414 4⁸73

228 570 492 643 gaberis
526 587 541 636 ;
559 568 764 625 bestiis
784 572 971 634 terrae,
991 573 1047 626 et
1060 570 1399 629 volatilibus
1415 572 1569 639 coeli,
1588 572 1726 628 dedi
1743 576 1799 628 te
1825 572 1904 628 ad

231 659 663 716 devorandum
698 657 1004 714 :Etscient
1024 675 1235 716 omnes
1265 660 1626 717 habitatores
1666 660 1905 733 Egypti

234 750 396 823 quia
421 763 534 817 ego
564 746 854 804 Dominus
888 762 1027 818 :pro
1060 764 1131 804 eo
1168 750 1335 821 quod
1361 750 1520 806 fuisti
1562 750 1814 807 baculus
1844 766 1903 807 a-

232 838 583 896 rundineus
595 836 803 892 domui
816 836 1014 893 Israel.
1032 838 1284 903 Quando
1298 840 1825 911 apprehenderuut
1852 843 1906 895 te

234 927 460 994 manu,
483 932 540 983 et
562 926 900 983 confractus
934 943 1016 991 es,
1050 928 1391 985 etlacerasti
1425 944 1669 985 omnem
1699 928 1908 984 hume-

236 1032 375 1072 rum
412 1031 666 1071 eorum:
697 1020 753 1071 et
780 1015 1168 1072 innitentibns
1205 1018 1288 1073 eis
1320 1034 1499 1090 super
1522 1023 1594 1083 te,
1654 1018 1902 1073 commi-

234 1109 431 1161 nutus
459 1120 547 1169 es,
571 1103 892 1160 dissolvisti
912 1121 1123 1161 omnes
1145 1121 1318 1162 renes
1334 1121 1561 1162 eorum.
1586 1107 1908 1178 Propterea

234 1193 375 1249 haec
398 1192 545 1249 dicit
567 1193 856 1249 Dominus
879 1196 1033 1249 Deus
1068 1210 1080 1249 :
1108 1197 1252 1250 Ecce
1274 1210 1385 1266 ego
1417 1195 1709 1252 adducam
1725 1210 1907 1266 super

233 1285 293 1338 te
326 1280 629 1351 gladium,
651 1280 1074 1337 etinterﬁciam
1086 1282 1161 1337 de
1180 1288 1232 1338 te
1247 1282 1574 1348 hominem,
1589 1288 1647 1340 et
1658 1284 1903 1353 jumen-

236 1375 393 1427 tum.
431 1373 499 1426 Et
538 1369 648 1426 erit
678 1376 832 1426 terra
850 1371 1088 1443 IEgypti
1117 1371 1179 1426 in
1192 1371 1524 1437 desertum,
1551 1376 1608 1428 et
1638 1371 1903 1429 solitudi-

234 1475 383 1517 nem
424 1480 438 1519 :
469 1464 526 1516 et
554 1462 740 1516 scient
759 1460 904 1531 quia
929 1476 1041 1529 ego
1066 1461 1374 1517 Dominus.
1402 1473 1465 1531 Bg.
1497 1462 1707 1517 Amen.

309 1550 666 1619 Antz'phona
700 1554 746 1604 1.
780 1550 1021 1619 Respice
1048 1549 1109 1604 in
1129 1565 1244 1616 me,
1298 1553 1471 1619 Deus,
1517 1555 1575 1606 et
1622 1550 1903 1607 miserere

237 1639 385 1694 mei.
421 1640 496 1693 P.
522 1638 698 1703 Deus,
733 1638 890 1693 Deus
920 1653 1112 1706 meus,
1140 1654 1215 1693 ne
1264 1638 1642 1711 derelinquas
1678 1655 1800 1697 me.
1837 1638 1898 1700 ἲν.

238 1728 391 1783 Vide
412 1726 814 1783 humilitatem
836 1742 1057 1797 meam,
1082 1732 1137 1783 et
1156 1726 1426 1783 laborem
1468 1744 1673 1784 meum
1699 1745 1711 1783 :
1744 1732 1801 1784 et
1818 1728 1901 1783 di-

1398 355 1753 415 DOMINICA
1789 354 1865 413 IV
1901 354 2510 424 QUADRAGESIM/E.

224 479 463 539 faciem
491 482 662 536 terres
685 477 889 543 cades,
918 491 1043 536 non
1069 480 1381 553 colligeris,
1420 496 1617 554 neque
1656 496 1903 552 congre-
1934 486 1985 540 Α

3559 366 3667 425 474

2610 490 2709 547 Ad
2757 490 3070 560 Vesperum

2085 581 2320 639 Lauda.
2341 580 2623 653 Vespere,
2638 584 2903 644 etmane,
2918 584 2974 636 et
2986 578 3229 635 meridie
3246 583 3300 636 te
3311 578 3659 649 laudamus,

2014 667 2275 727 Domine.

2086 755 2378 812 Dominus
2403 756 2477 813 sit
2498 772 2757 829 semper.
2811 768 2876 825 13,.
2908 758 2976 811 Et
3006 771 3162 812 cum.

2084 844 2455 914 Antiphona.
2494 849 2574 901 Ne
2621 845 3004 917 derelinquas
3049 860 3145 900 me
3194 842 3445 900 Domine
3506 845 3662 899 Deus

2015 947 2186 989 meus
2220 952 2233 986 :
2260 950 2335 990 ne
2364 934 2639 992 discedas
2665 950 2702 991 a
2720 950 2837 991 me.
2863 934 3143 991 Psatmus
3166 948 3378 988 xxxvn.

2086 1023 2319 1080 Lauda.
2344 1022 2451 1089 Qui
2496 1023 2606 1080 das
2628 1023 2881 1080 salutem
2900 1021 3166 1093 regibus,
3200 1021 3267 1076 P.
3296 1023 3365 1076 Et
3403 1019 3666 1077 liberasti

2018 1112 2209 1167 David
2230 1128 2469 1169 servum
2492 1117 2688 1169 tuum:
2718 1112 2904 1169 libera
2933 1127 3029 1168 me
3050 1110 3124 1167 de
3142 1109 3343 1181 gladio
3374 1109 3663 1179 maligno.

2015 1200 2078 1261 V.
2101 1200 2450 1257 Benedictus
2480 1202 2769 1258 Dominus
2790 1202 2942 1257 Deus
2982 1215 3174 1265 meus,
3204 1198 3303 1270 qui
3338 1199 3511 1254 docet
3531 1213 3664 1253 ma-

2013 1305 2128 1345 nus
2153 1305 2320 1345 meas
2349 1290 2425 1346 ad
2446 1291 2732 1362 praelium,
2764 1294 2822 1346 et
2849 1288 3069 1359 digitos
3098 1302 3267 1344 meos
3294 1286 3378 1345 ad
3407 1285 3659 1343 bellum.

2009 1378 2081 1435 P.
2121 1381 2188 1434 Et
2204 1378 2487 1437 liberasti.

2080 1469 2372 1537 Hymnus.
2414 1468 2671 1524 Verbum
2702 1467 2914 1533 Patris,
2938 1465 3094 1540 quod
3132 1464 3364 1537 prodiit.
3383 1464 3496 1534 fol.
3531 1467 3656 1519 252.

2084 1556 2380 1626 Capitula.
2412 1557 2494 1613 Sit
2520 1557 2741 1613 festum
2765 1554 3067 1627 jejunium
3096 1558 3369 1610 nostrum
3394 1551 3559 1623 apud
3605 1556 3660 1607 te

2010 1646 2252 1701 Domine
2274 1645 2379 1717 qui
2406 1645 2748 1717 iniquitates
2779 1644 2961 1712 deles,
2992 1648 3049 1699 et
3084 1645 3334 1714 peccata
3363 1640 3607 1697 dimittis
3643 1658 3655 1699 :

2010 1733 2149 1789 vide
2169 1734 2424 1803 gemitus
2455 1734 2866 1790 conﬁtentium
2897 1731 3021 1798 tibi,
3066 1736 3123 1786 et
3145 1745 3347 1801 preces
3384 1728 3659 1785 omnium

238 1816 413 1873 mitte
428 1814 579 1872 mihi
607 1816 814 1872 omnia
838 1819 1085 1887 peccata
1096 1832 1248 1873 mea.
1264 1817 1517 1883 P.Deus,
1532 1818 1686 1872 Deus
1709 1833 1899 1873 meus.
1934 1838 1978 1894 Β
2011 1821 2262 1878 libenter
2278 1821 2528 1888 exaudi;
2567 1822 2754 1893 utqui
2782 1820 2889 1878 tibi
2908 1821 2971 1876 in
2994 1815 3238 1877 veritate
3268 1815 3659 1882 serviunt,ad-

321 1906 556 1962 Oratio.
582 1905 900 1976 Respicein
910 1920 1022 1961 nos
1036 1905 1305 1971 Domine,
1321 1910 1378 1961 et
1391 1906 1669 1961 miserere
1684 1905 1896 1972 nostri;

245 1998 428 2065 teque
441 1994 500 2048 in
518 1993 895 2050 tribulatione
907 1993 1332 2050 invocantibus
1346 1994 1560 2050 assiste
1574 1995 1895 2067 propitius:

245 2081 383 2137 utin
401 2081 627 2153 quibus
644 2082 1021 2152 majestatem
1038 2086 1203 2138 tuam
1228 2082 1542 2139 adorando
1561 2081 1899 2146 laudamus,

239 2169 429 2240 digne
444 2170 767 2242 suscipias;
783 2176 840 2227 et
853 2186 953 2243 pro
967 2172 1187 2243 quibus
1206 2176 1258 2227 te
1270 2171 1715 2243 timemus,pius
1729 2172 1903 2241 igno-

239 2274 401 2316 scas.
439 2259 690 2315 Timoris
720 2259 898 2329 igitur
918 2262 1000 2315 tui
1017 2259 1552 2317 obedientiacorda
1578 2266 1782 2317 nostra
1800 2260 1902 2315 las-

238 2348 407 2405 tifica
425 2364 440 2414 ;
457 2353 513 2404 et
525 2348 949 2404 consolationis
963 2347 1278 2405 dulcedine
1296 2348 1661 2405 dubietatem
1683 2354 1901 2405 nostra;

238 2437 474 2493 mentis
496 2436 767 2493 contorta
793 2453 806 2492 :
834 2442 892 2492 et
912 2436 1055 2509 quia
1077 2442 1138 2492 tu
1152 2437 1452 2503 suavis,ac
1463 2438 1623 2493 mitis
1640 2453 1703 2494 es
1728 2457 1743 2505 ;
1767 2453 1903 2494 sua-

238 2524 493 2581 vitatem
523 2540 596 2580 ex
614 2528 715 2581 tua
735 2524 1109 2595 indulgentia
1136 2526 1492 2582 hauriemus
1522 2542 1533 2581 :
1570 2529 1628 2581 et
1656 2525 1719 2580 in
1739 2524 1905 2581 retri-

238 2612 497 2669 buendo
522 2613 691 2684 pium
713 2618 787 2679 te,
821 2614 1149 2687 mitemque
1202 2614 1554 2671 sentiamus.
1594 2625 1660 2686 ιφ.
1692 2618 1899 2669 Amen.

311 2705 432 2759 Per
448 2702 945 2761 misericordiam.

311 2810 679 2879 Antiphone
696 2813 751 2865 2.
785 2809 1311 2866 Circumdederunt
1328 2824 1444 2874 me,
1458 2809 1729 2877 Domine,
1743 2809 1906 2866 vituli

239 2898 422 2955 multi
456 2898 648 2954 :tauri
696 2898 951 2970 pingues
992 2898 1357 2954 obsederunt
1407 2913 1523 2953 me.
1553 2897 1615 2958 ι.
1647 2900 1907 2970 Aperue-

236 2992 384 3043 runt
418 2987 481 3042 in
510 3002 608 3042 me
629 3002 697 3043 os
720 3003 921 3054 suum,
956 2988 1104 3043 sicut
1152 2986 1247 3044 leo
1276 2987 1538 3061 rapiens,
1564 2992 1622 3044 et
1640 2987 1902 3057 rugiens.

313 3094 544 3151 Oratio.
561 3093 785 3150 Christe
801 3093 900 3149 Dei
915 3093 1109 3164 Filius,
1125 3109 1309 3167 quem
1335 3093 1645 3150 hominem
1658 3109 1901 3166 purum.

237 3200 368 3242 non
383 3185 575 3241 Deum
600 3184 928 3252 credentes,
943 3184 1267 3241 vitulorum
1309 3183 1628 3241 multitudo
1654 3185 1905 3240 circum-
1939 3216 1981 3273 Ο

239 3273 369 3339 dat,
389 3277 445 3330 et
475 3278 785 3329 taurorum
813 3274 1125 3345 pinguium
1159 3290 1527 3347 persequens
1568 3272 1901 3330 crassitudo

240 3361 501 3419 dilaniat
532 3382 544 3421 :
576 3362 655 3419 da
681 3362 855 3419 nobis
900 3362 1120 3419 invicto
1176 3364 1374 3418 Crucis
1428 3367 1544 3418 tua;
1603 3360 1905 3434 signaculo

240 3451 399 3519 frui;
429 3455 490 3505 ut
510 3450 706 3506 omnis
732 3467 838 3523 per
865 3451 979 3507 hoc
1011 3468 1048 3508 a
1090 3450 1268 3507 nobis
1300 3449 1680 3523 cengregatio
1707 3449 1904 3523 dispe-

240 3545 376 3597 reat
402 3539 660 3595 inimici.
704 3551 773 3612 13;.
810 3546 1019 3596 Amen.

320 3630 434 3685 Per
459 3627 931 3686 misericordiam
953 3634 1130 3700 tuam,
1163 3628 1342 3694 Deus,
1366 3632 1474 3685 etc.

324 3736 373 3792 Α
384 3734 672 3804 ntiphona
686 3734 742 3792 3.
758 3736 951 3800 Quare
968 3735 1148 3791 tristis
1160 3750 1223 3789 es
1237 3734 1442 3792 anima
1453 3750 1591 3791 mea
1613 3734 1905 3805 ?etquare

249 3822 583 3881 conturbas
606 3838 703 3877 me
717 3824 935 3894 ?Spera
964 3822 1027 3879 in
1056 3824 1325 3893 Domino,
1355 3827 1411 3879 et
1432 3824 1710 3879 confitere
1730 3822 1905 3884 illiw.

252 3916 392 3969 Haec
420 3909 766 3966 recordatus
800 3927 956 3980 sum,
984 3916 1040 3967 et
1070 3910 1252 3967 etludi
1281 3913 1342 3966 in
1371 3927 1468 3967 me
1499 3912 1765 3967 animam
1791 3926 1910 3967 me-

253 4016 360 4056 am
386 4017 399 4053 :
431 3999 719 4071 quoniam
731 3999 1034 4068 ingrediar
1055 3999 1117 4054 in
1128 3998 1329 4055 locum
1344 3998 1712 4055 tabernaculi
1728 3998 1907 4054 mira-

248 4089 412 4155 bilis,
431 4104 620 4160 usque
634 4088 710 4144 ad
731 4088 983 4145 domum
1006 4088 1108 4144 Dei
1134 4111 1145 4142 :
1170 4090 1231 4144 in
1251 4103 1397 4144 voce
1427 4086 1825 4155 exultationis,
1854 4094 1910 4147 et

252 4176 651 4236 confessionis
676 4195 688 4234 :
719 4193 903 4233 sonus
925 4177 1244 4250 epulantis.

328 4280 396 4339 Βι.
433 4266 854 4335 Cogitaverunt
882 4266 1204 4324 adversum
1246 4282 1345 4322 me
1380 4282 1390 4320 :
1420 4282 1495 4321 ne
1525 4263 1909 4337 derelinquas

253 4373 373 4423 me,
398 4355 647 4413 Domine
673 4356 829 4412 Deus
876 4372 1066 4413 meus.
1098 4356 1177 4413 P.
1214 4358 1294 4412 Ne
1316 4354 1594 4411 discedas
1622 4370 1658 4411 a
1687 4369 1811 4411 me.
1830 4353 1898 4416 ἡ.

253 4445 503 4503 Intende
532 4446 594 4501 in
625 4445 988 4517 adjutorium
1013 4462 1238 4511 meum,
1268 4444 1508 4501 Domine
1524 4445 1681 4499 Deus
1705 4442 1909 4501 salutis

255 4550 428 4591 meaa.
458 4535 526 4592 P.
546 4538 625 4592 Ne
656 4534 932 4591 discedas
954 4551 990 4591 a
1019 4550 1136 4591 me.
1164 4534 1301 4591 Non
1326 4533 1565 4589 dicatur
1586 4531 1800 4589 Gloria.

332 4642 510 4713 275
532 4641 756 4699 Preces.
786 4643 945 4708 Quos
969 4640 1274 4698 redemisti
1303 4640 1615 4710 sanguine,
1660 4640 1736 4696 P.
1790 4640 1914 4697 Tua

257 4730 425 4788 salva
443 4732 720 4802 potentia,
748 4731 970 4788 Christe
1005 4729 1374 4789 misericors.
1408 4728 1470 4790 ὴ.
1528 4731 1634 4785 Pro
1687 4728 1910 4800 quibus

259 4818 510 4890 ﬂagellis
539 4836 730 4875 caesus
745 4818 1040 4875 adductus
1084 4835 1171 4885 es,
1193 4818 1260 4873 P.
1289 4821 1411 4874 Tua
1436 4817 1601 4874 salva
1620 4817 1908 4889 potentia,

260 4908 506 4965 Christe.
530 4908 591 4969 ν.
622 4909 733 4964 Pro
755 4924 1017 4980 quorum
1039 4908 1288 4963 crimine
1326 4906 1591 4962 Piissime
1635 4905 1798 4962 cruci
1827 4904 1912 4963 af-

259 4997 417 5054 ﬁxus
435 5013 519 5066 es,
549 5000 612 5053 Ρ.
640 5000 785 5055 Tua.
811 4996 871 5058 ιν.
907 4997 1019 5051 Pro
1050 4996 1273 5068 quibus
1312 4996 1661 5051 verberatus
1681 5010 1765 5060 es,
1808 5011 1909 5051 ca-

260 5086 380 5157 pite
406 5090 463 5142 et
481 5101 801 5157 percussus
822 5101 907 5154 es,
933 5086 975 5139 P
1005 5084 1152 5140 Tua.
1178 5083 1240 5146 ἡ.
1272 5084 1384 5151 Qui
1421 5083 1525 5140 tibi
1554 5084 1762 5141 ﬂentes
1783 5100 1911 5142 ma-

258 5173 318 5231 la
331 5179 536 5232 nostra
558 5173 905 5246 pandimus,
939 5173 1004 5228 P.
1034 5176 1175 5229 Tua.

326 5283 609 5352 Hymnus.
640 5280 684 5336 0
716 5283 1031 5336 Nazarene.
1051 5280 1158 5349 fol:
1215 5281 1333 5335 144.

329 5370 554 5426 Oratio.
586 5369 780 5441 Dirige
804 5370 991 5426 nosin
1024 5369 1122 5425 via
1149 5372 1253 5425 tua
1276 5371 1353 5434 ,et
1383 5367 1718 5424 sitientibus
1730 5366 1907 5424 nobis

258 5457 566 5531 sapientiae
590 5458 819 5515 fontem
837 5457 1137 5528 benignus
1165 5458 1412 5513 ostende
1440 5472 1453 5513 :
1487 5460 1553 5513 ut
1588 5456 1780 5514 nimia
1814 5455 1911 5512 tri-

260 5548 416 5606 stitia
426 5564 729 5615 careamus,
744 5553 1034 5606 etaaternse
1056 5548 1181 5603 vita:
1196 5545 1537 5603 dulcedinem
1559 5545 1904 5603 hauriemus.

328 5640 500 5697 Pater
521 5641 728 5696 noster

2013 1910 2285 1966 versitate
2302 1908 2467 1965 nulla
2492 1908 2803 1966 turbentur
2834 1928 2847 1968 :
2873 1906 3041 1965 aufer
3077 1921 3323 1961 omnem
3365 1904 3659 1960 malitiam

2012 1997 2086 2054 de
2115 1998 2396 2053 cordibus
2416 1997 2654 2063 nostris,
2678 2004 2743 2054 ut
2770 1997 2886 2055 tuis
2913 1994 3262 2053 inhaerendo
3328 1992 3657 2065 prleceptis,

2012 2093 2113 2144 tua
2142 2102 2253 2142 nos
2276 2101 2455 2158 parce
2490 2086 2764 2144 laetiﬁcos.

2081 2174 2253 2231 Pater
2262 2178 2482 2231 noster.

2083 2262 2395 2320 Humiliate
2422 2278 2531 2320 vos
2561 2261 2981 2320 benedictioni.

2083 2353 2371 2409 Dominus
2397 2352 2472 2408 sit
2500 2368 2755 2424 semper.
2780 2363 2844 2422 ne.
2878 2354 2942 2408 Et
2968 2365 3127 2406 cum.

2084 2442 2619 2499 BenedictioJesus
2633 2441 2999 2504 Salvator,ac
3012 2438 3168 2494 Deus
3179 2434 3663 2494 nosteremundet

2014 2547 2117 2589 vos
2130 2547 2235 2603 per
2249 2530 2620 2587 abstinentia:
2636 2529 2947 2601 puritatem
2967 2528 3046 2584 ab
3058 2527 3219 2583 omni
3239 2524 3434 2581 delicti
3456 2526 3660 2580 conta-

2015 2621 2208 2693 gione.
2233 2630 2299 2689 Br.
2322 2620 2531 2674 Amen.
2563 2618 2793 2689 Quique
2834 2623 3169 2673 vestrarum
3200 2618 3288 2671 est
3323 2611 3659 2683 redemptio

2014 2708 2375 2771 animarum,
2396 2705 2893 2762 sitremunerator
2918 2710 3256 2761 vestrorum
3275 2701 3661 2772 jejuniorum.

2016 2809 2082 2866 Βτ.
2111 2798 2318 2852 Amen.
2364 2796 2433 2851 Ut
2462 2793 2541 2850 ab
2565 2808 2636 2850 eo
2662 2793 2923 2849 donetur
2949 2791 3126 2847 vobis
3149 2795 3372 2845 aeterna
3393 2787 3604 2859 gloria,
3628 2800 3665 2841 a

2015 2901 2134 2958 quo
2156 2882 2515 2940 sanctiﬁcari
2542 2880 2719 2937 vultis
2760 2894 2868 2952 per
2915 2876 3355 2935 abstinentiam.
3374 2878 3660 2944 ﬁ.Amen.

2085 2974 2316 3031 Lauda.
2341 2971 2581 3044 Iniquos
2596 2968 2759 3028 odio.
2780 2969 2861 3025 Et
2892 2967 3116 3026 Oratio.
3148 2962 3445 3021 Auxiliare
3463 2960 3662 3018 nobis.

2009 3065 2123 3135 fol.
2156 3067 2279 3119 272.

2626 3162 2787 3204 FERIA
2827 3160 3041 3210 QUINTA.

2583 3237 2682 3293 Ad
2709 3234 3093 3292 Matutinum.

2084 3328 2452 3398 Antiphone.
2481 3329 2633 3382 Voce
2660 3340 2796 3381 mea
2820 3323 2902 3380 ad
2927 3321 3249 3380 Dominum
3283 3317 3575 3377 clamavi:
3608 3320 3667 3374 et

2015 3418 2319 3475 exaudivit
2344 3432 2438 3471 me
2468 3416 2542 3471 de
2560 3419 2761 3471 monte
2792 3417 2998 3469 sancto
3035 3426 3169 3467 suo.
3205 3409 3480 3466 Psalmus
3508 3423 3591 3461 ιιι.

2089 3509 2309 3563 Oratio.
2337 3504 2566 3560 Exaudi
2611 3519 2724 3560 nos
2768 3502 3019 3558 Domine
3061 3500 3137 3556 de
3179 3501 3391 3555 sancto
3430 3511 3540 3551 suo
3563 3498 3666 3551 tuo

2015 3595 2345 3653 clamantes
2362 3592 2434 3650 ad
2447 3600 2500 3650 te
2515 3592 2591 3649 de
2605 3591 2837 3665 peccati
2848 3588 3150 3663 profundo
3173 3602 3186 3644 :
3213 3592 3280 3644 ut
3299 3585 3404 3659 qui
3428 3586 3489 3641 in
3503 3598 3665 3639 mun-

2015 3685 2096 3743 do
2124 3685 2271 3742 citra
2289 3698 2475 3756 opera
2529 3681 2726 3738 carnis
2756 3678 3089 3753 prodiendo
3148 3691 3326 3733 mons
3355 3677 3580 3730 fractus
3600 3686 3665 3728 es

2017 3789 2286 3845 magnus,
2302 3771 2497 3845 praebe
2511 3770 2699 3827 solido
2711 3768 2886 3826 nobis
2900 3773 3003 3825 tuo
3014 3768 3240 3825 hmrere
3269 3764 3663 3820 fundamento:

2017 3878 2055 3919 a
2068 3878 2191 3934 quo
2221 3860 2641 3919 etinstantium
2661 3874 2773 3915 nos
2784 3872 2908 3914 non
2925 3854 3219 3913 convellat
3237 3868 3428 3925 genus
3448 3855 3672 3920 tempe-

2019 3956 2241 4007 statum
2266 3954 2356 4015 ;et
2381 3948 2819 4020 insurgentium
2866 3945 3065 4001 feritas
3092 3948 3148 4001 te
3200 3955 3345 4011 erga
3393 3944 3670 3996 nostrum

2019 4039 2290 4111 quiescat
2309 4039 2724 4109 perseverante
2760 4032 3129 4106 praesidium.
3153 4042 3218 4103 Βι.
3242 4032 3452 4086 Amen.

2091 4126 2201 4181 Per
2223 4123 2716 4181 misericordiam.

2090 4213 2438 4282 Antiphona
2472 4217 2517 4267 1.
2543 4211 2652 4277 Qui
2678 4209 2937 4267 oderunt
2962 4224 3061 4265 me
3090 4206 3294 4279 gratis,
3318 4201 3673 4261 annuehant

2019 4302 2231 4360 oculis.
2258 4301 2395 4358 Mihi
2415 4300 2661 4374 quidem
2676 4298 2923 4372 paciﬁca
2950 4297 3384 4371 loquebantur:
3403 4293 3476 4349 P.
3500 4293 3671 4347 Etsu—

2019 4406 2127 4464 per
2155 4391 2307 4447 iram
2332 4389 2537 4447 dolose
2557 4386 2901 4460 cogitabant
2923 4387 3106 4443 :Deus
3140 4399 3333 4448 meus,
3374 4385 3431 4437 et
3468 4376 3665 4435 Domi-

2021 4497 2136 4537 nus
2161 4496 2333 4537 meus
2358 4481 2419 4536 in
2449 4494 2701 4536 causam
2727 4492 2931 4534 meam
2962 4476 3209 4548 respice.
3231 4472 3294 4535 1V.
3326 4468 3530 4527 Vidisti
3556 4468 3668 4524 Do-

1945 4564 1990 4618 D
2023 4570 2203 4637 mine,
2232 4585 2307 4626 ne
2336 4568 2546 4625 sileas:
2577 4566 2846 4633 Domine,
2874 4581 2951 4622 ne
2988 4564 3264 4621 discedas
3292 4578 3329 4619 a
3358 4576 3456 4617 me

2094 4659 2302 4716 Oratio
2327 4701 2340 4714 .
2356 4658 2599 4723 Christe,
2614 4656 2885 4715 Salvator
2917 4658 3119 4713 noster
3130 4651 3465 4716 etDomine,
3487 4662 3671 4720 quem

2020 4748 2247 4804 inimici
2271 4748 2357 4804 tui
2409 4747 2590 4817 gratis
2645 4745 2941 4815 oderunt;
2970 4743 3187 4814 cuique
3236 4744 3290 4797 te
3339 4739 3671 4795 annuentes

2021 4836 2209 4893 oculis
2235 4834 2487 4908 paciﬁce
2501 4834 2899 4907 loquebantur
2922 4848 2935 4888 :
2965 4832 3046 4889 da
3072 4829 3266 4894 nobis,
3290 4831 3354 4884 ut
3375 4830 3432 4881 et
3443 4824 3671 4882 amicos

2019 4924 2081 4981 in
2110 4930 2187 4991 te,
2218 4924 2615 4995 inimicosque
2637 4927 2879 4994 propter
2894 4924 2949 4977 te
2987 4918 3276 4975 veraciter
3300 4914 3545 4984 diligere
3573 4928 3673 4969 va-

2020 5013 2252 5069 leamus
2284 5016 2383 5069 :ut
2410 5028 2549 5068 cum
2571 5016 2633 5068 tu
2657 5009 2942 5066 Dominus
2966 5008 3147 5065 fueris
3192 5006 3356 5063 solus
3379 5005 3443 5060 in
3488 5017 3673 5060 causa

2020 5107 2245 5169 nostra,
2273 5101 2527 5173 simplex
2558 5100 2639 5157 ad
2675 5114 2888 5157 omnes
2936 5097 3226 5172 procedat
3272 5100 3478 5154 nostra
3503 5106 3672 5150 cons-

2020 5191 2251 5247 cientia.
2269 5203 2331 5260 Bg.
2348 5194 2556 5245 Amen.

2088 5280 2443 5349 Antiphona
2466 5283 2521 5337 2.
2540 5278 2750 5343 Verba,
2778 5277 3077 5345 inimicus,
3108 5279 3166 5333 et
3182 5275 3377 5342 dolos,
3394 5271 3669 5344 iniquita-

2018 5374 2258 5441 temque
2274 5367 2601 5425 meditatus
2630 5370 2720 5425 est
2741 5367 2805 5423 in
2829 5365 3012 5424 cubili
3042 5380 3152 5422 suo
3177 5384 3189 5423 :
3240 5361 3485 5421 ostende
3524 5356 3669 5413 mihi

2020 5458 2270 5514 Domine
2288 5456 2769 5514 misericordiam
2798 5460 2984 5513 tuam.
3015 5453 3078 5515 77.
3115 5451 3269 5509 Dixit
3313 5449 3574 5518 injustus
3603 5447 3671 5498 ut

2017 5562 2143 5602 non
2171 5545 2541 5618 derelinquat
2569 5545 2719 5603 sibi:
2752 5559 2878 5606 non
2906 5546 2997 5601 est
3027 5540 3207 5599 timor
3235 5537 3341 5594 Dei
3369 5536 3503 5593 ante
3526 5543 3667 5586 ocu-

2020 5634 2110 5693 los
2136 5634 2286 5704 ejus.
