4192 6398
533 355 637 422 ατε

1800 337 2252 406 ΒΚΕἯΛΗῘΠΜ
2287 345 2681 411 GOTHIGUM.

3837 345 3954 404 478

603 485 826 543 Oratio.
857 485 985 541 Non
1007 480 1208 538 veniat
1228 479 1421 544 nobis,
1447 478 1824 550 Domine,pes
1844 473 2162 547 superbiae,
2195 471 2243 525 A
2345 477 2406 532 Et
2431 477 2620 534 factus
2646 483 2731 535 est
2751 477 2895 534 mihi
2925 473 3442 533 sermonominiin
3458 470 3889 544 obprobrium,
3933 470 3958 492 ⁶

529 589 640 632 nec
665 589 884 629 manus
899 574 1279 644 peccatorum
1294 571 1532 641 peccato
1545 566 1900 639 praevalente
1912 578 2022 620 nos
2038 576 2166 616 mo-

529 667 690 722 veat:
711 662 816 718 sed
836 663 1138 733 sperantes
1164 659 1223 714 in
1243 658 1604 730 proiectione
1625 655 1856 711 alarum
1895 656 2165 716 tuarum,

535 748 1078 810 circumvolantium
1092 747 1446 803 insidiarum
1457 745 1681 817 rapinis
1697 741 1985 815 erepti,ab
2001 740 2170 795 uber-

535 845 654 900 tate
679 841 898 896 domus
929 841 1044 893 tuas
1072 840 1280 892 sancto
1296 834 1532 907 eloquio
1569 833 1941 905 repleamur;
1974 833 2031 886 et
2049 833 2171 884 tor-

535 932 698 987 rente
736 925 1083 983 deliciarum
1109 928 1366 988 tuarum,
1399 921 1710 978 distributa
1740 934 1848 992 per
1890 917 2172 990 Spiritum

537 1013 893 1074 exundantis
913 1013 1116 1084 gratias
1145 1011 1444 1082 varietate,
1473 1014 1767 1082 potemur.
1795 1010 2072 1078 mAmen.

607 1105 716 1160 Per
744 1100 1233 1158 misericordiam.

605 1190 933 1259 Antiphona
963 1192 1014 1243 3.
1031 1187 1217 1243 Amici
1231 1186 1366 1256 mei,
1381 1189 1436 1242 et
1454 1183 1711 1257 proximi
1732 1183 1838 1238 mei
1859 1182 2172 1237 adversum

535 1294 632 1335 me
661 1277 1306 1350 appropinquaverunt.
1336 1277 1401 1328 Et
1443 1272 1699 1344 proximi
1767 1271 1882 1326 mei
1911 1286 1948 1326 a
1997 1269 2174 1338 longe

539 1370 857 1423 steterunt:
889 1369 943 1419 et
963 1362 1503 1433 vimfaciebantqui
1529 1360 1878 1432 quaerebant
1906 1358 2174 1414 animam

534 1470 758 1510 meam.
795 1452 863 1513 ἲν.
886 1451 1151 1516 Domine,
1186 1465 1262 1506 ne
1281 1450 1343 1505 in
1367 1450 1455 1504 ira
1479 1453 1581 1504 tua
1602 1463 1822 1518 arguas
1837 1463 1952 1510 me,
1980 1460 2173 1516 neque

535 1542 596 1599 in
621 1542 813 1597 furore
841 1544 942 1596 tuo
967 1539 1255 1610 corripias
1279 1553 1396 1594 me.
1433 1539 1561 1593 Non
1591 1537 1833 1592 dicatur
1853 1535 2064 1591 Gloria.

609 1632 826 1687 Oratio.
841 1631 1016 1694 Deus,
1031 1632 1165 1684 ante
1177 1628 1348 1698 cujus
1371 1631 1754 1697 conspectum
1784 1624 2006 1680 nullius
2021 1621 2176 1678 desi-

535 1717 700 1776 deria
727 1718 818 1774 vel
848 1717 1102 1787 gemitus
1131 1715 1489 1772 abscondita
1524 1719 1661 1769 sunt
1685 1712 1949 1769 :intende
1979 1711 2039 1767 iu
2071 1710 2172 1766 ad-

2274 570 2330 623 et
2350 566 2408 621 in
2437 567 2702 623 derisum
2737 572 2858 622 tota
2885 565 2998 621 die.

2348 657 2412 711 Et
2433 656 2550 710 dixi
2593 671 2604 711 :
2666 659 2791 711 Non
2839 652 3201 710 recordabor
3255 649 3674 724 ejus,'neque
3721 648 3953 722 loquar

2275 742 2428 799 ultra
2452 743 2513 799 in
2542 744 2780 800 nomine
2805 743 2977 798 illius.

2347 832 2615 888 Etfactus
2627 837 2715 887 est
2743 833 2804 888 in
2833 831 3011 888 corde
3035 844 3168 886 meo
3181 829 3354 902 quasi
3372 827 3531 898 ignis
3562 828 3946 897 exaastuans,

2277 919 2636 993 claususque
2658 921 2717 976 in
2746 920 2984 976 ossibus
3012 918 3180 984 meis,
3211 919 3233 940 "
3258 921 3316 973 et
3346 915 3555 982 deieci,
3595 915 3752 972 ferre
3813 929 3951 971 non

2278 1008 2594 1064 sustinens.

2348 1097 2559 1153 Audivi
2579 1099 2739 1153 enim
2760 1095 3150 1154 contumelias
3179 1093 3531 1163 multorum,
3546 1093 3567 1115 ‘
3593 1096 3653 1150 et
3680 1095 3950 1149 terrores

2277 1185 2339 1242 in
2369 1185 2630 1241 circuitu.

2352 1273 3306 1347 Persequimini,etpersequamur
3326 1285 3496 1327 eum:
3519 1273 3535 1290 '
3555 1271 3635 1326 ab
3655 1271 3950 1327 omnibus

2278 1362 2446 1433 viris,
2489 1364 2593 1436 qui
2623 1367 2790 1418 erant
2815 1362 3046 1435 paciﬁci
3075 1362 3209 1426 mei,
3242 1364 3298 1416 et
3319 1359 3735 1416 custodientes
3779 1361 3946 1416 latus

2279 1467 2515 1508 meum:

2353 1538 2409 1594 Si
2430 1554 2552 1610 quo
2593 1538 2773 1594 modo
2795 1538 3136 1609 decipiatur.
3165 1540 3220 1592 et
3240 1535 3682 1607 przevaleamus
3735 1534 3947 1590 adver-

2283 1642 2383 1682 sus
2408 1642 2568 1690 eum,
2600 1629 2688 1682 'et
2717 1639 3156 1697 consequamur
3187 1623 3475 1678 ultionem
3507 1638 3580 1677 ex
3615 1622 3738 1678 illo.

2353 1715 2636 1770 Dominus
2649 1720 2848 1770 autem
2872 1728 3103 1768 mecum
3119 1712 3389 1782 estquasi
3409 1711 3668 1767 bellator
3692 1711 3896 1777 fortis;
3914 1711 3939 1734 ‘

532 1807 818 1880 jutorium
848 1809 1140 1870 nostrum,
1182 1807 1237 1860 et
1266 1818 1528 1860 amovea
1565 1801 1744 1858 nobis
1803 1801 2063 1856 furorem
2089 1799 2174 1854 in-
2205 1809 2249 1866 Β
2281 1803 2500 1858 idcirco
2525 1802 2626 1874 qui
2649 1805 3109 1874 persequuntur,
3139 1799 3378 1867 cadent,
3425 1803 3482 1854 et
3502 1799 3725 1854 inﬁrmi
3749 1802 3934 1856 erunt.

535 1893 900 1963 dignationis
919 1897 1032 1948 tuae
1062 1909 1078 1946 :
1101 1896 1164 1947 ut
1190 1893 1293 1964 qui
1318 1892 1376 1947 in
1402 1895 1457 1946 te
1484 1889 1998 1954 conﬁdimus,non
2020 1886 2170 1942 deci-

537 1981 754 2039 damus
783 1981 842 2035 in
870 1979 1119 2052 laqueos
1155 1979 1399 2034 inimici.
1432 1990 1496 2047 ἢ.
1524 1979 1732 2033 Amen.

609 2080 679 2140 Ir.
712 2066 978 2130 Attende,
1005 2067 1363 2133 Domine,ad
1386 2081 1500 2121 me.
1531 2065 1591 2122 P.
1623 2063 1844 2120 Etaudi
1870 2064 2176 2134 276ver-

535 2157 618 2213 ba
647 2155 1122 2212 adversariorum
1146 2169 1435 2209 meorum.
1471 2153 1765 2208 Foderunt
1820 2152 2075 2215 foveam,
2113 2155 2175 2206 ut

537 2247 817 2314 caperent
838 2258 934 2297 me
956 2257 1058 2296 :ne
1080 2239 1432 2312 propitiatus
1444 2239 2168 2311 fuerisiniquitatieorum,

535 2332 604 2392 ἲν.
634 2333 717 2386 Tu
737 2337 937 2386 autem
958 2330 1226 2395 Domine,
1246 2330 1398 2384 Deus
1421 2329 1776 2384 exercituum
1801 2329 2072 2384 omnium
2087 2342 2173 2382 re-

536 2434 682 2490 gum
705 2422 896 2481 terrai,
921 2418 1025 2490 qui
1059 2417 1228 2473 sedes
1254 2432 1430 2489 super
1481 2413 1813 2484 Cherubim,
1841 2417 2005 2488 aperi
2035 2431 2171 2470 ocu-

533 2507 624 2563 los
650 2509 806 2570 tuos,
828 2509 885 2562 et
911 2506 1048 2562 vide
1083 2523 1094 2562 :
1118 2505 1337 2562 inclina
1365 2519 1570 2562 aurem
1608 2510 1794 2562 tuam.
1827 2505 1886 2558 P.
1912 2507 1978 2560 Et
2006 2504 2166 2561 audi.

533 2593 669 2652 Non
699 2595 940 2651 dicatur
959 2593 1172 2650 Gloria.

608 2681 832 2737 Oratio.
863 2683 964 2746 Tu,
991 2679 1258 2750 Domine,
1285 2680 1344 2734 in
1358 2679 1605 2745 cithara,
1630 2681 1687 2734 et
1723 2678 1954 2734 cantico
1973 2677 2170 2733 inimi-

533 2785 739 2826 corum
753 2769 1034 2838 dignatus
1055 2785 1117 2825 es
1135 2769 1282 2824 verti
1303 2813 1318 2838 ,
1347 2768 1494 2824 dum
1509 2768 1743 2836 linguas
1758 2766 1857 2822 tibi
1881 2767 2170 2835 derogan-

532 2857 680 2915 tium
707 2857 992 2930 pertulisti
1025 2871 1036 2912 :
1061 2861 1114 2914 te
1145 2855 1348 2929 utique
1373 2856 1640 2912 inﬁdeles
1671 2854 1730 2911 in
1754 2855 1959 2911 fabula
1981 2855 2170 2911 obtre-

533 2949 897 3013 ctaverunt,a
924 2959 1046 3018 quo
1089 2945 1431 3002 recedentes
1460 2945 1786 3001 abominati
1833 2948 1986 3008 sunt,
2029 2943 2170 2998 etin

532 3035 703 3104 cujus
731 3033 945 3090 faciem
979 3048 1232 3104 expuere
1281 3047 1403 3088 non
1447 3036 1838 3103 pepercerunt
1873 3047 1884 3096 ;
1919 3036 1980 3086 tu
2010 3030 2170 3086 salus

2353 1892 2796 1948 Confundantur
2816 1889 3362 1960 vehementer,quia
3381 1903 3506 1944 non
3523 1887 3940 1944 intellexerunt

2280 1982 2671 2053 obprobrium
2703 1981 3152 2052 sempiternum,
3185 1977 3386 2050 'quod
3424 1992 3737 2049 nunquam
3779 1977 3940 2032 dele-

2277 2070 2452 2126 bitur.

2351 2161 2437 2227 Et,
2474 2161 2534 2212 tu
2575 2157 2819 2212 Domine
2839 2155 3206 2211 exercituum
3262 2154 3544 2225 probator
3582 2151 3745 2223 justi,
3776 2154 3795 2175 ⁶
3825 2149 3931 2223 qui

2279 2249 2498 2318 probas
2525 2246 2703 2301 corda
2727 2250 2783 2301 et
2803 2259 2972 2299 renes
2999 2260 3012 2298 :

2349 2334 2592 2390 Videam
2620 2349 2826 2405 quaeso
2845 2333 3131 2388 ultionem
3151 2347 3223 2387 ex
3239 2331 3362 2387 eis:
3398 2332 3414 2348 '
3446 2329 3551 2386 tibi
3572 2328 3735 2384 enim
3775 2341 3937 2384 reve-

2277 2421 2392 2478 lavi
2419 2437 2663 2477 causam
2705 2436 2927 2477 meam.

2350 2510 2572 2566 Oratio.
2619 2510 2792 2574 Deus,
2831 2509 3004 2578 cujus
3054 2508 3312 2563 animam
3358 2505 3605 2561 leonum
3645 2503 3938 2560 voracitas

2276 2597 2872 2669 nequivitabsumere
2899 2598 2958 2651 in
2981 2611 3075 2664 eo,
3105 2595 3268 2668 quod
3287 2593 3524 2665 justitia
3544 2594 3602 2648 in
3620 2598 3673 2649 te
3693 2594 3940 2648 inventa

2277 2700 2484 2740 eorum
2515 2684 2826 2740 videbatur
2847 2683 3078 2738 rabiem
3106 2682 3399 2751 eﬁ‘ugare:
3424 2681 3624 2736 emitte
3642 2679 3938 2750 Angelum

2277 2775 2446 2828 tuum
2481 2772 2584 2844 qui
2612 2788 2678 2827 os
2708 2770 3081 2833 leonisillius,
3114 2769 3218 2841 qui
3244 2784 3350 2840 per
3364 2767 3666 2823 mundum
3692 2767 3938 2836 rugiens

2278 2862 2475 2924 currit,
2528 2875 2800 2932 quaerens
2845 2873 3023 2930 quem
3064 2857 3328 2922 devoret,
3372 2855 3732 2912 concludat:
3761 2860 3941 2926 atque

2279 2947 2511 3004 animas
2525 2953 2762 3003 nostras
2779 2947 2851 3001 de
2865 2947 2914 3017 ej
2926 2963 2993 3001 us
3009 2946 3608 3017 persuasione,atque
3621 2942 3942 2998 dominatu

2279 3035 2509 3108 eripiat.
2545 3047 2606 3102 ne.
2646 3037 2854 3090 Amen.

531 3123 781 3195 proinde
836 3126 1058 3188 nostra,
1120 3126 1300 3192 atque
1361 3120 1633 3182 salvator,
1665 3119 1968 3175 salvandis
1993 3119 2166 3174 nobis
2199 3142 2240 3199 ρ
2345 3123 2443 3177 Ad
2454 3123 2825 3178 Benedictus.
2849 3122 3216 3190 Antiphona.
3250 3116 3940 3187 Psallam,etintelligam

529 3209 830 3266 inlabere:
862 3216 925 3266 ut
952 3209 1055 3281 qui
1083 3207 1567 3281 persequentium
1595 3213 1645 3262 te
1676 3207 1831 3262 fuisti
1862 3205 2168 3262 doloribus

531 3297 844 3369 cruciatus,
865 3296 1233 3353 credentium
1254 3299 1309 3352 te
1336 3299 1392 3352 et
1411 3294 1888 3352 confessionibus
1911 3295 2162 3365 placeris

533 3391 591 3444 et
618 3386 868 3445 actibus.
900 3393 967 3458 lt.
997 3390 1200 3441 Amen.

1129 3474 1202 3528 In
1234 3470 1555 3527 Laudibus.

600 3561 964 3631 Antiphona.
983 3561 1110 3617 Tibi
1136 3553 1247 3617 soli
1271 3559 1517 3632 peccavi
1570 3558 1837 3620 Domine,
1869 3562 1924 3614 et
1948 3557 2169 3614 malum

532 3657 734 3705 ceram
755 3651 810 3704 te
839 3649 984 3704 feci:
1018 3651 1296 3704 miserere
1325 3648 1460 3703 mei.
1503 3647 1772 3702 Psalmus
1795 3663 1847 3703 ι..

604 3736 828 3793 Oratio.
847 3734 971 3792 Tibi
995 3736 1106 3793 soli
1125 3737 1502 3808 peccavimus
1541 3735 1787 3790 Domine
1814 3752 1827 3802 ;
1855 3739 1911 3791 et
1941 3734 2169 3790 malum

531 3840 734 3881 coram
757 3829 808 3881 te
833 3825 1094 3880 fecimus:
1119 3825 1214 3880 cui
1238 3824 1482 3896 quidem
1504 3837 1623 3879 nou
1644 3823 1907 3880 celantur
1922 3823 2170 3879 abscon-

529 3911 654 3970 dita
673 3915 900 3980 nostra,
923 3928 1056 3986 quas
1081 3913 1275 3969 cordis
1303 3913 1556 3968 retinent
1583 3912 1873 3968 claustra:
1897 3916 1952 3968 et
1973 3916 2168 3967 tamen

531 4002 928 4058 erubescimus
947 4001 1394 4074 pandere,quod
1410 4015 1533 4057 non
1549 4000 1807 4056 timemus
1820 4004 2163 4072 perpetrare.

529 4091 640 4146 Sed
659 4095 718 4147 tu
742 4089 1118 4162 Domine,qui
1136 4106 1258 4145 non
1275 4089 1528 4161 despicis
1549 4088 2168 4160 pcenitentes,suscipe

527 4191 732 4252 preces
756 4178 1070 4234 humilium
1093 4182 1183 4244 ;et
1196 4177 1438 4234 veniam
1463 4175 1652 4232 tribue
1675 4180 2079 4247 peccatorum:
2099 4191 2168 4231 ac

527 4279 636 4338 per
659 4266 983 4338 potentiam
1014 4264 1760 4330 Trinitatis,rectitudinem,
1795 4277 1916 4335 qua
1934 4263 2166 4331 gradia-

529 4367 684 4417 mur,
709 4353 920 4409 doceat
942 4367 1052 4409 nos
1074 4352 1322 4425 Spiritus
1352 4355 1602 4410 Sanctus
1627 4368 1640 4416 ;
1673 4356 1729 4406 et
1748 4351 1827 4406 ad
1843 4349 2168 4406 sanctitatis

531 4440 779 4510 gloriam
803 4442 1122 4512 pertrahat,
1142 4440 1378 4512 spiritus
1391 4443 1581 4494 rectus
1605 4443 1782 4510 atque
1797 4438 1874 4493 ad
1885 4439 1904 4507 j
1918 4438 2170 4493 ustiﬁca—

532 4529 754 4585 tionem
770 4529 1109 4601 principalis
1125 4529 1382 4584 deducat
1397 4529 1649 4598 spiritus:
1661 4531 1722 4582 ut
1738 4527 1924 4582 unica;
1937 4525 2168 4581 virtutis

530 4618 828 4674 immensa
856 4621 1138 4689 potestas,
1170 4622 1226 4672 et
1266 4617 1433 4672 Pater
1487 4620 1652 4685 regat
1681 4629 1832 4686 quos
1862 4613 2126 4669 condidit
2152 4633 2166 4681 ;
2203 4603 2244 4657 Β

529 4710 586 4762 et
609 4706 782 4762 Filius
803 4705 1099 4762 custodiat
1114 4719 1269 4776 quos
1299 4703 1627 4769 redemit;et
1647 4702 1896 4773 Spiritus
1922 4704 2170 4757 Sanctus

528 4793 750 4864 repleat
787 4808 942 4865 quos
968 4793 1206 4848 creavit.
1240 4803 1302 4861 ne.
1335 4796 1541 4846 Amen.

602 4881 696 4934 Ad
719 4882 1052 4938 Canticum.
1085 4879 1704 4952 Antiphona.Dominc,
1739 4879 1840 4950 qui
1862 4894 1956 4934 me
1979 4893 2172 4950 perse-

532 4971 814 5039 quuntur,
840 4975 1138 5032 corruant,
1170 4973 1226 5024 et
1244 4968 1462 5023 inﬁrmi
1491 4967 1655 5023 ﬁant.

845 5058 1160 5114 Canticum
1183 5057 1492 5112 Hieremiae
1523 5056 1691 5124 (Cap.
1720 5067 1837 5123 xx).

607 5141 900 5198 Seduxisti
927 5158 1023 5198 me
1047 5142 1313 5208 Domine,
1345 5147 1399 5197 et
1433 5141 1710 5196 seductus
1732 5156 1865 5196 sum
1892 5142 1944 5195 τ’
1967 5140 2173 5200 fortior

531 5241 629 5287 me
654 5228 837 5299 fuisti,
864 5231 919 5284 et
946 5228 1249 5283 invaluisti
1273 5244 1287 5292 ;

604 5319 814 5374 Factus
845 5333 968 5373 sum
994 5317 1055 5372 in
1083 5315 1348 5371 derisum
1370 5317 1490 5371 tota
1519 5315 1612 5371 die
1652 5317 1666 5333 '
1687 5331 1895 5372 omnes
1922 5317 2172 5375 subsan-

531 5407 758 5464 nabant
781 5421 893 5462 me.

603 5495 757 5562 Quia
788 5497 919 5566 jam
944 5493 1088 5550 olim
1142 5492 1369 5564 loquar,
1433 5490 1757 5548 vociferans
1805 5492 2173 5564 iniquitate,‘

532 5585 945 5656 et,vastitatem
975 5580 1232 5639 clamito.

2276 3210 2337 3266 in
2367 3210 2931 3282 matutinis.quando
2954 3210 3152 3265 venies
3168 3209 3245 3264 ad
3261 3224 3355 3264 me
3375 3209 3402 3263 ?
3431 3204 3928 3272 Misericordiam,

2277 3302 2333 3354 et
2356 3296 2650 3368 judicium
2668 3297 2922 3353 cantabo
2943 3297 3048 3353 tibi
3077 3297 3345 3353 Domine.
3390 3293 3452 3350 P.
3486 3293 3765 3350 Psallam.

2350 3385 2678 3442 Canticum.
2700 3385 3050 3440 Benedictus
3065 3401 3128 3440 es
3155 3383 3535 3454 Domine/‘01.
3561 3387 3612 3437 6.
3639 3381 3844 3438 Lauda
3871 3379 3937 3438 1n

2277 3473 2495 3529 sanctis
2533 3476 2663 3543 ejus
2693 3473 2930 3528 laudate
2948 3473 3264 3528 Dominum
3285 3471 3570 3530 Psalmus
3591 3485 3822 3527 cxrvm.

2383 3561 2572 3616 Lectio
2605 3561 2746 3616 libri
2781 3561 3073 3618 Samuelis
3094 3561 3473 3631 (Primi.Reg.
3504 3573 3625 3614 xw.
3648 3558 3780 3630 xv).

2349 3660 2411 3718 ἢ.
2447 3651 2562 3704 Deo
2589 3649 2826 3720 gratias.

2349 3740 2410 3792 In
2441 3736 2556 3792 illis
2587 3735 2797 3792 diebus
2827 3753 2837 3792 :
2875 3736 3164 3807 Pugnavit
3191 3736 3328 3792 Saul
3353 3739 3557 3791 contra
3586 3731 3760 3790 Moab
3791 3735 3848 3790 et
3866 3733 3939 3788 ﬁ-

2276 3824 2386 3880 lios
2415 3829 2691 3892 Ammon,
2711 3829 2767 3879 et
2783 3825 2991 3892 Edom,
3018 3833 3073 3880 et
3093 3839 3261 3893 reges
3279 3821 3520 3887 Soba,et
3542 3821 3935 3886 Philistha'os,

2278 3915 2332 3968 et
2344 3928 2725 3986 quocumque
2741 3929 2798 3967 se
2814 3916 3078 3979 verterat,
3094 3911 3937 3984 superabat.Congregatoque

2278 4001 2550 4068 exercitu,
2584 4001 2875 4073 percussit
2907 3999 3169 4069 Amalec,
3202 4005 3259 4055 et
3280 4000 3430 4054 eruit
3451 3998 3723 4054 lsraelde
3744 4013 3933 4054 manu

2275 4094 2644 4145 vastatorum
2662 4089 2808 4158 ejus.
2828 4087 3089 4144 Fuerunt
3110 4085 3310 4144 autem
3337 4087 3442 4142 ﬁlii
3461 4086 3599 4143 Saul
3613 4087 3928 4153 Jonathas,

2277 4182 2332 4232 et
2361 4177 2577 4239 Jessui,
2609 4182 2665 4232 et
2691 4175 3008 4230 Melchisua
3041 4192 3054 4231 :
3094 4174 3332 4231 nomina
3363 4173 3625 4230 duarum
3665 4173 3931 4230 ﬁliarum

2277 4265 2424 4337 ejus,
2457 4279 2678 4320 nomen
2705 4263 3114 4334 primogenita:
3142 4263 3651 4328 Merob,etnomen
3679 4263 3930 4318 minoris

2277 4352 2501 4410 Michol.
2530 4353 2825 4406 Etnomen
2852 4353 3052 4407 uxoris
3069 4351 3565 4421 Saul,Achinoam
3591 4350 3717 4407 ﬁlia
3757 4349 3932 4406 Achi-

2277 4455 2478 4496 maas:
2521 4443 2577 4494 et
2614 4438 2859 4495 nomina
2888 4437 3226 4510 principum
3247 4437 3500 4508 3militim
3537 4438 3668 4509 ejus
3709 4437 3928 4503 Abner,

2278 4529 2431 4583 ﬁlius
2453 4526 2865 4599 Ner,pairuelis
2885 4527 3043 4584 Saul.
3061 4527 3241 4583 Porro
3256 4530 3350 4581 Cis
3374 4526 3565 4582 fuerat
3585 4527 3754 4598 pater
3767 4523 3929 4592 Saul,

2279 4621 2335 4672 et
2354 4619 2464 4670 Ner
2483 4621 2648 4686 pater
2673 4615 2883 4684 Abner,
2922 4615 3077 4670 ﬁlius
3099 4615 3286 4670 Abiel.
3312 4617 3447 4671 Erat
3471 4621 3676 4670 autem
3703 4613 3933 4670 bellum

2278 4707 2488 4775 potens
2502 4703 2818 4758 adversum
2833 4704 3196 4759 Philisthteos
3222 4704 3330 4773 27
3342 4703 3392 4773 7
3412 4703 3697 4758 omnibus
3715 4701 3932 4758 diebus

2281 4791 2575 4848 Saul.Nam
2600 4805 3041 4863 quemcumque
3061 4792 3292 4848 viderat
3314 4791 3452 4848 Saul
3469 4793 3663 4846 virum
3693 4789 3930 4858 fortem,

2280 4883 2335 4933 et
2355 4882 2561 4949 aptum
2591 4879 2667 4934 ad
2689 4877 2977 4949 praelium.
3007 4879 3274 4935 sociabat
3328 4895 3469 4934 cum
3511 4877 3646 4935 sibi.
3677 4882 3740 4934 Et
3779 4877 3936 4933 dixit

2284 4966 2519 5021 Samuel
2537 4966 2612 5020 ad
2628 4966 2763 5020 Saul
2797 4981 2808 5018 :
2843 4970 2924 5022 Me
2947 4966 3110 5022 misit
3140 4968 3446 5037 Dominus,
3481 4972 3546 5022 ut
3574 4979 3852 5033 ungerem
3871 4967 3933 5020 te

2280 5055 2340 5109 in
2355 5068 2554 5124 regem
2570 5067 2748 5124 super
2762 5054 3048 5124 populum
3065 5056 3192 5125 ejus
3212 5055 3412 5112 Israel:
3436 5069 3594 5110 nunc
3623 5066 3764 5122 ergo
3781 5051 3932 5107 audi

2280 5157 2490 5197 vocem
2506 5141 2737 5196 Domini
2758 5157 2770 5195 :
2805 5144 2931 5196 Haec
2949 5142 3089 5197 dicit
3113 5143 3402 5197 deinus
3419 5143 3785 5198 exercituum
3801 5158 3815 5196 :
3831 5143 3936 5197 Ro-

2283 5227 2497 5284 censivi
2521 5243 2920 5298 quaecumque
2950 5229 3086 5284 fecit
3105 5229 3344 5284 Amalec
3375 5229 3594 5294 lsraeli,
3623 5227 3936 5300 quomodo

2281 5316 2492 5372 restitit
2516 5316 2565 5370 ei
2593 5317 2651 5370 in
2681 5317 2773 5370 via
2792 5332 2927 5372 cum
2961 5317 3355 5372 ascenderent
3374 5315 3449 5370 de
3465 5321 3740 5389 {Egyptm
3766 5319 3938 5372 Nunc

2283 5404 2460 5471 igitur
2490 5403 2718 5467 vade,et.
2735 5409 2974 5473 percute
2998 5403 3321 5467 Amalec,et
3337 5403 3632 5460 demolire
3651 5404 3940 5460 universa

2284 5492 2414 5560 ejus
2445 5507 2455 5543 :
2491 5505 2611 5546 non
2644 5506 2852 5561 parcas
2879 5493 2949 5556 ei,
2985 5493 3084 5547 sed
3122 5491 3384 5545 interﬁce
3409 5507 3445 5545 a
3474 5494 3602 5548 viro
3632 5509 3827 5565 usque
3857 5493 3938 5550 ad

2284 5577 2614 5641 mulierem,
2645 5585 2698 5635 et
2717 5579 3031 5649 parvulum
3063 5582 3240 5650 atque
3259 5576 3603 5646 iactantem,
3633 5579 3857 5638 bovem
3881 5585 3939 5636 et
