4192 6406
262 316 369 372 381

1414 323 1772 384 DOMIMICA
1811 322 1886 380 IV
1922 321 2526 393 QUADRAGESIME.

3581 360 3689 417 382

204 478 231 486 ρ
260 438 525 505 Israel,et
548 452 670 496 non
694 441 929 551 faciem,
970 446 1027 501 et
1052 444 1113 501 in
1135 448 1403 518 tempore
1437 448 1775 506 afﬂictionis
1799 463 1923 507 suis
1953 446 2001 502 A
2033 451 2335 514 tribulatio
2364 459 2644 531 proxima
2665 465 2788 521 est:
2819 469 2875 522 et
2897 481 3020 525 non
3073 476 3163 530 est
3186 476 3291 548 qui
3317 479 3574 551 adjuvet.
3607 484 3677 545 ir.

258 527 722 600 dicens:Surge,
747 534 804 587 et
830 530 1019 590 libera
1040 549 1175 591 nos.
1213 535 1323 592 Ubi
1349 541 1488 595 sunt
1521 537 1603 594 dii
1637 538 1735 604 tui,
1768 554 1922 612 quos

255 616 444 673 fecisti
465 617 885 692 tibi?-surgant
905 626 962 679 et
980 622 1232 681 liberent
1255 628 1310 681 te
1357 626 1418 682 in
1452 630 1721 699 tempore
1775 628 1924 685 afﬂi-

258 705 476 763 ctionis
504 710 651 789 tua};
676 710 1011 767 secundum
1037 728 1360 771 numerum
1372 708 1597 789 quippe
1619 716 1925 775 civitatum

259 799 503 863 tuanum
529 780 698 854 erant
721 796 806 854 dii
834 798 915 855 tui
938 800 1114 860 Iuda.
1149 804 1303 869 Quid
1329 780 1790 861 vultis-mecum
1832 806 1926 878 ju-

258 883 421 940 dicio
442 883 799 943 contendere
820 889 849 944 ‘I
874 904 1087 946 omnes
1103 891 1496 965 dereliquistis
1513 910 1628 966 me,
1650 895 1791 951 dicit
1806 897 1924 952 Do-

259 973 734 1031 minus.Frustra
760 978 1035 1048 percussi
1055 979 1208 1036 filios
1232 987 1481 1053 vestros,
1538 983 1924 1056 disciplinam

256 1056 381 1119 non
410 1069 792 1135 receperunt:
809 1065 1119 1124 devoravit
1139 1068 1377 1139 gladius
1394 1075 1590 1145 vester
1609 1073 1923 1145 prophetas

256 1153 700 1225 vestros,quasi
724 1152 818 1210 leo
848 1159 1115 1213 vastator
1134 1144 1437 1228 generatio
1463 1164 1682 1217 vestra.
1723 1161 1923 1218 Videte

252 1239 1116 1318 verbumDomini:Numquid
1133 1246 1392 1304 solitudo
1426 1248 1618 1305 factus
1658 1266 1792 1307 sum
1836 1251 1921 1306 Is-

252 1329 420 1396 raeli,
450 1334 555 1389 aut
590 1334 745 1387 terra
768 1333 1065 1391 serotina?
1081 1350 1266 1407 quare
1297 1352 1438 1409 ergo
1478 1338 1624 1395 dixit
1661 1338 1923 1412 populus

250 1433 428 1483 meus
446 1435 459 1474 :
475 1419 999 1491 Recessimus,non
1016 1424 1328 1481 veniemus
1344 1426 1499 1483 ultra
1515 1426 1592 1484 ad
1643 1428 1732 1484 te?
1744 1430 1923 1484 Num-

240 1507 399 1581 ,quid
423 1507 812 1565 obliviscetur
832 1510 1046 1568 mulier
1068 1514 1403 1571 ornamenti
1423 1515 1533 1581 sui,
1570 1520 1673 1572 aut
1701 1532 1924 1589 sponsa

252 1596 455 1654 fasciae
482 1598 799 1670 pectoralis
829 1615 950 1656 suae
966 1602 995 1657 τὶ
1006 1602 1265 1675 populus
1293 1608 1492 1661 autem
1519 1621 1687 1661 meus
1705 1605 1922 1662 oblitus

255 1688 344 1743 est
368 1685 488 1742 mei
508 1685 721 1743 diebus
741 1686 1100 1748 innumeris.
1130 1691 1285 1757 Quid
1314 1692 1517 1749 niteris
1573 1694 1799 1751 bonam
1831 1710 1923 1751 os.

2033 542 2115 630 Tu
2139 549 2361 614 autem,
2393 549 2742 617 Domine,ne
2771 552 2949 625 longe
2975 557 3164 616 facias
3194 542 3481 626 auxilium
3504 542 3682 630 ame:

2034 629 2113 685 ad
2140 630 2551 694 defensionem
2569 654 2771 697 meam
2794 644 3045 715 respice.
3079 648 3141 703 P.
3176 652 3491 717 Quoniam.
3549 629 3686 718 Νοὴ

2032 718 2278 775 dicatur
2297 722 2515 783 Gloria.

2103 808 2693 872 Preces.Clamemus
2720 833 2935 876 omnes
2964 838 3086 881 una
3104 839 3281 886 voce:
3306 830 3689 902 Domine,mi-

2036 907 2247 951 serere.
2277 898 2337 958 V.
2374 900 2485 966 Qui
2512 902 2729 961 ductus
2752 912 2819 963 ut
2848 908 3001 975 ovis,
3035 914 3419 986 cruciﬁgeris.
3462 921 3525 975 P.
3562 898 3690 980 'Do-

2032 983 2214 1040 mine.
2240 984 2303 1047 7?.
2337 989 2445 1054 Qui
2469 993 2758 1064 sanguine
2782 994 2917 1054 fuso
2947 998 3058 1057 das
3087 983 3339 1062 salutem
3357 1010 3686 1067 mundo.P.

2034 1073 2301 1131 Domine.
2323 1076 2386 1137 ἵ.
2430 1080 2539 1145 Qui
2566 1082 2837 1154 spiritum
2870 1091 3038 1145 tuum
3068 1090 3222 1148 Patri
3259 1099 3679 1158 commendas.

1980 1197 1988 1207 .
2030 1160 2089 1215 P.
2120 1161 2392 1222 Domine.
2453 1167 2518 1227 il.
2546 1170 2663 1227 Fac
2689 1187 2804 1228 nos
2831 1189 2939 1247 per
2993 1193 3232 1237 crucem
3264 1187 3429 1241 tuam
3474 1190 3689 1246 mereri

2029 1250 2298 1308 veniam.
2333 1256 2396 1310 P.
2441 1257 2709 1316 Domine.

2099 1335 2407 1406 Hymnus.
2448 1341 2492 1396 Ο
2524 1344 2839 1403 Nazarene.
2881 1348 3001 1417 fol.
3042 1353 3161 1408 144.

2104 1422 2327 1517 Oratio.
2354 1430 2661 1517 Inruentes
2683 1433 2744 1489 in
2766 1450 2862 1491 me
2894 1436 3097 1507 fortes,
3134 1442 3356 1502 Christe
3412 1447 3682 1517 Domine,

2029 1510 2258 1567 virtutis
2288 1517 2406 1570 tum
2430 1516 2631 1574 valore
2652 1536 2969 1595 compesce
2986 1541 2998 1581 :
3015 1529 3239 1602 quique
3258 1537 3424 1593 tuam
3464 1537 3525 1592 in
3552 1510 3687 1610 pas;

2030 1615 2195 1657 sione
2226 1617 2493 1661 animam
2520 1618 2985 1680 occupaverunt,
3007 1617 3159 1687 jugo
3195 1623 3489 1680 servitutis
3544 1632 3682 1695 tuae,

2030 1702 2240 1745 eorum
2266 1691 2570 1760 genimina
2599 1706 2965 1771 occupentur
2987 1709 3078 1761 :ut
3105 1710 3167 1763 tu
3198 1709 3360 1766 solus
3400 1691 3686 1772 Dominus

255 1774 498 1832 tendere
530 1775 689 1832 viam
714 1781 866 1833 tuam
886 1778 965 1834 ad
985 1780 1363 1852 quaerendam
1386 1782 1921 1857 dilectionem,qute
1955 1795 2000 1852 Β
2031 1776 2388 1850 Redemptor
2418 1783 2620 1840 saeculi
2641 1790 2991 1857 agnoscaris
3022 1808 3162 1851 cum
3178 1796 3238 1853 in
3255 1813 3573 1858 occursum
3587 1806 3688 1859 Ec-

260 1864 572 1936 insuperet
590 1865 845 1921 malitias
864 1869 997 1924 tuas
1020 1867 1416 1926 docuistivias
1436 1876 1588 1939 tuas,
1630 1876 1687 1929 et
1718 1873 1779 1928 in
1809 1872 1920 1928 alis

264 1950 381 2008 tuis
396 1952 774 2032 inventus_est
791 1956 1036 2025 sanguis
1056 1956 1396 2015 animarum
1408 1974 1735 2032 pauperum
1753 1962 1921 2017 inno-

262 2029 953 2100 centum?noninfossis
990 2045 1189 2102 inveni
1240 2062 1363 2117 eos,
1390 2029 1496 2104 sed
1539 2029 1598 2105 in
1640 2049 1920 2106 omnibus

266 2145 403 2203 quae
418 2147 602 2204 supra
619 2133 1045 2190 memoravi.Et
1062 2134 1258 2191 dixisti
1277 2152 1287 2190 :
1307 2136 1486 2209 280
1526 2137 1765 2211 Absque
1790 2152 1922 2211 pec-

263 2223 397 2276 cato
412 2224 467 2275 et
494 2221 786 2278 innocens
801 2235 911 2293 ego
925 2239 1057 2279 sum
1084 2240 1096 2279 :
1115 2228 1173 2281 et
1191 2232 1504 2298 propterea
1517 2233 1818 2284 avertatur
1829 2227 1920 2285 fu-

260 2324 358 2364 ror
392 2312 532 2365 tuus
556 2325 592 2365 a
612 2326 728 2366 me.
754 2313 946 2381 Etego
966 2312 1192 2383 judicio
1210 2315 1566 2373 contendam
1602 2321 1819 2387 tecum,
1850 2332 1922 2374 eo

257 2398 428 2471 quod
444 2398 691 2455 dixeris:
715 2403 838 2456 Non
853 2402 1318 2473 peccavi.Quam
1332 2404 1626 2462 vilisfacta
1638 2422 1702 2463 es
1719 2406 1919 2469 nimis,

256 2489 486 2545 iterans
506 2487 635 2544 vias
674 2490 846 2545 tuas?
863 2489 1007 2546 etab
1045 2494 1298 2564 Egypto
1338 2494 1738 2564 confunderis,
1773 2495 1925 2553 sicut

256 2576 513 2653 confusa
526 2593 587 2633 es
601 2576 673 2632 ab
689 2578 1036 2635 Assur.Nam
1050 2579 1188 2634 etab
1202 2581 1311 2636 ista
1324 2582 1925 2654 egredieris,etmanus

256 2669 374 2720 tuae
404 2668 781 2737 eruntsuper
797 2670 1500 2740 caputtuumzquoniam
1541 2670 1781 2727 obtrivit
1819 2674 1927 2728 Do-

256 2753 1113 2819 minuscontidentiamtuam,
1146 2757 1371 2813 etnihil
1415 2757 1646 2815 habetis
1686 2774 1928 2833 prospe-

258 2858 425 2898 rum.
450 2842 641 2915 Vulgo
668 2842 907 2899 dicitur:
938 2843 1299 2902 Sidimiserit
1341 2846 1426 2902 vir
1443 2862 1689 2904 uxorem
1729 2864 1924 2918 suam,

258 2935 314 2989 et
330 2930 626 2987 recedens
650 2930 728 2987 ab
751 2931 1295 2997 eo,duxeritvirum
1317 2935 1567 2991 alterum
1594 2956 1606 2995 :
1630 2938 1930 3010 numquid

256 3023 598 3077 revertetur
627 3020 704 3076 ad
723 3036 856 3076 eam
877 3020 1469 3096 ulterius?numquid
1488 3040 1606 3081 non
1618 3025 1846 3098 polluta
1874 3031 1931 3082 et

2029 1864 2223 1922 clesiae
2252 1870 2369 1922 tuas
2398 1872 2746 1930 surrexeris.

2101 1956 2273 2012 Pater
2300 1962 2521 2016 noster.

2462 2124 2465 2127 Α
2656 2051 2751 2108 Ad
2792 2054 3047 2115 Nonum.

2246 2135 2712 2196 Proverbiorum
2760 2143 3096 2203 Salomonis
3143 2148 3320 2220 (Cap.
3351 2152 3472 2224 xu).

2101 2230 2165 2291 ἢ.
2188 2222 2308 2279 Deo
2338 2226 2582 2295 gratias.

2104 2309 2459 2404 Fili,fructus
2477 2315 2620 2385 justi
2645 2314 2881 2389 lignum
2904 2321 2960 2378 vi
2970 2326 3039 2378 tre
3063 2328 3149 2382 :et
3171 2327 3276 2399 qui
3306 2331 3691 2404 suscipitani.

2032 2415 2184 2467 mas,
2217 2402 2456 2474 sapiens
2486 2410 2592 2462 est.
2621 2407 2677 2463 Si
2693 2408 2891 2478 justus
2914 2410 2975 2468 in
3006 2417 3161 2472 terra
3196 2418 3420 2491 recipit,
3463 2402 3689 2493 quanto

2033 2490 2227 2582 magis
2258 2496 2554 2582 peccator,
2573 2498 2630 2551 et
2655 2494 2878 2569 impius
2893 2500 2921 2555 ?
2943 2501 3051 2565 Qui
3078 2490 3689 2582 diligitdisciplinam,

2034 2577 2224 2667 diligit
2244 2579 2549 2638 scientiam
2575 2584 2709 2656 :qui
2729 2590 2931 2643 autem
2962 2590 3087 2646 odit
3107 2577 3568 2667 increpationes,
3601 2577 3691 2655 in;

2036 2665 2258 2737 sipiens
2285 2669 2507 2735 est.Qui
2532 2670 2731 2728 bonus
2752 2675 3110 2740 est,haurita
3133 2665 3385 2741 Domino
3401 2665 3686 2755 gratiam:

2037 2754 2141 2825 qui
2163 2759 2364 2846 autem
2383 2758 2630 2815 confidit
2648 2760 2709 2816 in
2731 2763 3189 2833 cogitationibus
3206 2754 3535 2846 suis,impie
3549 2777 3688 2846 agit.

2038 2843 2170 2899 Non
2190 2844 2570 2903 roborabitur
2597 2848 2783 2907 homo
2802 2867 2875 2907 ex
2895 2852 3199 2925 impietate
3224 2874 3235 2914 :
3253 2864 3307 2916 et
3322 2843 3491 2918 radix
3507 2843 3694 2935 justo-

2037 2946 2174 2987 rum
2202 2946 2325 2988 non
2352 2937 3055 2999 commovebitur.Mulier
3069 2944 3324 3015 diligens
3354 2965 3578 3009 corona
3605 2958 3695 3009 est

2038 3019 2164 3076 viro
2186 3037 2327 3078 suo:
2352 3026 2409 3079 et
2438 3024 2692 3095 putredo
2715 3029 2956 3085 ossibus
2983 3032 3135 3103 ejus,
3175 3051 3312 3107 quas
3344 3040 3693 3098 confusione

261 3109 683 3166 contaminata
707 3110 814 3165 erit
840 3109 1050 3166 mulier
1077 3110 1221 3167 illa?
1252 3116 1317 3168 tu
1338 3113 1844 3172 autemfornicata
1864 3130 1928 3172 es
1966 3138 2008 3194 ο
2039 3125 2133 3167 res
2160 3110 2377 3182 dignas
2408 3114 2575 3183 gerit.
2608 3117 3003 3187 Cogitationes
3025 3122 3326 3193 justorum
3351 3128 3577 3199 judicia
3599 3148 3616 3189 :
3638 3135 3695 3187 et

260 3214 407 3255 cum
438 3198 809 3254 amatoribus
837 3198 1077 3255 multis:
1110 3204 1310 3257 tamen
1358 3208 1649 3259 revertere
1699 3204 1777 3260 ad
1808 3220 1924 3270 me,

260 3287 413 3344 dicit
430 3287 745 3343 Dominus.
783 3299 844 3359 ἢν.
875 3292 1082 3345 Amen.

334 3376 689 3447 Antiphone:
754 3382 796 3432 ί.
854 3377 1209 3436 Observabit
1270 3384 1549 3452 peccator
1595 3382 1931 3454 justum:et

259 3469 495 3541 quaeret
521 3466 770 3539 perdere
791 3482 929 3523 eum
951 3484 964 3523 :
986 3468 1046 3523 P.
1075 3468 1364 3526 Dominus
1390 3474 1593 3527 autem
1623 3487 1747 3528 non
1766 3471 1931 3529 dere-

262 3554 440 3628 liquit
456 3553 648 3611 illum.
666 3554 727 3615 V.
750 3558 1080 3628 Expectans
1101 3558 1405 3631 expectavi
1428 3560 1933 3633 Dominum,etin—

262 3643 457 3701 tendit
508 3643 676 3699 mihi.
728 3645 795 3700 Et
814 3645 1072 3717 respexit
1122 3662 1239 3712 me,
1269 3662 1342 3703 ex
1394 3649 1695 3707 exaudivit
1721 3649 1929 3724 depre-

266 3731 571 3789 cationem
598 3746 821 3787 meam.
850 3734 908 3786 P.
945 3733 1251 3789 Dominus.

345 3818 570 3874 Oratio.
595 3817 904 3884 Observat,
934 3819 1203 3887 Domine,
1220 3826 1500 3893 peccator
1505 3823 1527 3894 j
1538 3827 1759 3893 ustum,
1793 3825 1931 3882 insi-

270 3907 453 3962 dians
478 3904 893 3962 ﬁdelissimum
938 3921 1180 3978 gregem
1222 3912 1391 3964 tuum
1426 3911 1499 3965 ad
1556 3913 1932 3984 perdendum

273 4008 417 4050 eum
445 3993 744 4049 viventem
776 4010 849 4050 ex
877 3994 1017 4061 fide,
1046 3998 1104 4051 et
1126 3995 1200 4051 de
1230 4000 1335 4051 tua
1364 3997 1771 4056 misericordia
1791 4018 1935 4074 prae-

271 4086 634 4139 sumentem.
658 4083 786 4138 Non
817 4097 961 4153 ergo
984 4098 1099 4140 nos
1122 4084 1417 4155 perituros
1447 4085 1827 4161 derelinquas
1872 4090 1935 4146 in

271 4170 561 4230 manibus
590 4171 756 4243 ejus;
788 4171 892 4244 qui
913 4176 1153 4245 propter
1177 4172 1463 4245 nosligno
1489 4176 1689 4231 Crucis
1720 4177 1936 4234 affixus

272 4278 359 4318 es.
392 4272 457 4331 ἢ.
480 4265 695 4317 Amen.

344 4349 693 4421 Antiphona
720 4355 773 4406 2.
797 4349 950 4413 Quid
972 4350 1242 4422 gloriaris
1261 4352 1321 4409 in
1336 4353 1693 4428 malitia,qui
1725 4360 1936 4429 potens

271 4457 337 4498 es
368 4439 679 4511 iniquitate
699 4440 727 4496 ?
750 4439 811 4493 P.
842 4442 987 4496 Tota
1005 4440 1101 4497 die
1134 4440 1483 4513 injustitiam
1508 4443 1813 4514 cogitabat
1832 4445 1938 4502 lin-

274 4544 400 4601 gua
425 4533 547 4584 tua.
575 4528 643 4587 ἲν.
686 4527 949 4584 Dilexisti
994 4528 1355 4601 injustitiam
1387 4547 1568 4604 super
1599 4532 1935 4605 benignita-

273 4624 435 4685 tem;
463 4617 835 4689 iniquitatem
864 4618 1055 4688 magis
1081 4634 1269 4691 quam
1288 4618 1453 4692 loqui
1485 4622 1926 4694 mquitatemP.

276 4707 446 4764 Tota.

351 4796 576 4852 Oratio.
602 4797 774 4862 Deus,
798 4796 901 4869 qui
934 4796 1288 4867 gloriantem
1311 4801 1519 4855 contra
1546 4803 1601 4854 te
1617 4798 1678 4855 in
1705 4799 1937 4857 malitia

276 4883 647 4957 discipulum
676 4885 1033 4958 pateris;da
1082 4885 1257 4943 nobis
1314 4886 1651 4944 sublimiter
1696 4888 1936 4959 gloriari

277 4971 673 5046 passionibus
701 4972 854 5029 tuis:
887 4980 951 5031 ut
977 4989 1159 5047 quem
1185 4972 1411 5031 malitia
1437 4977 1690 5048 porrecti
1728 4993 1937 5034 arcum

278 5061 505 5118 doloris
534 5061 756 5131 emisit;
790 5063 873 5119 sic
900 5062 1197 5136 spiculum
1224 5063 1485 5120 vulneris
1514 5064 1575 5121 in
1601 5081 1671 5122 eo
1690 5066 1939 5123 creduli-

279 5156 371 5207 tas
400 5148 624 5220 deﬁgat
652 5150 987 5209 voluntaria
1017 5168 1126 5208 sua
1155 5152 1551 5210 confessione.
1584 5165 1647 5226 ηρ.
1712 5159 1927 5212 Amen.

353 5238 702 5309 Antiphona
734 5241 786 5295 3.
816 5242 1131 5298 Inruerunt
1154 5242 1213 5297 in
1237 5257 1333 5297 me
1362 5242 1559 5310 fortes,
1609 5258 1940 5317 occupave-

279 5332 421 5386 runt
448 5328 717 5385 animam
745 5344 963 5386 meam.
992 5332 1050 5385 P.
1071 5332 1299 5401 Exurge
1329 5330 1475 5387 mihi
1496 5332 1558 5387 in
1597 5347 1936 5402 occursum,

282 5416 535 5473 Domine
563 5418 715 5473 Deus
740 5433 931 5475 meus.
960 5416 1023 5479 iv.
1048 5417 1310 5475 Dilexisti
1338 5420 1544 5477 omnia
1572 5420 1754 5478 verba
1790 5436 1938 5494 pras-

284 5504 668 5578 cipitationis,
697 5505 907 5578 lingua
934 5505 1166 5565 dolosa.
1204 5510 1263 5563 P.
1306 5510 1555 5578 Exurge.

358 5606 423 5665 It.
448 5595 604 5654 Deus
632 5609 827 5669 meus,
868 5611 943 5655 ne
972 5596 1269 5668 elongeris
1311 5612 1350 5656 a
1395 5612 1512 5665 me,
1543 5598 1600 5654 P.
1641 5599 1941 5665 Quoniam

2041 3200 2289 3257 consilia
2312 3201 2635 3274 impiorum
2648 3204 3587 3289 fraudulenta.Verbaimpiorum
3609 3219 3694 3275 in-

2040 3289 2332 3346 sidiantur
2362 3292 2673 3361 sanguini:
2692 3310 2760 3351 os
2778 3294 3080 3367 justorum
3108 3300 3384 3361 liberabit
3398 3310 3696 3364 eos.Verte

2038 3377 2278 3450 impios,
2310 3382 2367 3435 et
2390 3393 2513 3435 non
2541 3385 2748 3439 erunt:
2774 3384 2992 3443 domus
3018 3392 3219 3446 autem
3236 3391 3540 3463 justorum
3560 3411 3694 3469 per-

2038 3466 2333 3524 manebit.
2373 3478 2437 3537 m.
2464 3470 2673 3527 Amen.

2146 3557 2343 3614 Lectio
2367 3558 2502 3615 libri
2528 3561 2825 3619 Samuelis
2854 3562 3064 3634 (Primi
3088 3568 3229 3640 Reg.
3262 3585 3395 3641 cap.
3425 3580 3584 3639 xvn).

2110 3656 2174 3714 1y.
2206 3645 2329 3702 Deo
2345 3647 2587 3716 gratias.

2113 3737 2176 3788 ln
2198 3732 2314 3789 illis
2330 3734 2918 3796 diebus:AitDavid:
2947 3741 3237 3800 Dominus
3280 3747 3384 3819 qui
3422 3750 3573 3806 eruit
3600 3764 3698 3807 me

2040 3820 2115 3877 de
2132 3837 2317 3879 manu
2338 3822 2545 3891 leonis,
2580 3830 2637 3882 et
2659 3827 2733 3883 de
2763 3844 2951 3886 manu
2975 3832 3120 3903 ursi,
3145 3833 3263 3907 ipsi
3298 3835 3577 3896 liberabit
3600 3855 3697 3897 me

2041 3909 2117 3966 de
2139 3926 2326 3967 manu
2347 3910 2670 3971 Philisthaai
2696 3915 2899 3987 hujus.
2940 3920 3006 3975 Et
3026 3921 3173 3978 dixit
3194 3924 3333 3979 Saul
3360 3925 3436 3982 ad
3463 3928 3651 3984 David
3678 3946 3692 3983 :

2044 3997 2289 4067 Vade,et
2316 3999 2603 4056 Dominus
2634 4007 2926 4061 tecum.Et
2955 4005 3305 4067 induitSaul
3327 4014 3513 4070 David
3526 4016 3699 4072 vesti-

2044 4086 2262 4141 mentis
2290 4087 2495 4153 suis,et
2518 4087 2806 4161 imposuit
2829 4093 3067 4163 galeam
3080 4112 3300 4154 aeream
3314 4115 3494 4170 super
3514 4107 3701 4174 caput

2046 4174 2195 4245 ejus,
2219 4178 2274 4230 et
2306 4176 2520 4232 vestitit
2544 4192 2683 4233 eum
2721 4179 2923 4238 lorica.
2956 4184 3268 4241 Accinctus
3315 4202 3457 4259 ergo
3512 4189 3697 4247 David

2047 4261 2249 4334 gladio
2267 4262 2395 4334 ejus
2417 4280 2596 4337 super
2608 4270 2767 4322 veste
2790 4271 3104 4343 sua,caepit
3123 4276 3351 4331 tentare
3364 4276 3413 4331 si
3430 4282 3699 4335 armatus

2047 4357 2250 4426 posset
2263 4352 2537 4410 incedere
2555 4370 2569 4422 ;
2590 4370 2712 4412 non
2725 4357 2883 4413 enim
2901 4358 3163 4417 habebat
3179 4366 3695 4424 consuetudinem.

2047 4440 2317 4514 Dixitque
2346 4441 2529 4498 David
2554 4442 2633 4500 ad
2661 4444 2801 4501 Saul
2826 4494 2839 4505 .
2874 4449 3000 4503 Non
3021 4465 3273 4521 possum
3302 4452 3695 4513 sicincedere.

2045 4531 2190 4604 quia
2209 4546 2319 4586 nec
2344 4547 2521 4588 usum
2547 4531 2837 4592 habeo.Et
2859 4535 3140 4610 deposuit
3159 4545 3311 4607 ea,et
3342 4541 3477 4599 tulit
3512 4542 3696 4601 bacu-

2044 4618 2168 4675 lum
2181 4634 2365 4692 quem
2386 4636 2622 4694 semper
2633 4622 2897 4681 habebat
2913 4625 2975 4682 in
2990 4626 3279 4685 manibus
3301 4630 3574 4701 :etelegit
3586 4633 3700 4689 sibi

2045 4708 2309 4782 quinque
2334 4708 2791 4781 limpidissimos
2811 4712 3043 4785 lapides
3062 4715 3137 4772 de
3169 4721 3445 4786 torrente,
3473 4720 3702 4778 etmisit

2044 4796 2104 4852 in
2119 4812 2328 4868 peram
2340 4798 2726 4869 pastoralem,
2757 4817 2941 4873 quam
2954 4802 3219 4861 habebat
3238 4822 3464 4874 secum,
3487 4813 3545 4865 et
3573 4807 3700 4866 fun-

2046 4887 2174 4943 dam
2190 4886 2251 4942 in
2268 4903 2445 4944 manu
2459 4887 2585 4944 tulit
2602 4906 2615 4943 :
2630 4892 2687 4945 et
2698 4892 3267 4961 processitadversus
3286 4896 3699 4957 Philisthaeum.

2046 4975 2176 5032 Ibat
2190 4980 2388 5032 autem
2407 4976 2782 5035 Philisthaeus
2795 4980 3227 5055 incedens,28
3239 4986 3281 5056 1
3306 4990 3363 5043 et
3384 4991 3704 5062 appropin-

2048 5065 2583 5137 quausadversum
2598 5066 2806 5135 David,
2835 5073 2892 5125 et
2912 5070 3173 5143 armiger
3208 5074 3487 5145 ejusante
3525 5093 3691 5135 eum.

2049 5155 2316 5227 Cumque
2342 5154 2697 5227 inspexisset
2726 5158 3114 5227 Philisthaeus,
3139 5166 3196 5219 et
3216 5164 3462 5222 vidisset
3491 5164 3697 5232 David,

2048 5242 2631 5315 despexiteum.Erat
2643 5245 2802 5302 enim
2817 5246 3441 5321 adolescens,rufus,et
3456 5252 3703 5325 pulcher

2050 5339 2314 5404 aspectu.
2348 5335 2414 5389 Et
2441 5333 2588 5390 dixit
2614 5334 2989 5393 Philisthzeus
3019 5338 3099 5395 ad
3146 5340 3366 5397 David:
3400 5341 3702 5412 Numquid

2050 5436 2161 5492 ego
2191 5421 2356 5478 canis
2382 5424 2712 5497 sum,quod
2736 5428 2797 5482 tu
2821 5426 3032 5483 venisti
3052 5428 3131 5484 ad
3158 5444 3254 5485 me
3272 5445 3410 5485 cum
3435 5427 3651 5484 baculo
3671 5422 3701 5483 ?

2051 5512 2117 5565 Et
2139 5509 2448 5568 maledixit
2471 5511 2852 5571 Philisthaeus
2898 5515 3087 5572 David
3115 5516 3176 5572 in
3203 5516 3320 5572 diis
3368 5516 3521 5570 suis:
3547 5513 3703 5572 Dixit

2051 5614 2172 5671 que
2201 5598 2282 5658 ad
2312 5600 2503 5659 David
2534 5619 2548 5658 :
2582 5602 2724 5660 Veni
2748 5600 2949 5668 adme,
2998 5606 3057 5661 et
3108 5603 3270 5661 dabo
3300 5616 3510 5661 carnes
3567 5604 3701 5659 tuas
