4192 6398
216 313 327 371 485

1369 302 1718 375 DOMINICA
1758 316 1830 373 IV
1870 302 2485 385 QUADHAGESIMAB.

3530 328 3640 386 486

217 448 381 504 cium
417 464 619 503 meum
646 465 659 515 ;
688 449 839 505 Deus
863 466 1051 517 meus,
1080 453 1136 507 et
1166 450 1453 507 Dominus
1470 467 1639 507 meus
1666 450 1724 505 in
1745 466 1883 507 cau-
1911 436 1957 497 A
1993 443 2214 500 lumbis
2234 446 2383 502 meis
2398 461 2518 503 non
2536 446 2819 519 pepercit,
2848 448 2908 504 et
2930 449 3137 505 effudit
3153 450 3214 507 in
3233 453 3390 508 terra
3406 451 3637 512 viscera

219 553 352 592 sam
378 553 607 592 meam.
643 537 707 591 P.
736 540 863 593 Non
888 539 1374 611 supergaudeant
1412 540 1485 595 de
1514 555 1607 595 me
1654 537 1881 595 inimici
1990 547 2147 589 mea.

215 626 357 693 mei,
374 641 574 698 neque
590 625 862 682 dicantin
881 627 1057 683 corde
1080 644 1188 684 suo
1218 643 1229 681 :
1261 628 1692 684 Devorahimus
1718 643 1875 683 eum.

2061 622 2327 679 Concidit
2351 622 2413 679 in
2444 638 2539 679 me
2554 623 2819 695 vulnera,
2852 627 2909 681 et
2937 640 3114 698 super
3140 626 3361 683 vulnus
3385 629 3635 686 irruitin

214 714 277 775 ὴ.
312 714 778 771 Confundantur
807 720 863 771 et
886 722 1269 772 revereantur
1305 732 1514 772 omnes
1545 716 1739 779 simul,
1774 716 1877 788 qui
1986 723 2083 766 me
2109 713 2281 784 quasi
2314 712 2547 783 gigans.
2580 715 2599 733 ⁹
2621 716 2871 771 Saccum
2900 730 3097 771 meum
3113 717 3324 772 consui
3342 734 3519 789 super
3538 736 3637 775 cu-

214 808 501 877 quaerunt
521 803 787 859 animam
806 820 1030 860 meam.
1056 806 1128 863 P.
1153 806 1281 861 Non
1300 806 1801 878 supergaudeant.

285 891 523 948 Oratio.
554 891 710 947 Deus
740 897 942 949 noster
978 897 1034 949 et
1067 894 1311 950 Domine
1342 896 1480 950 Jesu
1512 894 1757 959 Christe,
1812 897 1870 949 tu

214 997 455 1054 semper
469 980 679 1037 adesto
697 981 757 1037 in
771 998 955 1038 causa
968 982 1240 1039 Ecclesiae
1256 988 1371 1038 tuae
1394 1002 1405 1051 ;
1424 999 1523 1055 per
1539 999 1723 1055 quam
1736 997 1872 1039 eam

213 1070 508 1143 patienter
533 1069 840 1127 discernas
864 1086 899 1126 a
921 1072 1144 1127 caeteris
1167 1090 1185 1143 ;
1214 1072 1318 1145 qui
1340 1070 1499 1128 solus
1520 1087 1629 1145 pro
1654 1086 1725 1128 ea
1744 1086 1871 1145 per-

212 1160 391 1215 tulisti
422 1158 677 1215 vulnera
706 1160 1034 1232 passionis.
1066 1171 1128 1231 ηε.
1153 1162 1359 1217 Amen.

280 1259 346 1321 1p.
383 1247 812 1315 Contumelias,
840 1255 894 1306 et
931 1250 1362 1322 improperium
1384 1265 1603 1322 passus
1631 1265 1764 1305 sum
1796 1248 1874 1306 ab

210 1337 292 1394 eis
319 1354 332 1393 :
368 1341 424 1393 et
451 1337 713 1409 proximi
738 1339 877 1403 mei,
897 1336 1003 1411 qui
1024 1339 1438 1395 custodiebant
1457 1338 1612 1395 latus
1646 1353 1871 1405 meum,

209 1426 521 1482 dicebant:
541 1425 921 1497 Decipiamus
946 1443 1108 1496 eum,
1128 1432 1183 1484 et
1201 1426 1639 1499 praevaleamus
1657 1427 1727 1483 ei.
1760 1425 1871 1483 Sed

208 1520 287 1581 tu,
313 1512 594 1582 Domine,
617 1531 857 1571 mecum
880 1531 941 1571 es
967 1517 1141 1589 quasi
1161 1516 1410 1572 bellator
1430 1516 1593 1572 fortis
1617 1533 1627 1572 :
1654 1516 1873 1573 cadant

204 1606 264 1660 in
296 1601 700 1675 obprobrium
725 1604 1158 1677 sempiternum
1193 1622 1205 1660 :
1237 1607 1308 1661 P.
1343 1607 1409 1661 Et
1430 1605 1662 1660 videam
1686 1604 1870 1660 vindi.

201 1697 355 1750 ctam
388 1692 451 1747 in
486 1692 577 1747 eis
611 1710 624 1744 :
653 1693 799 1765 quia
830 1693 930 1750 tibi
978 1694 1234 1750 revelavi
1273 1710 1517 1751 causam
1549 1708 1771 1750 meam.
1802 1693 1865 1754 ὴ.

1984 793 2105 855 tem
2136 815 2354 866 meam,
2386 805 2443 858 et
2468 803 2671 873 operui
2702 804 2897 860 cinere
2928 819 3171 861 carnem
3198 820 3420 861 meam.

2054 889 2255 944 Facies
2286 904 2423 946 mea
2451 890 2733 950 intumuit
2772 909 2809 951 a
2835 893 2999 959 ﬂetu,
3025 894 3048 918 "
3074 897 3132 949 et
3153 892 3461 966 palpebras
3486 910 3636 953 mete

1979 976 2411 1049 caligaverunt.

2054 1070 2186 1123 Haec
2215 1084 2428 1140 passus
2446 1084 2581 1125 sum
2598 1069 2826 1143 absque
2839 1071 3145 1145 iniquitate
3175 1087 3395 1130 manus
3424 1087 3598 1144 meai,
3617 1072 3636 1093 '

1983 1172 2118 1213 cum
2141 1156 2485 1214 exhiberem
2511 1159 2773 1217 mundae
2793 1161 2871 1217 ad
2904 1163 3092 1217 Deum
3122 1177 3347 1233 preces.

2052 1248 2227 1302 Terra
2246 1261 2320 1302 ne
2332 1248 2560 1319 operiat
2579 1250 2932 1321 sanguinem
2950 1265 3178 1318 meum,
3204 1253 3226 1275 "
3255 1266 3452 1323 neque
3472 1251 3637 1310 inve-

1980 1334 2105 1391 niat
2128 1335 2189 1391 in
2220 1339 2274 1391 te
2301 1336 2502 1392 locum
2531 1336 2755 1393 latendi
2782 1337 3010 1395 clamor
3046 1354 3237 1396 meus.

2052 1425 2194 1479 Ecce
2222 1424 2382 1481 enim
2397 1424 2457 1481 in
2480 1426 2630 1483 caelo
2646 1426 2811 1483 testis
2835 1443 3027 1498 meus,
3055 1428 3077 1451 "
3096 1433 3155 1485 et
3170 1430 3444 1486 conscius
3459 1444 3631 1487 meus

1978 1511 2040 1568 in
2069 1512 2333 1570 excelsis.

2052 1603 2274 1659 Oratio.
2306 1605 2443 1659 Iesu
2466 1604 2735 1671 Domine,
2768 1604 2873 1677 qui
2903 1605 3169 1663 dolorem
3191 1607 3465 1664 Ecclesiae
3485 1611 3626 1677 tuae,

1977 1691 2143 1763 quod
2166 1690 2243 1748 ad
2272 1688 2529 1748 nihilum
2559 1693 2802 1750 redacta
2832 1696 2970 1750 sunt
2998 1710 3138 1752 ossa
3167 1697 3318 1768 ejus,
3346 1697 3481 1769 pius
3518 1713 3628 1768 gu-

200 1782 283 1837 Da
312 1780 468 1837 ﬁlios
502 1796 707 1837 eorum
741 1781 799 1837 in
817 1781 997 1849 fame,
1033 1787 1089 1838 et
1114 1782 1309 1838 deduc
1338 1798 1437 1838 eos
1461 1782 1520 1838 in
1543 1798 1724 1838 manu
1745 1780 1866 1852 gla-
1904 1790 1948 1846 Β
1976 1778 2260 1837 bernator
2282 1779 2556 1850 intelligis
2582 1798 2596 1848 ;
2624 1782 2771 1838 dum
2810 1783 2957 1839 alios
2987 1788 3155 1841 extra
3186 1800 3321 1842 eam
3352 1787 3629 1843 tentatio«

200 1869 280 1926 dii
312 1886 323 1926 :
356 1869 507 1926 ﬁant
540 1885 758 1925 uxores
790 1886 999 1926 eorum
1026 1869 1255 1944 absque
1283 1870 1501 1937 liberis,
1537 1876 1591 1926 et
1618 1871 1811 1926 viduae
1847 1888 1860 1928 :

209 1964 263 2015 et
287 1958 386 2014 viri
428 1974 642 2014 eorum
673 1957 1106 2016 interﬁciantur
1134 1966 1341 2017 morte.
1388 1959 1456 2017 P.
1500 1961 1563 2016 Et
1600 1959 1862 2015 videam.

202 2047 333 2104 Non
364 2047 616 2104 dicatur
647 2046 865 2105 Gloria.

270 2135 496 2194 Oratio.
531 2136 689 2202 Quid
718 2137 838 2203 tibi,
874 2136 1144 2203 Domine,
1171 2154 1206 2194 a
1236 2140 1289 2194 te
1318 2136 1573 2194 formata
1598 2142 1868 2195 creatura

201 2227 485 2297 restituat,
524 2241 639 2298 pro
669 2241 793 2297 qua
817 2226 1309 2298 exprobrantium
1342 2226 1669 2298 obprobria
1697 2226 1868 2282 susti-

200 2332 389 2384 mens,
423 2317 597 2373 solus
624 2316 841 2372 sedens
860 2318 1325 2373 comminatione
1353 2317 1609 2390 repletus
1635 2317 1740 2372 es?
1760 2318 1866 2373 Pro

199 2405 420 2478 quibus
451 2422 603 2477 ergo
654 2411 820 2462 tanta
862 2407 1219 2479 passionum
1268 2406 1516 2463 vulnera
1556 2405 1866 2476 sustulisti,

201 2510 582 2567 quaesumus,
597 2499 662 2552 ut
678 2510 799 2561 eos,
814 2510 925 2551 nec
942 2494 1137 2550 carnis
1152 2494 1536 2567 passionibus
1549 2494 1742 2566 dejici,
1758 2508 1867 2550 nec

202 2582 416 2639 Inferni
446 2582 704 2658 patiaris
731 2581 1017 2640 barathro
1044 2582 1314 2655 dimergi.
1346 2593 1412 2653 B1.
1443 2588 1652 2639 Amen.

816 2699 890 2755 In
922 2699 1245 2755 Laudibus.

267 2821 649 2893 Antiphona.
674 2824 737 2877 in
762 2819 1179 2894 iniquitatibus
1214 2834 1327 2891 ego
1347 2824 1671 2893 conceptus
1691 2834 1825 2876 sum
1848 2834 1865 2877 :

200 2914 254 2967 et
281 2910 343 2967 in
383 2910 654 2985 peccatis
686 2910 909 2983 peperit
936 2925 1032 2966 me
1056 2914 1247 2965 mater
1275 2925 1429 2965 mea.
1459 2908 1585 2965 Tibi
1606 2909 1715 2965 soli
1735 2924 1871 2981 pec-

198 3004 349 3067 cavi,
392 3000 675 3068 Domine,
705 3005 759 3055 et
812 2999 1043 3055 malum
1074 3014 1279 3056 coram
1318 3004 1370 3055 te
1399 2998 1509 3056 feci
1543 3013 1557 3052 :
1590 2998 1871 3056 miserere

199 3091 335 3147 mei.
359 3092 647 3148 Psalmus
673 3103 722 3143 ι.

270 3180 496 3236 Oratio.
522 3178 999 3251 Agnoscentibus
1024 3176 1201 3234 nobis
1230 3175 1571 3250 iniquitates
1604 3180 1865 3243 nostras,

201 3272 257 3324 et
273 3269 525 3340 propria
548 3268 654 3324 tibi
674 3267 926 3323 Domine
948 3266 1283 3338 pandentes
1305 3266 1561 3337 piacula,
1577 3267 1626 3335 ej
1637 3265 1870 3322 ulantes

201 3355 553 3429 lachrymis,
582 3361 818 3428 pectore
838 3356 1149 3412 verberato
1173 3355 1473 3427 supplices
1493 3370 1738 3411 oramus
1762 3372 1774 3410 :
1804 3356 1870 3411 ut

206 3450 445 3502 avertas
462 3461 498 3501 a
514 3446 733 3501 nostris
752 3444 1075 3500 sceleribus
1102 3444 1315 3500 faciem
1329 3448 1492 3499 tuam
1520 3460 1533 3509 ;
1563 3448 1619 3499 et
1639 3442 1865 3508 deleas,

202 3548 338 3606 quae
357 3533 655 3605 gessimus
676 3538 890 3590 cuncta
910 3538 1151 3604 peccata
1172 3548 1185 3587 :
1214 3535 1359 3589 Crea
1375 3534 1594 3604 itaque,
1614 3536 1785 3603 Deus,
1807 3533 1868 3588 in

202 3625 384 3680 corde
406 3628 631 3689 nostro,
656 3624 821 3696 quod
846 3638 1013 3678 ames
1041 3628 1126 3678 :et
1145 3622 1565 3694 propitiatione
1590 3623 1763 3678 solita
1784 3622 1868 3677 di-

199 3712 390 3779 mitte,
409 3712 571 3783 quod
595 3712 730 3767 odis
762 3728 774 3765 :
798 3726 867 3767 ac
888 3713 934 3765 si
958 3718 1011 3767 te
1030 3710 1242 3766 crebro
1263 3712 1340 3766 ad
1360 3711 1743 3766 irascendum
1765 3724 1871 3766 no-

200 3806 326 3857 stra
357 3799 571 3870 iniqua
609 3804 972 3871 exasperant
993 3800 1171 3865 vitia;
1198 3802 1301 3854 tua
1330 3803 1385 3853 te
1414 3799 1588 3855 nobis
1609 3800 1871 3870 placabi-

194 3889 317 3944 lem
338 3887 558 3942 reddat
588 3887 962 3955 indulgentia
991 3886 1255 3957 copiosa.
1290 3897 1353 3955 ﬁ.
1384 3888 1595 3941 Amen.

269 3974 652 4043 Antiphona.
687 3977 832 4029 Ecce
859 3976 919 4029 in
950 3973 1115 4030 caalis
1142 3978 1229 4029 est
1246 3974 1431 4044 judex
1449 3988 1639 4044 meus,
1665 3978 1872 4029 etcon-

194 4065 357 4122 scius
386 4078 563 4119 meus
588 4064 649 4119 in
680 4063 953 4119 excelsis.

602 4172 912 4229 Canticum
945 4170 1077 4228 Job.
1105 4164 1279 4243 (Cap.
1314 4172 1453 4242 xvx).

268 4286 440 4340 Nunc
476 4297 612 4337 ecce
643 4280 949 4354 Oppressit
979 4296 1073 4336 me
1096 4278 1267 4335 dolor
1295 4295 1477 4345 meus,
1503 4278 1525 4301 ‘
1555 4276 1690 4335 etin
1714 4277 1867 4335 nihi-

198 4370 326 4429 lum
354 4371 581 4429 redacti
621 4377 760 4427 sunt
788 4387 998 4427 omnes
1025 4374 1189 4426 artus
1222 4368 1359 4425 mei.

274 4460 599 4532 Rugientes
654 4460 1060 4516 testimonium
1104 4458 1321 4552 dicunt.
1368 4461 1574 4514 contra
1620 4473 1736 4520 me,
1763 4458 1867 4515 “et
1897 4496 1944 4552 Π

210 4551 530 4607 suscitatur
542 4549 895 4622 falsiloquus
909 4549 1196 4606 adversus
1210 4546 1413 4605 faciem
1445 4563 1621 4604 meam
1638 4548 1866 4604 contra-

208 4639 411 4696 dicens
441 4639 609 4696 mihi.

279 4728 523 4799 Collegit
542 4728 803 4784 furorem
828 4745 1003 4784 suum
1027 4726 1087 4783 in
1106 4743 1220 4793 me,
1245 4730 1299 4783 et
1318 4724 1697 4782 comminans
1720 4725 1867 4783 mihi

209 4814 511 4875 infremuit
545 4822 753 4874 contra
783 4834 879 4873 me
908 4816 1188 4873 dentibus
1220 4815 1343 4871 suis
1375 4832 1388 4870 :
1417 4818 1437 4837 "
1465 4814 1656 4871 hostis
1688 4812 1866 4868 nimis

210 4905 564 4962 terribilibus
594 4904 782 4961 oculis
812 4920 909 4960 me
932 4904 1177 4961 intuitus
1206 4906 1310 4958 est.

273 4998 651 5068 Aperuerunt
666 5009 846 5065 super
863 5009 958 5050 me
970 5008 1076 5051 ora
1091 5009 1221 5061 sua,
1252 4989 1273 5014 ⁶
1289 4990 1718 5064 exprobrantes
1737 5003 1866 5062 per-

210 5088 521 5140 cusserunt
542 5081 853 5139 maxillam
876 5097 1093 5147 meam,
1115 5080 1308 5137 satiati
1330 5084 1467 5135 sunt
1485 5078 1679 5153 poenis
1702 5077 1862 5135 meis.

275 5173 573 5230 Conclusit
600 5188 694 5229 me
737 5171 891 5229 Deus
914 5170 1077 5245 apud
1108 5170 1404 5243 iniquum,
1428 5170 1450 5192 "
1479 5172 1535 5226 et
1559 5166 1618 5224 iu
1645 5176 1864 5225 manus

210 5257 530 5332 impiorum
556 5278 651 5317 me
675 5261 935 5318 tradidit.

278 5349 451 5423 283
471 5350 697 5424 Egoille
713 5351 1002 5423 quondam
1017 5347 1379 5421 opulentus,’
1392 5347 1675 5403 contritus
1693 5363 1815 5402 sum
1847 5348 1863 5401 f

276 5440 483 5496 Tenuit
540 5441 832 5497 cervicem
899 5456 1117 5505 meam,
1177 5443 1233 5495 et
1291 5436 1578 5507 confregit
1628 5434 1864 5501 me,'et

212 5529 383 5597 quasi
400 5530 620 5602 jugum
640 5529 842 5602 posuit
868 5527 1001 5585 sibi.

285 5615 686 5676 Circumdedit
699 5634 796 5676 me
815 5618 1039 5677 lanceis
1055 5616 1203 5687 suis,
1222 5606 1678 5675 convulneravit
1698 5629 1787 5671 me
1806 5624 1825 5673 ε
1841 5606 1866 5637 ⁴

1977 1882 2122 1924 num
2138 1867 2578 1934 fmditas,necat
2593 1887 2610 1924 :
2622 1870 2886 1927 concede
2900 1872 3077 1928 nobis
3096 1889 3112 1938 ;
3137 1876 3218 1939 ut,
3233 1874 3451 1945 quiatu
3466 1875 3629 1929 solus

1975 1972 2085 2030 pro
2117 1958 2293 2013 nobis
2314 1960 2567 2014 tentatus
2590 1974 2673 2024 es,
2701 1974 2918 2032 passus
2948 1975 3038 2029 es;
3068 1966 3135 2015 tu
3155 1977 3268 2017 nos
3296 1975 3334 2017 a
3358 1962 3631 2017 tentatio—

1976 2045 2154 2102 nibus
2176 2051 2277 2102 eta
2291 2046 2676 2118 passionibus
2688 2049 2906 2104 nostris
2921 2048 3086 2104 solus
3100 2050 3225 2119 ipse
3246 2049 3463 2121 eripias
3479 2066 3490 2105 :
3505 2063 3628 2120 quo

1975 2134 2384 2191 testimonium
2414 2138 2687 2191 nostrum
2717 2136 2874 2192 intra
2903 2141 3069 2193 tuam
3098 2138 3424 2193 Ecclesiam
3449 2138 3528 2193 ita
3554 2137 3628 2195 sit

1975 2223 2135 2291 utile,
2166 2230 2230 2281 ut
2251 2240 2589 2281 mereamur
2611 2226 2714 2281 tibi
2736 2227 2862 2283 sine
2887 2227 3006 2283 ﬁne
3028 2227 3282 2298 placere.
3309 2238 3381 2295 1e.
3414 2228 3627 2283 Amen.

2045 2314 2134 2369 Ad
2160 2313 2511 2371 Matutinum
2532 2316 2906 2385 Antiphona.
2933 2316 3087 2372 Deus
3108 2316 3263 2372 Deus
3285 2330 3455 2371 meus
3467 2314 3548 2371 ad
3574 2318 3628 2370 te

1974 2402 2197 2459 deluce
2226 2402 2426 2473 vigilo.
2454 2403 2644 2460 Sitivit
2664 2405 2725 2459 in
2748 2406 3017 2462 teanlma
3038 2421 3195 2469 mea,
3217 2420 3406 2477 quam
3433 2403 3629 2459 multi-

1974 2491 2201 2564 pliciter
2234 2494 2290 2547 et
2322 2506 2464 2548 caro
2493 2492 2666 2549 mea!
2702 2490 2765 2553 ῒ.
2791 2493 2882 2549 Sic
2908 2491 2970 2549 in
2989 2498 3201 2551 sancto
3214 2492 3472 2564 apparui
3498 2490 3623 2558 tibi,

1975 2579 2150 2647 Deus,
2181 2584 2244 2636 ut
2262 2580 2879 2637 videamvoluntatem
2892 2585 3071 2648 tuam,
3100 2581 3419 2652 etgloriam
3448 2584 3625 2637 tuam.

2047 2667 2283 2725 Lauda.
2324 2670 2468 2723 Cum
2500 2668 2829 2725 senioribus
2849 2670 3118 2743 juniores
3137 2669 3384 2728 laudent
3403 2681 3629 2727 nomen

1975 2754 2228 2814 Domini.
2259 2756 2553 2814 Psalmus.
2584 2770 2815 2814 chvm.
3320 2770 3347 2829 ει

2064 2846 2257 2902 Lectio
2289 2845 2431 2901 libri
2455 2845 2749 2904 Samuelis
2778 2845 2997 2918 (Primi
3030 2847 3170 2919 Reg.
3204 2861 3337 2919 cap.
3366 2848 3534 2920 xvii).

2047 2944 2111 3004 ﬁ.
2144 2936 2265 2991 Deo
2288 2935 2531 3005 gratias.

2048 3026 2127 3080 Eo
2150 3029 2351 3080 autem
2375 3030 2665 3096 tempore,
2694 3039 2816 3097 quo
2844 3024 3075 3081 viderat
3100 3024 3240 3083 Saul
3264 3026 3448 3083 David
3469 3034 3630 3098 egrei

1901 3150 1945 3209 Ο
1978 3112 2237 3169 dientem
2269 3117 2476 3170 contra
2499 3113 2927 3181 Philisthazum,
2967 3115 3048 3170 ait
3073 3115 3152 3170 ad
3180 3113 3374 3170 Abner
3410 3115 3629 3187 princio

1978 3218 2124 3277 pum
2158 3202 2368 3258 militite
2398 3221 2411 3260 :
2440 3204 2521 3259 De
2552 3217 2674 3275 qua
2724 3203 2903 3275 stirpe
2940 3203 3250 3261 descendit
3290 3204 3386 3260 hic
3429 3204 3631 3261 adole-

1979 3308 2149 3348 scens
2178 3293 2207 3347 ?
2240 3292 2504 3365 dixitque
2543 3292 2775 3351 Abner:
2804 3292 2974 3349 Vivat
3016 3294 3211 3350 anima
3258 3298 3379 3365 tua,
3424 3309 3550 3360 rex,
3580 3294 3631 3351 si

1976 3382 2137 3438 novi.
2168 3384 2234 3438 Et
2271 3381 2355 3437 ait
2383 3398 2487 3437 rex
2515 3399 2528 3437 :
2563 3386 2866 3452 Interroga
2897 3386 2978 3453 tu,
3009 3383 3183 3452 cujus
3221 3381 3381 3438 ﬁlius
3410 3383 3486 3439 sit
3522 3383 3631 3441 iste

1976 3486 2139 3543 puer.
2174 3470 2441 3543 Cumque
2465 3485 2775 3541 regressus
2805 3475 2958 3526 esset
2975 3471 3183 3532 David,
3206 3487 3492 3543 percusso
3505 3472 3632 3528 Phi-

1976 3559 2227 3628 listhaao,
2268 3560 2397 3615 tulit
2431 3576 2569 3615 eum
2590 3559 2807 3623 Abner,
2840 3559 3453 3617 etintroduxitcoram
3476 3563 3631 3630 Rege

1980 3649 2135 3712 Saul,
2167 3653 2349 3720 caput
2377 3647 2694 3704 Philisthasi
2715 3648 3031 3705 habentem
3075 3648 3137 3704 in
3175 3664 3363 3705 manu
3391 3666 3519 3706 sua.
3563 3649 3634 3706 Et

1977 3736 2059 3793 ait
2100 3736 2240 3795 Saul
2266 3738 2344 3793 ad
2370 3737 2557 3793 David
2592 3755 2606 3793 :
2642 3740 2721 3793 De
2746 3753 2866 3809 qua
2895 3738 3214 3809 progenies
3242 3742 3328 3805 tu,
3354 3753 3391 3795 ο
3430 3737 3632 3795 adole-

1978 3840 2152 3881 scens
2180 3826 2209 3880 ‘t
2232 3826 2502 3897 Dixitque
2530 3825 2748 3882 David:
2778 3825 2960 3881 Filius
2988 3827 3142 3881 servi
3166 3826 3252 3883 tui
3276 3827 3631 3884 lsaiBethle—

1975 3913 2213 3969 hemitse
2253 3929 2363 3986 ego
2391 3931 2536 3969 sum.
2565 3914 2733 3986 (Cap.
2764 3914 2952 3985 xvm.)
2983 3913 3051 3970 Et
3094 3914 3321 3970 factum
3363 3920 3453 3972 est
3490 3924 3631 3973 cum

1978 4001 2334 4073 complesset
2354 4002 2518 4074 loqui
2534 4002 2604 4058 ad
2626 4000 2765 4058 Saul
2794 4017 2812 4056 :
2839 4002 3322 4058 animaJonathae
3342 4003 3633 4074 congluti4

1975 4094 2121 4146 nata
2134 4089 2449 4146 estauimas
2463 4088 2946 4159 David,etdilexit
2974 4104 3113 4144 eum
3137 4091 3424 4146 Jonathas
3448 4091 3631 4161 quasi

1976 4178 2245 4235 animam
2275 4193 2468 4233 suam.
2496 4181 2645 4234 Nam
2664 4176 2983 4248 expoliavit
3010 4192 3073 4232 se
3096 4176 3380 4234 Jonathas
3405 4180 3632 4245 tunica;

1976 4282 2098 4340 qua
2124 4269 2250 4323 erat
2273 4267 2543 4335 vestitus,
2589 4270 2645 4323 et
2673 4264 2838 4322 dedit
2863 4280 2999 4322 eam
3049 4264 3263 4333 David,
3296 4271 3353 4323 et
3400 4266 3629 4339 reliqua

1974 4356 2333 4412 vestimenta
2363 4371 2491 4421 sua,
2510 4370 2703 4428 usque
2721 4355 2798 4411 ad
2816 4354 3087 4425 gladium
3108 4358 3165 4410 et
3197 4370 3404 4411 arcum
3426 4371 3629 4424 suum;

1975 4451 2032 4503 et
2055 4461 2242 4519 usque
2256 4445 2333 4502 ad
2346 4444 2629 4502 balteum.
2648 4444 3073 4517 Egrediebatur
3088 4459 3331 4516 quoque
3350 4444 3537 4502 David
3549 4445 3628 4503 ad

1975 4535 2180 4592 omnia
2204 4551 2602 4608 quiscumque
2632 4534 2926 4590 mississet
2954 4549 3093 4590 eum
3121 4534 3260 4591 Saul
3286 4538 3343 4590 et
3363 4534 3628 4605 pruden-

1974 4630 2062 4683 ter
2092 4642 2153 4681 se
2185 4624 2403 4697 agebat
2430 4624 2923 4697 :posuitqueeum
2944 4623 3083 4680 Saul
3105 4623 3627 4695 supervirosbelli,

1974 4719 2030 4772 et
2061 4722 2343 4787 acceptus
2361 4718 2450 4770 est
2470 4714 2530 4768 in
2561 4712 2751 4770 oculis
2782 4711 3045 4768 universi
3072 4710 3299 4783 populi,
3335 4711 3631 4769 maxime-

1974 4820 2091 4878 que
2122 4804 2184 4860 in
2211 4807 2538 4876 conspectu
2563 4801 2925 4858 famulorum
2952 4800 3113 4857 Saul.
3150 4799 3335 4856 Porro
3374 4816 3513 4857 cum
3540 4816 3627 4858 red

1973 4897 2295 4950 verteretur
2307 4908 2589 4965 percusso
2614 4891 2949 4947 Philisthaeo
2965 4888 3173 4956 David,
3209 4903 3463 4960 egressas
3489 4894 3629 4949 sunt

1974 4982 2251 5038 mulieres
2274 4981 2348 5037 de
2372 4979 2662 5035 universis
2684 4977 2956 5044 urbibus,
2973 4983 3282 5036 cantantes
3297 4978 3628 5051 chorosque

1974 5071 2252 5128 ducentes
2281 5070 2342 5126 in
2368 5084 2686 5127 occursum
2718 5067 2857 5125 Saul
2876 5069 3052 5137 regis,
3080 5067 3140 5124 in
3155 5068 3458 5141 tympanis
3477 5068 3631 5125 lentia

1972 5161 2091 5228 tiae,
2114 5166 2170 5217 et
2189 5160 2249 5216 in
2276 5159 2483 5216 sistris.
2528 5158 2594 5215 Et
2626 5157 3036 5231 praecinebant
3064 5157 3344 5214 mulieres
3374 5157 3629 5214 laudan-

1973 5254 2079 5315 tes,
2105 5254 2283 5322 atque
2313 5248 2580 5305 dicentes
2608 5264 2622 5303 :
2652 5247 2947 5303 Percussit
2978 5248 3117 5303 Saul
3147 5246 3327 5312 mille,
3355 5251 3413 5303 et
3436 5246 3627 5302 David

1973 5339 2179 5396 decem
2205 5338 2406 5395 millia.
2423 5341 2609 5394 Iratus
2630 5343 2717 5393 est
2737 5343 2939 5393 autem
2967 5336 3105 5393 Saul
3118 5337 3317 5401 nimis,
3338 5340 3395 5391 et
3420 5333 3624 5404 displi-

1974 5431 2091 5486 cuit
2120 5431 2179 5485 in
2212 5429 2398 5486 oculis
2418 5429 2547 5500 ejus
2575 5429 2681 5483 iste
2707 5442 2905 5482 sermo
2937 5448 2949 5481 :
2981 5426 3248 5498 dixitque
3278 5442 3290 5480 :
3325 5423 3626 5479 Dederunt

1971 5518 2156 5577 David
2182 5519 2389 5576 decem
2417 5517 2626 5587 millia,
2658 5520 2711 5573 et
2738 5517 2885 5573 mihi
2914 5516 3207 5572 dederunt
3229 5512 3393 5569 mille
3424 5529 3438 5566 :
3474 5507 3625 5579 quid

1973 5611 2025 5668 ei
2056 5613 2325 5684 superest
2361 5609 2477 5667 nisi
2508 5608 2706 5668 Solum
2751 5616 3007 5679 regnum
3032 5606 3061 5664 7
3090 5606 3223 5663 Non
3258 5599 3435 5660 tectis
3476 5610 3626 5668 ergo
