4192 6470
553 339 655 404 487

1786 326 2244 389 BREVIARIUM
2281 325 2671 388 GOTHICUM.

3858 338 3963 396 488

553 463 737 528 oculis
761 465 900 524 Saul
919 460 1248 536 aspiciebat
1263 458 1447 517 David
1466 473 1538 516 ex
1558 457 1652 514 die
1673 455 1792 522 illa,
1815 458 1871 512 et
1888 453 2188 525 deinceps.
2221 459 2267 515 Α
2301 451 2618 510 animabus
2643 455 2860 512 nostris
2881 456 3137 528 optimus
3159 455 3528 528 Consolator,
3551 461 3610 514 et
3634 458 3961 532 indulgen-

551 559 691 614 Post
711 556 876 612 diem
905 556 1103 610 autem
1133 549 1403 616 alterum,
1436 546 1656 603 invasit
1680 544 1918 617 spiritus
1952 541 2185 598 Domini

551 645 749 702 malus
781 642 941 709 Saul,
968 645 1026 697 et
1042 636 1439 712 prOphetabat
1461 635 1524 690 in
1556 633 1752 689 medio
1780 630 1998 688 domus
2021 646 2184 687 suae:

553 733 741 790 David
771 735 972 787 autem
999 725 1294 800 psallebat
1320 725 1381 779 in
1399 737 1585 779 manu
1609 737 1738 789 sua,
1771 720 1922 776 sicut
1949 734 2055 792 per
2075 717 2191 774 sin-

553 821 724 892 gulos
750 819 876 875 dies
899 834 913 874 :
937 815 1292 885 tenebatque
1315 810 1453 869 Saul
1471 811 1765 880 lanceam,
1782 813 1838 864 et
1857 807 2183 873 misiteam,

550 915 772 983 putans
799 905 966 980 quod
990 901 1283 972 conﬁgere
1305 903 1510 972 posset
1547 897 1728 954 David
1757 897 1818 952 in
1859 895 2078 969 pariete
2131 899 2188 950 et

551 997 868 1056 declinavit
887 992 1070 1050 David
1088 1007 1123 1047 a
1137 989 1280 1046 facie
1299 987 1428 1058 ejus
1444 985 1725 1044 secundo.
1756 988 1818 1040 Et
1833 983 2027 1041 timuit
2045 983 2185 1039 Saul

550 1085 756 1150 David.
795 1100 864 1140 eo
893 1080 1053 1155 quod
1075 1082 1228 1135 esset
1247 1075 1538 1133 Dominus
1576 1090 1714 1131 cum
1739 1089 1830 1138 eo,
1859 1077 1915 1128 et
1934 1089 1970 1128 a
2001 1087 2064 1127 se
2099 1087 2185 1128 re-

548 1176 848 1234 cessisset.
875 1169 1112 1227 Amovit
1129 1181 1270 1237 ergo
1300 1181 1437 1222 eum
1467 1163 1605 1220 Saul
1633 1179 1670 1219 a
1694 1178 1775 1230 se,
1807 1165 1863 1218 et
1882 1160 2014 1216 fecit
2044 1176 2182 1216 eum

548 1263 854 1322 tribunum
881 1272 1061 1331 super
1079 1254 1237 1312 mille
1252 1253 1440 1309 viros:
1464 1255 1521 1308 et
1545 1250 1976 1346 egrediebatur,
2010 1252 2067 1303 et
2085 1248 2181 1346 iri-

546 1353 737 1409 trabat
765 1350 825 1405 in
847 1348 1166 1418 conspectu
1191 1340 1417 1415 populi.
1441 1343 1506 1396 In
1521 1338 1799 1394 omnibus
1809 1351 2050 1410 quoque
2068 1338 2181 1392 viis

547 1441 670 1497 suis
708 1436 890 1494 David
919 1433 1240 1507 prudenter
1269 1445 1330 1486 se
1359 1428 1594 1499 agebat,
1634 1431 1691 1483 et
1729 1425 2017 1482 Dominus
2057 1427 2182 1480 erat

545 1544 682 1586 cum
701 1543 795 1584 eo.
819 1524 973 1581 Vidit
999 1523 1199 1593 itaque
1217 1518 1355 1576 Saul
1374 1515 1559 1574 David
1571 1515 1734 1588 quod
1750 1513 2013 1586 prudens
2029 1518 2182 1571 esset

542 1616 742 1684 nimis,
765 1618 819 1670 et
849 1610 1026 1684 ccepit
1045 1622 1252 1665 cavere
1273 1621 1429 1663 eum.
1461 1603 1663 1661 Omnis
1683 1607 1881 1659 autem
1903 1601 2100 1667 Israel,
2124 1605 2181 1658 et

540 1705 692 1760 Juda
719 1700 1003 1772 diligebat
1030 1695 1215 1752 David
1247 1713 1260 1752 :
1297 1693 1424 1766 ipse
1458 1692 1618 1748 enim
1663 1689 2076 1761 egrediebatur
2122 1693 2180 1744 et

541 1790 985 1866 ingrediebatur
1003 1789 1138 1842 ante
1153 1781 1456 1875 eos._Dixit
1473 1784 1672 1875 autem
1693 1778 1832 1875 Saul
1856 1777 1938 1875 ad
1950 1777 2173 1875 David:
2204 1820 2248 1875 Β

540 1884 685 1937 Ecce
710 1879 834 1935 ﬁlia
857 1891 993 1932 mea
1017 1874 1211 1944 major
1245 1870 1460 1936 Merob,
1494 1869 1693 1940 ipsam
1721 1867 1883 1923 dabo
1903 1865 2007 1923 tibi
2029 1883 2175 1922 uxo-

539 1985 666 2026 rem
697 1985 716 2026 :
747 1963 1161 2025 tantummodo
1189 1965 1314 2018 esto
1332 1959 1422 2015 vir
1442 1957 1630 2023 fortis,
1658 1962 1714 2013 et
1734 1957 2000 2031 praeliare
2019 1956 2176 2014 bella

541 2056 792 2115 Domini.
825 2053 964 2111 Saul
982 2055 1180 2108 autem
1207 2045 1543 2120 reputabat,
1566 2045 1771 2101 dicens
1799 2064 1817 2100 ι
1842 2047 1970 2100 Non
1987 2043 2062 2101 sit
2081 2060 2173 2100 su-

534 2161 644 2220 per
677 2145 842 2203 illum
883 2155 1100 2198 manus
1126 2152 1282 2204 mea,
1302 2135 1409 2191 sed
1427 2133 1930 2190 Philisthinorum.
1963 2132 2054 2188 Ait
2073 2149 2174 2190 au-

535 2240 656 2293 tem
678 2231 864 2290 David
876 2231 952 2288 ad
973 2227 1112 2286 Saul
1137 2243 1152 2283 ε
1184 2225 1327 2292 Quis
1357 2238 1469 2294 ego
1494 2238 1649 2287 sum,
1678 2225 1924 2294 antqua:
1942 2226 2031 2277 est
2051 2221 2174 2279 vita

534 2339 690 2387 mea,
713 2326 814 2378 aut
839 2313 1305 2388 cognatiopatris
1328 2310 1731 2377 meiinlsraél,
1747 2314 1812 2365 ut
1833 2309 1973 2364 ﬁam
1992 2325 2172 2379 gener

531 2413 686 2483 regis
705 2415 733 2466 ?
753 2412 994 2467 Factum
1007 2407 1304 2462 estautem
1317 2405 1572 2473 tempus,
1586 2414 1724 2455 cum
1745 2397 2024 2454 deberem
2041 2397 2170 2454 dari

532 2499 726 2558 Merob
752 2498 874 2553 ﬁlia
895 2493 1034 2552 Saul
1063 2490 1270 2559 David,
1293 2489 1434 2546 data
1463 2492 1552 2544 est
1576 2485 1832 2542 Hadrieli
1860 2485 2168 2542 Molathitas

531 2603 705 2645 uxor.
758 2583 965 2641 Dilexit
1002 2585 1198 2639 autem
1247 2575 1455 2636 Michol
1509 2574 1692 2630 ﬁliam
1736 2573 1874 2631 Saul
1921 2573 2167 2630 alteram

530 2674 740 2741 David,
773 2671 1171 2730 etnuntiatum
1190 2671 1278 2725 est
1307 2664 1536 2730 Saul,et
1570 2662 1792 2734 placuit
1811 2663 1880 2718 ei.
1899 2661 2167 2734 Dixitque

531 2764 670 2822 Saul
701 2780 714 2820 :
747 2762 909 2819 Dabo
947 2775 1080 2816 eam
1099 2757 1200 2822 illi,
1232 2759 1299 2812 ut
1325 2754 1430 2810 ﬁat
1443 2752 1495 2808 ei
1524 2751 1585 2807 in
1612 2750 1985 2814 scandalum,
2009 2755 2065 2806 et
2093 2752 2167 2806 sit

529 2868 706 2926 super
720 2867 859 2908 eum
887 2864 1104 2905 manus
1120 2842 1624 2938 Philisthinorum.
1650 2838 1828 2912 284
1852 2839 2003 2895 Dixit
2020 2855 2162 2938 ergo

528 2939 755 2997 Saulad
775 2937 962 2994 David
1005 2955 1018 2994 :
1051 2937 1115 2990 In
1153 2931 1390 2989 duabus
1413 2928 1594 2985 rebus
1634 2942 1814 2996 gener
1849 2943 2021 2982 meus
2047 2928 2161 2982 eris

520 3027 719 3086 hodie.
749 3030 817 3084 Et
844 3020 1152 3082 mandavit
1171 3019 1309 3076 Saul
1329 3016 1516 3074 servis
1541 3015 1694 3070 suis:
1722 3015 2052 3086 Loquimini
2080 3015 2160 3071 ad

522 3115 704 3173 David
745 3114 901 3171 clam
950 3127 1066 3176 me,
1111 3109 1417 3165 dicentes:
1450 3106 1597 3161 Ecce
1655 3103 1853 3176 places
1899 3103 2043 3171 regi,
2101 3106 2160 3159 et
2188 3159 2230 3215 Ο

898 3201 909 3213 .
975 3201 987 3212 .
1370 3199 1420 3215 ι-
1469 3197 1632 3215 νη,
1659 3206 1792 3215 ,κη
1829 3195 1950 3215 --.-
1981 3205 2158 3215 Μ---

520 3219 730 3260 omnes
760 3201 914 3258 servi
937 3201 1065 3271 ejus
1092 3197 1347 3267 diligunt
1370 3199 1446 3251 te.
1469 3197 1635 3249 Nunc
1655 3206 1795 3262 ergo
1825 3195 1954 3246 esto
1978 3205 2158 3260 gener

518 3293 692 3365 regis.
725 3295 792 3348 Et
827 3291 1007 3348 locuti
1059 3291 1196 3343 sunt
1232 3283 1383 3339 servi
1425 3281 1563 3338 Saul
1595 3281 1657 3336 in
1687 3279 1928 3336 auribus
1970 3279 2156 3336 David

518 3379 916 3439 omniaverba
940 3379 1089 3433 haec.
1111 3377 1178 3430 Et
1190 3371 1278 3430 ait
1307 3369 1491 3427 David
1525 3385 1537 3424 :
1572 3371 1722 3424 Num
1749 3383 1962 3440 parum
1983 3367 2155 3424 vobis

513 3469 768 3534 videtur,
799 3480 1085 3537 generum
1118 3475 1246 3517 esse
1283 3457 1438 3528 regis
1463 3457 1491 3512 ?
1511 3459 1631 3528 Ego
1665 3460 1865 3554 autem

513 3571 745 3627 pauper
772 3558 830 3609 et
864 3551 1076 3608 tenuis.
1103 3551 1170 3604 Et
1183 3545 1668 3602 renuntiaverunt
1700 3544 1869 3608 servi,
1893 3543 2032 3600 Saul
2069 3544 2152 3600 di-

513 3647 711 3699 centes
734 3660 746 3699 :
767 3634 1190 3710 Hujuscemodi
1215 3633 1394 3690 verba
1411 3633 1641 3689 locutus
1667 3637 1754 3688 est
1776 3631 1980 3688 David.
2003 3632 2153 3689 Dixit

515 3735 715 3788 autem
747 3727 888 3786 Saul
915 3748 929 3784 :
965 3727 1058 3784 Sic
1095 3723 1406 3798 loquimini
1437 3721 1514 3778 ad
1543 3721 1731 3777 David
1759 3737 1776 3775 :
1809 3723 1935 3777 Non
1969 3720 2150 3777 habet

509 3833 750 3876 necesse
764 3831 868 3874 rex
879 3814 1200 3888 sponsalia,
1224 3811 1580 3868 nisitantum
1609 3813 1845 3866 centum
1867 3809 2150 3881 praeputia

507 3907 1008 3970 Philisthinorum,
1027 3907 1090 3959 ut
1104 3902 1210 3958 ﬁat
1227 3899 1371 3957 ultio
1392 3899 1466 3956 de
1485 3898 1739 3954 inimicis
1771 3897 1944 3968 regis.
1970 3900 2147 3954 Porro

510 3996 645 4055 Saul
659 3993 958 4065 cogitabat
969 3991 1197 4048 tradere
1211 3989 1395 4046 David
1407 3989 1466 4044 in
1483 3987 1765 4044 manibus
1777 3985 2118 4042 Philisthino
2129 4017 2145 4027 -

504 4099 660 4140 rum.
681 4086 947 4154 Cumque
961 4079 1398 4138 renuntiassent
1412 4076 1566 4132 servi
1586 4075 1714 4146 ejus
1735 4073 1942 4140 David,
1960 4073 2145 4130 verba

503 4188 639 4246 quae
663 4172 893 4229 dixerat
910 4169 1070 4236 Saul,
1093 4166 1524 4241 placuitsermo
1545 4163 1605 4218 in
1635 4161 1820 4219 oculis
1844 4161 2050 4227 David,
2080 4165 2145 4216 ut

502 4262 669 4318 ﬂeret
695 4275 874 4331 gener
896 4259 1073 4329 regis.
1102 4259 1170 4314 Et
1193 4259 1330 4330 post
1355 4254 1481 4311 dies
1505 4268 1731 4326 paucos
1761 4267 2011 4322 surgens
2035 4251 2144 4306 Da-

500 4349 622 4415 vid,
653 4349 799 4406 abiit
823 4363 961 4404 cum
989 4345 1152 4412 viris,
1183 4345 1288 4417 qui
1307 4343 1421 4398 sub
1447 4357 1518 4398 eo
1548 4344 1735 4397 erant.
1768 4341 1830 4396 Et
1857 4339 2144 4410 percussit

503 4436 848 4492 Philisthiim
868 4435 1138 4492 ducentis
1154 4433 1312 4497 viris,
1329 4435 1386 4487 et
1401 4428 1592 4485 attulit
1605 4427 1889 4499 praeputia
1909 4442 2136 4493 eorum,

2299 538 2420 596 tiali
2438 540 2636 598 favore
2663 543 2846 600 existe
2863 544 3218 618 Redemptor
3243 563 3256 603 :
3280 549 3356 615 et,
3378 545 3483 619 qui
3503 561 3618 603 nos
3641 549 3957 622 acquisisti

2297 628 2578 699 passione
2606 631 2954 698 voluntaria,
2997 649 3136 690 erue
3167 649 3280 691 nos
3315 633 3388 691 de
3416 633 3642 708 laqueo
3679 639 3956 695 venantis

2297 715 2518 773 invicta
2543 719 2829 789 potentia.

2363 803 2536 860 Pater
2559 813 2781 866 noster.

2368 891 2591 949 Lauda.
2623 897 2907 952 Memento
2938 897 3099 954 verbi
3116 897 3198 954 tui
3219 914 3387 956 servo
3413 903 3535 970 tuo,
3561 901 3623 957 in
3650 917 3779 974 quo
3801 905 3952 961 mihi

2293 993 2459 1050 spem
2481 979 2719 1038 dedisti.
2761 986 2892 1040 Haec
2931 1001 3025 1041 me
3052 987 3360 1043 consolata
3391 993 3482 1045 est
3509 988 3571 1044 in
3605 989 3949 1050 humilitate

2289 1083 2444 1126 mea.
2474 1068 2535 1129 ἲν.
2571 1072 2819 1144 Superbi
2841 1073 3041 1146 inique
3076 1076 3336 1145 agebant
3377 1094 3832 1154 usquequaque
3865 1102 3878 1142 :
3913 1099 3950 1141 a

2287 1155 2416 1226 lege
2445 1161 2640 1214 autem
2684 1164 2785 1216 tua
2809 1177 2930 1217 non
2957 1161 3271 1220 declinavi.

2358 1244 2588 1302 Oratio.
2623 1249 2798 1319 Spem
2829 1266 3015 1322 quam
3051 1251 3264 1308 dedisti
3291 1253 3468 1310 nobis
3499 1255 3782 1324 Domine,
3814 1259 3949 1332 ipsa

2288 1333 2360 1388 sit
2380 1334 2438 1389 in
2468 1334 2794 1393 humilitate
2812 1343 3016 1395 nostra
3033 1341 3380 1410 consolatio;
3403 1359 3544 1415 quae
3561 1345 3743 1402 nobis
3759 1348 3869 1405 erit
3883 1349 3945 1406 in

2286 1420 2641 1479 exultatione
2672 1424 2871 1495 gloriae
2901 1426 3231 1497 plenitudo.
3268 1440 3330 1498 av.
3363 1434 3575 1488 Amen.

2894 1514 2991 1570 Ad
3023 1516 3298 1573 Tertiam.

2503 1598 2952 1657 Proverbiorum
2977 1603 3312 1660 Salomonis
3339 1604 3506 1676 (Cap.
3540 1614 3708 1680 xxv).

2357 1682 2475 1742 Deo
2505 1687 2741 1757 gratias.

2357 1774 2474 1841 Fili,
2496 1775 2710 1842 nubes,
2743 1781 2799 1834 et
2837 1778 3048 1850 caligo,
3077 1783 3133 1837 et
3163 1785 3400 1854 ventus,
3430 1787 3488 1840 et
3515 1785 3763 1857 pluvias,
3814 1803 3935 1844 non

2283 1869 2615 1934 sequentes,
2631 1866 2722 1920 vir
2734 1866 3044 1935 gloriosus,
3069 1873 3125 1925 et
3143 1869 3446 1940 promissa
3458 1889 3583 1929 non
3601 1876 3932 1948 complens.

2282 1950 2566 2007 Patientia
2580 1952 2828 2010 lenietur
2847 1955 3142 2028 princeps,
3162 1963 3216 2013 et
3232 1957 3440 2028 lingua
3457 1962 3661 2018 mollis
3677 1963 3932 2021 confrin-

2283 2038 2366 2108 git
2391 2039 2691 2096 duritiam.
2725 2041 2828 2099 Mel
2866 2043 3160 2110 invenisti,
3211 2049 3466 2105 comede
3502 2051 3664 2122 quod
3710 2051 3927 2110 sufﬁcit

2281 2126 2496 2196 tibi,ne
2508 2128 2655 2184 forte
2682 2130 2905 2187 satiatis
2926 2147 3172 2190 evomas
3191 2133 3354 2191 illud.
3386 2137 3676 2194 Subtrahe
3700 2140 3913 2211 pedem

2278 2217 2448 2271 tuum
2479 2217 2552 2272 de
2577 2216 2761 2274 domo
2784 2221 3039 2291 proximi
3057 2222 3159 2288 tui,
3192 2225 3518 2296 nequando
3543 2227 3788 2283 satiatus
3825 2227 3917 2284 tui

2278 2302 2469 2360 oderit
2513 2310 2586 2362 te.
2639 2307 2930 2374 Jaculum,
2973 2314 3030 2366 et
3084 2309 3340 2380 gladius,
3364 2317 3424 2369 et
3458 2316 3672 2386 sagitta
3721 2321 3918 2387 acuta,

2277 2391 2459 2448 homo
2475 2394 2578 2465 qui
2602 2393 2865 2466 loquitur
2895 2401 3100 2455 contra
3128 2401 3464 2471 proximum
3490 2419 3669 2459 suum
3704 2403 3922 2459 falsum

2277 2481 2694 2540 testimonium.
2714 2485 2866 2540 Deus
2890 2488 3179 2558 putridus,
3200 2493 3254 2545 et
3280 2505 3386 2562 pes
3414 2491 3642 2564 lapsus,
3662 2492 3767 2565 qui
3790 2509 3923 2565 spe-

2275 2573 2363 2625 rat
2394 2586 2575 2642 super
2594 2573 2898 2630 inﬁdelein
2918 2575 3012 2630 die
3029 2577 3343 2646 angustiae,
3358 2582 3416 2634 et
3436 2581 3656 2636 amittit
3677 2581 3923 2652 pallium

2271 2657 2333 2712 in
2362 2657 2459 2714 die
2489 2659 2740 2728 frigoris.
2765 2664 3008 2719 Acetum
3040 2663 3102 2719 in
3122 2664 3294 2732 nitro,
3336 2670 3393 2722 et
3429 2668 3537 2740 qui
3570 2673 3774 2725 cantat
3803 2685 3924 2726 car-

2271 2745 2434 2802 mina
2464 2748 2931 2820 cordipessimo.
2964 2751 3122 2808 Sicut
3140 2752 3298 2810 tinea
3318 2757 3701 2826 vestimento,
3726 2764 3783 2814 et
3802 2773 3924 2815 ver-

2269 2833 2385 2893 mis
2407 2835 2572 2905 ligno
2598 2855 2610 2895 :
2637 2837 2719 2893 ita
2751 2838 2983 2894 tristitia
3011 2841 3117 2896 viri
3145 2847 3315 2899 nocet
3340 2843 3526 2900 cordi.
3562 2845 3620 2901 Si
3651 2846 3920 2904 esurierit

2267 2923 2540 2980 inimicus
2571 2929 2726 2993 tuus,
2750 2926 2883 2984 ciba
2904 2927 3070 2984 illum
3105 2946 3116 2985 :
3152 2930 3200 2985 si
3231 2932 3366 2995 sitit,
3393 2931 3474 2988 da
3502 2933 3552 2988 ei
3585 2949 3815 3006 aquam
3834 2937 3916 2992 bi-

2263 3011 2403 3068 bere
2437 3029 2448 3067 :
2481 3029 2706 3085 prunas
2747 3015 2905 3071 enim
2944 3018 3331 3088 congregabis
3356 3036 3536 3092 super
3566 3025 3915 3096 caputejus,

2264 3104 2319 3156 et
2346 3101 2631 3157 Dominus
2656 3103 2860 3159 reddet
2886 3105 3014 3163 tibi.
3045 3109 3258 3162 Ventus
3279 3108 3480 3180 aquilo
3507 3110 3770 3184 dissipat
3791 3113 3917 3185 plu-

2263 3189 2405 3254 vias,
2439 3195 2495 3245 et
2518 3189 2698 3245 facies
2730 3191 2906 3247 tristis
2932 3193 3202 3263 linguam
3232 3195 3671 3254 detrahentem.
3713 3201 3916 3257 Melius

2263 3285 2353 3332 est
2385 3278 2589 3334 sedere
2610 3278 2667 3333 in
2682 3280 2901 3344 angulo
2914 3281 3190 3349 domatis,
3215 3300 3401 3356 quam
3425 3301 3554 3341 cum
3577 3288 3828 3346 muliere
3851 3290 3916 3346 li-

2261 3364 2496 3434 tigiosa,
2523 3370 2579 3422 et
2607 3366 2667 3422 in
2698 3368 2878 3424 domo
2910 3371 3236 3426 communi.
3265 3377 3435 3445 Aqua
3453 3374 3670 3445 frigida
3695 3379 3914 3435 animae

2263 3452 2496 3522 sitienti,
2524 3459 2580 3510 et
2607 3457 2850 3512 nuntius
2877 3457 3076 3515 bonus
3093 3459 3166 3514 de
3187 3464 3344 3516 terra
3373 3461 3733 3536 longinqua.
3761 3469 3915 3523 Fons

2261 3541 2532 3598 turbatus
2560 3543 2731 3616 pede,
2765 3551 2822 3602 et
2853 3561 3009 3603 vena
3028 3553 3325 3621 corrupta,
3345 3550 3543 3621 justus
3564 3553 3794 3610 cadens
3820 3571 3919 3612 co-

2259 3644 2388 3685 ram
2413 3629 2618 3702 impio.
2646 3634 2915 3706 Sicutqui
2936 3635 3054 3691 mel
3079 3636 3338 3692 multum
3359 3640 3640 3712 comedit,
3671 3657 3797 3700 non
3828 3648 3920 3700 est

2259 3716 2314 3773 ei
2341 3717 2568 3774 bonum
2603 3736 2615 3776 :
2650 3721 2732 3777 sic
2749 3723 2851 3794 qui
2874 3727 3165 3780 scrutator
3194 3730 3280 3781 est
3311 3727 3659 3798 majestatis,
3713 3733 3915 3806 oppri-

2258 3809 2448 3862 metur
2479 3822 2514 3862 a
2539 3807 2744 3878 gloria.
2775 3809 2933 3867 Sicut
2953 3812 3094 3868 urbs
3114 3817 3346 3884 patens,
3375 3819 3432 3870 et
3457 3816 3691 3890 absque
3711 3837 3914 3878 muro-

2255 3910 2389 3951 rum
2411 3896 2660 3963 ambitu,
2690 3900 2771 3954 ita
2801 3901 2906 3966 vir,
2929 3901 3032 3973 qui
3063 3917 3182 3957 non
3199 3905 3795 3980 potestinloquendo
3812 3927 3913 3967 co-

2253 3982 2456 4040 hibere
2482 3985 2756 4057 spiritum
2785 4005 2983 4046 suum.
3015 3991 3291 4058 Comede,
3320 3991 3427 4047 ﬁlii
3451 3994 3552 4062 mi,
3586 3997 3727 4062 mel,
3761 4001 3910 4072 quia

2251 4069 2478 4128 bonum
2498 4079 2603 4140 est,
2631 4079 2687 4131 et
2710 4074 2916 4132 favum
2943 4077 3363 4136 dulcissimum
3391 4083 3613 4150 gutturi
3653 4069 3908 4144 tuoiSic

2252 4164 2308 4215 et
2329 4161 2596 4220 doctrina
2622 4165 2838 4221 animas
2851 4169 2965 4220 tute
2991 4183 3202 4238 :quam
3218 4185 3354 4224 cum
3378 4169 3699 4239 inveneris,
3726 4176 3909 4233 habe-

2249 4247 2343 4304 bis
2375 4249 2434 4305 in
2461 4251 2805 4308 novissimis
2843 4269 3034 4325 spem,
3066 4259 3123 4310 et
3151 4271 3286 4328 spes
3326 4261 3427 4314 tua
3481 4275 3603 4316 non
3662 4265 3905 4336 peribit,

2322 4348 2384 4406 Ri.
2413 4340 2623 4394 Amen.

2394 4428 2579 4483 Lectio
2603 4428 2743 4483 libri
2759 4429 3052 4486 Samuelis
3073 4432 3257 4488 Primi
3275 4433 3436 4504 (Reg.
3455 4450 3588 4505 cap.
3607 4444 3753 4507 XIX).

501 4529 558 4582 et
585 4524 1000 4581 annumeravit
1022 4539 1092 4578 ea
1115 4521 1261 4590 regi,
1289 4523 1356 4573 ut
1392 4521 1548 4572 esset
1572 4530 1752 4585 gener
1770 4515 1942 4586 regis.
1976 4515 2142 4570 Dedit
2177 4509 2218 4565 D
2320 4527 2381 4586 Ri.
2415 4516 2534 4571 Deo
2565 4517 2804 4585 gratias.

501 4615 704 4687 itaque
724 4615 777 4671 ei
805 4612 943 4670 Saul
969 4608 1173 4668 Michol
1205 4605 1392 4662 ﬁliam
1419 4619 1591 4660 suam
1617 4619 1882 4659 uxorem.
1912 4605 1976 4658 Et
1996 4603 2140 4659 vidit

502 4704 659 4769 Saul,
701 4709 757 4758 et
793 4699 1076 4758 intellexit
1099 4695 1262 4768 quod
1288 4693 1570 4750 Dominus
1599 4697 1750 4748 esset
1773 4707 1908 4747 cum
1927 4691 2131 4747 David.

497 4791 707 4848 Michol
727 4797 927 4847 autem
942 4787 1064 4842 ﬁlia
1076 4784 1218 4840 Saul
1237 4783 1686 4855 diligebateum.
1708 4779 1922 4837 EtSaul
1945 4781 2134 4851 magis

499 4879 703 4935 timere
723 4877 902 4950 coepit
932 4873 1118 4930 David
1150 4892 1162 4932 :
1196 4872 1503 4944 factusque
1541 4874 1628 4927 est
1666 4870 1804 4928 Saul
1856 4869 2133 4925 inimicus

499 4965 687 5023 David
706 4965 931 5020 cunctis
951 4961 1183 5017 diebus.
1200 4963 1266 5016 Et
1285 4959 1504 5030 egressi
1525 4964 1664 5015 sunt
1678 4958 1976 5029 principes
2001 4958 2131 5014 Phi-

494 5053 868 5110 listhinorum
897 5066 968 5108 :a
994 5048 1285 5122 principio
1307 5054 1506 5106 autem
1526 5047 1882 5117 egressionis
1899 5060 2128 5111 eorum,

493 5141 843 5216 prudentius
874 5155 935 5196 se
957 5138 1394 5210 gerebatDavid
1405 5153 1591 5210 quam
1613 5150 1821 5191 omnes
1841 5132 1950 5188 viri
1970 5134 2126 5198 Saul,

493 5235 550 5287 et
578 5229 804 5286 celebre
835 5227 1060 5285 factum
1097 5233 1185 5283 est
1205 5241 1424 5283 nomen
1451 5225 1578 5295 ejus
1598 5222 1792 5278 nimis.
1823 5232 1885 5288 ἢ.
1921 5221 2124 5277 Amen.

561 5320 857 5391 Hymnus.
896 5318 1092 5375 Noctis
1119 5323 1375 5387 tempus.
1420 5313 1629 5380 Quwrc
1645 5312 1756 5380 fol.
1791 5314 1912 5364 257.

561 5409 859 5480 Capitula.
909 5411 970 5464 In
999 5407 1096 5463 die
1133 5402 1529 5460 tribulationis
1566 5406 1800 5470 nostrae,
1859 5399 2124 5472 Domine,

485 5513 743 5572 precem,
780 5512 967 5570 quam
995 5492 1382 5559 effundimus,
1405 5489 1638 5562 suscipe
1671 5493 1765 5546 :et
1793 5489 2047 5545 extensis
2064 5489 2126 5546 in

485 5589 657 5645 nocte
668 5585 970 5650 manibus,
983 5596 1121 5654 quae
1139 5578 1552 5638 desideramus
1566 5577 1821 5648 intellige
1839 5594 1852 5633 :
1882 5592 2125 5635 occurre

2319 4608 2381 4659 In
2411 4603 2523 4659 illis
2548 4603 2760 4660 diebus
2794 4620 2806 4660 :
2841 4607 3091 4662 Locutus
3121 4613 3210 4664 est
3231 4610 3369 4666 Saul
3401 4611 3480 4667 ad
3503 4615 3807 4674 Jonathan
3837 4622 3906 4676 ﬁ-

2245 4691 2389 4748 lium
2418 4697 2686 4758 suum,et
2713 4692 3011 4749 adomncs
3039 4712 3238 4753 servos
3273 4715 3436 4765 suos,
3473 4707 3537 4757 ut
3557 4704 3904 4767 occiderent

2243 4780 2446 4836 David.
2482 4780 2662 4836 Porro
2690 4782 2978 4838 Jonathas
3008 4783 3163 4839 ﬁlius
3200 4787 3338 4842 Saul
3389 4787 3678 4858 diligebat
3700 4795 3899 4853 David

2240 4869 2433 4936 valde,
2469 4876 2523 4925 et
2545 4869 2828 4926 indicavit
2850 4872 3134 4928 Jonathas
3163 4874 3366 4940 David,
3392 4875 3635 4936 dicens:
3671 4884 3900 4948 Quaerit

2241 4957 2382 5014 Saul
2411 4963 2576 5029 pater
2623 4974 2794 5014 meus
2821 4959 3090 5017 occidere
3118 4966 3170 5018 te
3201 4982 3212 5022 :
3243 4971 3606 5038 quapropter
3635 4970 3898 5030 observa

2241 5050 2313 5113 te,
2336 5061 2560 5118 quaeso,
2594 5063 2791 5119 mane,
2821 5054 2876 5104 et
2904 5051 3178 5106 manebis
3196 5051 3372 5116 clam,
3397 5065 3454 5109 et
3475 5056 3892 5119 absconderis.

2240 5137 2360 5205 Ego
2387 5139 2586 5191 autem
2613 5138 2921 5207 egrediens
2954 5139 3300 5211 stabojuxta
3324 5147 3550 5214 patrem
3575 5161 3804 5216 meum,
3831 5151 3893 5208 in

2237 5240 2382 5295 agro
2409 5222 2770 5296 ubicumque
2789 5226 2959 5284 fuerit
2983 5247 2994 5286 :
3021 5233 3203 5297 etego
3226 5228 3440 5302 loquar
3457 5232 3598 5290 dete
3626 5235 3785 5294 bona
3813 5241 3894 5296 ad

2237 5319 2468 5384 patrem
2511 5331 2713 5370 meum
2740 5333 2753 5372 :
2785 5322 2838 5372 et
2865 5317 3290 5390 quodcumque
3333 5320 3557 5392 videro,
3591 5329 3892 5386 nuntiabo

2236 5401 2366 5457 tibi.
2399 5403 2768 5477 Locutusque
2786 5413 2871 5460 est
2891 5406 3177 5462 Jonathas
3197 5406 3270 5461 de
3287 5407 3473 5463 David
3495 5410 3661 5468 bona
3683 5414 3763 5469 ad
3787 5432 3894 5488 pa-

2236 5493 2386 5545 trem
2417 5506 2593 5546 suum
2635 5509 2646 5547 :
2681 5492 2947 5566 dixitque
2977 5494 3054 5550 ad
3080 5509 3216 5550 eum
3246 5509 3257 5548 :
3289 5496 3369 5550 Ne
3397 5512 3638 5571 pecces,
3664 5518 3793 5572 rex,
3824 5506 3890 5561 in

2234 5591 2475 5636 servum
2505 5584 2675 5636 tuum
2697 5582 2902 5646 David,
2933 5582 3075 5654 quia
3101 5593 3224 5637 non
3245 5586 3514 5654 peccavit
3542 5589 3674 5662 tibi,
3701 5592 3883 5666 285
