4192 6420
214 313 319 367 489

1383 305 1734 366 DOMINICA
1770 301 1843 362 IV
1881 302 2490 371 QUADRAGESIMAE.

3530 325 3639 384 490

219 436 396 509 285
419 438 475 492 et
487 450 666 508 opera
683 436 810 507 ejus
825 435 1253 493 bonatibisunt
1264 435 1453 503 valde,
1473 438 1539 492 Et
1553 433 1750 507 posuit
1765 431 1881 487 ani-
1910 429 1958 484 Α
1988 429 2260 520 verbium
2281 450 2293 490 :
2315 435 2469 493 Num
2486 442 2543 496 et
2580 439 2720 496 Saul
2751 439 2903 496 inter
2922 441 3245 513 prophetas
3269 445 3298 501 τ
3325 444 3485 518 (Cap.
3514 448 3639 520 xx.)

211 542 378 582 mam
391 541 566 581 suam
584 526 643 581 in
657 541 845 581 manu
860 529 1049 596 tua,et
1080 523 1808 598 percussitPhilisthzeum,
1827 527 1884 581 et

212 615 343 670 fecit
357 614 632 669 Dominus
648 614 882 669 salutem
899 629 1155 684 magnam
1173 614 1442 669 universo
1463 610 1878 674 Israelzvidisti,

217 704 513 759 etlzetatus
535 720 612 758 es.
637 704 832 768 Quaere
847 719 986 773 ergo
1003 719 1214 775 peccas
1233 703 1293 758 in
1317 699 1880 778 sanguineinnoxio,

216 792 579 849 interﬁciens
598 793 806 858 David,
832 792 933 865 qui
957 798 1046 848 est
1068 793 1298 864 absque
1319 791 1495 862 culpa
1516 792 1542 846 ‘?
1565 788 1738 855 Quod
1755 804 1882 842 cum

221 880 491 937 audisset
509 881 668 947 Saul,
689 882 961 953 placatus
985 897 1129 936 voce
1145 881 1431 945 Jonathee,
1448 879 1669 950 juravit
1696 894 1708 931 :
1734 875 1884 931 Vivit

221 970 540 1038 Dominus,
565 970 711 1042 quia
731 985 852 1026 non
875 969 1194 1025 occidetur.
1228 969 1471 1024 Vocavit
1489 968 1689 1038 itaque
1705 965 1882 1020 Jona-

222 1057 355 1113 thas
383 1057 573 1113 David
602 1069 660 1113 et
689 1057 974 1114 indicavit
998 1057 1049 1112 ei
1077 1056 1284 1112 omnia
1307 1055 1492 1111 verba
1511 1055 1639 1110 haec
1668 1072 1680 1109 :
1710 1060 1764 1109 et
1794 1052 1879 1108 in-

220 1146 482 1203 troduxit
501 1147 788 1202 Jonathas
815 1145 1004 1202 David
1033 1147 1108 1202 ad
1137 1146 1301 1211 Saul,
1335 1149 1391 1200 et
1416 1144 1524 1200 fuit
1553 1149 1688 1199 ante
1716 1158 1875 1205 eum,

1989 515 2161 608 Fugit
2181 527 2372 580 autem
2395 526 2584 583 David
2603 526 2678 583 de
2701 527 2931 599 Naioth,
2951 544 3086 600 quae
3112 535 3236 587 erat
3251 532 3314 587 in
3328 515 3635 608 Ramatha,

1989 607 2356 684 veniensque
2383 615 2617 672 locutus
2646 619 2738 673 est
2763 631 2960 672 coram
2976 616 3234 675 Jonatha
3258 636 3271 674 :
3306 622 3460 686 Quid
3479 607 3636 680 feci?

1992 709 2124 762 qua:
2147 704 2235 755 est
2253 700 2534 775 iniquitas
2555 720 2708 771 mea,
2736 709 2793 761 et
2812 704 2976 777 quod
3002 711 3318 777 peccatum
3349 725 3549 766 meum
3573 712 3637 768 in

1990 788 2220 853 patrem
2241 793 2428 856 tuum,
2445 793 2588 864 quia
2606 792 2817 865 quaerit
2831 794 3098 850 animam
3111 810 3309 851 meam
3327 796 3354 850 ?
3369 796 3478 862 Qui
3490 797 3640 855 dixit

1990 870 2040 924 ei
2075 888 2087 925 :
2128 875 2313 946 Absit,
2344 895 2466 935 non
2497 881 2768 937 morieris
2798 899 2812 938 :
2846 895 3041 954 neque
3081 883 3242 938 enim
3271 884 3448 940 faciet
3472 891 3638 956 pater

1988 974 2158 1015 meus
2171 965 2746 1041 quicquamlgrande
2763 970 2857 1026 vel
2883 985 3156 1042 parvum,
3183 971 3298 1027 nisi
3310 972 3477 1044 prius
3491 972 3638 1029 indi-

1987 1052 2206 1108 caverit
2224 1055 2374 1112 mihi
2408 1075 2421 1110 :
2443 1057 2606 1114 hunc
2631 1074 2774 1130 ergo
2799 1059 3012 1116 celavit
3030 1063 3200 1131 pater
3221 1075 3391 1116 meus
3418 1076 3642 1120 sermo-

1988 1148 2128 1192 nem
2170 1156 2265 1196 me
2296 1147 2713 1202 tantummodo
2743 1151 2770 1201 .9
2800 1161 3185 1220 nequaquam
3214 1148 3321 1205 erit
3347 1149 3525 1206 istud.
3571 1153 3644 1209 Et.

220 1235 373 1291 sicut
392 1235 586 1291 fuerat
608 1235 735 1290 heri
761 1240 816 1291 et
844 1233 1296 1290 nudiustertius.
1329 1236 1544 1289 Motum
1567 1237 1653 1287 est
1677 1235 1878 1287 autem
1981 1227 2204 1298 juravit
2228 1247 2466 1290 rursum
2489 1235 2715 1292 Davidi.
2750 1238 2817 1292 Et
2844 1235 2939 1292 ille
2960 1236 3040 1293 ait
3073 1253 3086 1291 :
3120 1237 3236 1294 Scit
3255 1238 3518 1309 profecto
3535 1253 3639 1311 pa-

217 1339 463 1379 rursum
492 1323 720 1378 bellum
752 1340 766 1378 :
801 1327 856 1378 et
908 1337 1183 1392 egressus
1217 1321 1425 1383 David,
1461 1319 1749 1392 pugnavit
1779 1318 1880 1374 ad-

216 1428 436 1468 versus
515 1411 875 1467 Philisthiim
949 1427 961 1467 :
1029 1411 1442 1483 percussitque
1507 1424 1610 1464 eos
1677 1410 1878 1480 plaga-

216 1505 529 1572 magna,et
558 1500 858 1570 fugierunt
878 1515 914 1555 a
938 1498 1084 1555 facie
1112 1499 1261 1570 ejus.
1293 1502 1353 1552 Et
1383 1498 1577 1553 factus
1603 1502 1689 1552 est
1714 1496 1880 1568 spiri-

217 1596 310 1647 tus
337 1590 575 1646 Domini
594 1589 794 1644 malus
827 1589 886 1643 in
911 1587 1050 1645 Saul
1081 1605 1093 1643 :
1121 1587 1369 1643 sedebat
1387 1591 1587 1642 autem
1608 1586 1666 1641 in
1694 1586 1878 1641 domo

217 1696 347 1744 sua,
399 1683 457 1736 et
505 1678 744 1735 tenebat
792 1677 1069 1735 lanceam
1107 1695 1119 1732 :
1151 1693 1333 1749 porro
1365 1676 1555 1732 David
1585 1675 1878 1748 psallebat

1987 1321 2072 1373 ter
2093 1322 2250 1384 tuus,
2276 1321 2419 1393 quia
2442 1323 2641 1379 inveni
2659 1325 2915 1394 gratiam
2937 1326 2998 1380 in
3014 1325 3202 1381 oculis
3227 1326 3361 1392 tuis,
3385 1327 3593 1386 etdicit
3620 1343 3634 1385 :

1986 1408 2337 1465 Nesciathoc
2353 1413 2661 1483 Jonathas,
2680 1429 2748 1470 ne
2769 1413 2917 1470 forte
2943 1414 3334 1471 contristetur.
3369 1416 3638 1483 Quinimo

1990 1496 2128 1551 vivit
2161 1500 2458 1566 Dominus,
2481 1506 2536 1557 et
2560 1501 2702 1558 vivit
2722 1503 2915 1559 anima
2932 1506 3054 1571 tua,
3082 1503 3228 1577 quia
3257 1519 3377 1561 uno
3404 1509 3638 1564 tantum

1986 1583 2071 1654 (ut
2093 1585 2282 1658 itaque
2298 1588 2504 1652 dicam)
2522 1589 2847 1662 gradu,ego
2864 1607 3128 1664 morsque
3149 1591 3640 1654 dividimur.Etait

1983 1677 2267 1733 Jonathas
2281 1678 2357 1734 ad
2372 1679 2561 1735 David
2579 1695 2590 1733 :
2611 1680 3033 1754 Quodcumque
3047 1681 3258 1740 dixerit
3273 1684 3418 1740 mihi
3434 1685 3642 1742 anima

219 1770 278 1825 in
303 1785 490 1824 manu
523 1784 653 1823 sua.
688 1767 978 1839 Nisusque
1009 1771 1093 1822 est
1117 1767 1256 1823 Saul
1282 1765 1578 1835 conﬁgere
1603 1765 1877 1820 lanceam
1912 1771 1954 1825 Β
1983 1768 2105 1829 tua,
2128 1766 2344 1823 faciam
2377 1768 2497 1824 tibi.
2542 1768 2690 1825 Dixit
2719 1775 2920 1827 autem
2952 1771 3141 1828 David
3180 1773 3259 1828 ad
3288 1774 3588 1832 Jonathan
3623 1791 3640 1831 :

225 1858 410 1914 David
439 1858 499 1912 in
526 1855 762 1928 pariete,
795 1861 851 1911 et
875 1855 1190 1916 declinavit
1212 1871 1246 1911 a
1267 1854 1414 1911 facie
1447 1853 1588 1910 Saul
1621 1870 1631 1909 :
1667 1855 1878 1909 lancea

229 1953 429 2002 autem
457 1961 625 2001 casso
680 1944 924 2000 vulnere
967 1945 1196 2016 perlata
1245 1947 1337 1998 est
1388 1943 1448 1997 in
1480 1941 1789 2014 parietem,
1822 1946 1878 1997 et

231 2034 416 2091 David
444 2034 591 2103 fugit
621 2039 676 2089 et
715 2033 980 2090 salvatus
1030 2038 1118 2089 est
1153 2037 1323 2088 nocte
1353 2031 1471 2087 illa.
1505 2031 1652 2086 Misit
1681 2035 1877 2086 autem

226 2123 367 2180 Saul
401 2123 682 2180 satellites
714 2139 855 2178 suos
885 2129 1056 2178 nocte
1083 2123 1142 2177 in
1173 2121 1425 2176 domum
1455 2120 1659 2190 David,
1677 2124 1742 2175 ut
1771 2136 1876 2175 cu-

222 2213 542 2269 stodierent
567 2228 727 2276 eum,
757 2219 813 2268 et
863 2211 1287 2267 interﬁceretur
1317 2225 1509 2265 mane.
1541 2208 1712 2274 Quod
1740 2225 1878 2264 cum

218 2301 836 2359 annuntiassetDavid
859 2300 1066 2357 Michol
1092 2316 1241 2356 uxor
1271 2316 1401 2365 sua,
1449 2298 1655 2354 dicens
1707 2314 1724 2352 :
1759 2298 1879 2354 Nisi

219 2392 546 2449 salvaveris
570 2396 626 2446 te
655 2395 822 2446 nocte
846 2390 982 2460 hac,
1011 2405 1141 2445 cras
1171 2388 1440 2445 morieris
1467 2405 1480 2443 :
1525 2393 1579 2443 et
1601 2388 1882 2459 deposuit

218 2499 363 2538 eum
385 2497 493 2554 per
512 2481 705 2536 fesnes
719 2485 887 2536 tram.
917 2480 1098 2535 Porro
1119 2478 1213 2533 ille
1241 2478 1403 2544 abiit,
1427 2481 1484 2532 et
1503 2476 1668 2547 fugit,
1692 2481 1748 2533 et
1774 2477 1882 2533 sal-

215 2576 398 2627 vatus
442 2575 548 2626 est.
603 2569 752 2626 Tulit
802 2575 998 2626 autem
1029 2566 1248 2624 Michol
1294 2570 1576 2633 statuam,
1606 2571 1662 2621 et
1688 2566 1886 2638 posuit

215 2674 356 2718 eam
409 2676 588 2731 super
643 2657 887 2726 lectum,
944 2663 1001 2714 et
1029 2656 1245 2729 pellem
1277 2655 1536 2728 pilosam
1564 2670 1884 2726 caprarum

217 2749 421 2821 posuit
443 2748 521 2804 ad
552 2753 731 2820 caput
765 2748 912 2818 ejus,
944 2751 1000 2802 et
1051 2745 1284 2817 operuit
1331 2760 1466 2800 eam
1499 2744 1881 2799 vestimentis.

215 2838 377 2895 Misit
399 2843 602 2893 autem
631 2839 770 2893 Saul
805 2835 1196 2907 apparitores,
1221 2833 1325 2905 qui
1347 2837 1623 2904 raperent
1650 2832 1834 2887 David
1868 2849 1881 2888 :

217 2933 273 2985 et
297 2943 668 2999 responsum
686 2930 772 2981 est
787 2925 951 2998 quod
971 2926 1302 2993 aegrotaret.
1327 2925 1704 2994 Rursumque
1727 2921 1888 2976 misit

217 3016 373 3073 Saul
418 3016 678 3082 nuntios,
721 3019 786 3070 ut
815 3014 1087 3068 viderent
1115 3011 1325 3080 David,
1381 3009 1586 3065 dicens
1621 3027 1634 3065 :
1674 3010 1885 3065 Aﬂerte

218 3123 365 3162 eum
390 3104 574 3161 adme
593 3106 651 3158 in
673 3103 847 3169 lecto,
872 3106 934 3157 ut
954 3100 1278 3156 occidatur.
1301 3102 1569 3170 Cumque
1588 3098 1887 3153 venissent
1919 3121 1962 3178 ο

219 3195 424 3251 nuntii
451 3195 760 3249 inventum
788 3197 877 3247 est
909 3189 1337 3246 simulachrum
1365 3204 1545 3260 super
1569 3188 1808 3253 lectum,
1831 3193 1886 3243 et

216 3284 400 3355 pellis
433 3298 752 3353 caprarum
776 3280 851 3336 ad
875 3285 1054 3351 caput
1071 3277 1504 3349 ejus.Dixitque
1535 3277 1670 3333 Saul
1690 3277 1766 3332 ad
1789 3276 1883 3333 Mi-

215 3372 360 3429 chol
394 3388 405 3427 :
440 3373 632 3436 Quare
659 3371 744 3425 sic
766 3369 1024 3424 inlusisti
1053 3383 1168 3431 me,
1195 3372 1249 3422 et
1269 3366 1548 3421 dimisisti
1573 3366 1880 3421 inimicum

214 3464 526 3528 meum,ut
578 3459 804 3528 fugeret
847 3457 876 3512 ?
917 3461 981 3513 Et
1011 3456 1318 3529 respondit
1350 3455 1551 3512 Michol
1581 3455 1659 3511 ad
1693 3456 1830 3511 Saul
1865 3475 1876 3513 :

216 3550 377 3617 Quia
406 3549 531 3620 ipse
568 3549 801 3604 locutus
849 3551 937 3603 est
962 3547 1103 3602 mihi
1138 3562 1149 3598 :
1185 3545 1416 3600 Dimitte
1450 3561 1566 3613 me,
1612 3545 1877 3617 alioquin

213 3638 578 3695 interficiam
602 3642 673 3693 te.
704 3637 889 3692 David
916 3641 1118 3693 autem
1146 3634 1396 3703 fugiens,
1434 3634 1702 3689 salvatus
1720 3639 1805 3689 est
1827 3641 1882 3689 et

213 3725 480 3785 venitad
505 3726 741 3781 Samuel
763 3726 822 3780 in
840 3725 1138 3787 Ramatha,
1163 3728 1218 3778 et
1237 3723 1598 3778 renuntiavit
1619 3723 1668 3778 ei
1687 3724 1882 3779 omnia

214 3833 364 3890 quas
389 3814 608 3869 fecerat
627 3815 738 3868 sibi
764 3813 901 3868 Saul
930 3829 942 3866 :
966 3817 1020 3867 et
1040 3811 1451 3881 abieruntipsc
1475 3813 1803 3875 etSamuel,
1827 3817 1883 3866 et

217 3901 448 3961 morati
473 3906 610 3955 sunt
629 3899 688 3955 in
716 3900 945 3956 Naioth.
975 3899 1320 3954 Nuntiatum
1344 3903 1640 3952 estautem
1671 3899 1826 3954 Sauli
1851 3915 1882 3953 a

219 3988 564 4048 dicentibus
625 4006 636 4043 :
689 3992 831 4045 Ecce
886 3988 1072 4043 David
1102 3987 1161 4041 in
1210 3987 1420 4042 Naioth
1477 3985 1538 4040 in
1570 3987 1882 4041 Ramatha.

218 4080 375 4139 Misit
406 4094 548 4147 ergo
605 4078 744 4133 Saul
783 4077 1038 4141 lictores,
1076 4081 1139 4131 ut
1194 4080 1471 4146 raperent
1521 4074 1701 4130 David
1739 4075 1883 4146 :qui

218 4185 369 4227 cum
396 4167 683 4224 vidissent
709 4182 968 4223 cuneum
990 4165 1421 4238 prophetarum
1441 4163 1881 4219 vaticinantium

218 4264 280 4316 et
301 4256 546 4313 Samuel
576 4261 828 4312 stentem
859 4272 1031 4328 super
1062 4271 1184 4324 eos,
1214 4253 1404 4309 factus
1435 4260 1522 4309 est
1547 4253 1725 4309 etiam
1760 4254 1883 4325 Spi-

215 4349 375 4405 ritus
406 4345 643 4401 Domini
664 4346 724 4401 in
754 4345 885 4410 illis,
911 4350 965 4401 et
990 4343 1345 4417 prophetare
1368 4348 1677 4414 coeperunt
1700 4342 1880 4398 etiam

217 4437 365 4511 ipsi.
395 4437 565 4502 Quod
588 4451 726 4492 cum
749 4435 1086 4490 nuntiatum
1105 4439 1254 4489 esset
1276 4433 1453 4498 Sauli,
1486 4434 1644 4488 misit
1666 4432 1879 4489 etalios
1916 4471 1962 4526 D

220 4526 472 4583 nuntios
503 4542 514 4580 :
550 4525 1059 4597 prOphetaverunt
1088 4529 1288 4578 autem
1321 4526 1376 4577 et
1418 4522 1518 4576 illi.
1552 4524 1614 4577 Et
1639 4538 1880 4577 rursum

220 4616 388 4672 misit
416 4616 553 4670 Saul
581 4619 778 4670 tertios
810 4615 1052 4668 nuntios
1084 4628 1094 4668 :
1135 4613 1238 4684 qui
1261 4617 1316 4667 et
1346 4612 1456 4683 ipsi
1488 4612 1882 4683 prOphetave-

220 4709 385 4762 runt.
420 4706 483 4759 Et
512 4704 698 4759 iratus
724 4702 1034 4758 iracundia
1061 4700 1230 4767 Saul,
1284 4700 1427 4756 abiit
1455 4701 1636 4757 etiam
1664 4700 1793 4772 ipse
1823 4700 1883 4755 in

221 4795 544 4860 Ramatha,
596 4799 650 4849 et
679 4793 840 4849 venit
870 4809 1055 4864 usque
1084 4791 1163 4847 ad
1200 4791 1517 4848 cisternam
1572 4807 1882 4863 magnam,

223 4899 344 4956 que
369 4887 458 4939 est
484 4881 543 4937 in
577 4882 788 4944 Socho,
821 4884 878 4936 et
902 4879 1305 4949 interrogavit,
1334 4885 1390 4935 et
1416 4879 1561 4935 dixit
1621 4896 1634 4935 :
1675 4883 1738 4935 In
1769 4894 1885 4950 quo

224 4972 360 5029 loco
403 4977 536 5027 sunt
568 4969 805 5028 Samuel
858 4973 914 5024 et
957 4968 1137 5024 David
1190 4967 1591 5042 ?Dictumque
1639 4973 1730 5025 est
1784 4969 1881 5024 ei:

224 5064 371 5117 Ecce
439 5061 500 5115 in
559 5057 769 5116 Naioth
821 5061 960 5113 sunt
1011 5056 1069 5112 in
1153 5058 1462 5114 Ramatha.
1523 5062 1589 5114 Et
1632 5057 1774 5114 abiit
1824 5058 1884 5111 in

225 5149 437 5206 Naioth
482 5148 544 5204 in
597 5147 910 5209 Ramatha,
975 5150 1029 5201 et
1072 5145 1263 5202 factus
1329 5152 1416 5202 est
1474 5148 1650 5204 etiam
1709 5159 1887 5217 super

224 5255 366 5294 eum
399 5237 651 5308 Spiritus
691 5234 944 5301 Domini,
1003 5239 1059 5290 et
1115 5233 1466 5291 ambulabat
1522 5235 1883 5308 ingrediens,

222 5334 278 5384 et
313 5327 710 5399 prophetabat
755 5340 947 5396 usque
1006 5321 1154 5378 dum
1201 5324 1426 5379 veniret
1455 5324 1514 5379 in
1555 5327 1760 5382 Naioth
1822 5329 1884 5386 in

224 5416 544 5472 Ramatha.
574 5417 632 5470 Et
665 5413 983 5486 expoliavit
1013 5427 1074 5467 se
1115 5413 1294 5468 etiam
1335 5412 1463 5485 ipse
1518 5418 1881 5474 vestimentis

224 5505 378 5569 suis,
409 5509 467 5561 et
493 5502 865 5576 prophetavit
882 5517 1021 5558 cum
1039 5500 1264 5557 caeteris
1284 5517 1489 5559 coram
1541 5505 1802 5574 Samuel,
1822 5513 1882 5566 et

224 5594 440 5652 cecinit
466 5592 668 5651 nudus
687 5596 806 5650 tota
821 5591 936 5660 die,
971 5595 1027 5648 et
1057 5593 1247 5649 nocte.
1279 5591 1442 5649 Unde
1468 5595 1719 5653 etexivit
1747 5612 1879 5670 pro-

519 5683 756 5740 PATROL.
801 5681 1091 5738 LXXXVI.

1987 1857 2130 1910 Ecce
2162 1855 2426 1912 calendas
2455 1861 2596 1913 sunt
2624 1859 2906 1929 crastino,
2929 1864 2986 1916 et
3011 1875 3122 1930 ego
3149 1873 3221 1916 ex
3246 1877 3410 1918 more
3433 1863 3639 1920 sedere

1986 1943 2148 1999 soleo
2164 1944 2334 2015 juxta
2353 1961 2555 2017 regem
2578 1947 2657 2002 ad
2687 1947 3052 2004 vescendum
3084 1966 3102 2004 :
3132 1949 3362 2006 dimitte
3379 1965 3520 2020 ergo
3542 1967 3640 2009 me

1985 2036 2049 2087 ut
2081 2031 2419 2090 abscondar
2444 2035 2502 2089 in
2529 2049 2676 2104 agro
2691 2049 2884 2108 usque
2909 2035 2988 2092 ad
3008 2051 3326 2108 vesperum
3339 2037 3454 2094 diei
3467 2039 3636 2096 tertii.

1989 2122 2046 2178 Si
2067 2123 2390 2194 respiciens
2407 2124 2743 2196 requisierit
2772 2141 2869 2180 me
2897 2129 3067 2197 pater
3087 2127 3642 2198 tuus,respondebis

1987 2209 2041 2264 ei
2065 2227 2078 2262 :
2105 2213 2354 2283 Rogavit
2371 2228 2466 2268 me
2492 2213 2700 2278 David,
2719 2216 2785 2268 ut
2808 2212 2918 2270 iret
2946 2213 3210 2270 celeriter
3226 2213 3286 2269 in
3307 2214 3643 2273 Bethlehem

1988 2298 2286 2356 civitatem
2315 2316 2488 2358 suam
2527 2318 2539 2357 :
2574 2302 2718 2374 quia
2741 2301 3000 2359 victimas
3050 2302 3348 2358 solemnes
3400 2302 3485 2360 ibi
3505 2305 3646 2361 sunt

1990 2388 2281 2444 universis
2302 2390 2738 2448 contribulibus
2764 2391 2914 2462 ejus.
2945 2391 3002 2447 Si
3032 2390 3266 2460 dixerit,
3295 2395 3449 2450 Bene
3483 2409 3494 2450 :
3524 2409 3644 2466 pax

1991 2476 2097 2532 erit
2122 2493 2293 2534 servo
2324 2482 2426 2534 tuo
2482 2495 2496 2533 :
2555 2477 2608 2535 si
2639 2484 2844 2536 autem
2872 2479 3048 2535 fuerit
3074 2479 3279 2544 iratus,
3313 2481 3457 2538 scito
3501 2482 3647 2554 quia

1992 2565 2289 2637 completa
2315 2572 2400 2622 est
2430 2567 2656 2624 malitia
2684 2568 2960 2639 ejus.Fac
2993 2583 3134 2639 ergo
3162 2569 3646 2627 misericordiam

1992 2654 2052 2709 in
2083 2671 2324 2710 servum
2342 2659 2510 2711 tuum
2542 2671 2553 2711 :
2580 2656 2724 2728 quia
2747 2656 2938 2712 fcedus
2968 2656 3204 2714 Domini
3223 2674 3320 2715 me
3349 2658 3644 2717 famulum

1994 2745 2162 2798 tuum
2192 2748 2388 2798 tecum
2411 2744 2560 2799 inire
2590 2744 2796 2799 fecisti.
2833 2757 2900 2815 3:.
2942 2749 3151 2801 Amen.

2064 2832 2402 2900 Antiphona
2437 2837 2484 2886 t.
2508 2833 2663 2888 Deus
2694 2832 2879 2889 vitam
2896 2848 3096 2889 meam
3115 2835 3466 2893 annuntiavi
3496 2833 3596 2892 tibi
3629 2847 3642 2895 :

1994 2919 2246 2988 posuisti
2273 2920 2574 2992 lacrymas
2605 2937 2772 2978 meas
2803 2921 2864 2976 in
2881 2928 3208 2994 conspectu
3230 2927 3354 2990 tuo,
3378 2925 3642 2982 Domine.

1997 3007 2154 3062 Sicut
2174 3007 2234 3062 in
2264 3008 2726 3080 repromissione
2759 3013 2879 3072 tua,
2906 3009 3063 3065 Deus
3086 3011 3240 3066 Deus
3265 3027 3435 3067 meus
3459 3029 3473 3068 :
3502 3027 3646 3070 con-

1994 3100 2296 3152 vertantur
2349 3096 2577 3153 inimici
2618 3097 2733 3153 mei
2764 3103 2939 3154 retro.
2971 3097 3033 3158 if.
3067 3100 3334 3156 Miserere
3363 3101 3508 3158 mihi
3540 3102 3648 3159 Do-

1996 3186 2174 3253 mine,
2200 3187 2489 3259 quoniam
2518 3186 2891 3243 conculcavit
2914 3203 3011 3243 me
3031 3188 3216 3246 homo
3238 3208 3249 3245 :
3277 3194 3398 3247 tota
3417 3191 3511 3247 die
3527 3191 3647 3248 bela

1991 3275 2122 3332 ians
2152 3277 2450 3334 tribulavit
2480 3294 2596 3334 me.

2067 3365 2243 3437 286
2273 3367 2496 3424 Oratio.
2534 3370 2686 3422 Deus
2716 3367 2893 3423 vitam
2926 3373 3196 3425 nostram
3212 3371 3644 3428 annuntiamus

1993 3455 2115 3523 tibi,
2143 3456 2432 3528 quoniam
2500 3455 2730 3512 inferna
2787 3456 3104 3514 moriendo
3133 3457 3324 3514 vicisti
3353 3476 3364 3515 :
3392 3464 3455 3515 tu
3485 3460 3646 3516 enim

1989 3545 2186 3615 ﬁrma,
2214 3561 2350 3617 quas
2384 3550 2588 3602 nostra
2621 3546 2903 3616 agnoscis
2928 3562 2942 3612 ;
2963 3547 3068 3618 qui
3090 3547 3252 3603 solus
3272 3548 3645 3620 inspectores

1990 3634 2184 3690 cordis
2219 3653 2231 3690 :
2264 3635 2419 3691 Pone
2449 3651 2800 3708 quaesumus
2831 3635 2890 3691 in
2922 3641 3246 3709 conspectu
3286 3640 3387 3694 tuo
3415 3637 3648 3711 lachry-

1990 3739 2122 3780 mas
2150 3728 2385 3780 nostras
2421 3742 2432 3780 :
2463 3723 3014 3796 utrepromissionis
3037 3725 3643 3798 percipiantdonum;

1990 3813 2137 3868 dum
2171 3829 2271 3884 per
2301 3829 2435 3869 eam
2485 3819 2762 3870 sanctum
2815 3814 3228 3885 paraverimus
3259 3815 3646 3887 indulgentias

1991 3901 2270 3958 fructum.
2303 3911 2366 3971 Βι.
2393 3902 2600 3957 Amen.

2061 3991 2408 4058 Antiphona
2432 3995 2481 4044 2.
2503 3993 2628 4044 Non
2645 3989 3002 4045 erubescant
3015 3989 3076 4045 in
3093 4006 3190 4045 me
3207 3991 3312 4062 qui
3329 3995 3646 4064 expectant

1993 4081 2044 4133 te
2060 4078 2330 4145 Domine,
2356 4078 2511 4132 Deus
2531 4077 2835 4133 virtutum.
2857 4077 3154 4141 Quoniam
3173 4085 3417 4149 propter
3436 4086 3488 4136 te
3510 4095 3650 4152 por.

1993 4166 2110 4221 tavi
2141 4165 2532 4237 obprobrium
2566 4181 2581 4221 :
2613 4165 2848 4238 operuit
2872 4164 3145 4222 confusio
3167 4165 3379 4225 faciem
3408 4185 3634 4226 meam.

1992 4255 2215 4311 Accede
2231 4270 2413 4324 nunc,
2434 4253 2703 4320 Domine,
2723 4253 2801 4310 ad
2819 4252 3089 4310 animam
3109 4270 3328 4322 meam,
3351 4262 3404 4312 et
3420 4257 3644 4316 redime

1993 4359 2160 4400 eam:
2189 4349 2420 4416 propter
2440 4343 2714 4400 inimicos
2736 4358 2901 4400 meos
2919 4342 3105 4400 libera
3127 4360 3242 4400 me.
3263 4343 3324 4404 ῒ.
3356 4348 3644 4412 Quoniam

1992 4434 2147 4489 zelus
2171 4434 2386 4489 domus
2415 4439 2526 4489 tuae
2556 4432 2814 4489 comedit
2843 4448 2936 4488 me
2965 4451 2978 4491 :
3010 4437 3065 4488 et
3085 4432 3408 4506 obprobrie
3430 4451 3644 4509 expro-

1991 4523 2293 4579 brantium
2323 4521 2443 4588 tibi,
2474 4521 2811 4578 ceciderunt
2839 4535 3020 4591 super
3052 4537 3168 4578 mc.

2066 4612 2288 4669 Oratio.
2322 4615 2448 4668 Non
2474 4609 2829 4666 erubescant
2867 4609 2928 4665 in
2973 4611 3147 4666 nobis
3199 4610 3448 4668 Domine
3487 4613 3644 4670 Deus

1992 4702 2292 4766 virtutum,
2317 4701 2419 4773 qui
2443 4705 2494 4757 te
2516 4704 2832 4772 expectant
2849 4699 2922 4754 de
2944 4699 3227 4755 humanis
3249 4702 3475 4757 actibus
3494 4702 3647 4772 judis

1996 4792 2152 4847 cium
2180 4806 2311 4847 esse
2342 4789 2637 4845 facturum
2669 4805 2680 4840 :
2713 4791 2774 4843 ut
2800 4787 3002 4844 Crucis
3028 4791 3142 4844 tum
3165 4789 3432 4859 potentia
3451 4791 3647 4863 etpla‘

1996 4881 2140 4937 citos
2163 4896 2274 4935 nos
2292 4877 2397 4934 tibi
2418 4876 2724 4949 operarios
2747 4875 2957 4932 salutis
2977 4875 3276 4943 exhibeat,
3307 4882 3363 4933 et
3395 4879 3647 4938 caelestis

1997 4970 2216 5026 militiae
2243 4969 2471 5024 curiam
2509 4965 2584 5023 de
2615 4966 2833 5023 nostris
2875 4965 3112 5022 actibus
3143 4967 3478 5027 contristari
3523 4985 3647 5029 non

1997 5059 2168 5114 sinat.
2198 5069 2260 5129 Bt.
2291 5061 2499 5113 Amen.

2065 5147 2414 5217 Antiphona
2444 5150 2495 5203 3.
2531 5145 2756 5215 Lingua
2781 5159 2918 5201 mea
2947 5143 3334 5203 meditabitur
3357 5148 3646 5219 justitiam

1998 5235 2431 5304 tuam,Domine
2456 5253 2468 5287 :
2494 5239 2617 5291 tota
2637 5233 2732 5289 die
2753 5233 2995 5290 laudem
3017 5239 3184 5291 tuam
3208 5251 3222 5292 :
3243 5237 3386 5293 dum
3413 5238 3648 5294 confusi

1997 5333 2053 5383 et
2073 5326 2305 5383 reveriti
2335 5325 2551 5381 fuerint
2575 5339 2785 5379 omnes
2816 5323 2919 5396 qui
2949 5330 3226 5396 quaerunt
3253 5325 3416 5383 mala
3467 5327 3636 5382 mihi.

1997 5417 2058 5479 Ψ.
2093 5417 2248 5473 Deus
2274 5415 2334 5471 in
2359 5419 2410 5472 te
2433 5414 2686 5488 speravi,
2715 5413 2985 5481 Domine,
3015 5429 3138 5471 non
3163 5414 3560 5472 confundatur
3584 5413 3648 5469 in

1997 5513 2306 5573 aeternum,
2337 5504 2434 5578 qui
2465 5503 2694 5561 habitat
2722 5502 2785 5559 in
2816 5503 3207 5560 Hierusalem.

2069 5595 2477 5666 11:.Posuerunt
2506 5608 2602 5650 me
2632 5589 2856 5650 inimici
2904 5590 3020 5647 mei
3078 5589 3140 5646 in
3198 5588 3476 5658 angustia
3538 5591 3644 5646 :et

3347 5675 3415 5727 16
