4192 6416
553 302 649 370 ea:

1714 308 1717 311 '
1812 288 2261 354 BREVIARIUM
2302 286 2696 349 GOTHICUM.

3868 242 4009 345 «es.

553 420 941 483 amaritudini
973 420 1215 481 tradidit
1237 436 1354 491 me,
1387 436 1572 494 quem
1598 419 1945 490 diligebam.
1968 416 2036 474 P.
2060 414 2194 473 Sine
2222 409 2271 470 Α
2308 427 2428 476 mo,
2443 414 2498 469 et
2521 412 2858 484 tempestate
2874 410 3200 471 salvemur:
3218 407 3330 475 Qui
3349 419 3493 478 ergo
3505 407 3975 473 nunclocorum

553 524 736 583 causa
762 508 1092 565 vulneravit
1111 523 1210 567 me
1243 524 1255 562 :
1280 511 1345 565 tu
1372 507 1621 565 Domine
1640 508 1827 565 libera
1846 521 1961 565 me.
1983 505 2045 565 ἳνα
2075 506 2197 558 Ete-

551 595 679 666 nim
694 596 878 651 homo
899 596 1063 666 pacis
1080 612 1247 662 meas,
1278 596 1337 651 in
1376 612 1556 667 quem
1578 612 1689 666 ego
1712 595 2058 667 sperabam:
2088 588 2194 662 qui

552 683 766 740 edebat
788 699 975 754 panes
1006 699 1195 737 meos.
1227 685 1299 738 P.
1333 683 1488 739 Sine.

623 772 844 827 Preces.
869 773 1170 839 Rogamus
1188 775 1259 835 te,
1280 770 1403 827 Rex
1422 771 1777 827 saeculorum
1801 770 1955 824 Deus
1970 768 2191 830 sancte,

550 855 616 912 Ρ.
678 858 814 913 Jam
842 857 1117 913 miserere
1145 874 1157 913 :
1220 858 1600 930 peccavimus
1630 858 1754 914 tibi.
1790 857 1850 918 Y.
1883 859 2018 912 Jesu
2049 851 2195 908 Red-

553 949 803 1017 emptor,
830 946 933 1018 qui
963 945 1125 1002 solus
1160 946 1401 1002 victima
1449 947 1644 1003 factus
1672 961 1734 1002 es
1764 945 2015 1010 mundo,
2045 939 2196 996 Patri

551 1033 914 1103 gratissima,
946 1048 1057 1088 nos
1086 1032 1344 1089 clemens
1370 1039 1432 1090 tu
1463 1034 1665 1090 libera.
1701 1033 1767 1090 P.
1792 1034 1944 1087 Jam.
1975 1030 2039 1090 li.
2070 1030 2196 1093 Quo

551 1120 861 1190 moriente,
892 1126 1043 1177 terra
1066 1120 1438 1184 contremuit,
1459 1136 1489 1177 θ
1506 1120 1911 1179 monumentis
1936 1116 2197 1189 sepultos

552 1208 787 1277 pariens
817 1206 895 1263 ad
918 1207 1101 1263 ﬁdem
1124 1208 1509 1271 credentium.
1538 1210 1601 1263 P.
1633 1211 1784 1264 Jam.
1814 1208 1873 1267 ii.
1902 1205 2013 1272 Qui
2034 1205 2095 1261 in
2114 1220 2199 1259 se-

551 1293 799 1368 pulchro
825 1295 1078 1365 quiescis
1109 1296 1359 1366 positus,
1392 1301 1492 1352 tua
1524 1296 1720 1367 quiete
1751 1300 2018 1351 mortuos
2046 1291 2193 1347 refo-

550 1398 673 1446 ves,
697 1382 928 1438 inferna
948 1384 1302 1453 percutiens.
1326 1384 1391 1440 P.
1408 1386 1558 1439 Jam.
1584 1383 1646 1445 llr.
1698 1383 1808 1449 Qui
1842 1379 2198 1453 sepulchrali

549 1469 747 1542 lapide
765 1469 1078 1537 clauderis,
1097 1476 1154 1526 et
1170 1486 1265 1526 res
1275 1472 1434 1542 urgis
1453 1472 1801 1529 custodibus
1823 1470 2040 1528 nesciis
2062 1484 2199 1541 pur-

552 1575 628 1631 ga
654 1574 764 1613 nos
794 1574 832 1614 a
860 1558 1032 1614 vitiis.
1074 1558 1140 1615 P.
1165 1561 1317 1615 lam.
1852 1612 1857 1618 .

553 1690 571 1722 ι.
618 1647 898 1717 Hymnus.
932 1649 974 1702 Ο
1007 1650 1322 1716 Nazarene,
1354 1647 1479 1705 lux.
1501 1650 1614 1718 fol.
1646 1648 1766 1705 144.

2305 504 2706 572 praeparatam
2718 499 2983 571 requiem
2998 503 3390 570 expectamus
3419 513 3439 566 ;
3456 494 3663 567 praebe
3676 494 3889 562 nobis,
3907 500 3975 557 ut

2305 592 2572 658 exempto
2598 587 2868 643 humano
2890 586 3161 657 strepitu,
3202 584 3264 640 in
3296 583 3428 641 sola
3447 583 3799 641 dulcedinis
3847 589 3971 641 tum

2303 674 2797 746 contemplatione
2837 672 3111 730 laetimur.
3140 685 3204 744 ﬁt.
3234 676 3449 729 Amen.

2374 762 2545 832 287
2576 764 2907 833 Antiphona
2919 763 3223 832 3.Protege
3242 777 3354 827 me,
3365 760 3682 827 Domine,a
3693 775 3970 818 conven-

2300 853 2364 907 tu
2380 850 2838 919 malignantium
2868 854 2953 906 :et
2981 865 3018 906 a
3032 848 3412 906 multitudine
3442 847 3969 920 operantiumini-

2301 938 2590 1011 quitatem
2611 937 2798 995 libera
2820 953 2937 995 me.
2969 937 3032 999 ν.
3057 937 3226 1009 Eripe
3246 951 3344 993 me
3364 934 3619 993 Domine
3651 934 3735 991 ab
3764 935 3965 995 homi-

2302 1041 2378 1083 ne
2399 1026 2557 1082 malo
2589 1041 2603 1080 :
2630 1041 2667 1083 a
2704 1026 2832 1081 viro
2863 1025 3072 1098 iniquo
3084 1029 3141 1081 et
3158 1023 3369 1081 doloso
3391 1022 3590 1081 libera
3616 1037 3741 1080 me.

2374 1126 2444 1182 Bg.
2484 1115 2674 1179 Quare
2712 1113 2892 1169 tristis
2909 1129 2974 1168 es
3000 1113 3204 1171 anima
3228 1126 3398 1169 mea:
3422 1115 3479 1167 et
3497 1127 3693 1183 quare
3719 1114 3967 1169 contur-

2303 1201 2415 1259 bas
2447 1202 2590 1258 me?
2621 1204 2802 1273 Spera
2820 1201 2879 1256 in
2904 1202 3044 1269 Deo,
3073 1200 3365 1270 quoniam
3394 1198 3459 1255 P.
3493 1198 3967 1261 Conﬁteborilli.

2303 1289 2365 1350 ν.
2399 1290 2695 1359 Ingrediar
2713 1291 2773 1345 in
2802 1289 3002 1346 locum
3023 1286 3389 1349 tabernaculi
3418 1286 3805 1345 admirabilis
3832 1304 3969 1345 :us-

2303 1394 2420 1449 que
2441 1378 2518 1435 ad
2547 1379 2797 1434 domum
2815 1377 2933 1433 Dei.
2966 1379 3031 1433 ln
3060 1391 3205 1433 voce
3217 1374 3626 1445 exultationis,
3650 1380 3711 1431 et
3731 1375 3969 1434 confes-

2305 1466 2487 1522 sionis
2512 1465 2840 1522 conﬁtebor
2859 1465 2962 1521 illi.

2373 1554 2599 1611 Preces.
2632 1555 2894 1611 Miserere
2907 1554 3021 1609 mei
3046 1552 3316 1609 Domine.
3333 1551 3405 1608 P.
3435 1548 3550 1617 Qui
3578 1555 3800 1623 potens
3820 1552 3964 1611 esin

2303 1641 2728 1699 misericordia.
2757 1640 2821 1704 ἵ.
2877 1642 3053 1698 Morte
3113 1646 3217 1697 tua
3271 1655 3383 1696 nos
3418 1638 3634 1696 libera.
3693 1641 3761 1695 P.
3814 1642 3952 1709 Qui.

556 1780 567 1813 λ
622 1736 839 1791 Oratio.
868 1735 1094 1806 Lingua
1124 1741 1350 1803 nostra,
1386 1736 1656 1802 Domine,
1685 1736 2000 1793 meditetur
2022 1734 2195 1806 justi-
2225 1748 2270 1804 Β
2300 1728 2362 1791 γ.
2397 1729 2567 1786 Salva
2593 1745 2704 1787 nos
2736 1735 2833 1787 tuo
2854 1730 3121 1786 vulnere.
3158 1730 3226 1784 P.
3255 1727 3386 1795 Qui.
3411 1726 3474 1789 ῒ.
3509 1728 3669 1784 Crux
3689 1733 3798 1787 tua
3846 1745 3960 1787 nos

550 1824 660 1883 tias
688 1828 819 1879 tuas
849 1840 863 1879 :
895 1828 959 1879 ut
984 1823 1117 1880 laus
1139 1828 1241 1881 tua
1263 1830 1385 1882 tota
1415 1825 1513 1880 die
1542 1842 1616 1883 ex
1637 1841 1737 1882 ore
1764 1829 1970 1881 nostro
1988 1839 2193 1896 proce-

550 1912 653 1969 dat
679 1912 740 1967 in
770 1927 860 1979 eo,
916 1912 1079 1985 quod
1109 1914 1403 1984 passionis
1430 1919 1546 1970 tuas
1576 1931 1612 1969 a
1662 1914 1835 1970 nobis
1871 1913 2192 1986 praedicata

550 1999 725 2075 fuerit
753 2000 940 2070 gloria
966 2016 977 2053 :
1011 2003 1075 2055 ut
1095 1999 1157 2055 in
1180 2016 1250 2056 ea
1267 2001 1516 2072 justitia,
1548 2018 1671 2073 qua
1696 2017 1768 2057 ex
1792 2001 1911 2057 ﬁde
1932 2001 2190 2057 vivimus

551 2092 609 2143 et
631 2103 786 2143 nunc
813 2093 869 2143 et
897 2103 1131 2160 semper
1159 2088 1285 2144 sine
1314 2089 1434 2146 ﬁne
1461 2088 1799 2147 laudemus.

622 2176 788 2233 Pater
808 2182 1025 2233 noster.

624 2265 827 2321 Lectio
854 2264 993 2321 libri
1018 2265 1353 2325 Ezechielis
1374 2266 1687 2337 Propheta?
1710 2264 2081 2337 (Cap.xxxv).

620 2364 684 2424 Βι.
716 2354 835 2408 Deo
856 2353 1095 2424 gratias.

620 2444 828 2498 Factus
875 2446 963 2507 est
986 2456 1181 2498 sermo
1204 2442 1436 2499 Domini
1468 2442 1548 2500 ad
1571 2458 1688 2510 me,
1748 2442 1951 2499 dicens
2015 2457 2029 2496 :
2085 2440 2192 2503 Fili

544 2528 802 2589 hominis
821 2544 974 2602 pone
991 2529 1200 2587 faciem
1216 2535 1381 2589 tuam
1406 2531 1727 2589 adversum
1746 2535 2015 2589 montem
2035 2529 2187 2586 Seir:

549 2623 607 2676 et
636 2618 950 2675 extendam
974 2634 1223 2679 manum
1246 2635 1445 2677 meam
1469 2635 1649 2692 super
1665 2624 1740 2686 te,
1767 2624 1820 2675 et
1836 2618 1992 2676 dabo
2013 2623 2067 2675 te
2089 2619 2191 2677 deo

551 2706 807 2763 solatum
829 2711 1005 2778 atque
1022 2707 1349 2765 desertum.
1374 2707 1558 2763 Urbes
1580 2714 1712 2764 tuas
1728 2706 2040 2771 demoliar,
2063 2710 2121 2762 et
2132 2715 2190 2763 tu

547 2795 815 2873 desertus
835 2795 981 2850 eris:
1007 2800 1062 2852 et
1080 2795 1227 2851 scies
1255 2795 1399 2868 quia
1426 2812 1536 2865 ego
1584 2796 1885 2853 Dominus.
1922 2798 2000 2851 Eo
2028 2794 2191 2866 quod

545 2882 724 2955 fueris
752 2882 1026 2939 inimicus
1070 2884 1487 2955 sempiternus,
1529 2889 1585 2941 et
1631 2884 1993 2940 concluseris
2035 2882 2187 2938 ﬁlios

547 2970 727 3029 Israel
756 2971 816 3027 in
842 2986 1027 3026 manu
1057 2969 1238 3040 gladii
1270 2972 1328 3027 in
1355 2977 1618 3042 tempore
1649 2972 1975 3043 iniquitatis
2005 2975 2191 3025 extre-

542 3074 680 3122 mas.
708 3059 1025 3130 Propterea
1047 3059 1194 3114 vivo.
1225 3074 1354 3128 ego,
1389 3060 1526 3115 dicit
1549 3059 1833 3115 Dominus
1856 3060 2009 3113 Deus
2041 3073 2188 3128 quo-

541 3146 705 3207 niam
737 3146 1253 3217 sanguinitradem
1269 3151 1344 3215 te,
1367 3152 1423 3202 et
1448 3147 1693 3216 sanguis
1715 3150 2095 3217 persequetur
2111 3152 2182 3203 te:

542 3240 597 3289 et
614 3234 770 3290 dabo
796 3238 1058 3288 montem
1092 3233 1213 3288 Seir
1225 3232 1558 3287 desolatum
1580 3241 1635 3287 et
1654 3232 1955 3288 desertum
1982 3237 2187 3287 :etau—

539 3321 725 3379 feram
755 3322 823 3378 de
845 3339 915 3379 eo
947 3321 2001 3391 euntem,etredeuntem.Etimplebo
2022 3336 2181 3376 mon-

539 3414 622 3467 ms
655 3411 784 3481 ejus
807 3409 1141 3466 occisorum
1170 3423 1414 3464 suorum
1452 3413 1542 3464 :et
1571 3409 1631 3463 in
1656 3408 1907 3463 collibus
1938 3408 2184 3472 suis,at-

537 3514 653 3571 que
673 3499 733 3554 iu
760 3497 1012 3554 vallibus
1035 3497 1175 3560 suis,
1200 3494 1337 3550 etin
1360 3495 1714 3551 torrentibus
1746 3496 2027 3553 interfecti
2056 3498 2181 3566 gla-

537 3584 637 3652 dio
663 3585 961 3640 cadentJn
990 3583 1338 3639 solitudines
1375 3586 1766 3655 sempiternas
1795 3587 2027 3640 tardam
2048 3591 2182 3648 te,et

536 3672 801 3727 civitates
830 3678 940 3727 tuae
966 3687 1085 3726 non
1108 3671 1593 3729 inhabitabuntur
1622 3690 1635 3727 :
1661 3675 1877 3728 etscies
1905 3675 2047 3746 quia
2069 3691 2179 3743 ego

540 3761 847 3816 Dominus.
886 3772 947 3830 ιν.
976 3764 1179 3815 Amen.

603 3849 963 3917 Antiphone.
996 3851 1135 3902 Ecce
1162 3849 1320 3903 enim
1373 3848 1522 3903 Deus
1548 3850 1795 3919 adjuvat
1829 3867 1917 3906 me
1946 3868 1957 3905 :
1987 3856 2042 3906 et
2072 3852 2179 3905 Do-

534 3936 733 3993 minus
749 3945 1053 4009 susceptor
1065 3954 1233 3992 meus
1249 3942 1332 3992 est
1352 3939 1565 3993 animze
1592 3940 2013 4003 mea-,reddeus
2030 3941 2179 3996 mala

530 4026 783 4106 inimicis
812 4027 979 4081 meis.
1031 4025 1088 4087 in
1127 4029 1275 4080 Deus
1326 4027 1382 4081 in
1409 4028 1649 4082 nomine
1683 4034 1781 4083 tuo
1827 4028 2058 4084 salvum
2085 4044 2178 4084 me

531 4114 623 4170 fac
650 4136 661 4170 :
692 4122 746 4171 et
776 4116 832 4170 in
867 4115 1077 4170 virtute
1111 4121 1209 4169 tua
1240 4114 1426 4170 libora
1458 4132 1572 4170 me.

603 4204 818 4260 Oratio.
852 4203 1084 4274 Adjuva
1109 4218 1237 4269 nos,
1270 4204 1425 4258 Deus
1458 4202 1735 4260 salutaris
1789 4210 2011 4270 noster,
2082 4205 2176 4276 qui

533 4297 843 4363 susceptor
864 4307 926 4347 es
951 4291 1287 4346 animarum
1314 4296 1655 4349 nostrarum
1685 4308 1700 4357 ;
1730 4297 1791 4348 ut
1820 4293 1878 4348 in
1936 4295 2178 4349 nomine

532 4386 736 4435 sancto
790 4383 890 4433 tuo
954 4377 1261 4433 laetemur:
1292 4384 1348 4434 et
1382 4380 1486 4451 qui
1530 4396 1843 4435 censemur
1884 4381 2178 4437 vocabulo

530 4466 757 4531 Christi,
791 4481 1125 4521 mereamur
1180 4467 1307 4535 ejus
1335 4467 1646 4537 participio
1684 4468 1902 4538 perfrui
1932 4485 1944 4523 :
1976 4469 2178 4541 sicque
2211 4452 2256 4507 D

528 4560 747 4611 mterna
773 4569 1212 4624 consequamur
1237 4554 1475 4625 gaudia,
1510 4560 1567 4610 et
1599 4557 1918 4627 praesentia
1941 4573 2180 4628 supere-

531 4659 666 4699 mus
698 4643 955 4699 adversa
982 4660 994 4698 :
1027 4648 1088 4698 ut
1117 4657 1221 4715 per
1259 4642 1465 4699 omnia
1491 4648 1543 4698 te
1579 4642 1898 4699 laudemus
1928 4663 1942 4714 ;
1967 4652 2022 4701 et
2045 4650 2096 4701 te
2117 4646 2179 4702 in

530 4733 706 4799 nobis
728 4748 861 4789 esse
888 4732 1284 4802 gaudeamus.
1314 4743 1378 4801 ﬂ.
1407 4741 1614 4788 Amen.

597 4823 943 4891 Antiphona
973 4826 1031 4878 2.
1070 4823 1215 4877 Ecce
1266 4820 1540 4891 elongavi
1589 4820 1827 4892 fugiens
1862 4837 1875 4878 :
1906 4827 1962 4879 et
1986 4823 2182 4880 mansi

530 4910 593 4987 in
620 4908 1429 4983 solitudine.P.Expectabam
1451 4910 1793 4978 Dominum,
1818 4911 2184 4986 quisalvaret

527 5014 623 5053 me
663 5012 700 5053 a
726 4997 940 5067 pusillo
985 4997 1209 5065 animo,
1254 5002 1311 5053 et
1358 5003 1727 5070 tempestate.
1772 4999 1832 5059 i7.
1873 5000 2181 5072 Praecipita

527 5084 795 5153 Domine,
826 5087 884 5140 et
926 5083 1128 5139 divide
1191 5085 1429 5157 linguas
1455 5102 1666 5145 eorum
1698 5087 2023 5158 :quoniam
2054 5089 2179 5155 vidi

528 5173 921 5246 iniquitatem,
955 5178 1009 5226 et
1038 5173 1564 5230 contradictionem
1592 5174 1655 5229 in
1693 5174 1947 5230 civitate.
1981 5175 2081 5231 Die
2106 5193 2177 5234 ac

528 5270 699 5317 nocte
730 5259 1122 5315 circumdabit
1150 5276 1282 5314 eam
1315 5276 1495 5330 super
1514 5262 1675 5316 viros
1704 5262 1853 5331 ejus.

568 5340 823 5407 'Oratio.
861 5351 1023 5413 Ecce,
1057 5348 1326 5417 Domine,
1378 5350 1551 5421 positi
1609 5351 1669 5405 in
1730 5352 2172 5422 perturbatione

523 5424 1124 5509 mundana,qutem
1144 5435 1482 5495 solitudinis
1506 5438 2170 5513 eligentes,elongarifu-

522 5527 740 5613 giendo
769 5542 808 5587 a
828 5524 1073 5587 terrenis
1098 5524 1331 5587 actibus
1362 5525 1737 5603 cupimusmt
1752 5543 1792 5587 a
1815 5529 2031 5600 pusillo
2044 5530 2166 5589 ani-

2301 1817 2571 1873 viviticet.
2607 1817 2671 1874 P.
2703 1818 2835 1883 Qui.
2866 1817 2928 1879 ῒ.
2959 1820 3033 1873 Te
3058 1816 3368 1882 moriente,
3408 1814 3792 1877 vivamus.P.
3824 1818 3955 1885 Qui.

2371 1906 2666 1975 Hymnus.
2693 1907 2736 1962 Ο
2768 1909 3079 1962 Nazarene.
3104 1906 3220 1974 fol.
3248 1907 3373 1960 144.

2371 1994 2839 2065 0ratio.Protege
2852 1994 3289 2062 nos,Domine,a
3300 1997 3612 2051 conventu
3622 1992 3955 2065 malignan-

2298 2082 2449 2138 tium
2494 2082 2873 2139 inimicorum
2921 2101 2939 2153 ;
2986 2083 3091 2154 qui
3137 2080 3340 2139 Crucis
3395 2081 3677 2153 pertulisti
3731 2082 3950 2153 obpro-

2297 2170 2499 2227 brium
2529 2171 2734 2242 :utqui
2756 2176 2963 2227 contra
2988 2176 3043 2226 te
3074 2169 3314 2240 linguas
3341 2184 3489 2225 suas
3501 2174 3866 2229 exacuerunt
3882 2172 3953 2227 ut

2300 2258 2601 2330 gladium;
2631 2258 3021 2315 saluberrimo
3035 2263 3149 2315 tum
3161 2257 3369 2329 gratim
3389 2257 3559 2317 dono
3577 2257 3953 2332 conquisisti,

2298 2347 2652 2404 devorentur
2672 2346 2939 2405 Ecclesiae
2967 2362 3200 2404 morsu.

2369 2436 2535 2492 Pater
2561 2442 2788 2493 noster.

2874 2524 2969 2582 Ad
3031 2525 3330 2595 Vesperos.

2367 2613 2585 2673 Lauda
2615 2611 2714 2669 Sol
2738 2612 2981 2683 agnovit
3007 2628 3292 2671 occasum
3315 2611 3793 2673 suum.Posuisti
3805 2616 3958 2670 tene-

2295 2696 2456 2767 bras,
2490 2706 2545 2757 et
2572 2700 2729 2757 facta
2754 2705 2841 2756 est
2866 2716 3008 2756 nox.

2366 2787 3084 2860 AntiphonaMisericordia
3094 2804 3215 2843 mea
3225 2787 3370 2843 Deus
3382 2793 3436 2844 et
3449 2787 3733 2860 refugium
3748 2805 3953 2846 meum:

2298 2883 2607 2948 susceptor
2633 2893 2823 2941 meus,
2855 2880 2912 2932 et
2938 2876 3222 2932 liberator
3248 2892 3439 2933 meus.
3461 2878 3738 2934 Psalmus
3765 2894 3955 2935 chnr.

2368 2966 2597 3021 Lauda.
2667 2968 2894 3036 Pauper
2940 2981 3074 3021 sum
3149 2979 3284 3033 ego,
3352 2970 3410 3020 et
3463 2965 3712 3022 dolens:
3792 2966 3958 3023 salus

2299 3053 2493 3109 vultus
2533 3054 2611 3109 tui
2638 3054 2793 3108 Deus
2833 3054 3093 3125 suscepit
3142 3068 3259 3108 me.
3294 3052 3357 3112 iii.
3389 3054 3692 3111 Laudabo
3733 3070 3956 3115 nomen

2297 3141 2395 3195 Dei
2420 3140 2533 3196 mei
2552 3157 2686 3196 cum
2719 3141 2984 3197 cantico:
3041 3140 3451 3211 magniﬁcabo
3469 3158 3612 3200 eum
3643 3143 3712 3201 in
3754 3144 3956 3201 laude.

2367 3230 2648 3298 Hymnus.
2688 3228 2933 3284 Verbum
2962 3229 3166 3285 Patris.
3197 3230 3310 3299 fol.
3350 3233 3475 3286 252.

2366 3317 2658 3386 Capitula.
2701 3316 3324 3374 Nonarumhorarum.
3351 3318 3466 3387 fol.
3501 3322 3624 3375 173.

2359 3405 2591 3463 Lauda.
2618 3407 2905 3463 Memento
2922 3405 3086 3462 verbi
3106 3405 3188 3462 tui
3210 3420 3382 3462 servo
3421 3412 3549 3464 tuo.
3604 3408 3791 3477 folio.
3823 3409 3947 3469 281.

2994 3510 3131 3550 8ΔΒΒ
3137 3509 3241 3551 ΛΤΟ
3249 3535 3262 3551 ρ

2842 3582 2937 3637 Ad
2952 3583 3345 3639 Matutinum.

2362 3671 2718 3740 Antiphone.
2743 3673 2825 3727 Tu
2856 3676 3056 3726 autem
3076 3671 3345 3727 Domine.
3375 3671 3648 3730 Psalmus
3684 3690 3769 3731 nr.

2360 3760 2584 3815 Oratio.
2617 3760 2900 3825 Quamvis
2925 3760 3193 3816 Domine.
3214 3760 3323 3828 fol.
3355 3764 3472 3817 141.

2357 3849 2708 3916 Antiphona
2736 3852 2782 3904 1.
2812 3850 2965 3903 Deus
2992 3854 3225 3904 contere
3252 3847 3460 3902 dentes
3504 3847 3902 3909 inimicorum
3934 3866 3950 3906 :

2287 3936 2481 3992 molas
2501 3938 2742 3991 leonum
2760 3936 3087 4005 confringe.
3120 3937 3190 3991 Ut
3217 3934 3296 3991 ad
3315 3934 3569 3992 nihilum
3603 3937 3951 4004 devenient,

2285 4025 2445 4080 velut
2460 4041 2621 4097 aqua
2643 4025 2984 4080 decurrens.
3005 4026 3072 4079 Ut
3094 4022 3323 4080 laetetur
3347 4024 3549 4093 justus
3574 4040 3720 4081 cum
3741 4027 3957 4085 viderit

2287 4113 2607 4169 vindictam
2631 4114 2974 4184 impiorum.
3002 4110 3063 4171 ὴν.
3105 4113 3245 4167 Vere
3285 4113 3489 4184 utique
3541 4112 3850 4185 justitiam
3872 4114 3958 4171 lo-

2287 4201 2542 4274 quimini
2566 4218 2579 4257 :
2613 4207 2767 4257 recte
2784 4201 3068 4272 judicate,
3092 4199 3196 4255 ﬁlii
3219 4200 3526 4255 hominum
3542 4242 3556 4257 .

2360 4292 2557 4347 Oratio
2572 4334 2583 4346 .
2598 4290 2885 4362 Deus,qui
2900 4289 3239 4345 admirabili
3263 4289 3688 4362 responsionis
3710 4291 3957 4363 objectu

2287 4379 2492 4436 dentes
2516 4380 2767 4434 conteris
2798 4377 3175 4433 inimicorum
3207 4394 3223 4432 :
3248 4377 3563 4450 molasque
3586 4376 3824 4449 frangis
3837 4381 3956 4437 leo-

2288 4484 2433 4523 num
2460 4486 2473 4521 :
2502 4467 2645 4522 dum
2669 4464 3307 4534 etinterrogationibus
3335 4480 3545 4522 eorum
3570 4466 3957 4541 inexpugna-

2286 4556 2401 4613 bile
2414 4571 2715 4628 praaparas
2732 4555 2908 4610 telum
2928 4571 2940 4619 ;
2957 4560 3012 4610 et
3023 4553 3611 4611 eorumclamoribus
3624 4555 3954 4626 insultans,

2287 4646 2579 4701 viventem
2594 4649 2647 4699 te
2668 4643 2930 4699 ostendis
2961 4648 3100 4715 post
3114 4642 3361 4698 vulnera
3373 4643 3736 4701 cruciﬁxum
3761 4662 3777 4701 :
3796 4645 3959 4704 fran-

2288 4748 2360 4807 ge
2385 4749 2563 4800 nunc,
2586 4731 3341 4806 quassumns,sequentium
3362 4736 3572 4791 contra
3597 4738 3652 4789 te
3678 4734 3960 4792 inimico-

2288 4837 2422 4878 rum
2440 4821 2757 4877 audaciam
2773 4839 2785 4878 :
2814 4824 2872 4876 ut
2884 4819 2963 4876 ad
2975 4819 3753 4886 nihilum,velutdecurrens
3764 4839 3955 4896 aqua,

2289 4909 2627 4976 devenient,
2648 4909 2752 4982 qui
2778 4908 3015 4966 malitias
3042 4925 3165 4965 suae
3187 4909 3447 4982 gestiunt
3469 4909 3816 4969 intratuam
3852 4916 3961 4971 Ec-

2289 5000 2521 5057 clesiam
2546 5014 2823 5070 spargere
2853 4998 3234 5056 documenta.
3262 5010 3329 5070 Βι.
3353 5004 3566 5056 Amen.

2356 5087 2710 5155 Antiphone
2728 5086 3240 5158 2.0ccupaverunt
3251 5086 3519 5143 animam
3534 5103 3741 5145 meam
3755 5088 3959 5148 inimi-

2287 5175 2340 5232 ci
2364 5174 2796 5238 mei,Domine:
2846 5172 3156 5230 inruerunt
3205 5174 3265 5229 in
3285 5190 3384 5229 me
3406 5174 3610 5232 fortes.
3644 5178 3801 5235 Ecce
3831 5178 3956 5253 ipsi

2282 5264 2607 5335 loquuntur
2623 5262 2945 5318 adversum
2966 5278 3062 5319 me
3078 5280 3090 5319 :
3111 5267 3168 5318 et
3183 5261 3421 5331 gladius
3434 5262 3495 5318 in
3511 5263 3689 5320 labiis
3708 5282 3952 5324 eorum.

2284 5353 2560 5424 Disperge
2586 5350 2715 5406 illos
2741 5350 2800 5406 in
2828 5353 3033 5407 virtute
3063 5356 3165 5409 tua
3192 5355 3282 5407 :et
3303 5350 3540 5408 destrue
3575 5369 3682 5409 eos
3713 5363 3953 5429 protec-

2280 5445 2370 5521 tor
2385 5455 2576 5497 meus.
2601 5439 2661 5501 ῆν.
2686 5440 2850 5512 Eripe
2861 5455 2959 5496 me
2983 5439 3058 5497 de
3080 5439 3335 5501 inimicis
3352 5440 3503 5499 meis
3532 5444 3694 5501 Deus
3726 5461 3944 5515 meus;

2278 5528 2357 5591 ab
2375 5526 2823 5601 insurgentibus
2850 5527 2916 5589 in
2941 5543 3041 5587 me
3066 5526 3254 5591 libera
3281 5543 3401 5593 me.
