4192 6420
216 336 325 393 493
432 364 435 367 -

1390 336 1741 393 DOMINICA
1780 333 1854 389 IV
1892 331 2502 401 QUADRAGESIMAE.

3538 343 3644 401 494

294 459 516 516 Oratio.
545 461 921 532 Occupantes
939 462 1207 517 animam
1230 466 1417 528 tuam,
1437 464 1659 518 Christe
1680 461 1876 516 Domi—
1913 459 1958 513 A
1990 475 2309 529 puerorum
2341 468 2548 519 sancta
2583 480 2595 514 :
2630 476 2810 533 porro
2840 462 2940 519 via
2968 463 3096 519 haec
3125 465 3352 536 polluta
3382 471 3490 534 est,
3536 467 3647 525 sed

232 567 320 621 ne,
344 549 542 618 fortes,
574 566 753 622 super
778 556 831 605 te
852 552 1061 606 acriter
1081 552 1420 617 inruerunt;
1442 569 1581 608 cum
1611 556 1878 622 tempore

230 637 519 713 passionis
559 654 786 693 cuneus
817 655 989 710 super
1026 644 1077 694 te
1127 640 1311 695 inruit
1342 640 1740 712 superborum
1775 659 1786 698 :
1822 644 1879 695 et

230 727 358 783 ideo
379 742 752 799 quaesumus,
782 727 860 782 ad
889 743 1129 799 precem
1160 728 1431 784 Ecclesia:
1460 733 1576 784 tum
1602 730 1731 799 jam
1760 743 1879 783 res-

231 817 351 889 pice
382 820 436 870 et
453 820 767 870 cruentum
790 816 979 871 hostis
1006 817 1079 872 de
1105 833 1292 874 manu
1314 818 1583 889 gladium
1613 817 1746 873 tolle
1771 834 1783 871 :
1815 820 1880 872 ut

228 918 510 960 mucrone
540 919 649 958 suo
682 903 953 959 decisum
987 905 1234 972 sentiat;
1267 922 1405 960 cum
1436 920 1542 976 per
1571 920 1694 971 eos,
1722 920 1877 975 quos

228 996 512 1055 tenuerat,
529 991 671 1046 ﬁdei
692 996 807 1047 tuae
832 994 1172 1062 cognoverit
1191 994 1503 1065 praedicari
1522 994 1873 1050 doctrinam.

294 1092 356 1149 Re.
386 1080 601 1144 Amen,

287 1168 635 1237 Antiphona
650 1172 708 1223 3.
735 1169 960 1224 Deusin
978 1171 1074 1240 adj
1087 1171 1345 1226 utorium
1363 1186 1563 1226 meum
1589 1171 1829 1226 intende
1860 1187 1877 1228 :

228 1256 472 1312 Domine
499 1255 577 1310 ad
603 1256 1019 1327 adjuvandum
1048 1274 1143 1313 me
1170 1258 1401 1314 festina.
1426 1258 1881 1315 Confundantur

225 1350 276 1402 et
309 1349 692 1401 revereantur
743 1347 848 1417 qui
894 1352 1172 1418 quaerunt
1222 1349 1487 1405 animam
1539 1364 1740 1403 meam
1771 1364 1783 1403 :
1814 1347 1878 1407 ἲν.

165 1493 170 1503 _
224 1435 571 1490 Avertantur
600 1439 952 1501 retrorsum,
980 1440 1037 1490 et
1082 1435 1548 1505 confundantur,
1582 1437 1689 1509 qui
1718 1436 1880 1506 cogi“

224 1528 342 1581 tant
382 1523 532 1578 mihi
560 1523 747 1579 mala.

281 1612 507 1669 Oratio.
542 1615 715 1673 Deus,
735 1611 795 1667 in
818 1612 1187 1683 adjutorium
1203 1618 1476 1670 nostrum
1498 1613 1740 1669 intende
1775 1628 1787 1669 :
1817 1616 1882 1669 ut

218 1701 315 1773 qui
344 1700 735 1772 passionibus
765 1701 878 1756 tuis
908 1702 1357 1758 communicare
1382 1704 1535 1759 votis
1554 1702 1880 1759 sincerissi-

1988 564 2057 604 ea
2080 550 2402 621 ipsahodie
2432 549 2902 607 sanctiﬁcabitur
2930 551 2991 605 in
3011 553 3192 608 vasis.
3226 555 3394 611 Dedit
3417 571 3559 627 ergo
3589 556 3645 613 ei

1986 639 2263 695 sacerdos
2284 640 2721 696 sanctificatum
2740 655 2962 711 panem
2989 661 3003 695 :
3031 656 3225 713 neque
3240 645 3399 699 enim
3416 649 3542 701 erat
3558 644 3644 702 ibi

1986 729 2179 797 panis,
2201 728 2315 783 nisi
2336 732 2568 784 tantum
2599 744 2789 800 panes
2810 728 3263 800 propositionis,
3295 732 3400 802 qui
3426 732 3645 790 sublati

1986 813 2220 871 fuerant
2250 831 2287 871 a
2310 816 2459 872 facie
2485 817 2743 885 Domini,
2766 822 2832 874 ut
2851 819 3219 889 ponerentur
3236 833 3424 889 panes
3444 819 3641 875 calidi.

1988 905 2118 959 Erat
2147 908 2348 960 autem
2376 905 2460 960 ibi
2490 906 2575 961 vir
2598 906 2672 961 de
2696 907 2878 962 servis
2910 905 3067 972 Saul,
3098 906 3160 961 in
3186 906 3281 962 die
3331 906 3451 971 illa,
3488 906 3646 963 intus

1985 991 2047 1047 in
2059 991 2438 1050 tabernaculo
2451 994 2705 1051 Domini:
2725 999 2781 1051 et
2793 1010 3007 1051 nomen
3020 995 3071 1066 ej
3084 1011 3150 1050 us
3161 995 3324 1065 Doeg
3339 995 3642 1061 ldumaaus,

1986 1081 2436 1152 potentissimus
2489 1086 2693 1154 pastor
2748 1084 2889 1140 Saul
2922 1102 2936 1152 ;
2968 1083 3063 1140 hic
3106 1083 3395 1156 pascebat
3447 1083 3647 1142 mulas

1990 1167 2154 1226 Saul.
2190 1169 2345 1225 Dixit
2373 1174 2575 1228 autem
2604 1172 2795 1228 David
2820 1171 2900 1228 ad
2927 1171 3305 1229 Achimelech
3338 1189 3349 1227 :
3382 1172 3439 1228 Si
3457 1171 3647 1229 habes

1988 1257 2105 1312 huc
2122 1258 2200 1312 ad
2218 1274 2465 1314 manum
2484 1260 2772 1330 gladium,
2799 1264 2902 1317 aut
2918 1260 3159 1317 hastam
3176 1260 3204 1316 ?
3222 1260 3301 1317 da
3321 1261 3485 1329 mihi,
3503 1260 3647 1332 quia

1991 1344 2261 1414 gladium
2287 1362 2513 1411 meum,
2532 1352 2589 1404 et
2613 1363 2784 1405 arma
2801 1363 2940 1405 mea
2960 1363 3083 1405 non
3105 1348 3209 1405 tuli
3230 1364 3467 1405 mecum
3496 1364 3646 1404 :ser—

1990 1449 2091 1489 mo
2123 1435 2282 1490 enim
2320 1437 2476 1504 regis
2526 1437 2798 1508 urgebat.
2840 1440 2906 1492 Et
2936 1436 3087 1494 dixit
3135 1436 3415 1494 sacerdos
3447 1454 3459 1493 :
3498 1439 3646 1493 Ecce

1989 1522 2085 1577 hic
2112 1522 2347 1591 gladius
2378 1524 2613 1581 Goliath
2644 1525 2988 1595 Philisthaei,
3015 1541 3199 1597 quem
3218 1525 3562 1599 percussisti
3582 1526 3645 1582 in

1992 1610 2213 1667 Vallem
2240 1612 2578 1682 terebinthi,
2601 1617 2687 1669 est
2708 1612 3009 1669 involutus
3036 1613 3217 1684 pallio
3236 1617 3372 1685 post
3394 1612 3595 1685 ephod
3628 1630 3641 1668 :

1991 1697 2040 1752 si
2065 1697 2245 1754 istum
2269 1700 2361 1755 vis
2391 1700 2613 1766 tollere,
2644 1700 2781 1757 tolle
2814 1716 3045 1774 :neque
3074 1701 3234 1758 enim
3256 1706 3346 1758 est
3366 1701 3464 1757 hic
3493 1701 3645 1758 alius

218 1790 322 1844 mis
353 1789 737 1856 anhelamus,
771 1789 1109 1860 adjutorem
1138 1796 1193 1846 te
1225 1795 1495 1847 nostrum
1519 1792 1743 1863 inipsis
1771 1807 1876 1848 no-
1913 1806 1959 1863 Β
1990 1786 2302 1858 absqueeo
2323 1790 2411 1845 .Et
2432 1790 2512 1845 ait
2535 1789 2717 1845 David
2752 1807 2764 1845 :
2798 1790 2857 1845 Si
2884 1805 3005 1847 non
3023 1794 3112 1847 est
3129 1789 3390 1847 hicalius
3409 1789 3645 1862 absque

220 1877 344 1933 stris
381 1877 698 1933 conatibus
731 1879 1088 1937 sentiamus.
1121 1892 1189 1949 Br.
1225 1882 1440 1935 Amen.

288 1976 349 2034 Et.
371 1966 438 2020 In
470 1966 584 2030 via,
607 1982 792 2033 quam
810 1967 1223 2037 ambulabam,
1250 1968 1701 2024 absconderunt
1732 1966 1877 2023 mihi

219 2054 637 2126 muscipulam.
673 2056 1140 2111 Considerabam
1174 2057 1233 2111 in
1264 2056 1594 2119 dexteram,
1623 2062 1679 2111 et
1717 2056 1876 2111 vide-

211 2141 345 2197 bam
392 2159 402 2197 :
438 2158 549 2198 nec
594 2148 718 2199 erat
744 2144 849 2215 qui
880 2160 975 2199 me
1005 2148 1410 2213 cognOsceret.
1455 2145 1627 2199 Periit
1674 2143 1819 2214 fuga
1843 2161 1881 2201 a

212 2246 319 2299 me,
336 2236 403 2287 et
420 2247 542 2286 non
555 2233 755 2303 estqui
770 2234 1029 2304 requirat
1043 2234 1305 2288 animam
1319 2248 1525 2288 meam.
1549 2232 1609 2291 Υ.
1630 2233 1876 2303 thuid,

214 2318 492 2385 Domine,
516 2320 577 2374 in
595 2319 862 2374 oratione
885 2336 1021 2375 mea
1042 2321 1260 2377 avertis
1274 2321 1488 2375 faciem
1510 2325 1661 2375 tuam
1685 2337 1720 2375 a
1742 2337 1828 2376 me
1853 2321 1880 2375 ?

275 2408 515 2463 Oratio.
538 2406 990 2463 Eﬁundentibus
1014 2408 1188 2464 nobis
1207 2409 1267 2463 in
1286 2413 1609 2479 conspectu
1631 2412 1731 2464 tuo
1753 2424 1883 2465 ora-

208 2497 426 2553 tionem
442 2502 724 2562 nostram,
749 2498 1006 2563 Domine,
1031 2498 1359 2554 misericors
1378 2498 1473 2567 adj
1488 2502 1617 2553 utor
1629 2499 1781 2553 assis
1791 2502 1842 2554 te
1866 2516 1877 2554 :

208 2591 328 2641 esto
346 2590 564 2641 nostra
581 2585 889 2656 protectio,
918 2586 1019 2657 qui
1040 2601 1105 2640 es
1127 2590 1332 2642 nostra
1348 2585 1683 2657 redemptio
1706 2603 1718 2642 :
1743 2588 1885 2643 Sen-

211 2691 311 2729 sus
342 2678 595 2730 nostros
624 2674 736 2729 sub
786 2679 889 2730 tua
945 2675 1309 2743 benignitate
1366 2674 1549 2745 dirige
1577 2694 1592 2743 ;
1626 2679 1683 2730 et
1713 2677 1886 2732 semi-

214 2767 303 2819 tas
334 2767 585 2819 nostras
614 2762 855 2833 placida
902 2763 1227 2819 directione
1265 2779 1563 2832 cognosce
1596 2781 1607 2818 :
1642 2768 1708 2819 ut
1736 2764 1887 2821 inter

207 2852 611 2909 absconditos
634 2851 692 2905 in
712 2852 826 2907 hac
846 2853 944 2907 via
972 2857 1093 2919 tua,
1112 2868 1235 2923 qua
1256 2852 1587 2922 gradimur,
1610 2851 1881 2924 laqueos,

208 2940 288 2997 ita
318 2942 406 2997 tui
440 2940 739 2996 desiderio
775 2957 1198 3012 percurramus
1224 2959 1237 3008 ;
1268 2948 1330 2995 ut
1358 2942 1419 2995 in
1468 2940 1753 3012 placitam
1782 2942 1887 3022 tibi

206 3034 453 3101 partem
484 3029 624 3084 ﬁdei
652 3030 908 3099 vestigio
938 3046 1348 3085 occurramus.
1376 3042 1437 3099 Bg.
1468 3036 1682 3097 Amen,

278 3118 664 3187 Antiphona.
711 3118 837 3173 Tibi
882 3117 990 3173 soli
1040 3117 1283 3189 peccavi
1336 3116 1607 3183 Domine,
1655 3118 1885 3176 malum
1926 3144 1965 3199 ρ

206 3222 414 3264 coram
455 3212 506 3261 te
533 3207 641 3262 feci
676 3226 688 3265 :
722 3208 1001 3263 miserere
1036 3208 1171 3262 mei.
1213 3207 1431 3263 Psalm.
1463 3224 1513 3262 L.

282 3296 474 3367 288
502 3296 726 3353 Oratio.
764 3295 889 3351 Tibi
920 3296 1028 3352 soli
1058 3296 1466 3367 peccavimus.
1499 3298 1612 3366 fol.
1649 3300 1772 3353 276.

278 3385 664 3453 Antiphona.
709 3388 919 3441 Factus
952 3401 1089 3440 sum
1118 3385 1179 3439 in
1215 3384 1483 3441 derisum
1506 3388 1631 3443 tota
1655 3385 1751 3440 die
1778 3403 1789 3441 :
1828 3391 1884 3442 et

210 3488 435 3529 omnes
469 3472 842 3529 subsannant
882 3490 998 3531 me.

285 3561 627 3618 Canticum.
656 3561 954 3617 Seduxisti
988 3578 1102 3617 me.
1132 3563 1242 3630 fol.
1267 3567 1395 3618 276.

790 3650 889 3703 Ad
926 3650 1314 3705 Matutinum.

282 3738 665 3804 Antiphona.
696 3737 849 3791 Deus
879 3740 1030 3792 Deus
1050 3754 1210 3792 meus
1236 3738 1314 3792 ad
1342 3741 1394 3793 te
1421 3738 1495 3793 de
1520 3738 1651 3795 luce
1682 3738 1880 3807 vigilo.

208 3827 275 3885 ἡ.
314 3825 509 3881 Sitivit
538 3825 599 3879 in
625 3829 682 3879 te
716 3824 920 3879 anima
942 3840 1098 3893 mea,
1129 3840 1317 3889 quam
1350 3826 1748 3896 multipliciter
1779 3826 1882 3882 tibi

206 3919 267 3970 et
290 3927 440 3967 caro
474 3928 633 3967 mea.
666 3916 730 3966 In
762 3917 917 3967 terra
940 3913 1195 3975 deserta,
1222 3912 1383 3967 invia
1412 3918 1467 3967 et
1493 3914 1809 3984 inaquosa.

279 4000 524 4056 Lauda.
584 4000 790 4055 Omnis
846 4000 1088 4070 spiritus
1131 3999 1336 4054 laudet
1372 4014 1595 4056 nomen
1647 4000 1884 4056 Domini

201 4091 419 4147 Psalm
433 4104 500 4144 us
526 4104 612 4145 CL.

302 4179 520 4234 Lectio
555 4178 693 4233 libri
722 4177 1004 4233 Samuelis
1031 4177 1248 4247 (Primi
1276 4178 1415 4246 Reg.
1458 4192 1591 4247 cap.
1622 4177 1766 4245 ιιι).

277 4282 344 4339 ἢ.
378 4267 511 4322 Deo
542 4267 785 4338 gratias.

280 4361 348 4412 in
370 4353 494 4410 illis
517 4353 758 4409 diebus:
783 4352 945 4408 Venit
958 4352 1144 4407 David
1162 4352 1221 4407 in
1237 4353 1396 4408 Nobe
1411 4354 1489 4409 ad
1506 4353 1885 4410 Achimelech

1988 1890 2079 1939 eo,
2112 1876 2191 1931 da
2223 1876 2369 1931 mihi
2390 1892 2549 1933 eum.
2570 1878 2832 1935 Surrexit
2863 1878 3063 1950 itaque
3094 1877 3301 1944 David,
3333 1881 3391 1934 et
3411 1876 3561 1946 fugit
3583 1877 3646 1933 in

1988 1963 2251 2019 dieillaa
2270 1964 2420 2021 facie
2454 1966 2593 2021 Saul
2618 1983 2631 2022 :
2652 1971 2708 2022 et
2734 1966 2896 2022 venit
2922 1966 2999 2022 ad
3028 1965 3205 2021 Achis
3228 1980 3431 2035 regem
3457 1965 3602 2021 Geth
3627 1980 3643 2017 :

1988 2051 2384 2125 dixeruntque
2440 2055 2597 2109 servi
2650 2054 2849 2122 Achis,
2907 2069 3045 2109 cum
3083 2052 3372 2110 vidissent
3408 2051 3640 2111 David:

1988 2141 2291 2211 Numquid
2321 2156 2443 2197 non
2474 2142 2580 2197 iste
2613 2146 2698 2197 est
2716 2140 2904 2198 David
2924 2157 3029 2197 rex
3045 2145 3213 2197 terras
3233 2141 3262 2196 ?
3285 2155 3485 2197 nonne
3504 2139 3647 2195 huic

1990 2228 2317 2284 cantabant
2337 2245 2443 2300 per
2467 2230 2701 2295 choros,
2731 2229 2995 2286 dicentes
3021 2245 3033 2285 :
3059 2229 3349 2285 Percussit
3368 2226 3648 2284 Saulmil-

1990 2315 2064 2383 le,
2092 2322 2149 2372 et
2170 2318 2357 2373 David
2382 2318 2592 2375 decem
2615 2319 2804 2376 millia
2828 2318 2857 2373 ‘2
2881 2318 3083 2374 Posuit
3104 2322 3307 2373 autem
3324 2314 3512 2373 David
3532 2330 3649 2371 sere

1992 2420 2204 2461 mones
2227 2405 2370 2461 istos
2390 2406 2453 2462 in
2482 2406 2660 2463 corde
2678 2422 2809 2475 suo,
2841 2410 2897 2463 et
2927 2406 3200 2463 extimuit
3227 2405 3405 2463 valde
3433 2421 3470 2461 a
3494 2403 3649 2461 facie

1993 2494 2168 2549 Achis
2190 2494 2342 2563 regis
2373 2496 2536 2551 Geth.
2572 2494 2902 2552 Etmutavit
2932 2510 2999 2551 os
3031 2510 3209 2550 suum
3230 2509 3433 2551 coram
3450 2492 3645 2556 Achis,

1994 2583 2658 2640 etconlabebaturinter
2670 2599 2887 2640 manus
2900 2582 3577 2654 eorum,etimpingebat
3587 2581 3651 2637 in

1996 2671 2146 2727 ostia
2166 2680 2368 2741 portae,
2401 2672 2865 2743 deﬂuebantque
2893 2671 3095 2728 salivae
3120 2673 3251 2742 ejus
3278 2671 3342 2727 in
3366 2670 3649 2727 barbam.

1996 2761 2060 2813 Et
2081 2760 2162 2815 ait
2182 2760 2357 2814 Achis
2382 2761 2461 2816 ad
2484 2776 2687 2816 servos
2709 2776 2849 2815 suos
2884 2778 2896 2814 :
2921 2758 3155 2816 Vidistis
3171 2759 3479 2815 hominem
3495 2759 3652 2815 insa-

1996 2863 2143 2905 num
2168 2864 2180 2901 :
2196 2864 2381 2919 quare
2394 2848 2729 2904 adduxistis
2746 2864 2884 2904 eum
2898 2846 2976 2903 ad
2989 2863 3085 2903 me
3100 2849 3128 2902 ?
3140 2852 3228 2903 An
3248 2847 3651 2904 desuntnobis

1995 2936 2221 3002 furiosi,
2279 2936 2423 3008 quia
2472 2936 2882 2992 introduxistis
2924 2937 3126 3003 istum,
3172 2940 3234 2991 ut
3290 2935 3504 2993 fureret
3554 2951 3651 2991 me

1996 3030 2287 3097 praesente
2314 3026 2341 3080 “2
2366 3026 2637 3082 dimittite
2654 3026 2816 3081 illum
2858 3044 2870 3079 :
2899 3025 3039 3081 hinc
3058 3040 3133 3080 ne
3163 3024 3530 3095 ingrediatur
3549 3024 3653 3081 do-

1994 3131 2164 3171 mum
2187 3131 2385 3172 meam
2410 3114 2438 3169 ?
2470 3116 2643 3186 (Cap.
2677 3116 2843 3185 xxu.)
2864 3114 3019 3169 Abiit
3043 3129 3184 3183 ergo
3203 3112 3340 3169 inde
3361 3112 3569 3180 David,
3596 3115 3653 3169 et

1993 3204 2143 3273 fugit
2169 3204 2231 3261 in
2266 3205 2618 3276 speluncam
2651 3203 2949 3260 Odollam.
2975 3203 3147 3269 Quod
3176 3219 3314 3259 cum
3342 3201 3654 3260 audissent

1993 3293 2202 3349 fratres
2221 3294 2373 3364 ejus,
2391 3291 2923 3349 descenderuntad
2933 3308 3073 3347 eum
3092 3290 3253 3347 illuc.
3278 3294 3340 3347 Et
3361 3305 3654 3347 convene-

1992 3387 2132 3437 runt
2145 3382 2222 3438 ad
2235 3398 2374 3438 eum
2392 3397 2622 3446 omnes,
2656 3382 2758 3454 qui
2772 3380 3010 3437 erantin
3028 3380 3306 3449 angustia
3328 3377 3648 3445 constituti,

1993 3475 2051 3527 et
2069 3472 2344 3543 oppressi
2364 3486 2548 3541 arege
2568 3470 2784 3535 alieno,
2803 3474 2859 3526 et
2885 3484 3095 3527 amaro
3119 3470 3322 3525 animo
3354 3488 3367 3524 ε
3397 3467 3654 3525 etfactus

1996 3566 2082 3617 est
2109 3577 2317 3617 eorum
2341 3561 2639 3632 princeps,
2664 3559 3024 3631 fueruntque
3043 3575 3181 3615 cum
3208 3573 3279 3615 eo
3308 3558 3485 3630 quasi
3508 3572 3655 3630 qua-

1992 3650 2293 3719 dringenti
2306 3650 2435 3705 viri.
2452 3652 2517 3705 Et
2529 3648 2829 3721 profectus
2843 3652 2930 3704 est
2942 3648 3127 3704 David
3152 3647 3291 3703 inde
3305 3646 3366 3702 in
3387 3648 3651 3718 Maspha,

1993 3753 2130 3809 quas
2152 3742 2242 3794 est
2272 3738 2443 3795 Moab
2476 3755 2489 3793 ε
2524 3742 2580 3794 et
2623 3738 2773 3794 dixit
2802 3736 2880 3794 ad
2911 3752 3115 3807 regem
3145 3736 3315 3794 Moab
3349 3754 3362 3788 :
3405 3738 3653 3805 Maneat,

1992 3843 2121 3890 oro,
2175 3834 2342 3898 pater
2379 3844 2549 3883 meus
2575 3832 2631 3883 et
2668 3833 2859 3883 mater
2905 3842 3044 3883 mea
3080 3826 3412 3895 vobiscum,
3463 3825 3657 3882 donec

1994 3915 2182 3970 sciam
2201 3915 2348 3985 quid
2374 3914 2715 3971 faciatmihi
2732 3917 2906 3970 Deus.
2936 3917 3001 3969 Et
3025 3913 3260 3985 reliquit
3285 3929 3388 3969 eos
3415 3917 3551 3970 ante
3573 3913 3653 3970 fa-

1994 4003 2135 4058 ciem
2147 4003 2299 4072 regis
2314 4002 2478 4059 Moab
2500 4006 2977 4072 :manseruntque
2989 4002 3141 4072 apud
3157 4017 3288 4058 eum
3298 4002 3527 4059 cunctis
3539 4001 3657 4057 die-

1992 4090 2134 4157 bus,
2162 4090 2378 4159 quibus
2410 4090 2597 4146 David
2628 4090 2735 4146 fuit
2772 4090 2832 4143 in
2879 4089 3184 4159 praesidio.
3223 4088 3493 4159 Dixitque
3530 4089 3657 4144 Gad

1994 4178 2287 4249 propheta
2304 4178 2383 4234 ad
2396 4178 2585 4234 David
2606 4196 2618 4235 :
2652 4178 2777 4234 Noli
2804 4192 3048 4232 manere
3070 4177 3129 4232 in
3153 4176 3453 4248 praesidio,
3477 4176 3658 4248 proﬁ-

1994 4266 2234 4333 ciscere,
2259 4271 2315 4323 et
2334 4267 2489 4323 vade
2506 4268 2567 4325 in
2593 4270 2809 4323 terram
2830 4267 2859 4320 J
2867 4265 3005 4321 uda.
3032 4268 3099 4322 Et
3116 4264 3412 4337 profectus
3443 4264 3652 4331 David,

1995 4360 2051 4411 et
2076 4355 2235 4413 venit
2264 4356 2323 4411 in
2348 4356 2570 4412 saltum
2592 4355 2829 4412 Hareth.
2865 4354 2929 4411 Et
2952 4354 3181 4411 audivit
3202 4352 3342 4411 Saul
3362 4353 3530 4426 quod
3552 4368 3655 4425 ap-

206 4442 611 4538 sacerdotem-
633 4460 646 4497 :
670 4446 728 4538 et
755 4440 1065 4538 obstupuit
1085 4440 1486 4538 Achimelech,
1508 4457 1577 4498 eo
1599 4443 1764 4514 quod
1785 4458 1882 4497 ve-
1920 4481 1965 4538 Β
1995 4444 2512 4518 paruissetDavid,
2537 4451 2592 4502 et
2609 4444 3165 4517 viriquierantcum
3187 4459 3277 4500 eo.
3295 4443 3435 4500 Saul
3455 4446 3658 4500 autem

205 4536 399 4592 uisset
432 4530 637 4587 David.
670 4530 735 4586 Et
764 4529 913 4585 dixit
941 4530 992 4585 ei
1027 4547 1039 4584 :
1070 4531 1261 4594 Quare
1286 4534 1347 4584 tu
1386 4530 1573 4599 solus,
1603 4537 1657 4587 et
1684 4531 1885 4587 nullus

208 4627 522 4681 esttecum
543 4620 570 4675 ?
603 4622 668 4675 Et
686 4618 967 4675 aitDavid
988 4618 1063 4674 ad
1082 4618 1455 4674 Achimelech
1483 4622 1839 4677 sacerdotem
1868 4641 1879 4680 :

208 4716 334 4769 Rex
361 4708 652 4783 praecepit
683 4708 829 4764 mihi
865 4723 1229 4771 sermonem,
1265 4714 1318 4763 et
1349 4708 1428 4764 ait
1460 4726 1470 4764 :
1508 4712 1691 4765 Nemo
1740 4711 1887 4767 sciat

207 4818 362 4867 rem,
382 4802 631 4872 propter
649 4813 836 4869 quam
861 4812 995 4853 ame
1012 4797 1220 4851 missus
1233 4813 1321 4865 es,
1346 4802 1401 4853 et
1432 4799 1761 4868 cujusmodi
1779 4800 1886 4856 tibi

209 4892 522 4963 praecepta
554 4886 815 4942 dederim
846 4901 858 4941 :
886 4901 1032 4942 nam
1064 4891 1115 4941 et
1143 4886 1342 4956 pueris
1368 4887 1607 4943 condixi
1638 4889 1699 4944 in
1727 4888 1887 4945 illum

208 4976 681 5036 etillumlocum.
710 4978 874 5030 Nunc
890 4974 1068 5043 igitur
1092 4974 1140 5029 si
1160 4974 1305 5045 quid
1321 4974 1511 5031 habes
1533 4978 1609 5032 ad
1632 4994 1881 5049 manum,

207 5069 303 5124 vel
327 5066 607 5140 quinque
626 5079 833 5135 panes,
860 5063 940 5119 da
961 5062 1119 5127 mihi,
1141 5066 1244 5119 aut
1260 5064 1547 5135 quicquid
1566 5066 1885 5123 inveneris.

208 5159 274 5214 Et
299 5152 681 5226 respondens
694 5150 976 5207 sacerdos
1000 5150 1077 5206 ad
1092 5150 1301 5215 David,
1324 5152 1402 5207 ait
1420 5152 1469 5208 ei
1506 5168 1517 5206 :
1540 5157 1669 5210 Non
1690 5155 1887 5212 habeo

206 5260 407 5314 panes
423 5244 610 5297 laicos
627 5241 704 5295 ad
719 5256 973 5309 manum,
991 5240 1095 5295 sed
1111 5244 1328 5295 tantum
1347 5256 1554 5312 panem
1580 5250 1843 5300 sanctum
1870 5263 1883 5300 :

204 5335 253 5391 si
285 5330 509 5390 mundi
543 5334 681 5385 sunt
708 5329 897 5400 pueri,
930 5328 1192 5384 maxime
1232 5344 1267 5385 a
1292 5330 1647 5387 mulieribus
1669 5335 1695 5389 ?
1717 5336 1781 5390 Et
1802 5351 1888 5390 re-

205 5422 463 5496 spondit
486 5418 674 5475 David
698 5416 1011 5487 sacerdoti,
1037 5424 1090 5472 et
1113 5417 1328 5473 dixitei
1362 5434 1374 5473 :
1402 5420 1711 5492 Equidem,
1744 5424 1791 5478 si
1811 5424 1888 5479 de

203 5509 571 5569 mulieribus
600 5508 794 5577 agitur
822 5525 833 5562 :
866 5506 1274 5564 continuimus
1295 5523 1404 5564 nos
1421 5509 1499 5566 ab
1523 5511 1669 5579 heri,
1706 5519 1762 5569 et
1781 5528 1891 5569 nu-

204 5598 593 5665 diustertius,
623 5596 871 5667 quando
900 5595 1358 5667 egrediebamur
1387 5604 1440 5655 et
1479 5598 1719 5659 fuerunt
1744 5618 1890 5660 vasa

1996 4550 2135 4591 cum
2156 4534 2496 4590 maneretin
2529 4534 2750 4599 Gabaa,
2773 4538 2828 4590 et
2846 4538 3000 4589 esset
3028 4532 3089 4588 in
3111 4548 3375 4603 nemore,
3392 4532 3559 4605 quod
3572 4536 3659 4589 est

1995 4624 2055 4680 in
2072 4625 2526 4691 Rama,hastam
2551 4640 2737 4680 manu
2762 4630 2989 4694 tenens,
3009 4624 3325 4694 cunctique
3354 4623 3507 4678 servi
3525 4623 3656 4693 ejus

1998 4714 2620 4779 circumstarenteum,
2642 4714 2724 4769 ait
2743 4712 2817 4769 ad
2850 4711 3609 4784 servosquiassistebantei
3641 4728 3655 4767 :

1996 4804 2205 4858 Audite
2236 4802 2342 4858 ﬁlii
2372 4803 2588 4859 Jemini
2627 4818 2637 4857 :
2671 4801 2972 4873 numquid
3003 4800 3288 4857 omnibus
3305 4799 3477 4855 vobis
3497 4798 3660 4858 dabit

1998 4892 2155 4947 ﬁlius
2200 4893 2310 4947 [sai
2345 4907 2524 4961 agros
2567 4896 2623 4947 et
2652 4892 2885 4953 vineas,
2914 4894 2969 4946 et
3009 4890 3316 4946 universos
3346 4904 3449 4945 vos
3486 4888 3663 4947 faciet

2000 4981 2469 5045 tribunos,etcen
2483 4980 2743 5036 turiones
2761 4998 2772 5035 :
2788 4978 3067 5050 quoniam
3082 4978 3441 5049 conjurastis
3454 4993 3661 5035 omnes

1999 5072 2321 5127 adversum
2352 5087 2471 5135 me,
2505 5075 2561 5127 et
2590 5084 2713 5125 non
2727 5074 2818 5125 est
2838 5068 2942 5139 qui
2976 5067 3450 5134 mihirenuntiet,
3476 5068 3663 5125 maxi-

1998 5174 2096 5215 me
2127 5176 2264 5215 cum
2295 5164 2349 5215 et
2374 5160 2531 5214 ﬁlius
2559 5173 2729 5213 meus
2760 5158 2951 5213 faedus
2982 5156 3179 5213 inierit
3201 5173 3340 5213 cum
3365 5154 3663 5213 ﬁliolsai‘?

2000 5250 2131 5304 Non
2169 5255 2256 5305 est
2283 5249 2387 5321 qui
2417 5248 2608 5304 vicem
2641 5263 2841 5303 meam
2872 5246 3074 5303 doleat
3105 5262 3177 5302 ex
3207 5247 3395 5311 vobis,
3420 5261 3529 5302 nec
3557 5243 3664 5315 qui

2000 5338 2312 5394 annuntiet
2350 5338 2495 5393 mihi
2530 5357 2542 5403 ;
2577 5354 2646 5393 eo
2688 5337 2854 5408 quod
2894 5336 3263 5392 suscitaverit
3302 5334 3457 5389 ﬁlius
3492 5346 3662 5389 meus

2001 5442 2241 5482 servum
2266 5444 2469 5483 meum
2500 5426 2819 5483 adversum
2853 5440 2970 5491 me,
3002 5424 3372 5480 insidiantem
3408 5420 3548 5476 mihi
3570 5434 3664 5471 us-

2000 5530 2118 5586 que
2135 5515 2335 5571 hodie.
2370 5514 2762 5587 Respondens
2788 5518 2988 5569 autem
3016 5513 3179 5582 Doeg
3212 5510 3530 5569 Idumaeas,
3558 5503 3665 5573 qui

2004 5603 2058 5659 ei
2080 5604 2418 5670 assistebat,
2438 5610 2498 5661 et
2523 5607 2649 5661 erat
2674 5603 2908 5674 primus
2929 5601 3084 5657 inter
3098 5612 3302 5656 servos
3332 5592 3488 5650 Saul.
3512 5588 3662 5661 Vidi,
