4192 6450
547 365 651 422 495

1787 351 2240 414 BREVIARIUM
2276 352 2666 410 GOTHICUM.

3859 348 3964 404 496

543 485 754 558 inquit,
775 485 967 540 ﬁlium
994 483 1105 539 Isai
1128 483 1190 539 in
1211 484 1394 549 Nobe,
1423 483 1584 555 apud
1604 482 1980 539 Achimelech
1999 480 2190 536 ﬁlium
2218 477 2266 532 A
2303 477 2737 549 conclususque
2756 478 2861 542 est,
2884 476 3280 545 introgressus
3301 471 3533 537 urbem,
3550 470 3613 526 in
3629 484 3758 542 qua
3769 473 3960 542 portas

547 572 797 629 Achitob
811 571 1180 628 sacerdotem
1198 615 1206 627 .
1229 571 1338 636 Qui
1354 571 1769 642 consuluitpro
1782 586 1852 627 eo
1867 568 2190 632 Dominum,

551 661 842 717 etcibaria
856 659 1081 716 deditei
1110 677 1124 715 :
1145 658 1317 714 sedet
1337 659 1602 729 gladium
1629 658 1858 715 Goliath
1877 655 2194 714 Philisthaei

549 749 715 805 dedit
743 748 844 804 illi.
880 747 1028 804 Misit
1056 763 1197 818 ergo
1222 762 1324 802 rex
1345 747 1422 802 ad
1460 747 1886 802 accersendum
1927 744 2196 800 Achime-

551 837 681 894 lech
712 837 896 892 ﬁlium
930 835 1197 902 Achitob,
1229 836 1404 906 289
1449 835 1835 898 sacerdotem,
1866 839 1922 890 et
1953 848 2195 889 omnem

557 926 807 980 domum
826 924 1006 994 patris
1025 922 1173 994 ejus,
1195 923 1589 986 sacerdotum,
1613 922 1716 993 qui
1737 926 1905 977 erant
1929 921 1990 976 in
2011 918 2193 984 Nobe,

541 1012 950 1086 quivenerunt
965 1011 1225 1066 universi
1250 1011 1326 1066 ad
1344 1025 1562 1080 regem.
1585 1010 1746 1065 Etait
1769 1009 1909 1066 Saul
1934 1008 2012 1063 ad
2037 1023 2140 1063 eos
2172 1023 2185 1061 :

553 1100 705 1156 Audi
721 1100 801 1155 ﬁli
815 1099 1082 1155 Achitob.
1103 1099 1209 1164 Qui
1221 1098 1542 1171 respondit.
1559 1101 1775 1154 Praesto
1788 1113 1912 1152 sum
1941 1095 2191 1152 domine.

545 1187 818 1259 Dixitque
835 1186 911 1242 ad
934 1203 1070 1242 eum
1086 1187 1224 1244 Saul
1245 1207 1257 1242 :
1287 1189 1477 1252 Quare
1503 1185 1856 1258 conjurastis
1873 1185 2195 1242 adversum

540 1290 658 1346 me,
680 1281 745 1331 tu
760 1280 817 1331 et
835 1275 993 1330 ﬁlius
1013 1275 1120 1330 Isai
1147 1294 1160 1344 ;
1193 1279 1248 1330 et
1267 1274 1479 1330 dedisti
1501 1273 1583 1330 eis
1613 1289 1800 1346 panes
1827 1273 2191 1344 etgladium,

540 1369 596 1419 et
625 1362 971 1419 consuluisti
1001 1363 1084 1418 eis
1114 1363 1452 1428 Dominum,
1479 1367 1544 1419 ut
1575 1367 1960 1432 consurgeret
1981 1361 2192 1416 adver-

540 1467 674 1507 sum
707 1466 821 1516 me,
854 1450 1162 1506 insidiator
1208 1467 1398 1522 usque
1429 1450 1608 1506 hodie
1652 1465 2015 1522 permanens
2037 1450 2065 1504 ?
2092 1452 2195 1504 Be-

539 1538 896 1610 sponditque
913 1536 1288 1593 Achimelech
1305 1537 1450 1606 regi,
1472 1542 1526 1592 et
1548 1538 1632 1593 ait
1658 1556 1670 1593 :
1699 1541 1762 1593 Et
1781 1538 1914 1609 quis
1929 1537 1988 1592 in
2007 1535 2194 1592 omni-

539 1626 653 1683 bus
675 1625 860 1682 servis
877 1625 1015 1692 tuis,
1035 1625 1181 1680 sicut
1197 1625 1384 1680 David
1409 1625 1619 1690 fidelis,
1642 1629 1696 1680 et
1714 1641 1894 1696 gener
1914 1624 2094 1694 regis,
2136 1633 2192 1685 et

544 1728 799 1785 pergens
825 1713 900 1769 ad
935 1711 1252 1785 imperium
1286 1717 1474 1778 tuum,
1507 1717 1561 1769 et
1591 1712 1884 1782 gloriosus
1911 1712 1972 1768 in
2009 1712 2191 1767 domo

2303 570 2358 622 et
2375 581 2520 622 serae
2550 570 2706 622 sunt.
2737 564 2806 620 Et
2826 563 3110 637 praecepit
3137 561 3279 619 Saul
3307 561 3475 618 omni
3503 559 3762 632 populo,
3788 562 3859 615 ut
3887 559 3963 616 ad

2301 669 2569 726 pugnam
2591 652 2975 709 descenderet
2996 651 3057 707 in
3079 650 3298 707 Ceilam
3326 666 3338 704 :
3365 655 3422 706 et
3442 647 3751 704 obsideret
3773 647 3964 703 David

2301 747 2359 796 et
2383 741 2539 796 viros
2562 742 2710 812 ejus.
2735 740 2906 807 Quod
2935 756 3062 796 cum
3089 739 3361 795 rescisset
3387 737 3592 800 David,
3633 736 3784 809 quia
3813 751 3964 803 prte-

2303 835 2537 902 pararet
2564 829 2616 885 ei
2645 831 2783 887 Saul
2809 831 2965 886 clam
2991 844 3263 894 manum,
3282 826 3432 882 dixit
3457 826 3537 882 ad
3557 825 3855 881 Abiathar
3877 841 3964 882 sa-

2303 918 2602 974 cerdotem
2632 936 2644 974 :
2673 918 2918 990 Applica
2939 918 3014 974 ad
3039 932 3134 973 me
3155 917 3373 988 ephod.
3405 918 3469 970 Et
3487 914 3569 970 ait
3590 913 3782 968 David
3808 931 3821 969 :
3855 915 3963 970 Do-

2302 1005 2462 1060 mine
2475 1007 2628 1062 Deus
2658 1006 2853 1073 Israel,
2878 1005 3105 1062 audivit
3132 1004 3361 1059 famam
3375 1019 3594 1058 survus
3609 1007 3771 1067 tuus,
3792 1002 3962 1074 quod

2303 1094 2585 1165 disponat
2609 1094 2746 1151 Saul
2777 1093 2976 1150 venire
3005 1093 3068 1149 in
3108 1093 3347 1159 Ceilam,
3391 1095 3454 1148 ut
3481 1095 3710 1146 evertat
3743 1090 3961 1147 urbem

2301 1187 2543 1254 propter
2562 1198 2658 1238 me
2681 1200 2694 1235 :
2717 1183 2771 1239 Si
2793 1182 3132 1238 tradentme
3155 1180 3262 1237 viri
3285 1180 3455 1237 Ceilm
3476 1180 3539 1235 in
3557 1195 3749 1236 manu
3775 1180 3912 1250 ejus
3935 1181 3962 1237 ?

2304 1271 2422 1327 etsi
2448 1271 2768 1327 descendet
2788 1271 2926 1328 Saul
2955 1270 3104 1326 sicut
3130 1269 3351 1326 audivit
3384 1284 3596 1324 servus
3619 1273 3760 1323 tuus
3792 1269 3822 1325 ?
3845 1269 3962 1324 Do-

2303 1359 2461 1414 mine
2479 1360 2632 1414 Deus
2653 1358 2831 1414 Israel
2846 1358 3046 1414 indica
3067 1373 3240 1413 servo
3262 1362 3390 1412 tuo.
3422 1359 3488 1412 Et
3511 1356 3597 1412 ait
3618 1355 3920 1412 Dominus
3946 1373 3958 1411 :

2304 1447 2642 1503 Descendet.
2670 1448 2942 1520 Dixitque
2955 1447 3140 1502 David
3162 1468 3174 1502 :
3200 1447 3257 1501 Si
3277 1446 3510 1502 tradent
3529 1444 3640 1500 viri
3653 1444 3828 1501 Ceila:
3850 1461 3956 1512 me,

2304 1542 2360 1592 et
2389 1536 2543 1592 viros
2572 1537 2670 1607 qui
2701 1545 2838 1592 sunt
2862 1551 3118 1606 mecum,
3149 1536 3206 1590 in
3238 1550 3458 1590 manus
3483 1533 3626 1591 Saul
3655 1534 3684 1590 ?
3717 1537 3784 1589 Et
3813 1535 3959 1590 dixit

2304 1625 2592 1681 Dominus
2621 1623 2928 1680 :Tradent.
2963 1623 3223 1680 Surrexit
3241 1638 3382 1692 ergo
3409 1621 3600 1678 David
3617 1627 3673 1677 et
3698 1622 3806 1677 viri
3829 1624 3955 1694 ejus

2301 1713 2475 1785 quasi
2503 1713 2780 1778 sexcenti,
2815 1717 2870 1769 et
2898 1712 3118 1784 egressi
3148 1711 3221 1767 de
3255 1710 3428 1777 Ceila,
3456 1710 3577 1765 huc
3608 1715 3792 1783 atque
3820 1711 3954 1768 illuc

545 1806 648 1857 tua
667 1800 697 1855 ?
721 1803 872 1856 Num
893 1798 1074 1856 hodie
1097 1799 1252 1872 ccepi
1275 1799 1582 1856 consulere
1601 1815 1706 1872 pro
1729 1816 1797 1856 eo
1817 1800 2136 1856 Dominum
2161 1800 2190 1857 ?
2227 1820 2271 1876 Β
2300 1801 2887 1871 vagabanturincerti
2910 1817 2921 1856 :
2943 1801 3402 1870 nuntiatumque
3422 1805 3510 1853 est
3529 1799 3673 1854 Saul
3689 1799 3856 1870 quod
3873 1799 3952 1854 fu-

546 1888 704 1944 absit
717 1888 832 1944 hoc
848 1903 1023 1944 ame:
1051 1903 1125 1943 ne
1150 1887 1485 1960 suspicetur
1504 1903 1605 1943 rex
1632 1889 1922 1944 adversus
1949 1903 2188 1944 servum
2299 1889 2674 1960 gissetDavid
2685 1889 2757 1944 de
2771 1888 2946 1946 Ceila.
2963 1887 3337 1954 Quamobrem
3351 1885 3942 1944 dissimulabatexire.

538 1991 708 2032 suum
723 1991 838 2031 rem
851 1975 1252 2045 hujuscemodi
1267 1977 1326 2030 in
1340 1977 1621 2032 universa
1633 1976 1811 2033 domo
1828 1977 2008 2048 patris
2033 1976 2141 2031 mei
2172 1999 2185 2038 ;

534 2078 658 2120 non
680 2063 838 2118 enim
852 2062 1236 2118 scivitservus
1254 2069 1391 2120 tuus
1412 2064 1740 2136 quicquam
1765 2080 1943 2137 super
1956 2065 2070 2121 hoc
2091 2079 2189 2120 ne-

545 2151 772 2221 gotium
817 2150 911 2207 vel
942 2151 1240 2207 medicum
1290 2152 1380 2208 vel
1427 2152 1676 2225 grande.
1729 2153 2002 2224 Dixitque
2038 2169 2183 2212 rex:

551 2241 729 2296 Morte
758 2240 1023 2296 morieris
1043 2240 1438 2306 Acbimelech,
1471 2245 1554 2304 tu,
1571 2243 1830 2298 etomnis
1843 2241 2060 2297 domus
2083 2257 2189 2314 pa-

531 2329 634 2384 tris
665 2329 766 2384 tui.
814 2331 879 2383 Et
928 2329 1008 2384 ait
1040 2344 1138 2384 rex
1181 2329 1528 2394 emissariis,
1572 2331 1676 2401 qui
1720 2330 2186 2386 circumstabant

552 2433 688 2472 eum
705 2432 716 2471 ε
734 2415 1173 2484 Convertimini,
1187 2417 1554 2474 etinterﬁcite
1568 2418 1904 2474 sacerdotes
1917 2419 2139 2474 Domini
2169 2435 2182 2474 :

548 2520 693 2561 nam
704 2519 920 2560 manus
935 2519 1140 2560 eorum
1157 2521 1293 2561 cum
1319 2505 1503 2561 David
1516 2509 1637 2562 est:
1659 2506 1909 2562 scientes
1921 2506 2084 2578 quod
2104 2506 2188 2562 tu-

547 2593 748 2662 gisset,
785 2598 983 2648 etnon
1012 2593 1424 2650 indicaverunt
1459 2594 1623 2650 mihi.
1647 2595 2185 2652 Nolueruntautem

535 2682 685 2737 servi
723 2679 881 2752 regis
911 2682 1224 2738 extendere
1254 2697 1502 2738 manum
1527 2699 1703 2739 suam
1745 2683 1807 2739 in
1847 2683 2183 2740 sacerdotes

545 2769 797 2826 Domini.
834 2773 896 2826 Et
924 2771 1004 2826 ait
1027 2771 1102 2826 ad
1131 2771 1292 2839 Doeg
1312 2771 1642 2828 Idumaaum
1672 2787 1683 2826 :
1719 2774 2065 2829 Convertere
2094 2777 2178 2840 tu,

533 2862 591 2914 et
613 2859 784 2915 inrue
805 2859 866 2914 in
888 2859 1226 2915 sacerdotes
1252 2859 1512 2918 Domini.
1552 2863 1998 2933 Conversusque
2019 2861 2180 2930 Doeg

523 2946 843 3012 Idumaeas,
869 2946 1046 3003 inruit
1070 2948 1129 3003 in
1144 2947 1484 3005 sacerdotes
1501 2948 1754 3014 Domini,
1777 2953 1835 3004 et
1855 2948 2172 3005 trucidavit

522 3034 582 3090 in
607 3035 702 3091 die
717 3035 817 3090 illa
843 3035 1144 3105 octoginta
1168 3037 1434 3109 quinque
1454 3037 1610 3092 viros
1627 3037 1862 3092 vestitos
1888 3037 2086 3107 ephod
2104 3035 2169 3091 li-

2297 1977 2629 2033 Morabatur
2656 1981 2856 2033 autem
2885 1975 3072 2032 David
3094 1977 3151 2031 in
3179 1976 3415 2031 deserto
3436 1975 3499 2030 in
3531 1975 3678 2031 locis
3703 1974 3943 2031 fortissi-

2298 2065 2432 2132 mis,
2452 2064 2859 2136 mansitquein
2875 2067 3140 2121 montem
3153 2062 3493 2119 solitudinis
3521 2063 3662 2134 Ziph
3680 2080 3697 2116 :
3719 2079 3940 2134 quaere-

2295 2151 2401 2208 bat
2424 2156 2620 2209 tamen
2647 2166 2782 2207 eum
2809 2151 2944 2208 Saul
2973 2151 3196 2208 cunctis
3219 2150 3432 2206 diebus
3458 2168 3471 2202 :
3496 2155 3684 2206 etnon
3701 2149 3933 2205 tradidit

2297 2256 2436 2296 eum
2466 2240 2621 2296 Deus
2643 2241 2702 2296 in
2721 2255 2937 2296 manus
2949 2241 3099 2311 ejus.
3116 2242 3181 2295 Et
3199 2239 3346 2295 vidit
3362 2238 3550 2294 David
3569 2238 3732 2310 quod
3749 2253 3940 2306 egres-

2299 2344 2401 2384 sus
2429 2329 2670 2385 estSaul
2703 2333 2766 2384 ut
2784 2328 3355 2400 quaereretanimam
3381 2327 3534 2398 ejus.
3563 2330 3741 2383 Porro
3761 2324 3942 2381 David

2297 2422 2422 2474 erat
2449 2417 2511 2473 in
2539 2418 2772 2474 deserto
2800 2417 2941 2489 Ziph
2973 2417 3032 2472 in
3081 2417 3249 2472 silva.
3283 2419 3348 2472 Et
3386 2417 3638 2472 surrexit
3663 2415 3944 2471 Jonatbas

2294 2505 2452 2562 ﬁlius
2491 2506 2630 2562 Saul
2657 2507 2718 2562 in
2745 2506 2998 2578 sylvam,
3031 2510 3087 2562 et
3116 2505 3471 2562 confortavit
3492 2519 3719 2560 manus
3740 2504 3871 2574 ejus
3894 2503 3943 2558 in

2294 2594 2567 2660 Domino,
2591 2594 2860 2667 dixitque
2882 2593 2934 2650 ei
2967 2613 2979 2650 :
3011 2597 3092 2650 Ne
3113 2594 3325 2650 timeas
3351 2610 3362 2647 :
3387 2608 3586 2665 neque
3611 2592 3943 2647 eniminve-

2291 2683 2410 2739 niet
2435 2687 2488 2740 te
2508 2699 2724 2740 manus
2747 2683 2883 2740 Saul
2902 2684 3090 2755 patris
3117 2683 3255 2752 mei,
3283 2687 3340 2738 et
3367 2687 3430 2739 tu
3457 2681 3748 2752 regnabis
3771 2695 3943 2753 super

2290 2772 2488 2839 Israel,
2521 2776 2578 2828 et
2612 2787 2754 2842 ergo
2779 2787 2878 2828 ero
2911 2771 3017 2828 tibi
3046 2771 3366 2835 secundus,
3397 2770 3504 2826 sed
3530 2775 3588 2826 et
3607 2769 3753 2826 Saul
3778 2775 3941 2842 pater

2287 2874 2457 2915 meus
2483 2859 2593 2916 scit
2621 2860 2755 2916 hoc.
2787 2861 3205 2916 Percusserunt
3230 2859 3409 2929 igitur
3460 2863 3716 2930 uterque
3748 2858 3938 2914 foedus

2285 2962 2487 3005 coram
2501 2949 2752 3004 Domino
2767 2967 2780 3004 :
2795 2948 3132 3020 mansitque
3151 2947 3338 3003 David
3357 2949 3420 3002 in
3445 2947 3624 3004 silva:
3647 2947 3937 3003 Jonathas

2280 3040 2480 3093 autem
2518 3052 2787 3093 reversus
2824 3040 2910 3092 est
2938 3037 2997 3092 in
3018 3037 3269 3093 domum
3301 3052 3496 3092 suam.

519 3138 656 3180 neo.
687 3123 848 3180 Nobe
886 3128 1086 3180 autem
1115 3124 1365 3181 civitatis
1389 3125 1766 3180 sacerdotum
1781 3125 2072 3196 percussit
2105 3125 2167 3181 in
2204 3163 2244 3220 C
2348 3134 2411 3195 Βι.
2443 3128 2648 3181 Amen.

521 3226 622 3267 ore
652 3210 854 3280 gladii,
885 3211 1044 3268 viros
1073 3216 1130 3267 et
1149 3212 1442 3282 mulieres,
1471 3211 1755 3284 parvulos
1779 3216 1834 3267 et
1855 3211 2160 3280 lactantes,

519 3298 726 3356 bovem
741 3303 798 3355 et
826 3299 1072 3364 asinum,
1088 3303 1331 3355 etovem
1346 3299 1406 3354 in
1427 3314 1528 3355 ore
1544 3298 1748 3368 gladii.
1774 3299 2043 3356 Evadens
2064 3318 2167 3358 au-

521 3391 640 3443 tem
665 3402 818 3444 unus
842 3387 995 3442 ﬁlius
1017 3385 1409 3450 Achimelech,
1436 3385 1541 3441 ﬁlii
1566 3385 1839 3457 Achitob,
1865 3389 2036 3458 cujus
2059 3405 2163 3446 no-

515 3491 651 3532 men
665 3478 792 3531 erat
806 3475 1108 3542 Abiathar,
1130 3473 1369 3544 fugitad
1391 3473 1599 3543 David,
1630 3479 1686 3530 et
1705 3477 2077 3533 annuntiavit
2109 3478 2161 3533 ei

512 3562 680 3632 quod
701 3560 1013 3616 occidisset
1043 3559 1180 3615 Saul
1203 3560 1537 3616 sacerdotes
1569 3561 1820 3617 Domini.
1855 3565 1918 3619 Et
1945 3564 2025 3620 ait
2055 3566 2161 3622 Da-

510 3648 610 3702 vid
630 3647 708 3703 ad
733 3647 1016 3703 Abiathar
1048 3664 1060 3699 :
1095 3647 1364 3703 Sciebam
1395 3648 1457 3703 in
1473 3647 1568 3704 die
1581 3649 1700 3720 illa,
1727 3651 1892 3723 quod
1918 3668 2053 3708 cum
2077 3653 2157 3710 ibi

513 3739 672 3791 esset
687 3737 847 3804 Doeg
859 3735 1163 3803 ldumaeus,
1176 3735 1554 3806 proculdubio
1566 3740 1944 3796 annuntiaret
1957 3741 2114 3797 Sauli
2137 3760 2150 3798 :

509 3837 620 3893 ego
653 3837 790 3878 sum
818 3837 956 3878 reus
985 3823 1254 3880 omnium
1281 3824 1617 3880 animarum
1648 3827 1829 3897 patris
1858 3827 1960 3884 tui.
1987 3831 2152 3887 Mane

505 3925 764 3977 mecum,
786 3911 833 3966 si
859 3911 995 3983 quis
1015 3912 1590 3984 quaesieritanimam
1613 3929 1830 3982 meam,
1855 3921 2077 3988 quaeret
2095 3923 2150 3975 et

502 3999 766 4056 animam
792 4003 976 4066 tuam,
1013 4015 1370 4074 mecumque
1396 4001 1748 4058 servaberis.
1771 4003 1938 4074 (Cap.
1965 4010 2147 4075 xxm.)

500 4090 568 4144 Et
593 4089 1018 4145 nuntiaverunt
1040 4089 1242 4156 David,
1273 4090 1536 4146 dicentes
1569 4108 1581 4146 :
1616 4094 1758 4147 Ecce
1789 4092 2144 4151 Philisthiim

496 4177 1075 4250 appugnantCeilam,
1089 4178 1632 4250 etdiripiuntareas.
1650 4181 1952 4238 Consuluit
1966 4181 2144 4254 igitur

495 4264 681 4321 David
696 4265 1040 4332 Dominum,
1054 4265 1258 4322 dicens
1276 4282 1288 4321 :
1304 4269 1468 4323 Nunc
1480 4268 1710 4333 vadam,
1737 4273 1794 4325 ct
1813 4272 2140 4340 percutiam

494 4351 857 4408 Philisthaaos
879 4353 1026 4408 istos
1050 4353 1078 4406 ?
1095 4353 1159 4408 Et
1184 4353 1264 4409 ait
1288 4355 1576 4411 Dominus
1591 4355 1669 4411 ad
1688 4357 1875 4412 David
1910 4375 1921 4415 :
1959 4359 2135 4425 Vade,

493 4440 858 4512 etpercuties
880 4439 1268 4507 Pbilisthaaos,
1287 4445 1344 4496 et
1360 4441 1614 4498 salvabis
1642 4443 1877 4500 Ceilam.
1899 4445 2136 4502 Etdixe-

2345 3213 2637 3282 Hymnus.
2670 3213 2865 3268 Noctis
2893 3216 3150 3284 tempus.
3185 3213 3296 3282 fol.
3331 3217 3455 3269 257.

2348 3299 2643 3368 Capitula.
2681 3299 2868 3356 Multis
2891 3303 2943 3356 te
2981 3315 3091 3371 pro
3141 3300 3317 3356 nobis
3343 3300 3721 3366 vulneribus,
3774 3302 3930 3357 bone

2275 3387 2518 3453 Christe,
2569 3387 2912 3444 confossum
2951 3389 3266 3460 credimus,
3337 3393 3393 3444 et
3447 3387 3726 3451 fatemur,
3789 3406 3928 3446 cum

2272 3476 2530 3547 exceptis
2561 3475 2864 3548 suppliciis
2891 3476 3105 3542 carnis,
3138 3481 3196 3532 et
3229 3476 3507 3549 loquens,
3543 3478 3728 3549 29o
3760 3482 3817 3534 et
3847 3483 3929 3535 ta-

2270 3578 2411 3619 cens
2439 3563 2674 3620 dolores
2691 3565 2945 3621 sustines
2964 3566 3261 3637 passionis
3291 3582 3303 3619 :
3326 3572 3379 3623 te
3401 3567 3619 3622 etenim
3641 3566 3929 3639 loquente

2265 3649 2720 3724 blasphemasse
2741 3652 3106 3712 declamant:
3125 3654 3227 3725 qui
3251 3654 3510 3710 converti
3535 3653 3880 3710 debuerant
3911 3673 3922 3710 :

2265 3745 2322 3796 et
2349 3744 2403 3795 te
2435 3746 2682 3806 tacente,
2714 3742 2773 3796 in
2805 3742 3019 3797 furoris
3060 3743 3296 3813 copiam
3339 3743 3740 3799 exardescunt
3770 3761 3783 3808 ;
3817 3745 3919 3815 qui

2260 3827 2609 3884 humilitatis
2632 3834 2749 3884 tuae
2776 3830 3297 3886 mansuetudinem
3328 3846 3451 3886 non
3470 3836 3758 3887 verentur
3791 3850 3802 3888 :
3838 3831 3914 3891 da

2259 3931 2401 3986 ergo
2422 3916 2615 3987 nobis,
2649 3924 2730 3984 ut,
2762 3918 2865 3990 qui
2903 3918 3201 3990 passionis
3233 3924 3349 3975 tuae
3375 3919 3612 3975 dolores
3641 3921 3916 3976 concini-

2256 4020 2412 4072 mus,
2475 4021 2511 4061 a
2561 4006 2778 4062 nostris
2833 4006 3138 4062 doloribus
3176 4007 3498 4063 liberemur
3539 4013 3644 4064 :ut
3685 4025 3911 4079 magno

2255 4092 2622 4149 discretionis
2653 4094 2899 4150 articulo
2933 4095 3183 4166 praediti,
3217 4101 3272 4151 et
3299 4095 3612 4167 loquentes
3637 4096 3714 4153 de
3748 4103 3825 4166 te,
3858 4105 3912 4154 et

2253 4182 2669 4253 praedicantes,
2701 4199 2836 4254 quae
2859 4199 2996 4239 vera
3024 4189 3162 4240 sunt
3186 4202 3198 4253 ;
3225 4189 3281 4240 et
3307 4190 3498 4241 tacere
3527 4190 3808 4242 nostrum
3837 4188 3910 4243 sit

2253 4269 2410 4335 utile,
2425 4277 2480 4326 et
2499 4269 2959 4343 loquiaeternam
2972 4272 3144 4328 nobis
3157 4271 3518 4344 proﬁciatad
3538 4276 3906 4332 mercedem.

2319 4359 2486 4416 Pater
2515 4364 2734 4416 noster.

2317 4449 2552 4506 Lauda.
2569 4451 2788 4506 Memor
2811 4448 2894 4504 fui
2914 4449 3276 4520 judiciorum
3299 4456 3559 4517 tuorum,
3587 4453 3847 4511 Domine
3873 4472 3909 4512 a

487 4532 628 4582 runt
655 4527 782 4592 viri,
808 4527 910 4599 qui
937 4532 1259 4583 erantcum
1289 4527 1501 4594 David,
1530 4530 1606 4586 ad
1638 4547 1775 4587 eum
1805 4551 1818 4587 :
1853 4533 1995 4589 Ecce
2025 4550 2137 4592 nos
2247 4536 2465 4593 saeculo
2499 4554 2511 4591 :
2541 4541 2598 4594 et
2625 4537 2968 4595 consolatus
2997 4554 3151 4594 sum.
3177 4537 3236 4598 νγ.
3270 4539 3530 4597 Deiectio
3561 4543 3756 4599 tenuit
3782 4560 3903 4612 me,

488 4613 659 4672 hicin
681 4615 835 4672 Juda
855 4617 1246 4673 consistentes
1267 4617 1542 4674 timemus
1572 4638 1584 4677 :
1616 4625 1843 4691 quanto
1863 4622 2058 4692 magis
2089 4626 2136 4680 si
2245 4639 2354 4696 pro
2382 4625 2798 4697 peccatoribus
2815 4624 3360 4700 derelinquentibus
3396 4627 3595 4698 legem
3633 4634 3830 4689 tuam.

484 4704 728 4761 ierimus
744 4705 806 4761 in
846 4705 1000 4762 Ceila
1017 4705 1336 4763 adversum
1349 4707 1593 4776 agmina
1605 4707 2086 4768 Philisthinorum
2106 4715 2134 4768 ?

482 4794 736 4850 Rursum
749 4809 890 4866 ergo
901 4793 1089 4852 David
1101 4794 1397 4852 consuluit
1408 4796 1746 4853 Dominum.
1769 4799 1813 4864 Q
1823 4799 1878 4854 ui
1889 4815 2130 4872 respon-

2317 4713 2540 4770 Oratio.
2573 4717 2857 4771 Memores
2889 4714 2974 4770 tui
2994 4716 3056 4770 in
3086 4721 3259 4773 nocte
3290 4718 3557 4790 Domine,
3577 4717 3780 4790 legem
3805 4723 3906 4779 tri-

2239 4800 2356 4857 bue
2395 4802 2688 4859 custodire
2717 4820 2731 4856 :
2761 4808 2817 4859 et
2843 4804 2946 4876 qui
2966 4804 3038 4860 de
3069 4809 3121 4861 te
3160 4820 3270 4862 nec
3299 4806 3363 4862 in
3395 4807 3905 4869 tribulationibus

480 4879 649 4971 deus,
669 4881 750 4971 ait
779 4898 790 4937 :
818 4884 1021 4953 Surge,
1046 4883 1267 4940 etvade
1286 4885 1348 4940 in
1361 4883 1518 4942 Ceila
1549 4902 1564 4941 :
1597 4901 1708 4958 ego
1724 4887 2128 4946 enimtradam
2239 4889 2428 4960 silent,
2453 4906 2789 4963 numquam
2809 4907 2846 4948 a
2862 4892 2975 4948 tuis
2987 4895 3363 4951 sermonibus
3379 4895 3719 4956 claudicent
3739 4918 3758 4971 ;
3790 4900 3902 4958 sed

475 4967 843 5027 Philisthaeos
866 4971 929 5026 in
953 4987 1140 5029 manu
1172 4977 1293 5030 tua.
1329 4973 1484 5030 Abiit
1513 4989 1654 5045 ergo
1685 4975 1897 5047 David,
1926 4981 1982 5033 et
2013 4978 2126 5034 viri
2234 4979 2356 5037 ﬁxa
2381 4979 2694 5037 stabilitate
2719 4981 3062 5052 perdurent.
3094 4995 3156 5052 Ra.
3180 4984 3390 5041 Amen.

477 5053 608 5125 ejus
635 5055 696 5110 in
723 5056 902 5125 Ceila,
924 5063 978 5113 et
994 5059 1282 5130 pugnavit
1313 5060 1632 5118 adversum
1661 5063 2043 5132 Philisthaaos,
2067 5072 2124 5124 et

476 5143 677 5214 abegit
683 5144 705 5215 j
716 5149 945 5203 umenta
957 5161 1176 5216 eorum,
1190 5150 1542 5220 etpercussit
1553 5165 1657 5207 eos
1678 5151 1858 5222 plaga
1871 5167 2082 5223 magna
2103 5175 2115 5212 :

473 5235 532 5286 et
555 5229 801 5288 salvavit
822 5231 1010 5288 David
1050 5233 1413 5291 habitatores
1445 5237 1639 5293 Ceilae.
1680 5237 1862 5295 Porro
1880 5255 1950 5296 eo
1971 5245 2116 5300 tem-

471 5333 636 5390 pore,
669 5334 791 5392 quo
815 5319 1083 5390 fugiebat
1121 5321 1406 5380 Abiathar
1428 5323 1586 5379 ﬁlius
1622 5323 1997 5386 Achimelech
2039 5332 2116 5388 ad

469 5406 656 5464 David
677 5407 738 5464 in
757 5407 995 5476 Ceilam,
1019 5409 1220 5482 ephod
1243 5426 1446 5466 secum
1458 5411 1688 5469 habens
1704 5413 2110 5477 descenderat.

467 5495 919 5569 Nuntiatumque
931 5501 1021 5555 est
1034 5497 1193 5556 Sauli
1208 5498 1374 5572 quod
1385 5500 1642 5559 venisset
1651 5502 1834 5559 David
1847 5505 1908 5561 in
1920 5507 2075 5565 Ceila
2094 5526 2108 5564 :

464 5583 522 5642 et
544 5584 628 5644 ait
655 5583 796 5645 Saul
824 5601 836 5642 :
862 5585 1125 5645 Tradidit
1139 5601 1280 5646 eum
1298 5588 1585 5648 Dominus
1607 5589 1670 5648 in
1685 5606 1900 5652 manus
1919 5609 2107 5662 meas,

2850 5070 2948 5126 Ad
2979 5073 3253 5130 Tertiam.

2443 5158 2636 5214 Lectio
2660 5159 2800 5214 libri
2823 5159 3280 5219 Proverbiorum
3312 5162 3478 5233 (Cap.
3503 5169 3664 5238 xxu).

2300 5256 2362 5314 ἢ.
2411 5245 2532 5301 Deo
2571 5247 2819 5314 gratias.

2295 5333 2421 5399 Fili,
2487 5333 2684 5390 Melius
2727 5339 3076 5394 estnomen
3123 5338 3375 5405 bonum,
3417 5356 3607 5414 quam
3654 5346 3892 5407 divitias

2224 5421 2460 5477 multae:
2492 5437 2672 5493 super
2683 5438 2896 5481 aurum
2917 5429 2973 5482 et
2993 5430 3329 5496 argentum,
3356 5429 3550 5499 gratia
3572 5431 3768 5493 bona.
3794 5438 3893 5495 Di-

2221 5523 2320 5564 ves
2350 5514 2406 5565 et
2424 5525 2656 5583 pauper
2680 5511 3070 5570 obviaverunt
3081 5514 3225 5582 sibi;
3259 5517 3567 5592 utriusque
3595 5531 3890 5596 operator

2220 5603 2306 5656 est
2337 5597 2914 5660 Dominus.Callidus
2925 5601 3387 5671 videtmalum,et
3410 5607 3754 5673 abscondet
3772 5632 3839 5674 se
3868 5634 3884 5686 ;
