4192 6400
272 319 382 378 497

1454 322 1806 382 DOMINICA
1848 322 1918 377 IV
1960 321 2571 391 QUADRAGESlM/E.

3597 342 3706 398 498

272 444 572 502 innocens
606 443 945 515 pertransit,
979 450 1033 500 et
1064 444 1317 503 aﬂlictus
1349 450 1437 504 est
1481 447 1727 503 damno.
1786 445 1947 501 Finis
1976 446 2021 501 A
2059 446 2312 509 Domino
2342 471 2500 526 meo,
2536 456 2753 513 christo
2794 459 3047 524 Domini,
3084 463 3150 517 ut
3178 462 3411 519 mittam
3448 478 3704 522 manum

269 530 583 590 modestia:
614 531 779 586 timor
810 532 1063 597 Domini,
1120 534 1336 591 divitia:
1389 541 1444 593 et
1492 536 1681 605 gloria
1706 540 1763 591 et
1806 534 1943 591 vita-

272 625 461 678 Arma
485 624 542 675 et
580 619 764 690 gladii
788 620 849 676 in
874 621 973 677 via
998 624 1258 693 perversi
1283 641 1295 679 :
1360 630 1561 680 custos
1584 625 1801 680 animas
1822 638 1944 680 suae

271 710 457 781 longe
486 710 707 765 recedit
731 709 810 766 ab
840 710 945 765 eis.
1006 712 1393 769 Proverbium
1422 718 1507 769 est
1534 731 1545 767 :
1584 712 1943 769 Adolescens

268 800 445 871 juxta
464 799 627 855 viam
655 813 850 864 suam,
874 800 1054 857 etiam
1077 818 1216 857 cum
1250 803 1527 867 senuerit,
1558 817 1681 857 non
1712 802 1944 857 recedet

273 888 354 945 ab
379 903 471 943 ea.
515 886 690 942 Dives
736 888 1106 960 pauperibus
1159 890 1452 963 imperat:
1504 895 1558 946 et
1583 890 1680 961 qui
1729 889 1943 960 accipit

272 980 793 1041 mutuum,servus
812 980 899 1031 est
918 976 1285 1033 fcenerantis.
1321 978 1429 1044 Qui
1452 978 1705 1033 seminat
1728 976 1942 1048 iniqui-

272 1069 481 1130 tatem,
506 1068 683 1121 metet
710 1069 767 1121 et
790 1065 968 1129 mala,
992 1074 1049 1122 et
1079 1068 1305 1137 virgam
1344 1069 1445 1123 irae
1484 1083 1610 1122 suae
1668 1082 1938 1122 consum-

269 1154 485 1212 mabit.
513 1153 627 1221 Qui
688 1168 914 1226 pronus
943 1159 1031 1211 est
1061 1155 1139 1212 ad
1176 1156 1671 1221 misericordiam,
1696 1154 1938 1210 benedi-

267 1247 441 1299 cetur
465 1261 477 1296 :
499 1243 573 1298 de
591 1242 851 1316 panibus
868 1243 1028 1298 enim
1048 1244 1171 1300 suis
1188 1244 1354 1301 dedit
1374 1243 1931 1317 pauperinAmen.

342 1333 533 1389 Lectio
590 1332 727 1387 libri
741 1332 1044 1389 Samuelis
1080 1334 1286 1399 (Prima
1318 1334 1448 1404 Reg.
1468 1348 1600 1405 cap.
1653 1344 1841 1401 xxm).

340 1433 407 1491 Βί.
443 1422 563 1476 Deo
595 1420 838 1492 gratias.

339 1514 405 1566 ln
428 1509 546 1564 illis
587 1508 840 1566 diebus:
873 1510 1287 1566 Ascenderunt
1312 1510 1532 1582 Ziphaei
1574 1512 1650 1566 ad
1701 1508 1839 1565 Saul
1868 1508 1929 1565 in

265 1598 497 1665 Gabaa,
526 1598 822 1653 dicentes:
854 1602 1059 1655 Nonne
1097 1599 1285 1656 David
1326 1599 1515 1656 latitat
1534 1598 1700 1672 apud
1740 1612 1851 1654 nos
1866 1597 1929 1654 in

262 1687 415 1745 locis
438 1686 749 1743 tutissimis
778 1687 962 1758 silva-3,
990 1688 1050 1743 in
1080 1688 1229 1744 colle
1266 1688 1526 1754 Hachila,
1559 1687 1665 1760 qui
1702 1691 1793 1742 est
1848 1686 1924 1743 ad

2055 554 2253 596 meam
2285 543 2345 599 in
2376 560 2539 610 eum,
2562 545 2973 617 quiachristus
3003 549 3239 605 Domini
3271 553 3703 611 est.Etconfre-

2054 628 2137 696 git
2167 631 2350 687 David
2380 633 2537 689 viros
2556 634 3033 701 sermonibus,et
3056 651 3181 693 non
3212 640 3482 709 permisit
3502 647 3699 709 eos,ut

2052 725 2481 787 consurgerent
2500 721 2561 776 in
2595 721 2733 778 Saul
2759 739 2771 778 :
2797 738 2977 795 porro
3000 724 3140 781 Saul
3170 739 3464 795 exurgens
3492 728 3565 784 de
3578 745 3701 799 spe-

2049 802 2251 870 lunca,
2268 807 2554 879 pergebat
2578 815 2770 883 coepto
2787 810 3018 869 itinere.
3045 814 3380 869 Resurrexit
3424 820 3624 871 autem
3646 823 3702 874 et

2051 890 2240 948 David
2270 900 2401 965 post
2432 911 2569 954 eum
2595 904 2681 954 :et
2704 914 2981 969 egressus
2997 900 3071 956 de
3084 900 3391 973 spelunca,
3423 902 3702 963 clamavit

2049 986 2183 1052 post
2204 985 2437 1054 tergum
2471 987 2687 1058 Saulis,
2720 989 2965 1046 dicens:
3018 990 3266 1046 Domine
3310 991 3393 1047 mi
3452 1007 3575 1048 rex.
3636 996 3703 1052 Et

2048 1074 2307 1142 respexit
2332 1074 2470 1130 Saul
2496 1080 2633 1147 post
2653 1091 2715 1132 se
2742 1095 2753 1132 :
2784 1078 2954 1150 291
2988 1082 3045 1135 et
3092 1078 3388 1136 inclinans
3418 1096 3481 1136 se
3516 1082 3701 1137 David

2046 1172 2272 1229 pronus
2302 1160 2364 1216 in
2390 1165 2566 1227 terra,
2593 1163 2885 1234 adoravit,
2908 1166 3176 1239 dixitque
3194 1167 3271 1222 ad
3292 1168 3432 1225 Saul
3458 1184 3470 1224 :
3500 1171 3698 1234 Quare

2044 1246 2219 1301 audis
2252 1248 2432 1305 verba
2459 1250 3190 1326 hominumloquentium,
3247 1256 3435 1312 David
3485 1259 3698 1329 quaerit

2041 1334 2271 1391 malum
2300 1337 2371 1393 ad
2381 1353 2619 1395 versum
2635 1344 2692 1397 te
2708 1342 2735 1397 ?
2767 1344 2908 1397 Ecce
2923 1342 3101 1399 hodie
3119 1343 3393 1400 viderunt
3407 1346 3562 1402 oculi
3586 1347 3690 1409 tui,

2040 1423 2201 1494 quod
2216 1426 2455 1482 tradidit
2471 1432 2525 1483 te
2553 1429 2842 1486 Dominus
2858 1430 2919 1486 in
2933 1446 3121 1488 manu
3136 1447 3272 1487 mea
3292 1433 3352 1487 in
3371 1433 3689 1505 spelunca:

2039 1516 2095 1566 et
2124 1513 2804 1583 cogitaviutocciderem
2820 1522 2895 1582 te,
2928 1519 3033 1575 sed
3064 1521 3448 1592 pepercittibi
3477 1522 3690 1579 oculus

2037 1616 2210 1656 meus
2242 1618 2252 1657 :
2288 1603 2410 1658 dixi
2439 1604 2597 1660 enim
2624 1609 2780 1661 :Non
2804 1608 3123 1663 extendam
3140 1624 3390 1665 manum
3413 1626 3610 1667 meam
3628 1612 3690 1667 in

2036 1687 2286 1746 domino
2315 1707 2473 1759 meo,
2501 1694 2643 1764 quia
2665 1694 2919 1751 christus
2936 1696 3166 1752 Domini
3184 1702 3291 1753 est.
3317 1699 3471 1765 Quin
3494 1700 3689 1771 potius

266 1776 578 1832 dexteram
601 1775 863 1831 deserti?
884 1779 1047 1832 Nunc
1072 1792 1231 1848 ergo,
1262 1777 1412 1832 sicut
1436 1774 1923 1832 deliberavitani-
1952 1803 1997 1859 Β
2037 1780 2205 1847 pater
2242 1779 2346 1848 mi,
2378 1780 2532 1845 vide,
2562 1785 2618 1837 et
2642 1797 3114 1851 cognosceoram
3140 1785 3609 1859 chlamydistuae
3627 1788 3686 1843 in

269 1870 488 1922 matua
507 1870 572 1920 ut
595 1864 1014 1934 descenderes,
1046 1866 1342 1921 descende
1368 1884 1380 1920 :
1413 1870 1686 1921 nostrum
1717 1868 1920 1920 autem

272 1953 385 2009 erit
409 1958 472 2009 ut
491 1953 798 2009 tradamus
816 1955 1028 2009 eumin
1051 1969 1235 2010 manu
1254 1954 1707 2025 regis.Dixitque
1730 1951 1900 2009 Saul:

268 2043 565 2100 Benedicti
598 2059 701 2099 vos
726 2059 762 2099 a
792 2044 1062 2110 Domino,
1083 2043 1447 2116 quidoluisti
1476 2043 1669 2099 vicem
1695 2056 1919 2097 meam.

264 2131 459 2200 Abite,
492 2148 619 2200 oro,
653 2137 710 2188 et
757 2132 1096 2203 diligentius
1153 2137 1486 2204 properate,
1529 2135 1586 2187 et
1627 2130 1920 2185 curiosius

260 2220 441 2290 agite,
473 2224 529 2277 et
559 2220 930 2277 considerate
948 2222 1145 2277 locum
1172 2221 1273 2277 ubi
1305 2221 1377 2276 sit
1397 2236 1501 2292 pes
1514 2217 1920 2291 ejus,velquis

260 2309 475 2365 viderit
498 2326 636 2365 cum
659 2309 775 2365 ibi:
810 2309 1262 2380 recogitatenim
1279 2309 1355 2365 de
1387 2309 1675 2380 me,quod
1708 2306 1919 2363 callide

256 2397 515 2453 insidier
543 2397 621 2455 ei.
664 2398 1042 2454 Considerate
1070 2403 1126 2453 et
1164 2398 1362 2454 videte
1418 2398 1624 2453 omnia
1668 2393 1918 2452 latibula

256 2486 414 2557 ejus,
444 2486 506 2541 in
524 2484 746 2558 quibus
778 2486 1167 2543 absconditur
1201 2502 1213 2540 :
1248 2492 1305 2542 et
1333 2484 1695 2542 revertimini
1720 2484 1798 2540 ad
1819 2498 1916 2539 me

259 2575 340 2630 ad
368 2590 493 2630 rem
528 2581 772 2639 certam,
800 2580 855 2633 et
874 2575 1083 2631 vadam
1110 2574 1427 2631 vobiscum
1450 2574 1645 2647 :quod
1674 2573 1915 2629 sietiam

262 2664 325 2719 in
357 2669 579 2720 terram
634 2680 695 2720 se
734 2664 1105 2729 obstruxerit,
1162 2664 1608 2737 praescrutabor
1663 2679 1800 2718 eum
1851 2662 1914 2717 in

261 2752 472 2809 multis
497 2754 760 2809 millibus
787 2753 959 2809 Juda.
994 2758 1065 2809 At
1100 2753 1183 2808 illi
1214 2759 1523 2823 surgentes
1550 2752 1825 2807 abierunt
1852 2750 1913 2805 in

258 2843 408 2915 Ziph
434 2849 570 2899 ante
603 2843 740 2899 Saul
761 2861 773 2898 :
798 2843 989 2899 David
1020 2848 1219 2899 autem
1252 2848 1308 2898 et
1348 2843 1456 2897 viri
1496 2846 1628 2913 ejus
1661 2845 1828 2897 erant
1850 2838 1911 2895 in

255 2933 498 2988 deserto
521 2936 710 2995 Maon,
751 2932 813 2988 in
840 2931 1388 3003 campestribus,ad
1410 2932 1717 2987 dexteram
1762 2929 1911 2985 Lesi-

256 3021 450 3077 muth.
480 3021 636 3077 Abiit
668 3036 810 3091 ergo
852 3020 992 3076 Saul
1048 3024 1104 3077 et
1130 3022 1273 3077 socii
1322 3021 1451 3091 ejus
1503 3018 1581 3075 ad
1640 3033 1911 3084 quaeren-

253 3110 401 3165 dum
425 3128 441 3162 :
466 3113 522 3164 et
548 3110 887 3166 nuntiatum
911 3113 999 3165 est
1018 3109 1223 3176 David,
1252 3109 1570 3179 statimque
1610 3107 1911 3163 descendit

251 3198 333 3255 ad
356 3204 601 3269 petram,
656 3204 712 3254 et
735 3199 1084 3255 versabatur
1114 3198 1175 3254 in
1227 3199 1459 3254 deserto
1491 3200 1695 3255 Maon:
1744 3197 1909 3269 quod

248 3301 390 3341 cum
428 3286 693 3344 audisset
714 3288 871 3353 Saul,
907 3293 1253 3360 persecutus
1276 3292 1362 3344 est
1385 3287 1561 3343 David
1594 3287 1655 3342 in
1681 3288 1907 3343 deserto

248 3377 443 3431 Maon.
476 3376 541 3432 Et
565 3375 687 3432 ibat
719 3377 857 3433 Saul
887 3377 947 3433 in
978 3377 1136 3434 latus
1166 3377 1388 3434 montis
1418 3391 1491 3432 ex
1514 3380 1681 3449 parte
1743 3392 1902 3431 una:

250 3464 443 3520 David
468 3469 669 3521 autem
689 3470 746 3521 et
774 3466 879 3522 viri
903 3466 1033 3537 ejus
1057 3466 1301 3522 erantin
1330 3465 1512 3522 latere
1572 3464 1795 3521 montis
1834 3479 1907 3520 ex

249 3557 421 3627 parte
443 3553 626 3611 altera
649 3571 661 3609 :
696 3569 875 3626 porro
890 3555 1076 3611 David
1098 3554 1459 3627 desperabat
1490 3570 1552 3610 se
1577 3569 1753 3626 posse
1773 3569 1908 3609 eva-

251 3642 395 3698 dere
431 3656 467 3696 a
496 3641 645 3697 facie
679 3642 871 3699 Saulis
906 3659 917 3696 :
952 3643 1155 3714 itaque
1187 3642 1327 3699 Saul
1352 3650 1409 3698 et
1432 3642 1541 3698 viri
1567 3643 1909 3714 ejusinmo—

252 3731 404 3786 dum
435 3745 671 3785 coronae
690 3730 1011 3800 cingebant
1045 3731 1227 3786 David
1259 3735 1316 3786 et
1345 3731 1510 3787 viros
1537 3732 1687 3802 ejus,
1719 3736 1781 3786 ut
1813 3746 1908 3786 ca-

253 3821 459 3891 perent
477 3831 597 3871 eos.
630 3820 695 3872 Et
715 3817 959 3872 nuntius
990 3818 1153 3873 venit
1181 3818 1257 3872 ad
1288 3818 1446 3883 Saul,
1467 3818 1673 3873 dicens
1706 3818 1909 3874 :Festi-

251 3921 357 3968 na,
391 3908 447 3959 et
474 3904 631 3966 veni,
657 3904 942 3975 quoniam
968 3904 1311 3960 infuderunt
1341 3920 1402 3959 se
1428 3904 1781 3961 Philisthiim
1811 3922 1906 3961 su-

252 4008 364 4065 per
383 3996 619 4049 terram.
646 3994 934 4046 Reversus
956 3997 1043 4047 est
1066 4006 1208 4060 ergo
1232 3991 1370 4048 Saul
1395 3992 1688 4047 desistens
1716 4008 1909 4064 perse-

248 4081 358 4155 qui
374 4080 577 4143 David,
602 4084 659 4136 et
676 4080 995 4152 perrexerit
1012 4080 1069 4134 in
1089 4094 1405 4135 occursum
1425 4078 1910 4136 Philisthinorum

248 4174 497 4243 propter
520 4169 635 4225 hoc
658 4171 1023 4226 vocaverunt
1041 4168 1242 4225 locum
1268 4168 1455 4232 illum,
1499 4168 1733 4223 Petram
1761 4168 1909 4223 divi-

248 4260 521 4318 dentcm.
552 4258 836 4314 Ascendit
860 4273 1001 4327 ergo
1030 4257 1219 4313 David
1246 4257 1415 4313 inde:
1441 4262 1497 4313 et
1513 4256 1733 4313 abiitin
1762 4255 1910 4312 locis

251 4347 563 4407 tutissimis
584 4346 874 4418 Engaddi.
889 4346 1153 4418 Cumque
1168 4362 1440 4402 reversus
1453 4351 1607 4403 esset
1619 4344 1759 4401 Saul
1771 4361 1909 4401 cum

248 4438 361 4495 tria
396 4436 562 4494 milia
585 4435 910 4493 electorum
934 4437 1192 4492 virorum
1224 4452 1295 4492 ex
1324 4436 1493 4492 omni
1542 4434 1743 4501 Israel,
1776 4450 1909 4507 per-

2033 1880 2221 1921 manu
2237 1882 2401 1924 mea:
2418 1870 2726 1939 quomodo
2739 1886 2874 1926 cum
2888 1873 3273 1945 praeciderem
3289 1876 3686 1933 summitatem

2031 1952 2372 2026 chlamydis
2413 1960 2550 2021 tuae,
2603 1958 2769 2014 nolui
2829 1961 3143 2017 extendere
3194 1978 3440 2019 manum
3503 1963 3566 2019 in
3605 1969 3683 2021 te.

2031 2040 2473 2108 Animadverte,
2497 2050 2553 2101 et
2578 2047 2733 2113 vide,
2759 2050 3051 2120 quoniam
3079 2066 3201 2106 non
3234 2055 3325 2106 est
3363 2051 3423 2105 in
3498 2066 3684 2108 manu

2028 2144 2166 2186 mea
2190 2132 2441 2199 malum,
2473 2149 2668 2207 neque
2702 2136 3003 2208 iniquitas,
3036 2154 3231 2210 neque
3246 2140 3491 2211 peccavi
3510 2140 3569 2195 in
3588 2144 3641 2196 te
3667 2157 3678 2195 :

2030 2223 2091 2275 tu
2116 2223 2317 2275 autem
2346 2221 2645 2278 insidiaris
2676 2224 2894 2280 animae
2916 2241 3065 2281 meae
3088 2233 3151 2282 ut
3169 2227 3681 2284 auferaseamJu-

2028 2306 2181 2363 dicet
2210 2310 2496 2365 Dominus
2526 2311 2677 2367 inter
2707 2330 2801 2368 me
2841 2320 2893 2368 et
2928 2320 2999 2379 te.
3036 2323 3089 2370 et
3120 2315 3440 2374 ulciscatur
3461 2317 3682 2375 meDo-

2026 2395 2228 2451 minus
2257 2412 2324 2453 ex
2355 2404 2408 2453 te
2437 2414 2448 2453 :
2484 2416 2702 2456 manus
2730 2405 3212 2460 autemmeanon
3236 2406 3307 2462 sit
3326 2406 3464 2462 inte.
3490 2408 3678 2472 Quem

2026 2488 2082 2540 et
2111 2484 2170 2539 in
2201 2487 2514 2557 proverbio
2536 2490 2783 2563 antiquo
2805 2491 3050 2548 dicitur:
3081 2493 3169 2547 Ab
3192 2494 3394 2566 impiis
3416 2495 3678 2565 egredie-

2024 2574 2455 2646 turimpietas:
2495 2593 2712 2635 manus
2748 2594 2889 2650 ergo
2938 2597 3073 2636 mea
3127 2583 3200 2637 sit
3250 2584 3309 2637 in
3352 2588 3423 2639 te.
3486 2587 3674 2650 Quem

2024 2663 2287 2733 sequeris
2313 2663 2341 2717 ?
2364 2679 2577 2721 canem
2591 2672 2886 2723 mortuum
2902 2674 3300 2742 persequeris,
3337 2677 3393 2727 et
3414 2674 3673 2744 pulicem

2023 2765 2237 2805 unum.
2258 2750 2341 2806 Sit
2372 2753 2658 2809 Dominus
2682 2755 2887 2825 judex,
2910 2758 3199 2827 etjudicet
3226 2760 3375 2815 inter
3397 2777 3489 2816 me
3507 2766 3563 2817 et
3579 2768 3632 2817 te
3657 2780 3670 2817 :

2020 2843 2077 2893 et
2101 2838 2313 2901 videat,
2339 2844 2396 2895 et
2419 2841 2646 2910 judicet
2671 2859 2919 2899 causam
2948 2862 3167 2915 meam,
3206 2852 3259 2903 et
3281 2855 3447 2905 eruat
3470 2866 3567 2905 me
3598 2852 3673 2905 de

2020 2942 2208 2982 manu
2238 2932 2358 2984 tua.
2401 2931 2547 2985 Cum
2562 2936 2761 2987 autem
2794 2934 3153 3005 complesset
3175 2937 3671 3009 Davidloquiser-

2019 3030 2231 3070 mones
2259 3015 2679 3087 hujuscemodi
2697 3020 2774 3076 ad
2799 3020 2957 3085 Saul,
2998 3022 3145 3079 dixit
3168 3024 3336 3080 Saul:
3372 3028 3670 3099 Numquid

2018 3120 2136 3159 vox
2164 3108 2263 3161 tua
2286 3104 2415 3160 hzec
2442 3107 2645 3171 est,fili
2677 3110 2782 3175 mi,
2823 3110 3004 3165 David
3036 3112 3064 3165 ?
3092 3114 3156 3166 Et
3185 3113 3401 3169 levavit
3424 3115 3673 3171 Saulvo-

2023 3208 2153 3247 cem
2186 3208 2383 3257 suam,
2417 3198 2473 3250 et
2500 3194 2686 3251 ﬂevit:
2722 3197 2987 3271 dixitque
3020 3199 3097 3254 ad
3130 3201 3312 3257 David
3338 3219 3350 3256 :
3373 3204 3671 3259 Justiores

2018 3287 2081 3338 tu
2110 3285 2299 3353 quam
2324 3297 2435 3351 ego
2464 3301 2476 3337 :
2502 3288 2566 3338 tu
2600 3285 2763 3341 enim
2825 3287 3077 3343 tribuisti
3120 3289 3267 3344 mihi
3290 3290 3490 3346 bona:
3558 3307 3670 3360 ego

2017 3374 2218 3428 autem
2238 3370 2466 3426 reddidi
2495 3371 2601 3428 tibi
2626 3374 2812 3431 mala.
2838 3378 2903 3431 Et
2924 3381 2988 3432 tu
3019 3376 3289 3435 indicasti
3322 3380 3499 3435 hodie
3534 3396 3669 3451 quae

2016 3458 2222 3516 feceris
2234 3459 2384 3515 mihi
2396 3459 2559 3518 bona
2585 3480 2598 3517 :
2617 3464 2928 3535 quomodo
2944 3465 3254 3523 tradiderit
3272 3482 3368 3524 me
3382 3469 3670 3524 Dominus

2015 3550 2076 3605 in
2099 3563 2285 3605 manu
2314 3554 2436 3613 tua,
2471 3554 2528 3605 et
2558 3566 2675 3606 non
2702 3552 2991 3609 occideris
3014 3570 3129 3611 me.
3167 3557 3306 3621 Quis
3340 3557 3504 3613 enim
3530 3574 3670 3615 cum

2015 3636 2304 3695 invenerit
2326 3636 2636 3695 inimicum
2657 3642 3117 3709 suum,dimittet
3132 3659 3270 3699 eum
3282 3645 3343 3700 in
3355 3645 3626 3702 viabona
3642 3646 3671 3701 ‘l’

2019 3725 2134 3783 Sed
2165 3726 2453 3782 Dominus
2481 3727 2695 3784 reddat
2726 3729 2823 3785 tibi
2841 3732 3303 3789 vicissitudinem
3341 3734 3521 3798 hanc,
3556 3749 3668 3806 pro

2018 3830 2089 3872 eo
2104 3815 2264 3886 quod
2288 3814 2469 3871 hodie
2496 3822 2775 3888 operatus
2801 3835 2865 3875 es
2884 3820 2943 3875 in
2974 3838 3090 3878 me.
3120 3825 3359 3879 Etnunc
3380 3824 3526 3895 quia
3543 3824 3666 3880 scio

2017 3902 2184 3974 quod
2209 3903 2523 3959 certissime
2571 3912 2929 3975 regnaturus
2986 3910 3085 3973 sis,
3135 3915 3190 3965 et
3240 3910 3557 3968 habiturus
3602 3912 3664 3968 in

2018 4004 2205 4045 manu
2236 3995 2340 4044 tua
2358 4006 2613 4060 regnum
2634 3994 2842 4049 Israel:
2871 3996 3011 4065 jura
3030 4011 3172 4065 ergo
3201 3997 3349 4052 mihi
3379 3999 3440 4054 in
3471 3999 3672 4057 Domi-

2018 4091 2189 4139 num,
2212 4092 2286 4132 ne
2303 4077 2499 4133 deleas
2529 4095 2734 4136 semen
2766 4097 2969 4137 meum
2986 4088 3121 4153 post
3144 4099 3259 4148 me,
3290 4100 3485 4157 neque
3506 4086 3668 4141 aufe-

2019 4180 2118 4221 ras
2144 4179 2367 4221 nomen
2399 4180 2603 4221 meum
2619 4167 2693 4222 de
2731 4168 2915 4225 domo
2936 4171 3120 4242 patris
3160 4170 3298 4227 mei.
3347 4175 3411 4228 Et
3450 4173 3674 4243 juravit

2022 4253 2213 4310 David
2250 4254 2430 4309 Sauli.
2462 4254 2620 4311 Abiit
2640 4272 2782 4326 ergo
2810 4259 2947 4313 Saul
2978 4259 3039 4314 in
3070 4260 3324 4316 domum
3359 4277 3533 4318 suam
3566 4279 3578 4317 :
3614 4268 3671 4319 et

2022 4342 2209 4399 David
2235 4346 2292 4397 et
2308 4342 2416 4398 viri
2432 4342 2558 4414 ejus
2571 4346 2969 4404 ascenderunt
2990 4348 3067 4403 ad
3082 4347 3300 4405 tutiora
3331 4348 3464 4407 loca
3476 4350 3672 4407 deser«

2022 4431 2082 4489 ti.
2128 4443 2194 4501 ἢ.
2220 4432 2432 4489 Amen.

246 4526 399 4583 rexit
428 4526 507 4583 ad
545 4524 1031 4595 investigandum
1055 4524 1241 4581 D'avid
1266 4528 1323 4581 et
1344 4524 1503 4581 viros
1548 4525 1699 4597 ejus,
1728 4502 1908 4580 etiam
1942 4502 1989 4557 D
2090 4520 2505 4590 Antiphonat.
2537 4522 2627 4578 Ad
2654 4521 3066 4583 defensionem
3087 4542 3284 4584 meam
3298 4529 3673 4599 attende,Do-

249 4630 434 4688 super
452 4614 917 4687 abruptissimas
934 4618 1295 4687 petras,quae
1308 4612 1448 4670 solis
1482 4612 1739 4670 ibicibus
1781 4627 1910 4684 per-

250 4706 366 4762 viae
392 4709 549 4761 sunt.
583 4704 749 4761 Venit
779 4703 858 4761 ad
887 4703 1094 4761 caulas
1111 4703 1478 4776 ovium,quae
1500 4718 1563 4758 se
1576 4700 1911 4759 offerebant

251 4794 473 4852 vianti:
502 4798 744 4867 eratque
768 4794 851 4850 ibi
873 4793 1181 4866 spelunca,
1200 4794 1263 4849 in
1291 4808 1480 4866 quam
1500 4792 1804 4863 ingressus
1825 4794 1913 4848 est

256 4884 489 4949 Saul,ut
512 4885 1073 4957 purgaretventrem
1102 4900 1114 4937 :
1140 4897 1319 4955 porro
1340 4881 1529 4938 David
1550 4886 1606 4937 et
1643 4880 1753 4937 viri
1783 4879 1834 4952 ej
1846 4896 1912 4935 us

252 4974 313 5029 in
342 4972 603 5030 interiori
628 4975 796 5044 parte
853 4970 1153 5044 speluncae
1190 4970 1480 5027 latebant.
1527 4972 1593 5026 Et
1637 4969 1914 5025 dixerunt

254 5062 405 5119 servi
442 5061 629 5118 David
659 5060 737 5117 ad
763 5076 903 5116 eum
932 5062 1112 5116 :Ecce
1133 5060 1283 5125 dies,
1307 5059 1382 5115 de
1415 5075 1539 5133 qua
1560 5060 1797 5115 locutus
1828 5061 1914 5113 est

254 5150 545 5208 Dominus
569 5150 648 5207 ad
678 5154 733 5205 te
763 5168 775 5203 :
808 5152 928 5221 Ego
954 5149 1193 5206 tradam
1218 5148 1322 5205 tibi
1350 5148 1663 5205 inimicum
1717 5152 1911 5204 tuum,

251 5244 319 5296 ut
347 5239 532 5297 facias
556 5239 610 5295 ei
648 5238 800 5294 sicut
822 5237 1109 5310 placuerit
1146 5238 1208 5293 in
1235 5236 1427 5293 oculis
1482 5238 1617 5293 tuis.
1651 5236 1915 5293 Surrexit

254 5344 397 5400 ergo
420 5328 691 5394 David,et
705 5326 972 5401 praecidit
1000 5342 1170 5383 oram
1194 5326 1530 5399 chlamydis
1576 5326 1715 5383 Saul
1743 5324 1915 5380 silen-

256 5422 359 5475 ter.
388 5418 531 5475 Post
572 5417 701 5473 haec
743 5416 1035 5489 percussit
1063 5430 1167 5471 cor
1196 5431 1400 5483 suum,
1437 5431 1508 5472 eo
1569 5430 1691 5487 quo
1722 5412 1915 5470 absci-

256 5506 442 5585 disset
469 5521 639 5562 oram
659 5503 995 5577 chlamydis
1010 5502 1448 5576 Saul.Dixitque
1460 5502 1539 5560 ad
1551 5502 1705 5559 viros
1734 5517 1879 5558 suos
1895 5518 1909 5557 :

256 5596 553 5675 Propitius
592 5592 667 5651 sit
690 5593 838 5653 mihi
862 5592 1171 5663 Dominus,
1193 5591 1319 5666 [nec
1346 5591 1571 5663 faciam
1598 5591 1757 5662 hanc
1786 5604 1915 5659 rem

2020 4608 2201 4665 mine.
2226 4607 2399 4681 Eripe
2428 4625 2465 4666 a
2501 4609 2723 4669 framea
2753 4613 3023 4671 animam
3049 4631 3286 4672 meam:
3311 4620 3367 4673 et
3391 4616 3466 4673 de
3486 4632 3675 4673 manu

2022 4696 2187 4754 canis
2217 4696 2457 4754 unicam
2488 4715 2711 4757 meam.
2745 4701 2922 4759 Salva
2949 4719 3067 4768 me,
3108 4718 3213 4760 rex
3244 4705 3675 4767 meus,etDeus

2022 4801 2211 4842 meus.
2236 4784 2298 4845 γ.
2330 4785 2411 4843 Ne
2459 4787 2733 4845 discedas
2762 4805 2799 4845 a
2838 4806 2977 4847 me:
3030 4792 3320 4863 quoniam
3374 4791 3674 4851 tribulatio

2021 4874 2299 4947 proxima
2326 4878 2445 4932 est:
2477 4880 2680 4933 etnon
2708 4882 2802 4935 est
2826 4880 2931 4951 qui
2954 4879 3225 4950 adjuvet.

2096 4962 2324 5019 Oratio.
2346 4964 2434 5020 Ad
2451 4963 2862 5024 defensionem
2884 4967 3160 5024 Ecclesiae
3217 4969 3444 5043 respice
3472 4974 3678 5043 pastor

2023 5050 2642 5112 animarum.Domine
2658 5056 2797 5112 Jesu
2818 5056 3329 5126 Christe,liberans
3350 5060 3679 5116 misericor-

2022 5140 2175 5197 diter
2212 5141 2437 5199 animas
2458 5148 2692 5201 nostras
2715 5145 2791 5201 de
2812 5161 2914 5202 ore
2940 5146 3129 5203 leonis
3162 5167 3174 5207 :
3210 5148 3384 5219 cujus
3422 5149 3680 5206 auimaa

2024 5228 2255 5286 framea
2284 5234 2339 5287 et
2368 5248 2557 5289 manu
2584 5233 2839 5291 liberata
2863 5240 2951 5291 est
2977 5238 3162 5292 canis.
3196 5240 3479 5307 mAmen.

2094 5318 2429 5387 Antiphona
2450 5326 2503 5376 2.
2538 5322 2997 5381 Firmamentum
3030 5341 3255 5390 meum,
3302 5330 3359 5381 et
3381 5324 3678 5394 refugium

2024 5421 2090 5461 es
2120 5410 2206 5475 tu,
2248 5409 2401 5465 Deus
2422 5426 2615 5467 meus.
2645 5414 2815 5484 Eripe
2836 5429 2933 5468 me
2963 5414 3037 5470 de
3058 5429 3246 5470 manu
3263 5417 3472 5469 contra
3485 5412 3680 5481 legem

2025 5494 2275 5564 agentis,
2307 5502 2362 5554 et
2393 5498 2622 5572 iniqui:
2654 5500 2723 5560 ἲν.
2759 5502 3056 5566 Quoniam
3077 5506 3140 5557 tu
3160 5516 3225 5556 es
3240 5498 3524 5572 patientia
3540 5511 3680 5563 mea.

2024 5583 2273 5671 Domine
2300 5607 2313 5657 ξ
2342 5602 2475 5660 spes
2501 5604 2637 5655 mea
2662 5604 2698 5646 a
2722 5589 3032 5661 juventute
3059 5603 3215 5655 mea.
