4192 6402
492 352 601 417 499

1754 334 2208 404 BREVIARIUM
2243 342 2636 406 GOTHICUM.

3814 337 3934 397 500

570 480 790 537 Oratio.
826 479 1292 534 Firmamentum
1330 477 1603 531 nostrum
1626 476 1804 545 atque
1827 469 2147 539 refugium,
2186 468 2231 523 A
2260 470 2409 528 bant
2429 472 2712 529 manibus
2744 472 2904 529 suis:
2937 475 2992 529 et
3018 471 3280 544 populus
3302 478 3472 527 meus
3504 468 3714 526 dilexit
3736 467 3891 524 talia
3918 482 3933 523 :

499 575 554 627 te
587 568 909 624 Dominum
926 564 1229 638 poscimus
1247 564 1595 618 cruciﬁxum
1619 579 1631 616 :
1655 564 1715 616 ut
1734 560 1808 615 de
1828 573 2015 615 manu
2026 571 2155 629 pec-

499 656 715 714 cateris
730 670 843 710 nos
868 654 1149 719 liberans,
1167 653 1228 707 in
1247 654 1450 707 locum
1464 650 1762 706 munitum
1779 644 2153 704 coronandos

508 747 757 802 statuas.
785 752 851 813 ﬁ.
881 742 1090 796 Amen.

573 830 922 900 Antiphona
950 834 1001 885 3.
1033 830 1249 894 Quare,
1292 827 1565 890 Domine,
1633 824 1841 895 abjicis
1887 822 2155 879 animam

507 933 719 985 meam,
747 917 965 974 avertis
980 916 1192 972 faciem
1221 919 1387 971 tuam
1417 913 1603 970 ame?
1615 916 1847 984 Pauper
1865 926 2000 966 sum
2022 924 2155 979 ego,

510 1012 569 1065 et
593 1021 964 1065 arumnosus
994 1003 1069 1059 ab
1101 1002 1519 1059 adolescentia.
1547 1004 1743 1071 Longe
1787 999 1973 1055 fecisti
1997 1015 2034 1053 a
2062 1011 2158 1053 me

509 1096 792 1159 amicum,
815 1096 871 1149 et
895 1091 1183 1157 sodalem,
1209 1095 1418 1146 notum
1444 1105 1645 1145 meum
1678 1086 2067 1146 abstulistid’.
2093 1086 2159 1139 In

503 1196 609 1240 me
640 1179 1099 1252 pertransierunt
1145 1177 1246 1234 ira:
1277 1182 1411 1242 tuae,
1446 1183 1501 1234 et
1531 1180 1783 1233 terrores
1815 1175 1896 1232 tui
1928 1176 2160 1231 contur-

513 1271 802 1327 baverunt
825 1283 941 1324 me.

586 1368 651 1429 Et.
673 1356 829 1412 Deus
847 1369 1017 1411 meus
1031 1354 1197 1411 salva
1216 1370 1310 1410 me
1339 1354 1413 1410 de
1426 1368 1611 1410 manu
1629 1352 1800 1424 impii
1823 1370 1836 1408 :
1874 1352 1948 1406 de
1975 1364 2162 1405 manu

514 1445 797 1517 iniqui,et
821 1443 1121 1499 nocentis:
1150 1443 1296 1515 quia
1317 1448 1379 1499 tu
1403 1458 1467 1499 es
1490 1441 1817 1514 expectatio
1830 1455 1966 1495 mea
1979 1439 2157 1493 Deus.

2263 559 2408 631 quid
2446 561 2620 629 igitur
2644 561 2741 617 ﬁet
2770 562 2832 616 in
2892 560 3223 617 novissimo
3253 561 3383 631 ejus
3413 559 3436 613 Ρ
3484 556 3935 615 Confortamini

2263 646 2365 701 ﬁlii
2398 648 2705 719 Benjamin
2736 650 2793 705 in
2813 649 3011 705 medio
3048 648 3435 704 Hierusalem.
3470 658 3535 717 Br.
3581 648 3807 701 Amen.

2334 735 2681 805 Antiphona
2706 742 2754 793 1.
2783 741 2861 793 Ne
2911 737 3085 792 simul
3100 738 3300 792 tradas
3320 752 3418 791 me
3431 752 3573 791 cum
3590 733 3938 807 peccatori-

2266 822 2408 879 bus:
2429 829 2643 882 etcum
2672 826 3057 897 operantibus
3075 824 3452 897 iniquitatem
3465 839 3542 879 ne
3568 823 3936 895 perdasme,

2266 913 2543 972 Domine:
2592 914 2654 974 V.
2698 917 2782 970 Da
2831 914 2968 979 illis,
3032 912 3305 979 Domine,
3359 911 3709 970 secundum
3740 925 3940 984 opera

2266 1016 2494 1070 eorum,
2511 1007 2565 1059 et
2585 1003 2916 1059 secundum
2937 1002 3265 1074 nequitiam
3280 1002 3618 1058 studiorum
3633 1003 3935 1074 ipsorum.

2340 1092 2570 1147 Oratio.
2598 1092 2821 1148 Christe
2842 1091 2997 1147 Deus
3014 1096 3232 1155 noster,
3255 1091 3360 1163 qui
3383 1091 3539 1146 inter
3560 1094 3937 1162 peccatores,

2267 1194 2406 1234 cum
2430 1178 2761 1237 latronibus
2788 1180 3023 1246 scilicet,
3055 1180 3270 1246 Crucis,
3298 1179 3618 1251 supplicio,
3648 1178 3938 1249 traditus,

2270 1268 2663 1339 perpessus‘es
2681 1282 2695 1323 :
2714 1283 3088 1340 quaesumus,
3107 1282 3181 1323 ne
3204 1283 3314 1323 nos
3348 1266 3531 1323 simul
3562 1281 3707 1323 cum
3725 1282 3943 1339 pecca-

2268 1356 2493 1414 toribus
2512 1358 2714 1415 tradas
2736 1374 2749 1424 ;
2769 1373 2962 1430 neque
2984 1373 3121 1413 cum
3144 1356 3939 1429 operantibusiniquitatem

2266 1448 2487 1517 pariter
2506 1448 2752 1518 punias:
2771 1450 2854 1510 ut,
2872 1462 3025 1518 quos
3042 1446 3318 1517 passione
3333 1450 3438 1502 tua
3461 1461 3499 1501 a
3528 1444 3760 1501 diaboli
3776 1452 3938 1517 pote-

514 1534 770 1599 Domine,
801 1532 1025 1587 ﬁducia
1044 1546 1180 1587 mea
1205 1532 1285 1587 ab
1316 1531 1720 1587 adolescentia
1751 1545 1885 1585 mea
1908 1529 1969 1589 ῒ.
1995 1528 2160 1596 Eripe
2270 1539 2419 1589 state
2448 1533 2701 1590 liberare
2725 1533 3003 1605 dignatus
3035 1549 3118 1603 es,
3142 1537 3197 1589 et
3225 1533 3323 1588 hic
3355 1538 3411 1589 et
3436 1533 3499 1589 in
3526 1537 3824 1589 aeternum
3854 1533 3937 1589 ab

516 1639 634 1686 me,
658 1622 924 1688 Domine,
959 1620 1038 1677 ab
1069 1620 1315 1677 homine
1344 1620 1505 1677 malo
1533 1640 1545 1678 :
1579 1636 1615 1676 a
1639 1620 1765 1676 viro
1788 1619 1993 1690 iniquo
2017 1617 2161 1673 libe-

517 1726 586 1768 ra
612 1725 718 1766 me.

2269 1620 2539 1676 infernali
2556 1626 2941 1692 peccatorum
2965 1627 3119 1676 sorte
3141 1621 3749 1691 dissocies.R.Amen.

2340 1709 2687 1778 Antiphona
2715 1713 2768 1764 2.
2800 1708 3047 1764 Domine
3081 1708 3297 1764 exaudi
3320 1709 3662 1765 orationem
3695 1722 3932 1766 meam:

588 1801 811 1855 Preces.
845 1797 1131 1861 Miserere,
1175 1797 1442 1863 Domine,
1482 1795 1984 1868 supplicantibus;
2003 1794 2069 1851 P.
2096 1795 2160 1849 Et
2196 1807 2243 1863 Β
2272 1801 2327 1853 et
2355 1797 2582 1853 clamor
2602 1812 2773 1852 meus
2798 1796 2876 1852 ad
2900 1800 2952 1851 te
2971 1796 3294 1867 perveniat.
3319 1796 3381 1852 1n
3410 1812 3807 1869 quacumque
3833 1796 3934 1851 die

519 1887 684 1943 dona
707 1884 884 1941 nobis
911 1884 1165 1940 veniam.
1192 1884 1252 1946 γ.
1276 1886 1463 1950 Quem
1493 1900 1760 1956 passum,
1809 1882 2033 1937 Christe
2053 1882 2163 1937 Do-

519 1974 701 2038 mine,
733 1972 1038 2044 pronobis
1088 1987 1222 2027 esse
1248 1973 1568 2028 credimus.
1621 1971 1683 2026 P.
1712 1974 1813 2026 Tu.
1867 1970 1928 2029 ν.
1975 1972 2163 2035 Quem

520 2061 901 2117 verberatum
923 2060 1113 2131 alapis
1130 2060 1469 2125 fatemur,et
1509 2058 1841 2131 suppliciis.
1888 2061 1945 2113 P.
1974 2060 2059 2113 Et.
2098 2057 2163 2117 ἲν.

523 2150 712 2215 Quem
728 2152 882 2203 terra
904 2148 1141 2203 tremuit
1160 2153 1465 2203 mortuum
1490 2163 1503 2212 ;
1518 2163 1641 2219 quo
1652 2150 1995 2217 resurgente
2007 2146 2167 2201 lecta-

522 2241 637 2293 tur.
670 2238 743 2291 P.
767 2238 870 2291 Tu.
890 2235 953 2296 ν.
977 2235 1113 2291 Jam
1161 2241 1350 2291 morte
1389 2241 1494 2292 tua
1513 2235 1683 2291 liberi
1727 2235 2039 2306 capiamus
2076 2249 2164 2289 re-

522 2339 710 2395 gnum
742 2322 895 2378 cmli.
921 2324 991 2378 P.
1014 2325 1081 2379 Et
1108 2323 1290 2380 dona.

593 2430 864 2500 Hymnus.
899 2428 941 2483 Ο
974 2430 1290 2491 Nazarene,
1321 2429 1428 2498 fol.
1457 2431 1575 2484 144.

618 2533 892 2603 Capitula
903 2532 1259 2604 .Indigentice
1272 2533 1768 2607 nostrae,inopiam
1782 2533 1931 2590 bone
1947 2533 2167 2592 Christe

522 2621 833 2680 considera
855 2640 867 2673 :
886 2637 958 2677 ne
980 2621 1227 2694 quando
1250 2622 1467 2678 avertis
1492 2622 1715 2679 anohis
1734 2622 1948 2679 faciem
1975 2626 2163 2694 tuam,

524 2710 769 2782 abjicias
781 2708 1047 2766 animam
1060 2713 1325 2766 nostram
1344 2729 1356 2766 :
1374 2711 1564 2783 ut,qui
1579 2717 2168 2783 pauperes,etaerum-

520 2800 656 2857 nosi
681 2798 758 2855 ab
788 2796 1191 2855 adolescentia
1222 2815 1425 2855 sumus
1457 2799 1716 2867 ;deliciis
1734 2800 2061 2873 aliquando
2076 2816 2163 2857 re-

520 2887 699 2945 creati
728 2886 1085 2951 ecelestibus,
1112 2893 1331 2945 aeterna
1344 2905 1452 2945 nos
1467 2889 2157 2947 vestitosimmortalitate

520 2977 815 3034 ltetemur.

594 3065 768 3122 Pater
797 3068 1018 3121 noster.

1153 3170 1240 3225 Ad
1265 3170 1531 3227 Sextum.

664 3274 856 3331 Lectio
882 3274 1021 3332 libri
1058 3274 1371 3331 Hieremiae
1401 3275 1711 3342 Propheta:
1738 3274 1905 3344 (Cap.
1950 3276 2034 3345 v).

598 3391 666 3451 1y.
692 3380 813 3437 Deo
843 3379 1083 3451 gratias.

595 3471 725 3524 Heio
745 3466 890 3524 dicit
922 3465 1411 3523 DominuszAudi
1431 3466 1676 3536 popule,
1707 3466 1812 3539 qui
1846 3481 1968 3523 non
1985 3467 2173 3524 habes

527 3570 665 3615 cor:
697 3554 799 3626 qui
816 3553 1108 3609 habentes
1132 3551 1357 3617 oculos,
1382 3567 1504 3608 non
1533 3554 1758 3611 videtis.
1786 3558 1867 3611 Me
1894 3570 2036 3625 ergo
2051 3571 2175 3612 non

526 3641 832 3705 timebitis,
868 3642 942 3695 ait
965 3639 1251 3695 Dominus
1276 3656 1288 3693 :
1322 3645 1376 3696 et
1403 3655 1439 3695 a
1466 3640 1615 3697 facie
1654 3658 1789 3699 mea
1810 3659 1931 3700 non
1952 3643 2176 3699 dolebi-

530 3729 605 3786 tis
623 3727 653 3783 ?
684 3727 795 3793 Qui
814 3726 990 3799 posui
1009 3728 1588 3784 arenamterminum
1619 3731 1791 3797 mari,
1810 3737 2174 3803 praeceptum

532 3814 986 3888 sempiternum,
1025 3816 1184 3885 quod
1206 3829 1327 3871 non
1367 3816 1720 3886 praeteribit:
1750 3822 1806 3874 et
1831 3834 2176 3875 commove-

529 3903 776 3969 buntur,
798 3905 854 3957 et
877 3916 999 3957 non
1019 3906 1295 3973 poterunt
1323 3922 1336 3962 :
1360 3904 1755 3961 intumescent
1775 3905 1989 3962 ﬂuctus
2022 3908 2172 3978 ejus,

532 3992 591 4047 et
615 4004 741 4047 non
777 3988 1111 4045 transibunt
1140 3990 1310 4046 illuc:
1344 3992 1519 4063 292
1553 3994 1778 4065 populo
1809 3999 2010 4050 autem
2035 3995 2177 4051 huic

533 4077 749 4135 factum
761 4082 849 4133 est
862 4092 964 4133 cor
975 4076 1171 4134 incred
1181 4078 1344 4135 ulum
1357 4086 1412 4135 et
1423 4086 2179 4153 exasperans,recesserunt

533 4171 591 4223 et
607 4166 901 4222 abierunt.
922 4167 989 4221 Et
1000 4179 1121 4221 non
1134 4166 1475 4223 dixeruntin
1490 4169 1668 4225 corde
1684 4185 1794 4225 suo
1813 4188 1824 4225 :
1849 4173 2178 4227 Metuamus

532 4252 859 4310 Dominum
878 4252 1068 4309 Deum
1096 4259 1389 4317 nostrum,
1421 4257 1526 4327 qui
1552 4257 1655 4313 dat
1682 4256 1860 4313 nobis
1902 4259 2177 4329 pluviam

536 4345 984 4412 temporaneam
996 4345 1051 4395 et
1063 4342 1377 4399 serotinam
1397 4344 1457 4398 in
1474 4348 1743 4416 tempore
1763 4360 1874 4401 suo
1898 4364 1911 4414 ;
1930 4346 2180 4416 plenitu-

536 4429 741 4486 dinem
755 4444 968 4485 annuaa
982 4431 1190 4485 messis
1204 4432 1626 4487 custodientem
1639 4433 2179 4503 nobis.lniquitates

537 4521 746 4575 vestrae
768 4516 1213 4574 declinaverunt
1241 4519 1319 4574 ab
1339 4534 1411 4574 eo
1434 4536 1448 4574 :
1482 4524 1795 4590 etpeecata
1827 4528 2028 4577 nostra
2048 4537 2182 4593 pro-

536 4605 858 4662 hibuerunt
871 4605 1101 4661 bonum
1113 4620 1151 4661 a
1162 4606 1336 4661 nobis
1356 4621 1367 4660 :
1383 4608 1485 4677 qui
1497 4610 1719 4662 inventi
1734 4608 1943 4664 suntin
1956 4609 2181 4681 populo

539 4694 853 4765 meoimpii
862 4693 1207 4749 insidiantes
1222 4694 1396 4765 quasi
1407 4695 1945 4767 aucupes,laqueos
1960 4713 2183 4768 ponen~

538 4786 627 4839 tes
654 4786 711 4837 et
740 4781 985 4853 pedicas
1028 4781 1107 4836 ad
1127 4782 1450 4853 capiendos
1479 4782 1656 4838 viros.
1706 4784 1869 4841 Sicut
1905 4784 2183 4858 decipula

540 4870 720 4941 plena
741 4869 973 4932 avibus,
1005 4870 1088 4925 sic
1116 4870 1336 4926 domus
1377 4886 1580 4927 eorum
1608 4872 1802 4944 plenae
1831 4873 2005 4931 dolo:
2037 4875 2182 4946 quia

541 4955 909 5024 magniﬁcati
939 4960 1077 5012 sunt
1102 4960 1157 5012 et
1180 4957 1365 5014 ditati.
1395 4960 1707 5017 lncrassati
1737 4966 1875 5015 sunt
1894 4961 2183 5032 etimpin-

544 5042 707 5115 guati
726 5057 738 5095 :
763 5043 1235 5112 etpraaterierunt
1249 5060 1550 5102 sermones
1564 5062 1731 5102 meos
1745 5048 2181 5117 pessime.Cau-

543 5145 677 5188 sam
703 5128 899 5183 viduae
938 5144 1060 5185 non
1084 5130 1500 5200 judicaverunt
1550 5149 1794 5191 causam
1831 5136 2033 5207 pupilli
2058 5152 2182 5193 non

544 5218 961 5279 direxerunt,et
973 5215 1254 5285 judicium
1268 5234 1600 5290 pauperum
1618 5236 1739 5277 non
1746 5223 1766 5292 j
1778 5223 2179 5283 udieaverunt.

546 5304 847 5377 Numquid
859 5319 1040 5376 super
1060 5304 1152 5360 his
1163 5306 1437 5371 visitabo,
1466 5308 1901 5367 dicitDominus
1922 5314 1950 5369 7
1978 5319 2184 5370 autsu-

544 5398 897 5469 pergentem
910 5393 1323 5463 hujuscemodi
1338 5410 1459 5450 non
1475 5396 1786 5453 ulciscetur
1798 5402 1998 5457 anima
2010 5418 2144 5458 mea
2158 5408 2185 5458 ?

536 5488 762 5557 'Stupor
789 5487 845 5539 et
874 5480 1174 5537 mirabilia
1194 5481 1351 5539 facta
1371 5491 1509 5541 sunt
1537 5486 1597 5541 in
1651 5492 1801 5543 terra
1835 5507 1847 5547 :
1887 5492 2183 5561 propheta:

543 5572 985 5646 prophetabant
1010 5569 1410 5641 mendacium,
1446 5578 1846 5633 etsacerdotes
1860 5578 2186 5649 applaude-

2208 3144 2250 3201 C

2212 4406 2258 4462 D

2272 1884 2536 1952 tribulor,
2559 1883 2780 1939 inclina
2806 1883 2884 1939 ad
2918 1898 3014 1938 me
3052 1898 3257 1938 aurem
3286 1883 3555 1943 tuam].
3584 1887 3645 1940 In
3663 1896 3934 1956 quacun-

2271 1988 2386 2045 que
2417 1972 2511 2027 die
2534 1972 2891 2027 invocavero
2908 1974 2983 2035 te,
3019 1972 3294 2027 velociter
3318 1971 3546 2028 exaudi
3571 1988 3686 2028 me.

2345 2061 2572 2117 Oratio.
2622 2060 2892 2129 Domine,
2953 2060 3165 2115 exaudi
3217 2060 3554 2116 orationem
3603 2075 3838 2126 meam;
3871 2064 3928 2116 et

2273 2149 2500 2205 clamor
2536 2152 2736 2203 noster
2764 2149 2841 2203 ad
2864 2151 2915 2202 te
2973 2148 3210 2219 placida
3243 2147 3623 2217 benignitatis
3644 2152 3762 2205 tum
3781 2163 3926 2205 aurs

2274 2236 2581 2309 perveniat
2614 2253 2627 2291 :
2660 2252 2981 2291 nerevoces
3006 2236 3191 2291 nosin
3214 2236 3933 2294 dimidodierumnostro-

2273 2341 2408 2381 rum
2451 2342 2464 2392 ;
2491 2325 2597 2381 sed
2631 2325 2709 2381 ad
2735 2328 2957 2380 certam
2988 2325 3302 2381 stationem
3336 2325 3672 2392 tendentes,
3697 2325 3793 2382 fac
3821 2340 3933 2381 nos

2274 2429 2521 2469 cursum
2560 2428 2983 2469 consummare
3009 2413 3270 2481 virtutis;
3300 2428 3371 2469 ac
3391 2428 3501 2485 per
3513 2414 3784 2470 studium
3800 2429 3933 2469 san-

2277 2503 2639 2559 ctiﬁcationis
2661 2503 2965 2575 acquirere
3006 2506 3293 2559 aeternum
3323 2503 3536 2560 Gloriae
3567 2520 3843 2574 regnum,
3872 2505 3933 2560 in

2275 2593 2390 2648 hac
2416 2591 2641 2647 dierum
2667 2591 3053 2663 praesentium
3084 2592 3404 2663 paucitate.
3448 2602 3517 2663 It.
3550 2596 3765 2648 Amen.

2344 2681 2751 2749 Antiphona3.
2786 2679 2954 2749 Eripe
2968 2694 3062 2734 me
3095 2678 3345 2735 Domine
3377 2680 3457 2736 ab
3480 2681 3731 2737 homine
3745 2681 3933 2738 malo:

2276 2772 2334 2826 et
2361 2785 2397 2825 a
2434 2768 2559 2824 viro
2587 2767 2817 2841 iniquo,
2846 2770 2902 2821 et
2926 2782 2961 2821 a
2998 2766 3204 2836 lingua
3225 2767 3530 2829 dolosaﬁ.
3554 2768 3803 2825 Custodi
3839 2785 3939 2826 me

2277 2856 2529 2913 Domine
2554 2855 2627 2911 de
2668 2870 2853 2910 manu
2875 2855 3233 2926 peccatoris:
3268 2861 3327 2913 et
3353 2856 3433 2912 ab
3457 2855 3942 2915 hominibusini-

2276 2945 2412 3017 quis
2424 2945 2612 3001 libera
2625 2959 2739 2999 me.
2749 2943 2859 3009 Qui
2874 2944 3279 3013 cogitaverunt
3291 2946 3684 3017 supplantare
3698 2962 3943 3017 gressus

2280 3046 2468 3088 meos.

2350 3131 2414 3191 ἢ.
2451 3119 2619 3191 Eripe
2646 3133 2742 3175 me
2771 3120 2846 3174 de
2884 3119 3129 3174 inimicis
3161 3120 3332 3186 meis,
3372 3122 3649 3180 Domine.
3690 3122 3751 3178 P.
3788 3123 3940 3189 Quia

2278 3214 2342 3265 tu
2374 3225 2436 3264 es
2466 3209 2623 3264 Deus
2652 3223 2844 3263 meus.
2872 3208 2931 3268 fit.
2966 3207 3135 3280 Eripe
3164 3224 3261 3265 me
3290 3210 3365 3265 de
3399 3212 3797 3283 operantibus
3832 3213 3943 3269 ini-

2278 3297 2569 3370 quitatem
2603 3316 2616 3352 :
2648 3299 2703 3351 et
2736 3297 2811 3351 de
2859 3296 2999 3351 viris
3042 3297 3407 3367 sanguinum
3457 3298 3651 3357 libera
3684 3317 3804 3358 me.
3870 3301 3933 3355 P.

2282 3385 2449 3450 Quia.

2349 3474 2580 3529 Preces.
2606 3472 2693 3528 Ad
2714 3475 2770 3527 te
2795 3471 3126 3529 clamamus
3144 3489 3373 3539 omnes,
3392 3476 3664 3543 Domine,
3681 3479 3756 3537 P.
3775 3478 3941 3537 Mise-

2279 3576 2424 3617 rere.
2456 3561 2519 3621 V.
2553 3558 2779 3617 Exaudi
2802 3560 2955 3616 Deus
2983 3565 3146 3617 tuam
3176 3562 3427 3633 plebem,
3456 3570 3640 3621 etnos
3657 3564 3740 3623 ab
3769 3567 3943 3624 hoste

2281 3648 2553 3705 defende.
2581 3648 2653 3703 P.
2688 3649 2967 3703 Miserere.
3001 3648 3069 3709 ir.
3118 3650 3350 3706 Exaudi
3381 3654 3533 3708 Deus
3560 3654 3942 3721 Pontiﬁcem,

2282 3738 2530 3810 ejusque
2554 3736 2948 3793 Sacerdotem.
3000 3739 3060 3792 P.
3094 3738 3378 3795 Miserere.
3418 3739 3480 3801 v.
3512 3742 3747 3799 Exaudi
3790 3746 3945 3800 Deus

2281 3825 2551 3890 miseros,
2572 3828 2628 3880 et
2658 3839 2873 3881 revoca
2903 3825 3194 3897 captivos.
3234 3829 3294 3884 P.
3324 3828 3611 3887 Miserere.
3656 3831 3721 3893 Υ.
3754 3834 3946 3890 Exau-

2283 3913 2521 3970 diDeus
2540 3912 2774 3979 viduas,
2808 3918 2863 3969 et
2892 3914 3303 3985 orphanorum
3331 3915 3703 3990 lachrymas,
3738 3923 3799 3977 P.
3846 3922 3947 3979 Mi-

2286 4014 2497 4058 serere.
2526 4000 2589 4062 ῒ.
2610 4000 2837 4056 Exaudi
2858 4002 3010 4056 Deus
3036 4015 3241 4067 caecos,
3272 4006 3328 4057 et
3357 4003 3541 4061 redde
3562 4006 3677 4062 illis
3701 4007 3937 4066 lumen.

2284 4089 2345 4144 in
2363 4092 2650 4144 aeternum
2674 4108 2687 4143 :
2713 4092 2908 4144 tecum
2931 4088 3054 4143 sine
3082 4089 3195 4144 line
3218 4090 3509 4158 vivamus,
3547 4096 3609 4151 P.
3638 4097 3938 4155 Miserere.

2356 4178 2625 4245 Hymnus
2656 4178 2699 4232 Ο
2734 4179 3049 4238 Nazarene,
3080 4176 3203 4232 lux.
3228 4180 3340 4246 fol.
3369 4182 3486 4236 144.

2361 4265 2584 4320 Oratio.
2627 4263 2796 4335 Eripe
2826 4280 2943 4328 me,
2962 4265 3230 4331 Domine,
3252 4266 3329 4321 ab
3358 4266 3605 4326 homine
3637 4271 3946 4347 malo,qui

2289 4351 2543 4409 traditus
2566 4366 2627 4406 es
2647 4367 2757 4423 pro
2784 4352 2998 4407 scelere
3014 4352 3209 4409 alieno
3240 4360 3336 4410 :ut
3367 4357 3573 4427 passio
3595 4361 3697 4416 tua
3726 4376 3763 4417 a
3780 4360 3949 4420 futu-

2286 4440 2368 4496 ris
2396 4454 2503 4495 nos
2525 4439 2736 4511 eripiat
2755 4441 3079 4505 tormentis,
3122 4456 3256 4513 quae
3279 4443 3338 4498 in
3369 4443 3638 4503 derisum
3670 4448 3834 4507 facta
3855 4454 3951 4509 est

2289 4527 2366 4584 ab
2388 4527 2607 4599 impiis.

2361 4618 2527 4673 Pater
2550 4620 2770 4673 noster.

2431 4706 2497 4761 IN
2538 4706 2795 4771 QUINTO
2814 4704 3159 4763 DOMINICO
3202 4709 3793 4772 QUADRAGESIMA‘I.

2887 4793 2964 4848 Ad
3003 4796 3334 4863 Vesperum.

2359 4882 2579 4938 Lauda.
2612 4881 2947 4937 Sacriﬁcate
2978 4885 3356 4949 sacriﬁcium,
3381 4885 3493 4955 fol.
3527 4891 3654 4943 2M.

2362 4969 2584 5026 Oratio.
2599 4968 3001 5037 Deusjustitiae
3015 4974 3678 5036 nostraajnvocantibus
3694 4981 3747 5034 te
3766 4981 3954 5037 nobis

2290 5056 2572 5127 propitius
2602 5069 2824 5127 appare
2853 5062 3013 5121 ;utet
3041 5059 3397 5117 sacriﬁcium
3422 5066 3836 5137 vespertinum
3852 5083 3953 5127 sa-

2290 5144 2623 5199 crificemus
2656 5144 2841 5208 ;etad
2877 5147 3128 5216 praemia
3154 5146 3440 5218 coelestia,
3482 5154 3539 5207 te
3589 5155 3951 5226 auxiliante,

2290 5229 2732 5301 perveniamus.
2764 5241 2827 5300 13;.
2866 5234 3075 5289 Amen.

2359 5318 2721 5388 Antiphone.
2754 5321 2903 5376 Dixit
2931 5324 3155 5394 Moyses
3185 5322 3260 5379 ad
3295 5327 3584 5398 populum
3625 5348 3637 5382 :
3717 5332 3958 5397 Quarta

2292 5406 2526 5461 decima
2556 5407 2651 5463 die
2678 5411 3205 5467 mensisnonarum
3229 5412 3601 5473 celebrabitis
3615 5419 3953 5484 Pascha-LV.

2291 5493 2490 5548 Canite
2522 5494 2579 5549 in
2605 5494 2771 5552 initio
2800 5499 3022 5554 mensis
3054 5499 3196 5555 tuba
3224 5500 3282 5555 in
3305 5502 3490 5573 signis
3546 5506 3955 5569 solemnitatis

2292 5586 2529 5637 nostrae.
