4192 6434
268 362 375 429 501

1442 358 1793 433 DOMINICA
1836 373 1879 429 v
1918 358 2532 442 QUADBAGESIM/E.

3606 380 3726 444 502-

343 495 577 554 Lauda.
609 494 876 553 Taedium
907 494 1092 553 tenuit
1116 512 1231 569 me,
1252 512 1365 571 pro
1386 497 1940 571 derelinquentibus
1968 498 2014 553 A
2058 516 2193 558 mus
2226 520 2239 558 :
2268 507 2351 573 ut,
2369 503 2599 576 quinos
2616 502 3066 562 admatutinum
3080 506 3365 576 ofﬁcium,
3385 509 3540 580 gallo
3557 522 3721 583 prae-‘

263 578 467 657 legem
502 588 685 642 tuam.
733 585 1068 641 Cantabiles
1097 592 1264 643 erant
1302 588 1445 644 mihi
1485 588 1940 659 justiticationes

261 676 473 741 tuas,in
493 675 622 731 loco
644 674 1136 745 peregrinationis
1162 692 1328 732 mete.
1360 677 1422 738 ἡ.
1453 681 1746 733 Memento
1769 675 1935 732 verbi

268 763 354 820 tui
380 778 554 819 servo
590 769 715 828 tuo,
758 762 819 817 in
847 778 969 834 quo
1001 762 1145 818 mihi
1178 779 1345 835 spem
1387 764 1622 821 dedisti.

338 848 637 920 Hymnus.
663 849 916 906 Verbum
940 851 1151 905 Patris.
1184 852 1393 919 Quaere
1425 853 1539 922 fol.
1574 855 1699 909 252.

346 939 649 1011 Capitula.
667 938 890 996 Christe
903 940 1059 994 Deus
1076 944 1295 1004 noster,
1312 941 1416 1012 qui
1428 956 1536 1012 pro
1553 939 1727 996 nobis
1746 939 1937 995 omni-

264 1027 389 1084 bas
405 1028 715 1100 passionis
729 1026 1014 1083 sustulisti
1029 1026 1308 1099 injuriam
1332 1046 1491 1096 ;cum
1503 1028 1933 1086 interodientes

265 1130 486 1190 pacem
504 1116 795 1189 paciﬁcus
814 1114 1127 1184 inveniris;
1147 1123 1204 1173 et
1222 1119 1510 1176 innocens
1530 1134 1565 1174 a
1580 1118 1934 1174 nocentibus

264 1204 633 1278 cruciﬁgeris
668 1221 679 1259 :
716 1204 921 1277 sicque
950 1210 1204 1261 mortem
1222 1208 1465 1263 humani
1487 1207 1720 1277 generis
1743 1213 1931 1263 morte

260 1298 368 1350 tua
398 1293 701 1363 transﬁgis
732 1309 743 1348 :
775 1294 855 1349 da
885 1292 1079 1359 nobis,
1118 1299 1183 1350 ut
1200 1294 1595 1368 multiplicata
1617 1310 1795 1366 super
1818 1310 1931 1350 nos

260 1383 667 1456 superborum
705 1383 880 1455 293
908 1382 1194 1455 iniquitas
1216 1400 1337 1439 non
1366 1384 1725 1457 praevaleat;
1750 1388 1928 1456 atque

257 1472 573 1529 meditatio
596 1472 739 1543 legis
764 1478 877 1527 tuae
904 1472 1099 1527 cordis
1118 1473 1301 1527 nostri
1326 1473 1588 1529 studium
1615 1487 1739 1530 non
1762 1488 1925 1527 rece-

257 1559 364 1617 dat
394 1580 406 1619 :
442 1565 526 1628 ut,
547 1562 689 1632 quia
707 1566 770 1615 tu
791 1560 954 1615 solus
978 1576 1085 1632 pro
1102 1558 1278 1616 nobis
1294 1561 1573 1617 omnibus
1591 1566 1647 1617 et
1672 1564 1925 1617 mortem

255 1666 481 1723 passus
510 1666 573 1705 es
592 1652 647 1705 et
670 1650 1054 1720 sepulchrum
1078 1670 1090 1718 ;
1116 1648 1495 1705 credentibus
1518 1650 1621 1707 tibi
1644 1654 1700 1706 et
1718 1651 1923 1706 lumen

259 1744 500 1795 aeternae
532 1738 669 1794 vitae
700 1738 909 1803 dones,
953 1741 1009 1793 et
1044 1738 1387 1809 praemium.

331 1828 505 1883 Pater
533 1830 754 1882 noster.

337 1916 699 1973 Benedictio.
734 1912 998 1970 Christus
1014 1916 1323 1979 Dominus,
1346 1915 1655 1988 quimorte
1670 1931 1779 1971 sua
1814 1916 1922 1971 hu-

264 2004 570 2059 manitatis
601 2006 824 2059 nostris
854 2008 1109 2058 mortem
1140 2003 1375 2072 devicit,
1410 2003 1653 2059 victores
1674 2020 1782 2059 vos
1800 2004 1923 2059 efﬁ-

260 2091 381 2148 ciat
418 2092 680 2147 criminis
718 2090 923 2147 vestri.
958 2094 1025 2148 R.
1066 2092 1278 2146 Amen.
1314 2092 1502 2163 thui
1530 2092 1681 2147 tradi
1700 2108 1761 2145 se
1793 2108 1922 2164 per-

263 2179 429 2236 misit
457 2178 1225 2252 abimpiis,abaaternorum
1243 2197 1349 2235 vos
1364 2178 1794 2252 suppliciorum
1814 2180 1925 2235 eri-

260 2268 391 2340 piat
423 2269 642 2340 pcenis.
674 2280 744 2333 B2.
778 2269 989 2323 Amen.
1020 2270 1246 2324 Etcum
1278 2284 1348 2323 eo
1376 2269 1500 2324 sine
1538 2269 1656 2324 ﬁne
1685 2268 1921 2337 vivatis,

260 2358 368 2430 qui
392 2358 579 2413 victor
604 2356 795 2412 factus
825 2363 913 2413 est
955 2358 1179 2412 mortis.
1213 2368 1281 2425 Β).
1318 2357 1529 2414 Amen.

334 2444 574 2502 Lauda.
627 2444 789 2500 Multi
846 2452 1270 2517 persequentes
1303 2460 1418 2511 me,
1469 2444 1755 2500 tribulant
1802 2461 1919 2514 me,

256 2534 551 2590 Domine:
584 2548 622 2589 a
658 2532 785 2603 lege
833 2538 1034 2588 autem
1083 2536 1187 2588 tua
1234 2548 1356 2588 non
1397 2531 1717 2598 declinavi,
1768 2535 1921 2589 Deus

256 2638 451 2679 meus.
485 2618 547 2682 ῒ.
588 2620 728 2677 Vide
783 2619 1178 2677 humilitatem
1212 2636 1433 2685 meam,
1482 2626 1538 2677 et
1584 2622 1743 2693 eripe
1774 2637 1870 2677 me
1904 2641 1917 2677 :

255 2711 405 2783 quia
432 2710 629 2780 legem
663 2714 825 2766 tuam
853 2724 975 2765 non
1007 2726 1140 2765 sum
1167 2709 1404 2764 oblitus.

335 2802 558 2857 Oratio.
592 2798 997 2856 Miserationes
1027 2802 1143 2854 tuas
1169 2799 1393 2864 multae,
1420 2799 1690 2867 Domine,
1710 2813 1919 2853 omnes

255 2887 603 2961 iniquitates
660 2890 899 2943 nostras
959 2886 1223 2955 doleant;
1256 2890 1312 2941 et
1354 2886 1433 2942 ad
1483 2886 1919 2958 indulgentiam

256 2982 430 3034 tuam
470 2993 580 3033 nos
608 2976 1030 3032 emundandos
1066 2975 1419 3047 perducant.
1456 2986 1518 3045 Βι.
1552 2980 1764 3030 Amen.

333 3067 549 3122 Lauda
591 3070 643 3119 2.
674 3064 1013 3120 Exclamavi
1052 3064 1114 3119 in
1138 3069 1257 3119 toto
1291 3063 1471 3119 corde
1510 3079 1665 3130 meo,
1700 3064 1916 3119 exaudi

2053 595 2326 655 conante,
2360 592 2717 657 eXsuscitas;
2758 592 3120 662 placidatibi
3162 597 3344 651 nostri
3385 596 3720 654 famulatus.

2048 682 2185 735 vota
2203 679 2511 745 efﬁcias,et
2530 683 2630 735 tuo
2644 680 2769 736 miti
2788 681 3089 753 praesidio,
3109 684 3274 753 quod
3300 684 3719 757 delinquendo’

2048 766 2409 836 sorduimus,
2443 768 2654 824 abluas
2688 785 2700 823 :
2730 773 2788 824 et
2822 769 2954 839 jugi
2990 774 3044 825 te
3087 785 3256 840 prece
3295 786 3599 840 rogamus,
3640 778 3704 831 ut

2040 854 2497 925 justiﬁcationes
2543 860 2659 912 tuae
2726 858 2977 928 gratiam
3026 858 3201 914 nobis
3277 859 3602 931 impertias.
3633 874 3697 932 Ie.

2043 944 2251 999 Amen.

2114 1033 2471 1103 Antiphona.
2511 1033 2703 1091 Gloria
2740 1050 2875 1091 mea
2916 1036 3087 1102 Deus,
3121 1039 3178 1092 et
3218 1036 3490 1094 exaltans
3521 1044 3700 1111 caput

2042 1136 2267 1177 meum.
2301 1122 2571 1179 Psalmus
2599 1138 2682 1178 nt.

2111 1212 2483 1279 Antiphona.
2508 1212 2631 1267 Tibi
2656 1211 2763 1268 soli
2791 1213 3037 1284 peccavi
3068 1212 3347 1269 miserere
3372 1215 3691 1282 mei,Deus~.

2041 1300 2310 1355 Psalmus
2332 1320 2380 1353 1..

2112 1388 2336 1443 Oratio.
2374 1391 2689 1460 Susceptor
2740 1393 2941 1445 noster
2990 1392 3237 1447 Domine
3284 1392 3479 1448 exalta
3510 1397 3694 1465 caput

2038 1481 2311 1531 nostrum
2339 1476 2400 1531 in
2432 1477 2642 1548 gloria,
2666 1481 2722 1532 et
2740 1477 3041 1549 locuplete
3061 1496 3173 1535 nos
3196 1481 3255 1534 in
3284 1481 3691 1538 misericordia

2036 1568 2181 1620 tua:
2228 1563 2366 1620 lava
2412 1565 2625 1620 intima
2655 1566 2853 1620 cordis
2898 1567 3084 1622 nostri
3123 1568 3199 1623 ab
3254 1570 3465 1624 intima
3493 1570 3688 1624 cordis

2034 1652 2247 1707 nostris
2261 1652 2544 1722 injustitia
2560 1669 2572 1717 ;
2590 1654 2926 1724 etapeccati
2939 1654 3387 1724 inquinamentis
3400 1656 3646 1727 puriﬂca
3672 1672 3683 1711 :

2034 1740 2197 1796 mitte
2223 1740 2297 1795 de
2330 1740 2501 1806 coelo,
2535 1745 2593 1795 et
2634 1756 2773 1795 erue
2804 1756 2915 1797 nos
2968 1758 3004 1797 a
3035 1742 3440 1799 conculcantis
3470 1745 3687 1816 obpro-

1948 1836 1995 1901 Β
2034 1827 2165 1883 brio
2190 1845 2202 1883 :
2232 1833 2296 1884 ut
2313 1829 2537 1884 alacres
2557 1828 2627 1883 ad
2640 1828 2755 1884 hoc
2780 1835 2953 1886 tuum
2970 1845 3349 1887 recurremus
3366 1833 3644 1889 altarium
3666 1850 3682 1903 ;

2033 1919 2464 1973 etmatutinum
2499 1917 2856 1973 sacriﬁcium
2880 1919 2984 1974 tibi
3014 1919 3412 1976 oﬂ‘eramusin
3439 1922 3682 1992 templo.

2034 2017 2097 2075 Βι.
2122 2010 2331 2061 Amen.

2050 2120 2059 2141 τ
2103 2094 2472 2162 Antiphona.
2514 2094 2771 2150 Psallam
2814 2094 3047 2150 nomini
3099 2098 3219 2157 tuo,
3268 2093 3586 2148 Altissime.
3622 2097 3685 2148 In

2031 2182 2434 2237 convertendo
2463 2182 2771 2237 inimicum
2798 2197 3002 2239 meum
3024 2186 3351 2237 retrorsum
3379 2198 3392 2235 :
3427 2182 3688 2238 inﬁrma-

2030 2270 2255 2325 buntur
2290 2274 2345 2325 et
2373 2272 2601 2343 perient
2648 2289 2684 2326 a
2715 2271 2867 2325 facie
2908 2275 3028 2325 tua.
3060 2270 3129 2329 ἲν.
3170 2270 3463 2335 Quoniam
3502 2270 3689 2326 fecisti

2026 2358 2322 2429 judicium
2362 2374 2563 2414 meum
2593 2364 2647 2413 et
2679 2374 2929 2413 causam
2961 2374 3159 2413 meam
3195 2376 3209 2410 :
3260 2358 3467 2412 sedisti
3509 2372 3689 2430 super

2032 2447 2316 2503 thronum
2345 2447 2447 2519 qui
2466 2447 2703 2517 judicas
2722 2448 3089 2518 mquitaiem.

2105 2537 2333 2592 Oratio.
2362 2536 2584 2592 Psallat
2614 2550 2851 2607 semper
2882 2535 3143 2591 Ecclesia
3174 2540 3279 2589 tua
3303 2533 3531 2589 nomini
3561 2539 3683 2601 tuo,

2030 2624 2325 2680 Altissime
2354 2626 2542 2693 Deus;
2576 2625 2681 2696 qui
2713 2635 2817 2694 per
2840 2624 3142 2695 passionis
3175 2628 3290 2678 tua)
3313 2624 3687 2695 triumphum

2029 2712 2372 2769 convertisti
2427 2712 2738 2767 inimicum
2787 2711 3005 2767 animae
3045 2715 3265 2766 nostrae
3310 2716 3683 2766 retrorsum:

2028 2815 2377 2873 quaesumus
2406 2800 2678 2871 proinde,
2701 2804 2767 2855 ut
2787 2799 2995 2854 eodem
3024 2812 3163 2853 cum
3189 2798 3313 2852 suis
3336 2799 3687 2855 satellitibus

2028 2888 2343 2944 inﬁrmatis
2368 2894 2425 2944 et
2452 2888 2715 2960 perditis,
2759 2887 2989 2942 affatim
3019 2891 3123 2942 tua
3150 2902 3259 2942 nos
3283 2902 3523 2957 semper
3552 2902 3689 2957 pro-

2028 2980 2186 3046 tegat
2224 2976 2423 3047 passio
2453 2975 2743 3046 gloriosa.
2786 2985 2850 3045 ἢ.
2877 2979 3089 3029 Amen.

2098 3065 2446 3133 Antiphona
2476 3068 2529 3118 2.
2556 3067 2894 3119 Peccatores
2924 3062 3300 3118 tetenderunt
3330 3076 3560 3128 arcum,
3582 3076 3687 3133 pa-

255 3170 378 3217 me,
415 3155 685 3209 Domine.
706 3152 766 3214 tr.
802 3152 1067 3209 Clamavi
1095 3152 1170 3208 ad
1193 3157 1268 3217 te,
1301 3152 1533 3208 salvum
1554 3168 1650 3208 me
1679 3152 1773 3208 fac
1809 3172 1820 3211 :
1854 3156 1917 3208 ut
1946 3194 1988 3251 α
2025 3161 2307 3210 raverunt
2327 3155 2576 3223 sagittas
2600 3152 2661 3207 in
2682 3154 2983 3224 pharetra,
3006 3156 3068 3206 ut
3088 3152 3367 3222 sagittent
3387 3149 3449 3205 in
3466 3150 3685 3206 obscu-

259 3242 603 3300 custodiam
633 3243 975 3298 testimonia
1006 3245 1126 3298 tua.

335 3333 567 3389 Oratio.
605 3332 1019 3387 Exclamamus
1040 3331 1119 3387 ad
1140 3335 1213 3395 te,
1232 3331 1501 3398 Domine,
1525 3334 1587 3386 ut
1606 3347 1719 3387 nos
1739 3347 1916 3387 exau-

257 3422 411 3490 dias,
445 3425 502 3478 et
536 3422 739 3478 oculos
778 3421 966 3477 humo
997 3422 1247 3477 acclives
1286 3421 1363 3476 ad
1396 3425 1449 3476 te
1475 3421 1753 3477 admittas
1789 3440 1802 3474 :
1831 3424 1911 3486 ut,

256 3517 365 3569 tua
378 3527 489 3568 nos
507 3509 863 3567 inlustrante
880 3510 1458 3582 serenitate,semper
1475 3520 1831 3566 maneamus
1853 3511 1913 3565 in

254 3600 503 3656 lumine.
540 3610 607 3669 Βι.
636 3605 844 3655 Amen.

329 3688 543 3744 Lauda
574 3692 625 3743 3.
662 3686 804 3742 Vide
842 3684 1239 3741 humilitatem
1270 3702 1490 3750 meam,
1518 3690 1575 3742 et
1603 3686 1765 3758 eripe
1795 3702 1910 3754 me,

255 3776 550 3833 Domine:
582 3774 725 3847 quia
748 3771 1123 3841 legemtuam
1154 3787 1276 3827 non
1300 3790 1434 3828 sum
1455 3770 1694 3830 oblitus.
1728 3775 1789 3834 γ.
1822 3777 1916 3831 Ju-

255 3864 399 3920 dica
424 3876 671 3917 causam
702 3876 926 3925 meam,
976 3865 1034 3915 et
1063 3862 1287 3915 redime
1332 3876 1429 3915 me
1476 3878 1489 3916 :
1521 3867 1758 3933 propter
1799 3864 1916 3918 elo-

255 3951 475 4022 quium
505 3951 673 4003 tuum
705 3948 942 4003 viviﬁca
970 3964 1090 4003 me.

335 4037 559 4092 Oratio.
603 4035 748 4091 Vide
779 4034 1179 4091 humilitatem
1211 4038 1502 4096 nostram,
1544 4038 1830 4107 Domine;
1860 4042 1917 4094 et

253 4125 420 4198 eripe
451 4139 563 4181 nos
592 4141 603 4179 :
636 4129 688 4181 te
719 4124 880 4180 enim
906 4123 1279 4195 respiciente,
1304 4124 1411 4179 etsi
1428 4125 1755 4195 dejicimur,
1781 4127 1918 4182 sub-

250 4216 571 4279 levamur;
606 4227 728 4284 quo
760 4214 1146 4275 sustentante,
1179 4226 1254 4266 ne
1293 4227 1668 4276 corruamus,
1701 4214 1916 4285 excipi-

253 4318 419 4359 mur.
453 4310 516 4373 Bg.
541 4301 753 4356 Amen.

328 4390 547 4447 Preces.
590 4388 842 4445 Domine
867 4382 1518 4445 misericordiarum.P.
1554 4388 1913 4448 Obliviscere

250 4480 505 4553 peccata
541 4482 766 4534 nostra.
806 4475 866 4537 ἢν.
898 4477 1009 4542 Qui
1036 4491 1354 4547 resurgens
1396 4492 1433 4534 a
1461 4479 1710 4534 mortuis
1741 4482 1913 4535 sedes

253 4568 336 4626 ad
382 4567 691 4623 dexteram
749 4566 847 4621 Dei
900 4565 1105 4632 Patris,
1147 4565 1210 4620 P.
1260 4566 1640 4621 Obliviscere.
1698 4567 1759 4627 tr.
1802 4570 1911 4633 Qui

253 4654 553 4729 promittis
575 4654 751 4725 justis
780 4653 1071 4725 praemia;
1095 4657 1149 4710 et
1178 4653 1400 4727 iniquis
1420 4654 1667 4710 minaris
1689 4656 1913 4727 suppli-

256 4746 368 4802 cia.
400 4746 457 4800 P.
493 4742 868 4800 Obliviscere.
896 4742 957 4803 ἵ.
992 4742 1102 4807 Qui
1124 4748 1471 4814 peccantem
1487 4759 1605 4799 non
1636 4745 1910 4814 judicas;

258 4833 362 4890 Sed
377 4833 447 4889 ad
464 4832 858 4904 pcenitentiam
876 4846 1207 4901 procovans
1224 4836 1513 4903 expectas,
1538 4834 1914 4889 P.0blivisce-

254 4912 338 4979 re.
391 4921 461 4982 Y.
516 4922 626 4986 Qui
650 4920 843 4989 justos
882 4933 1067 4974 vocas
1113 4920 1189 4974 ad
1236 4919 1654 4987 tolerantiam;
1695 4926 1751 4977 et
1781 4926 1915 4993 post

255 5010 644 5069 tentationem
667 5020 961 5080 provocas
991 5008 1071 5063 ad
1095 5022 1405 5077 coronam,
1438 5012 1494 5065 P.
1532 5010 1907 5067 Obliviscere.

330 5101 552 5157 Oratio.
585 5096 811 5153 Exaudi
849 5096 1210 5152 orationem.
1241 5099 1354 5166 fol.
1390 5100 1516 5154 138.

829 5186 927 5240 Ad
956 5186 1337 5242 Matutinum.

329 5280 607 5349 Hymnus.
642 5275 876 5329 Eterne
902 5287 1103 5329 rerum
1140 5274 1700 5347 Conditor.Require
1718 5276 1829 5345 fol.
1855 5280 1909 5345 3,

331 5367 558 5422 Oratio.
596 5363 772 5427 Deus,
814 5376 996 5433 quem
1020 5362 1197 5416 totius
1237 5362 1515 5432 opiﬁcem
1554 5366 1751 5435 operis
1783 5364 1909 5419 lau-

254 5454 463 5513 dando
494 5451 871 5509 concelebrat
904 5449 1147 5505 condita
1187 5451 1542 5519 magnitudo
1577 5466 1589 5507 :
1620 5453 1910 5523 cujusque

254 5542 584 5619 potentiam
598 5540 979 5612 intelligibilis
1000 5542 1271 5594 creatura
1288 5540 1526 5597 miratur
1548 5557 1558 5595 :
1577 5542 1679 5598 tibi
1698 5541 1910 5612 suppli-

257 5648 357 5692 ces
387 5634 685 5691 honorem
707 5627 1052 5697 deferimus,
1077 5632 1134 5684 et
1144 5628 1342 5684 cordis
1362 5628 1608 5687 vocibus
1625 5640 1913 5702 provoca-

2027 3258 2094 3298 ro
2126 3248 2320 3298 rectos
2351 3242 2550 3297 corde.
2583 3242 2770 3307 Quem
2804 3244 2865 3295 tu
2895 3240 3209 3311 perfecisti,
3240 3239 3353 3310 ipsi
3383 3238 3683 3293 destruxe-

2024 3335 2162 3387 runt
2188 3348 2201 3387 :
2227 3332 2462 3402 justum
2485 3334 2685 3386 autem
2704 3330 2847 3401 quid
2866 3328 3000 3384 fecit
3024 3327 3051 3381 ?
3072 3327 3436 3389 inDominus
3456 3327 3517 3382 in
3537 3332 3683 3383 tem-

2025 3420 2124 3492 plo
2159 3424 2367 3477 sancto
2400 3435 2531 3488 suo,
2571 3419 2854 3475 Dominus
2886 3416 2949 3471 in
2975 3417 3125 3471 coelo
3150 3416 3323 3471 sedes
3352 3416 3502 3485 ejus.

2098 3509 2322 3566 Oratio.
2353 3507 2653 3563 Adversus
2682 3511 2759 3570 te,
2792 3506 3017 3561 Christe
3043 3505 3311 3568 Domine,
3338 3507 3681 3574 peccatores

2023 3597 2411 3667 malignitatis
2455 3594 2891 3668 praetendentes
2936 3608 3166 3657 arcum,
3200 3591 3531 3648 dolositatis
3559 3606 3683 3647 suae

2023 3686 2414 3742 nihilominus
2442 3684 2669 3753 sagittis
2694 3682 2964 3738 transﬁxi
2987 3686 3127 3737 sunt
3151 3699 3165 3734 :
3187 3680 3337 3745 Quia
3354 3680 3531 3751 igitur
3552 3685 3605 3734 te
3620 3680 3684 3734 in

2025 3776 2283 3833 obscuro
2313 3774 2595 3845 nequitiae
2622 3772 2681 3826 in
2708 3771 2923 3841 jaculis
2950 3770 3171 3841 linguas
3203 3784 3346 3835 sure,
3384 3772 3448 3823 ut
3480 3769 3683 3825 conati

2025 3862 2535 3931 sunt,transligere
2554 3859 2731 3931 294
2744 3859 3101 3931 nequierunt
3124 3874 3136 3923 ;
3156 3873 3287 3924 nos,
3308 3870 3680 3928 quaesumus,

2025 3951 2103 4007 ab
2129 3966 2338 4007 eorum
2366 3948 2645 4004 dentibus
2665 3953 2785 4002 tua;
2808 3945 3108 4018 passionis
3128 3945 3461 4001 munimine
3486 3950 3680 4001 extra-

2023 4038 2242 4093 hamur
2268 4056 2280 4094 :
2304 4040 2370 4091 ut
2385 4041 2650 4107 te,quem
2662 4040 2890 4088 rectum
2910 4033 3089 4089 corde
3108 4032 3404 4102 persecuti
3420 4039 3555 4087 sunt
3573 4034 3681 4088 im-

2023 4125 2144 4197 pie,
2169 4126 2426 4181 sentiant
2460 4126 2732 4177 nostrum
2755 4120 2818 4175 in
2839 4120 3124 4175 omnibus
3160 4123 3583 4190 protectorem.
3613 4131 3676 4190 te.

2024 4217 2442 4368 Αἲῗιῖέρὴοηα
2466 4302 2517 4352 3.
2550 4294 2861 4367 Disperdat
2886 4293 3176 4350 Dominus
3197 4294 3480 4351 universa
3515 4292 3681 4350 labia

2020 4391 2248 4461 iniqua,
2268 4393 2326 4444 et
2343 4386 2611 4456 linguam
2625 4382 3100 4457 magniloquam.
3120 4384 3230 4449 Qui
3245 4383 3451 4438 dicunt
3466 4400 3480 4437 :
3498 4383 3681 4440 Labia

2020 4482 2225 4534 nostra
2242 4476 2560 4533 nobiscum
2584 4473 2885 4545 sunt,quis
2901 4477 3106 4529 noster
3118 4477 3205 4529 est
3227 4473 3383 4527 Deus
3404 4472 3431 4527 ?
3447 4472 3680 4528 Ponam

2021 4567 2082 4622 in
2113 4563 2357 4622 salutari
2387 4577 2559 4619 meo:
2586 4562 2841 4617 ﬁdenter
2889 4576 3069 4631 agam
3096 4562 3155 4617 in
3208 4576 3301 4616 eo.
3330 4559 3391 4621 Y.
3436 4560 3679 4617 Salvum

2022 4654 2223 4712 mefac
2256 4650 2820 4723 Domine,quoniam
2834 4649 3312 4705 defecitsanctus
3342 4666 3356 4701 :
3382 4647 3679 4719 quoniam

2021 4744 2332 4800 diminutas
2365 4746 2504 4797 sunt
2533 4741 2807 4796 veritates
2830 4755 2866 4795 a
2902 4739 3042 4794 ﬁliis
3069 4738 3411 4794 hominum.

2094 4834 2325 4888 Oratio.
2350 4828 2635 4902 Disperde
2648 4827 2897 4883 Domine
2914 4826 3197 4882 universa
3219 4825 3383 4882 labia
3397 4824 3611 4881 dolosa
3620 4828 3678 4882 et

2018 4921 2289 4991 linguam
2314 4917 2802 4989 magniloquam;
2830 4920 2893 4970 ut
2916 4914 3023 4986 qui
3045 4914 3107 4969 in
3129 4913 3390 4970 salutare
3416 4918 3585 4969 tuum
3610 4912 3677 4967 ﬁ-

2020 5010 2228 5066 denter
2247 5022 2422 5077 agere
2444 5005 2677 5073 nolunt,
2705 5003 3003 5059 labiorum
3026 5018 3271 5059 suorum
3293 5001 3519 5058 malitia
3538 5016 3678 5059 con-

2019 5094 2350 5154 fundantur
2378 5112 2391 5149 :
2417 5095 2621 5165 sicque
2650 5092 2761 5147 illis
2807 5092 2868 5148 in
2898 5091 3123 5147 Christo
3164 5091 3422 5147 Domino
3467 5093 3676 5147 nostro

2019 5184 2246 5242 vocatis
2275 5199 2382 5255 per
2412 5181 2846 5254 paenitentiam,
2873 5195 3117 5251 unaque
3174 5179 3492 5236 nobiscum
3538 5177 3675 5233 ﬁdei

2016 5274 2227 5344 lingua
2255 5272 2479 5328 effectis
2505 5287 2518 5335 ;
2544 5276 2609 5326 ut
2626 5270 2790 5325 labia
2826 5267 3041 5324 dolosa
3066 5272 3391 5339 utcumque
3430 5283 3468 5323 a
3495 5264 3672 5322 nobis

2020 5376 2454 5435 usquequaque
2474 5361 2834 5431 dispereant.
2869 5369 2930 5427 Br.
2972 5363 3182 5413 Amen.

2092 5463 2153 5521 av.
2187 5452 2299 5507 Viri
2332 5450 2521 5522 iniqui
2546 5449 2824 5504 dixerunt
2856 5465 2869 5499 :
2905 5447 3329 5518 Opprimamus
3358 5443 3551 5498 virum
3571 5441 3671 5509 ju-

2021 5547 2178 5595 stum
2191 5540 2271 5610 inj
2282 5544 2492 5605 uste,et
2504 5536 2905 5609 deglutiamus
2921 5551 3061 5591 eum
3090 5538 3381 5605 tanquam
3400 5528 3671 5585 infernus

2020 5628 2225 5685 vivum
2257 5643 2271 5683 :
2305 5626 2650 5684 auferamus
2665 5623 3025 5681 memoriam
3050 5621 3206 5677 illius
3227 5620 3300 5676 de
3314 5622 3502 5677 terra;
3530 5614 3590 5668 P.
3604 5613 3673 5669 Et
