4192 6424
504 335 615 393 603
1779 326 2232 387 BREVIARIUM
2272 329 2647 392 GOTHICUM
3816 320 3929 378 504

506 458 585 517 de
616 453 822 529 spoliis
851 452 981 527 ejus
1014 454 1238 512 sortem
1276 452 1584 513 mittamus
1623 453 1778 511 inter
1815 468 1928 510 nos
1972 473 1986 509 :
2032 450 2148 525 ipsi
2174 452 2225 510 A
2260 454 2403 513 tiam
2422 457 2485 514 in
2504 455 2692 515 oculis
2711 455 2826 514 tuis
2845 471 2858 511 :
2878 453 2940 511 in
2955 453 3050 511 die
3067 449 3231 509 enim
3249 450 3416 508 bona
3438 447 3730 506 venimus
3761 445 3845 503 ad
3871 449 3933 503 te

507 547 710 606 autem
744 542 1061 602 homicidae
1085 544 1631 602 thesaurizaverunt
1655 543 1767 599 sibi
1796 542 1977 599 mala.
2005 541 2150 597 Insi-
2258 542 2984 619 quodcumqueinvenerit
3004 556 3222 598 manus
3238 544 3364 607 tua,
3387 537 3466 595 da
3484 536 3678 593 servis
3700 534 3843 601 tuis,
3874 539 3933 591 et

505 635 756 708 pientes,
778 634 836 688 et
857 631 1111 704 maligni
1130 631 1384 689 oderunt
1411 632 1786 705 sapientiam,
1815 634 1871 687 et
1898 630 1982 687 rei
2011 629 2151 685 facti
2257 630 2380 688 ﬁlio
2409 637 2510 690 tuo
2542 633 2751 690 David.
2770 633 3036 703 Cumque
3072 630 3374 685 venissent
3398 625 3568 700 pueri
3598 623 3815 694 David,
3844 623 3935 681 lo-

511 720 737 779 suntin
761 719 1317 791 cogitationibusJi’.
1342 720 1621 778 Dixerunt
1655 736 1666 776 :
1700 719 1919 785 Venite,
1945 733 2154 791 percu-
2260 723 2376 777 cuti
2409 726 2547 778 sunt
2573 722 2651 778 ad
2680 720 2869 777 Nabal
2896 718 3104 775 omnia
3141 715 3323 773 verba
3367 715 3495 771 haec
3544 729 3620 769 ex
3675 713 3931 769 nomine

511 809 733 867 tiamus
747 806 1722 879 eumlingua,etnonattendamus
1745 807 1824 863 ad
1839 807 2150 863 universos
2260 809 2445 865 David
2477 826 2488 865 :
2518 814 2573 865 et
2635 809 2939 865 siluerunt.
3007 805 3395 878 Respondens
3467 807 3676 859 autem
3730 800 3932 857 Nabal

514 913 820 955 sermones
856 897 1006 968 ejus.
1040 898 1110 957 P.
1148 898 1310 953 Etde
1340 897 1563 969 spoliis.
2262 899 2461 969 pueris
2509 898 2717 963 David,
2770 902 2825 952 et
2872 896 2994 953 ait:
3030 893 3172 960 Quis
3225 898 3313 948 est
3366 891 3600 947 David?
3632 896 3739 946 aut
3787 889 3928 961 quis

587 986 811 1045 Oratio.
842 984 1063 1040 Christe
1084 985 1183 1041 Dei
1213 984 1409 1054 Filius,
1440 985 1612 1055 cujus
1637 985 1827 1041 vitam
1858 984 1966 1040 viri
1988 983 2156 1055 impii
2264 992 2350 1044 est
2404 987 2559 1043 ﬁlius
2602 988 2761 1045 lsai?
2792 985 2972 1040 Hodie
3020 985 3398 1039 increverunt
3446 980 3602 1036 servi
3665 978 3775 1051 qui
3839 978 3933 1035 fu-

517 1078 577 1131 et
612 1072 1062 1147 opprimendam
1089 1072 1409 1140 difﬁniunt,
1429 1078 1485 1129 et
1507 1072 2044 1143 deglutiendam,ut
2071 1072 2159 1126 in-
2266 1076 2429 1145 giunt
2484 1075 2765 1131 Dominos
2817 1089 2980 1127 suos.
3026 1070 3249 1127 Tollam
3298 1086 3438 1141 ergo
3492 1084 3688 1141 panes
3732 1083 3929 1131 meos,

517 1163 623 1220 feri
652 1164 995 1225 statuerunt,
1013 1160 1633 1218 nitentesmemoriam
1657 1159 2067 1217 tuamauferre
2084 1159 2158 1215 de
2266 1169 2323 1219 et
2350 1180 2540 1236 aquas
2582 1180 2767 1231 meas,
2816 1166 2873 1217 et
2926 1176 3135 1217 carnes
3188 1174 3501 1231 pecorum,
3543 1173 3685 1230 quas
3735 1155 3933 1213 occidi

518 1254 694 1316 terra,
734 1250 833 1321 qui
861 1264 1173 1305 creaveras
1199 1249 1383 1307 caelos
1411 1252 1467 1306 et
1498 1254 1749 1315 terram;
1800 1254 1853 1305 te
1884 1249 2155 1320 petimus,
2266 1252 2609 1310 tonsoribus
2636 1250 2808 1317 meis,
2864 1256 2920 1305 et
2972 1248 3132 1305 dabo
3187 1247 3326 1303 viris
3369 1262 3526 1319 quos
3573 1246 3782 1301 nescio
3823 1258 3935 1300 un-

520 1343 578 1397 et
598 1354 910 1410 rogamus,
939 1342 1021 1405 ut,
1055 1338 1159 1412 qui
1189 1339 1249 1394 in
1298 1339 1503 1411 spoliis
1529 1339 1715 1395 vestis
1762 1343 1879 1395 tum
1910 1340 2160 1394 missam
2270 1339 2343 1395 de
2373 1341 2486 1396 sint
2511 1341 2539 1396 ?
2568 1338 2842 1410 Regressi
2872 1341 3010 1393 sunt
3037 1336 3241 1408 itaque
3270 1334 3439 1407 pueri
3473 1334 3556 1392 ad
3584 1333 3781 1389 David
3824 1347 3934 1405 per

522 1432 742 1487 sortem
770 1427 1051 1499 patienter
1070 1426 1329 1499 perferre
1354 1427 1636 1499 dignatus
1653 1442 1738 1497 es,
1766 1427 1969 1500 lapsus
1992 1426 2165 1497 fragi-
2274 1430 2449 1501 295
2468 1428 2625 1484 viam
2653 1444 2849 1496 suam,
2874 1430 2931 1483 et
2954 1425 3171 1482 reversi
3190 1427 3509 1488 venerunt,
3533 1427 3593 1479 et
3618 1422 3933 1478 nuntiave-

520 1517 701 1574 litatis
726 1520 941 1571 nostrae
965 1515 1393 1586 benignissime
1414 1516 1644 1583 toleres,
1664 1532 1734 1572 ac
1760 1520 2163 1572 acunctorum
2272 1517 2689 1573 runteiomnia
2706 1514 2890 1571 verba
2902 1530 3029 1586 quae
3052 1511 3505 1569 dixeratNabal.
3532 1514 3700 1567 Tunc
3722 1509 3803 1566 ait
3826 1513 3933 1565 Da-

520 1622 632 1667 nos
651 1604 845 1675 elogio
858 1605 1172 1661 criminum
1184 1606 1454 1677 expiatos
1473 1620 1785 1662 conserves
1812 1623 1825 1657 :
1844 1610 2162 1676 quatenus,
2272 1606 2373 1661 vid
2393 1605 2532 1661 viris
2558 1605 2681 1659 suis
2707 1624 2719 1663 :
2750 1604 3103 1672 Accingatur
3126 1600 3549 1673 unusquisque
3576 1597 3779 1670 gladio
3799 1614 3925 1655 suo.

521 1694 670 1751 dum
707 1708 821 1749 nos
868 1692 1041 1749 malea
1066 1693 1511 1749 consuetudinis
1539 1693 1821 1764 ligamine
1850 1692 2166 1748 reddideris
2276 1696 2337 1748 Et
2357 1692 2602 1749 accincti
2615 1691 2978 1761 suntsinguli
2995 1689 3208 1760 gladiis
3230 1688 3374 1759 suis,
3391 1688 3825 1759 accinctusque
3845 1691 3931 1742 est

522 1780 852 1849 absolutos,
881 1782 1232 1838 Sanctorum
1261 1782 1510 1838 catervis
1541 1783 1602 1839 in
1631 1781 1831 1839 futuro
1860 1781 2165 1838 consocies
2194 1794 2239 1849 Β
2278 1782 2462 1837 David
2484 1796 2625 1836 ense
2646 1795 2755 1835 suo
2784 1795 2796 1834 :
2829 1784 2884 1834 et
2902 1778 3083 1834 secuti
3102 1775 3930 1849 suntDavidquasiquadrin-

524 1868 903 1927 laureandos.
935 1879 1000 1939 nr.
1037 1873 1246 1927 Amen.
2277 1869 2436 1941 genti
2460 1868 2604 1923 viri:
2636 1865 3073 1939 porro-ducenti
3098 1869 3521 1920 remanserunt
3542 1865 3622 1920 ad
3642 1864 3926 1921 sarcinas.

1134 1958 1207 2013 In
1242 1958 1561 2015 Laudibus.
2273 1956 2508 2026 Abigail
2521 1960 2719 2011 autem
2732 1955 2899 2011 uxori
2919 1952 3101 2009 Nabal
3118 1952 3415 2009 nuntiavit
3429 1968 3592 2007 unus
3611 1952 3687 2008 de
3703 1952 3923 2024 pueris,

596 2046 685 2103 Ad
714 2045 1044 2102 Canticum.
1072 2045 1438 2116 Antiphona.
1465 2049 1640 2103 Facta
1657 2048 1744 2101 est
1758 2060 1900 2118 pars
1922 2045 2165 2114 Domini,
2276 2046 2478 2100 dicens
2507 2060 2519 2097 :
2552 2047 2695 2099 Ecce
2710 2043 2870 2099 misit
2890 2042 3076 2097 David
3094 2042 3334 2097 nuntios
3357 2041 3435 2097 de
3457 2040 3709 2106 deserto,
3743 2044 3808 2095 ut
3824 2039 3922 2094 be-

524 2133 697 2207 plebs
711 2131 921 2191 Jacob:
941 2132 1272 2190 funiculum
1290 2134 1634 2191 hereditatis
1648 2135 1775 2205 ejus
1788 2132 2170 2190 Israel.Sufﬁ-
2275 2133 2613 2190 nedicerent
2640 2132 2890 2187 Domino
2918 2134 3122 2186 nostro
3156 2146 3170 2185 :
3196 2133 3253 2185 et
3285 2130 3635 2186 adversatus
3664 2132 3752 2184 est
3773 2143 3873 2183 eos
3902 2146 3914 2185 :

529 2220 807 2279 cientiam
847 2220 930 2276 eis
972 2219 1032 2276 in
1080 2226 1234 2279 terra
1271 2221 1524 2292 deserta,
1575 2222 1638 2278 in
1676 2220 1770 2277 siti
1802 2221 2034 2288 caloris,
2065 2220 2170 2276 ubi
2276 2220 2552 2277 homines
2580 2219 2697 2284 isti,
2730 2218 2871 2274 satis
2896 2218 3039 2273 boni
3068 2216 3306 2273 fuerunt
3335 2216 3540 2284 nobis,
3572 2221 3775 2273 etnon
3801 2230 3927 2270 mo-

524 2323 647 2366 non
673 2307 780 2363 erit
807 2322 986 2381 aqua.
2274 2307 2403 2365 lesti
2428 2324 2439 2363 :
2457 2323 2565 2363 nec
2582 2306 2907 2380 quicquam
2922 2304 3248 2376 aliquando
3261 2305 3439 2377 periit
3455 2304 3626 2362 omni
3642 2310 3927 2376 tempore,

599 2396 937 2453 Canticum.
967 2396 1216 2454 Attende
1254 2397 1493 2454 caelum.
1539 2397 1652 2468 fol.
1685 2400 1741 2453 4.
2276 2412 2397 2468 quo
2419 2413 2627 2451 sumus
2652 2394 3135 2452 conversaticum
3152 2393 3307 2449 eisin
3327 2394 3601 2450 deserto:
3629 2408 3739 2466 pro
3759 2407 3931 2448 muro

598 2484 822 2542 Oratio.
848 2485 959 2540 Fac
987 2499 1117 2551 nos,
1143 2485 1392 2542 Domine
1409 2486 1563 2541 Deus
1593 2489 1810 2550 noster,
1832 2485 2169 2558 portionem
2276 2489 2443 2541 erant
2463 2484 2638 2540 nobis
2657 2489 2779 2539 tam
2808 2484 2866 2538 in
2894 2487 3066 2538 nocte
3081 2497 3265 2554 quam
3286 2482 3349 2537 in
3370 2482 3490 2548 die,
3514 2481 3801 2538 omnibus
3821 2481 3936 2535 die-

526 2588 654 2631 esse
682 2571 945 2629 funiculo
968 2572 1306 2631 hereditatis
1336 2578 1449 2630 tum
1482 2591 1496 2627 :
1533 2577 1599 2630 ut
1629 2573 1980 2631 sufﬁcientia
2013 2574 2167 2643 ignis
2275 2573 2390 2628 bus
2420 2572 2640 2645 quibus
2664 2572 2942 2644 pavimus
2964 2570 3130 2643 apud
3150 2585 3252 2626 eos
3269 2586 3501 2643 greges.
3524 2569 3934 2637 Quamobrem

526 2659 738 2719 caloris
758 2659 841 2715 tui
872 2659 933 2715 in
962 2663 1118 2717 terra
1149 2660 1363 2718 sitienti
1393 2660 1661 2735 corporis
1688 2663 1787 2730 tui,
1812 2666 1939 2725 ate,
1970 2662 2074 2734 qui
2103 2678 2167 2718 es
2276 2661 2612 2725 considera,
2636 2664 2693 2718 et
2710 2660 2901 2731 cogita
2925 2662 3071 2735 quid
3088 2659 3268 2717 facias
3287 2661 3612 2733 :quoniam
3635 2659 3936 2732 completa

527 2762 685 2821 spes,
736 2750 794 2804 et
854 2748 1090 2805 satietas
1160 2753 1384 2816 nostra,
1453 2749 1616 2807 reﬁci
1684 2765 2043 2808 mereamur.
2100 2760 2164 2820 BI.
2278 2756 2365 2806 est
2392 2749 2623 2806 malitia
2643 2750 2961 2807 adversum
2987 2750 3802 2815 virumtuum,etadversum
3828 2748 3934 2804 do-

526 2841 736 2894 Amen.
2277 2854 2445 2893 mum
2459 2842 2644 2905 tuam,
2660 2838 2857 2910 etipse
2882 2838 3137 2895 estﬁlius
3157 2843 3297 2895 tuus
3319 2836 3525 2903 Belial,
3555 2838 3639 2893 ita
3669 2842 3737 2893 ut
3757 2852 3937 2893 nemo

594 2923 693 2980 Ad
723 2924 1099 2982 Benedictus.
1123 2925 1486 2995 Antiphona.
1517 2925 1725 2983 Emitte
1743 2925 1940 2983 lucem
1978 2929 2165 2991 tuam,
2276 2926 2464 2998 possit
2492 2924 2546 2981 ei
2566 2926 3085 2998 loqui.Festinavit
3106 2926 3287 2997 igitur
3304 2924 3561 2996 Abigail,
3593 2928 3651 2981 et
3674 2924 3810 2981 tulit
3833 2925 3938 2980 du-

525 3010 773 3069 Domine
807 3012 986 3085 :quia
1015 3016 1079 3069 tu
1132 3028 1196 3069 es
1221 3014 1375 3070 Deus
1404 3030 1595 3077 meus,
1616 3018 1674 3070 et
1701 3012 1983 3070 fortitudo
2012 3028 2168 3068 mea.
2279 3019 2481 3070 centes
2503 3030 2711 3086 panes,
2733 3018 2790 3070 et
2815 3014 2969 3071 duos
2990 3020 3150 3071 utres
3179 3013 3323 3082 vini,
3351 3019 3409 3071 et
3428 3014 3703 3087 quinque
3725 3014 3939 3069 arietes

523 3099 586 3161 ἵ.
611 3101 773 3195 Deus
804 3100 959 3156 Deus
984 3116 1174 3195 meus,
1199 3101 1279 3159 ad
1303 3105 1360 3158 te
1388 3103 1464 3158 de
1493 3102 1625 3158 luce
1649 3101 1853 3171 vigilo.
1994 3187 2012 3195 Δ
2051 3187 2063 3195 _
2202 3138 2242 3195 Ο
2279 3108 2496 3168 coctos,
2512 3102 2840 3174 etquinque
2861 3108 2993 3159 sata
3011 3103 3287 3175 polentae,
3307 3106 3621 3158 etcentum
3643 3102 3940 3171 ligaturas

598 3187 931 3245 Canticum.
963 3188 1313 3246 Benedictus
1346 3204 1412 3245 es
1443 3189 1710 3245 Domine.
1745 3189 1953 3256 Quare
1973 3187 2081 3257 fol.
2116 3192 2167 3243 6.
2210 3187 2242 3195 ⁷
2279 3206 2411 3245 uva;
2424 3193 2711 3261 passae,et
2732 3189 3020 3246 ducentas
3033 3189 3638 3254 massascaricarum,
3658 3190 3942 3262 etposuit

538 3316 551 3322 -
594 3276 826 3333 Lauda.
856 3276 1116 3334 Laudate
1145 3275 1459 3332 Dominum
1488 3276 1564 3331 de
1592 3279 1748 3332 terra
1775 3292 1789 3331 :
1822 3278 2060 3331 montes
2116 3279 2173 3331 et
2279 3293 2457 3350 super
2477 3277 2681 3332 asinos
2706 3296 2727 3334 :
2752 3276 3017 3350 dixitque
3040 3278 3243 3351 pueris
3264 3278 3388 3333 suis
3413 3294 3425 3333 :
3453 3277 3781 3334 Praecedite
3804 3294 3936 3334 me:

523 3379 730 3422 omnes
755 3362 932 3420 colles
963 3364 1149 3433 :ligna
1175 3362 1776 3429 fructifera,etomnes
1798 3362 1959 3419 cedri
1993 3380 2004 3419 :
2029 3363 2173 3435 quia
2278 3370 2334 3422 et
2359 3380 2513 3431 ecce,
2533 3379 2645 3434 ego
2659 3370 3040 3436 posttergum
3059 3382 3279 3439 sequar
3293 3382 3395 3423 vos
3414 3383 3428 3422 :
3450 3367 3577 3422 viro
3595 3371 3807 3423 autem
3830 3382 3940 3422 suo

521 3452 846 3511 exaltatum
875 3457 964 3508 est
1007 3466 1243 3508 nomem
1273 3451 1403 3520 ejus
1434 3449 1638 3507 solius.
1677 3450 1743 3505 P.
1800 3453 1867 3507 Et
1899 3451 2171 3508 exultavit
2278 3453 2465 3509 Nabal
2488 3468 2609 3508 non
2632 3452 2934 3511 indicavit.
2954 3454 3103 3511 Cum
3119 3470 3261 3526 ergo
3283 3454 3653 3511 ascendisset
3667 3456 3937 3522 asinum,

522 3556 711 3599 cornu
738 3539 946 3612 populi
966 3538 1078 3594 sui.
1118 3537 1181 3597 ἡ.
1205 3540 1359 3594 Laus
1390 3537 1518 3608 ejus
1546 3537 1609 3593 in
1636 3538 1918 3595 omnibus
1953 3540 2171 3596 sanctis
2277 3539 2809 3595 etdescenderetad
2831 3540 3096 3597 radicem
3118 3541 3361 3609 montis,
3386 3541 3578 3597 David
3603 3541 3786 3598 etviri
3810 3544 3941 3612 ejus

521 3630 669 3700 ejus.
702 3629 775 3685 P.
822 3626 891 3681 Et
917 3624 1221 3681 exultavit.
2277 3626 2723 3683 descendebant
2741 3628 2803 3683 in
2829 3644 3147 3685 occursum
3173 3629 3303 3701 ejus
3336 3645 3351 3686 :
3378 3628 3603 3703 quibus
3634 3634 3693 3687 et
3713 3629 3820 3687 illa
3843 3646 3938 3687 oc-

632 3716 825 3773 Lecti’o
848 3713 991 3770 libri
1016 3713 1307 3770 Samuelis
1330 3713 1545 3784 (Primi
1571 3715 1716 3786 Reg.
1747 3730 1881 3786 cap.
1909 3718 2065 3787 xxv).
2279 3715 2481 3772 currit.
2508 3716 2865 3772 EtaitDavid
2891 3736 2903 3776 :
2929 3718 3072 3773 Vere
3085 3716 3301 3774 frustra
3326 3716 3939 3790 servaviomniaquae

596 3815 661 3875 3;.
691 3806 811 3861 Deo
838 3800 1080 3874 gratias.
2277 3802 2460 3874 hujus
2486 3806 2654 3859 erant
2681 3803 2741 3859 in
2767 3803 3023 3873 deserto,
3063 3807 3119 3861 et
3138 3819 3259 3861 non
3289 3804 3463 3877 periit
3485 3805 3826 3878 quicquam
3866 3806 3940 3861 de

592 3894 660 3948 ln
696 3890 810 3949 illis
835 3889 1047 3947 diebus
1075 3907 1090 3943 :
1118 3892 1253 3947 Erat
1268 3890 1361 3947 vir
1396 3890 1697 3964 quispiam
1741 3892 1805 3947 in
1860 3892 2173 3952 solitudine
2280 3891 2507 3947 cunctis
2535 3907 2670 3963 quae
2696 3891 2774 3947 ad
2800 3907 2938 3947 eum
2962 3892 3341 3965 pertinebant
3372 3912 3384 3953 :
3419 3898 3476 3949 et
3501 3893 3767 3950 reddidit
3790 3893 3942 3951 mihi

521 3983 713 4047 laon,
740 3984 797 4037 et
828 3978 1130 4051 possessio
1168 3979 1295 4050 ejus
1321 3978 1383 4035 in
1431 3979 1721 4049 Carmelo,
1748 3984 1805 4037 et
1853 3980 2038 4038 homo
2080 3981 2173 4039 ille
2280 3979 2505 4035 malum
2521 3996 2628 4051 pro
2641 3980 2823 4036 bono.
2846 3983 2977 4037 Haec
2998 3979 3345 4037 faciatDeus
3366 3981 3623 4037 inimicis
3647 3982 3865 4048 David,
3887 3987 3943 4038 et

520 4067 928 4141 magnanimis
961 4086 975 4122 :
997 4072 1280 4140 erantque
1303 4066 1356 4124 ei
1385 4083 1528 4125 oves
1550 4069 1658 4125 tria
1684 4068 1891 4135 millia,
1915 4074 1973 4126 et
2016 4070 2174 4127 mille
2281 4068 2409 4124 haec
2422 4068 2622 4139 addat,
2640 4069 2687 4124 si
2711 4068 3003 4141 reliquero
3016 4069 3091 4125 de
3104 4069 3388 4127 omnibus
3400 4086 3538 4143 quae
3551 4071 3631 4127 ad
3644 4086 3791 4127 eum
3806 4086 3939 4143 per-

521 4173 743 4231 capras:
773 4156 1640 4227 etaccidituttondereturgrex
1655 4157 1860 4228 ejusin
1882 4158 2171 4231 Carmelo,
2282 4158 2467 4213 tinent
2489 4172 2676 4229 usque
2702 4172 2901 4223 mane,
2933 4158 3300 4228 mingentem
3322 4158 3401 4214 ad
3438 4160 3757 4231 parietem.
3793 4160 3942 4215 Cum

520 4250 747 4305 Nomen
768 4248 967 4302 autem
978 4244 1091 4301 viri
1106 4244 1262 4301 illius
1279 4244 1465 4302 Nabal
1493 4261 1505 4302 :
1524 4249 1583 4302 et
1598 4261 1819 4302 nomen
1832 4247 2033 4303 uxoris
2046 4248 2174 4318 ejus
2281 4250 2480 4301 autem
2492 4244 2733 4300 vidisset
2751 4244 2856 4300 Abi
2863 4244 2981 4315 gail
2991 4245 3199 4312 David,
3214 4245 3531 4313 festinavit,
3549 4252 3607 4304 et
3622 4247 3943 4304 descendit

520 4333 751 4404 Abigail
791 4349 804 4389 :
837 4337 1080 4404 eratque
1111 4330 1327 4388 mulier
1355 4331 1453 4389 illa
1471 4332 1943 4404 prudentissima
1959 4339 2014 4391 et
2045 4350 2177 4408 spe-
2279 4331 2355 4389 de
2367 4332 2560 4401 asino,
2581 4332 2868 4388 etcorruit
2887 4347 3090 4388 coram
3103 4333 3297 4390 David
3308 4336 3721 4407 superiaciem
3735 4352 3937 4402 suam,

521 4422 687 4478 ciosa
718 4418 1032 4491 :porrovir
1051 4418 1180 4489 ejus
1196 4417 1407 4485 durus,
1422 4424 1479 4475 et
1507 4420 1825 4492 pessimus,
1852 4426 1908 4477 et
1923 4423 2172 4481 malitia-
2203 4472 2247 4497 η
2279 4426 2336 4477 et
2358 4419 2817 4492 adoravitsuper
2836 4424 3074 4486 terram,
3095 4426 3152 4478 et
3163 4422 3378 4480 cecidit
3399 4423 3478 4479 ad
3495 4423 3681 4495 pedes
3703 4424 3866 4497 ejus,
3888 4431 3944 4481 et

522 4525 626 4565 sus
653 4524 668 4563 :
690 4510 816 4563 erat
832 4509 1031 4565 autem
1050 4505 1127 4564 de
1139 4520 1354 4576 genere
1370 4506 1571 4565 Caleb.
1587 4510 1736 4565 Cum
1748 4524 1889 4580 ergo
1904 4507 2172 4569 audisset
2201 4505 2247 4528 υ
2278 4508 2425 4566 dixit
2456 4525 2467 4565 :
2503 4511 2565 4563 ln
2580 4524 2677 4563 me
2697 4507 2795 4578 sit,
2812 4508 3055 4565 domine
3084 4510 3188 4579 mi,
3210 4509 3339 4567 haec
3363 4511 3651 4585 iniquitas
3681 4529 3696 4568 :
3724 4512 3942 4585 loqua-

518 4594 782 4654 Davidin
806 4593 1693 4667 desertoquodtonderetNabal
1713 4611 2166 4668 gregemsuum,
2281 4602 2390 4664 tur,
2423 4595 2694 4663 obsecro,
2736 4596 2951 4654 ancilla
2984 4601 3086 4654 tua
3113 4598 3175 4654 in
3213 4599 3462 4655 auribus
3492 4600 3610 4657 tuis
3640 4617 3659 4656 :
3700 4605 3760 4658 et
3795 4601 3945 4657 audi

519 4683 903 4742 misitdecem
914 4683 1189 4755 juvenes,
1217 4685 1275 4740 et
1295 4682 1545 4741 dixiteis
1571 4700 1586 4740 :
1618 4685 1933 4743 Ascendite
1950 4686 2013 4743 in
2035 4690 2171 4746 Car-
2274 4685 2459 4742 verba
2486 4684 2728 4741 famulae
2752 4688 2886 4741 tuae.
2916 4688 3043 4742 Non
3071 4692 3278 4759 ponat,
3305 4704 3433 4754 oro,
3455 4688 3746 4746 dominus
3763 4706 3942 4746 meus

518 4772 764 4841 melum,
787 4775 847 4829 et
872 4770 1123 4829 venietis
1155 4771 1236 4828 ad
1263 4771 1471 4838 Nabal,
1498 4776 1556 4830 et
1578 4772 1909 4832 salutabitis
1933 4790 2072 4834 eum
2100 4793 2168 4834 ex
2272 4789 2376 4831 rex
2405 4788 2507 4830 cor
2537 4788 2714 4829 suum
2745 4788 2927 4845 super
2944 4774 3140 4831 virum
3168 4776 3354 4833 istum
3380 4776 3663 4851 iniquum
3691 4777 3890 4835 Nabal
3924 4794 3939 4834 :

518 4860 764 4917 nomine
793 4875 931 4917 meo
957 4859 1218 4932 paciﬁca.
1252 4861 1318 4916 Et
1347 4860 1433 4917 sic
1470 4861 1677 4919 dicetis
1719 4879 1731 4919 :
1764 4863 1847 4921 Sit
1888 4863 2164 4922 fratribus
2272 4862 2562 4935 quoniam
2594 4861 2925 4918 secundum
2938 4878 3155 4920 nomen
3181 4880 3360 4922 suum
3383 4867 3601 4923 stultus
3628 4872 3743 4940 est,
3768 4875 3829 4926 et
3851 4862 3955 4929 est

518 4948 686 5012 meis,
720 4950 777 5003 et
805 4946 910 5003 tibi
932 4962 1073 5034 pax,
1105 4951 1163 5004 et
1193 4948 1402 5005 domui
1431 4952 1547 5007 tua;
1588 4966 1727 5023 pax,
1768 4956 1826 5008 et
1858 4953 2162 5010 omnibus.
2274 4951 2667 5007 stultitiacum
2692 4956 3133 5021 eozegoautem
3160 4954 3376 5011 ancilla
3390 4959 3627 5013 tuanon
3647 4958 3776 5016 vidi
3791 4977 3946 5034 pue-

516 5048 917 5122 quacumque
944 5033 1155 5102 habes,
1185 5035 1255 5091 sit
1271 5050 1416 5108 pax.
1450 5040 1530 5095 Ex
1552 5038 1754 5095 multis
1775 5040 1945 5095 annis
1963 5039 2161 5096 salvos
2270 5056 2370 5096 ros
2396 5044 2552 5105 tuos,
2574 5039 2816 5096 domine
2844 5040 3295 5114 mihirex,quos
3320 5044 3555 5101 misisti.
3584 5048 3758 5103 Nunc
3789 5065 3942 5122 ergo

516 5121 743 5180 faciens
772 5124 926 5212 tuos,
958 5124 1015 5178 et
1041 5122 1246 5181 omnia
1264 5129 1388 5190 tua,
1411 5126 1635 5190 audivi,
1666 5125 1831 5197 quod
1854 5126 2166 5184 tenderent
2270 5127 2513 5184 domine
2539 5128 2642 5194 mi,
2675 5127 2819 5184 vivit
2843 5128 3150 5195 Dominus,
3175 5135 3234 5187 et
3259 5132 3407 5187 vivit
3430 5134 3638 5191 anima
3666 5142 3794 5203 tua,
3830 5121 3943 5212 qui

514 5208 880 5283 pastorestui
908 5225 1115 5283 greges
1141 5216 1292 5279 tuos,
1316 5212 1416 5285 qui
1442 5218 1605 5269 erant
1623 5213 1685 5269 in
1710 5212 1946 5269 deserto
1964 5214 2165 5272 nobis-
2269 5215 2575 5289 prohibuit
2606 5220 2660 5271 te
2690 5231 2764 5271 ne
2790 5217 3021 5273 venires
3067 5219 3127 5275 in
3156 5220 3536 5291 sanguinem,
3569 5227 3628 5279 et
3677 5208 3947 5286 salvavit

516 5314 655 5355 cum
687 5317 700 5359 :
734 5300 1187 5371 nunquamistis
1200 5300 1434 5357 molesti
1451 5299 1695 5366 fuimus,
1709 5315 1821 5356 nec
1834 5300 2162 5373 aliquando
2267 5318 2518 5360 manum
2549 5307 2714 5359 tuam
2740 5302 2843 5359 tibi
2876 5320 2887 5360 :
2919 5310 2973 5360 et
3002 5321 3163 5362 nunc
3188 5306 3587 5368 ﬁantsicutnt
3607 5313 3804 5371 Nabal
3829 5316 3945 5374 ini-

514 5385 701 5443 defuit
713 5385 1039 5460 quicquam
1056 5387 1142 5444 eis
1152 5386 1227 5444 de
1239 5401 1420 5459 grege
1434 5387 1601 5443 omni
1618 5390 1884 5460 tempore
1900 5403 2023 5460 quo
2040 5390 2161 5448 fue-
2266 5391 2405 5447 mici
2427 5391 2530 5457 tui,
2565 5396 2621 5448 et
2636 5391 2738 5463 qui
2758 5398 3033 5464 quaerunt
3051 5396 3303 5452 Domino
3331 5412 3467 5454 meo
3488 5399 3744 5458 malum.
3781 5406 3945 5469 Qua-

511 5478 650 5532 runt
659 5474 977 5532 nobiscum
992 5475 1055 5533 in
1067 5473 1355 5532 Carmelo.
1375 5476 1679 5545 Interroga
1692 5490 1909 5549 pueros
1924 5481 2079 5549 tuos,
2102 5485 2158 5539 et
2263 5482 2508 5553 propter
2522 5479 2758 5553 suscipe
2768 5479 3231 5543 benedictionem
3243 5482 3615 5558 hanc,quam
3632 5492 3814 5550 attuli
3827 5509 3941 5553 an.

513 5562 863 5626 indicabunt
874 5563 998 5646 tibi.
1026 5564 1192 5622 Nunc
1212 5576 1355 5636 ergo
1378 5562 1684 5625 inveniant
1706 5566 1875 5639 pueri
1898 5567 2008 5645 mei
2023 5583 2153 5641 gra.
2265 5565 2524 5630 cillatua
2545 5566 2649 5647 tibi
2668 5568 2917 5641 domino
2928 5585 3064 5633 meo
3095 5587 3110 5639 ;
3143 5574 3199 5635 et
3226 5569 3305 5635 da
3316 5574 3519 5649 pueris
3534 5577 3643 5652 qui
3661 5594 3939 5653 squuq.
