4192 6398
245 333 352 392 505

1403 329 1755 390 DOMINICA
1792 328 1842 386 V
1879 329 2492 398 QUADHAGESIMzE.

3551 338 3664 394 506

249 463 347 516 tur
385 459 443 514 te
474 453 791 512 dominum
822 455 1232 512 meum.Aufer
1258 455 1634 528 iniquitatem
1654 453 1897 510 famulae
1931 463 1975 511 A
2078 457 2367 529 Hymnus,
2396 463 2656 521 verbum
2682 462 2888 519 patris,
2915 462 3030 532 fol,
3063 464 3186 519 252,

248 554 393 607 tuae:
429 546 654 602 faciens
682 543 841 599 enim
865 543 1038 600 faciet
1055 544 1158 600 tibi
1188 545 1473 600 Dominus
1493 545 1740 600 domino
1766 558 1901 598 meo

247 637 503 694 domum
523 633 932 705 ﬁdelem,quia
957 633 1678 705 praeliaDomini,domine
1709 632 1812 694 mi,
1840 636 1902 686 tu

251 724 541 798 praeliaris
565 740 575 778 :
593 722 818 778 malitia
841 737 980 790 ergo
994 737 1114 777 non
1133 723 1467 779 inveniatur
1480 723 1538 777 in
1553 726 1605 777 te
1620 720 1901 777 omnibus

251 814 464 871 diebus
484 813 617 868 vitae
638 811 835 869 tuae.Si
855 812 1012 866 enim
1032 812 1346 867 surrexerit
1367 810 1696 885 aliquando
1719 811 1900 864 homo

255 918 624 977 persequens
659 908 730 966 te,
767 901 858 956 vel
887 917 1163 973 quaerens
1189 902 1453 957 animam
1484 907 1666 963 tuam,
1708 903 1763 954 et
1796 897 1902 952 erit

253 992 445 1048 anima
463 991 682 1046 domini
698 991 812 1045 mei
830 990 1128 1045 custodita
1142 992 1316 1063 quasi
1335 991 1392 1044 in
1408 989 1689 1045 fasciculo
1705 989 1902 1042 viven-

253 1085 395 1139 tium
421 1082 583 1154 apud
618 1083 938 1136 Dominum
966 1086 1134 1137 tuum
1159 1099 1171 1136 :
1197 1097 1374 1153 porro
1398 1081 1613 1136 animae
1635 1079 1899 1134 inimico-

248 1189 380 1229 rum
409 1177 649 1227 tuorum
668 1170 1200 1243 rotabunturquasi
1219 1171 1438 1242 impetu
1461 1175 1516 1227 et
1536 1168 1754 1224 circulo
1773 1167 1900 1222 fun-

249 1260 514 1317 dae.Cum
543 1275 684 1329 ergo
699 1259 896 1316 fecerit
924 1259 1026 1314 tibi
1049 1260 1331 1315 Dominus
1354 1259 1601 1314 domino
1624 1273 1756 1312 meo
1770 1272 1900 1311 om-

246 1351 343 1407 nia
381 1366 517 1422 quae
549 1349 786 1405 locutus
809 1355 898 1403 est
923 1349 1086 1404 bona
1118 1349 1191 1404 de
1223 1353 1300 1412 te,
1349 1346 1792 1404 etconstituerit
1848 1349 1899 1400 te

247 1439 459 1495 ducem
493 1454 676 1510 super
701 1437 898 1500 lsrael,
933 1443 989 1493 et
1017 1454 1138 1492 non
1174 1438 1280 1493 erit
1310 1437 1413 1492 tibi
1445 1437 1558 1492 hoc
1585 1436 1642 1490 in
1678 1433 1901 1504 singul-

247 1533 388 1592 tum,
425 1533 479 1581 et
512 1527 573 1581 in
603 1525 1160 1598 scrupulumcordis
1181 1525 1427 1581 domino
1458 1541 1613 1590 meo,
1637 1524 1800 1596 quod
1823 1521 1902 1577 ef-

249 1617 512 1672 funderis
535 1616 894 1684 sanguinem
922 1615 1504 1685 innoxium,autipse
1530 1618 1582 1668 te
1606 1611 1900 1668 ultusfue-

247 1705 326 1763 ris
352 1724 363 1761 :
383 1709 435 1761 et
456 1721 488 1760 c
500 1721 600 1760 um
623 1703 979 1760 benefecerit
992 1705 1276 1760 Dominus
1290 1705 1534 1759 domino
1551 1718 1900 1769 meo,recor-

2081 547 2384 618 Capitula.
2413 553 2803 609 Humiliantes
2819 553 3053 608 animas
3071 555 3304 608 nostras
3328 551 3387 606 in
3400 551 3478 622 jej
3491 551 3654 620 unio,

2010 636 2256 694 Domine
2274 641 2428 696 Deus
2457 641 2607 697 educ
2628 657 2729 697 eas
2751 641 2829 696 ab
2853 641 3092 709 inferis;
3118 642 3172 694 et
3195 655 3230 694 a
3248 639 3660 695 descendenti-

2010 723 2124 779 bus
2155 725 2217 781 in
2242 727 2437 784 lacum
2472 745 2582 785 nos
2608 746 2775 788 erue:
2805 733 2862 785 et
2891 729 2993 801 qui
3015 729 3233 783 virtute
3275 726 3659 782 inenarrabili

2013 814 2308 871 mundum
2337 818 2781 890 redempturus,
2811 817 3185 874 descendens
3215 814 3660 886 asupernis,in-

2010 900 2118 956 feri
2136 906 2474 974 confregisti
2514 924 2799 971 recessus,
2834 924 2907 963 ne
2938 912 3183 980 peccato
3204 905 3354 959 duce
3380 902 3516 957 illuc
3562 902 3660 958 de-

2010 989 2324 1060 ducamur,
2359 997 2587 1053 custodi
2610 997 2932 1069 propitius:
2960 1001 3013 1052 et
3041 998 3278 1067 praesta,
3304 996 3368 1046 ut
3389 1007 3524 1046 cum
3550 990 3657 1058 his,

2010 1080 2112 1151 qui
2144 1081 2219 1135 ad
2245 1083 2428 1139 vitam
2451 1090 2731 1142 aeternam
2764 1084 3080 1156 conscripti
3105 1087 3262 1144 sunt,
3296 1077 3659 1136 tibimedulo

2010 1169 2240 1240 pietatis
2261 1173 2588 1243 psallamus
2613 1192 2628 1240 ;
2656 1179 2832 1247 atque
2859 1175 2918 1230 in
2941 1170 3356 1229 dilectionibus
3382 1168 3495 1224 tuis
3521 1181 3660 1223 con-

2010 1260 2190 1314 sortia
2209 1260 2594 1318 beatitudinis
2617 1279 2978 1320 mereamur.

2081 1351 2247 1403 Pater
2276 1356 2500 1406 noster.

2082 1437 2794 1511 Benedictioﬂnigenitus
2809 1440 2907 1495 Dei
2925 1439 3124 1503 Filius,
3152 1436 3255 1509 qui
3277 1436 3658 1506 assumptum

2009 1524 2317 1582 hominem
2345 1544 2559 1600 passus
2588 1537 2672 1585 est
2702 1529 2962 1601 appendi
2991 1529 3051 1583 in
3083 1527 3266 1597 ligno,
3300 1523 3501 1580 Crucis
3534 1537 3656 1577 sure

2010 1631 2121 1671 nos
2153 1616 2434 1686 dignetur
2468 1619 2697 1675 salvare
2745 1619 3048 1690 mysterio.
3083 1617 3292 1671 Amen.
3334 1625 3400 1683 Ii.
3431 1616 3517 1678 Ut,
3552 1610 3658 1682 qui

2009 1708 2492 1778 persequentium
2525 1708 2868 1765 vulneratus
2895 1724 2956 1762 es
2976 1705 3213 1774 linguis,
3262 1720 3332 1759 os
3384 1706 3658 1756 nostrum

248 1795 479 1852 daberis
515 1793 745 1849 anciliae
771 1798 992 1857 tute,.et
1022 1799 1081 1847 tu
1099 1793 1434 1848 benefacies
1458 1793 1690 1847 ei.Etait
1714 1789 1898 1845 David
1932 1799 1974 1852 Β
2008 1800 2308 1850 removeat
2339 1795 2412 1850 ab
2434 1797 2753 1852 omnicasu
2785 1794 3148 1851 tentationis.
3177 1804 3237 1862 av.
3284 1796 3490 1846 Amen.
3527 1787 3659 1853 Qui-

251 1884 325 1940 ad
349 1882 606 1952 Abigail:
630 1883 976 1937 Benedictus
990 1882 1276 1938 Dominus
1300 1885 1450 1937 Deus
1474 1881 1775 1951 lsrael,qui
1791 1879 1898 1934 mi-

253 1972 320 2028 sit
347 1977 395 2027 te
419 1972 598 2027 hodie
629 1972 687 2026 in
712 1987 1031 2026 occursum
1053 1987 1276 2034 meum,
1293 1976 1348 2026 et
1372 1969 1748 2026 benedictum
1773 1968 1895 2023 elo-

247 2061 443 2133 quium
473 2065 669 2126 tuum,
700 2065 755 2116 et
779 2060 1092 2115 benedicta
1120 2066 1200 2126 tu,
1234 2076 1369 2130 quae
1402 2057 1753 2130 prohibuisti
1803 2071 1898 2111 me

244 2147 411 2204 hodie
428 2164 510 2204 ne
538 2149 684 2204 irem
703 2149 780 2204 ad
804 2149 1180 2217 sanguinem,
1205 2153 1261 2202 et
1275 2147 1584 2202 ulciscerer
1600 2161 1692 2201 me
1712 2161 1897 2201 manu

242 2253 392 2294 mea.
413 2237 680 2309 Aloquin
705 2237 849 2292 vivit
872 2237 1157 2292 Dominus
1185 2237 1337 2292 Deus
1365 2235 1672 2307 lsrael,qui
1695 2233 1895 2306 probi-

238 2325 362 2382 buit
393 2341 516 2392 me,
539 2342 613 2381 ne
646 2326 872 2381 malum
893 2325 1147 2382 facerem
1171 2326 1274 2381 tibi
1305 2345 1316 2384 :
1345 2325 1462 2380 nisi
1490 2326 1603 2381 cito
1633 2325 1897 2379 venisses

241 2414 296 2469 in
314 2430 638 2470 occursum
665 2414 954 2483 mihi,non
980 2414 1581 2471 remansisset.Nabal
1611 2429 1799 2485 usque
1819 2412 1897 2468 ad

240 2503 426 2559 lucem
464 2505 960 2569 matutinam,nec
980 2505 1254 2573 mingens
1280 2504 1355 2558 ad
1373 2503 1897 2574 parietem.Susce-

239 2592 320 2664 pit
349 2608 504 2662 ergo
525 2592 708 2647 David
735 2593 807 2647 de
825 2608 1006 2647 manu
1030 2593 1156 2662 ejus
1179 2593 1381 2647 omnia
1399 2608 1532 2662 quae
1551 2590 1806 2646 attulerit
1823 2590 1896 2658 ei,

239 2681 508 2754 dixitque
527 2682 577 2736 ei
608 2697 618 2736 :
649 2681 805 2736 Vade
830 2682 1141 2752 paciﬁcein
1173 2681 1767 2746 domumtuam,ecce
1800 2694 1900 2733 au-

238 2771 354 2826 divi
373 2786 588 2826 vocem
609 2775 856 2835 tuam,et
879 2769 1164 2826 honoravi
1188 2769 1402 2825 faciem
1421 2767 1780 2823 tuam.Venit
1800 2782 1901 2822 au-

239 2865 352 2915 tem
378 2858 617 2929 Abigail
646 2859 716 2914 ad
742 2859 931 2914 Nabal
966 2879 976 2916 :
1007 2864 1061 2914 et
1083 2874 1216 2914 ecce
1231 2863 1354 2913 erat
1385 2857 1437 2912 ei
1465 2855 1806 2912 convivium
1839 2855 1898 2908 in

236 2948 416 3004 domo
444 2948 598 3018 ejus,
621 2947 794 3019 quasi
825 2947 1168 3003 convivium
1192 2947 1372 3017 regis,
1402 2950 1457 3001 et
1487 2960 1587 3000 cor
1619 2943 1901 3013 Nabaljo-

235 3037 507 3093 cundum
538 3042 688 3092 :erat
707 3037 866 3092 enim
889 3035 1082 3092 ebrius
1102 3035 1314 3090 nimis:
1340 3040 1395 3090 et
1411 3050 1530 3089 non
1555 3028 1900 3088 indicavitei

233 3127 489 3182 verbum
508 3125 794 3220 pusillum
818 3129 918 3220 aut
951 3124 1176 3220 grande
1194 3121 1897 3220 usquem‘ane._Diluculo
1933 3156 1972 3213 ρ

235 3219 434 3271 autem
486 3229 623 3269 cum
661 3213 1005 3282 digessisset
1042 3213 1250 3269 vinum
1285 3211 1493 3278 Nabal,
1529 3210 1814 3266 indicavit
1844 3210 1894 3265 ei

234 3319 384 3358 uxor
406 3319 518 3358 sua
546 3302 730 3358 verba
751 3303 959 3367 heec,et
986 3307 1292 3358 mortuum
1312 3307 1397 3357 est
1422 3317 1524 3357 cor
1539 3301 1666 3372 ejus
1686 3299 1894 3355 intrin-

235 3407 427 3454 secus,
487 3397 542 3446 et
572 3391 762 3447 factus
789 3397 878 3447 est
907 3391 1079 3464 quasi
1119 3392 1292 3464 lapis.
1326 3393 1596 3462 Cumque
1618 3393 1893 3461 pertran-

236 3480 1432 3552 sissentdecemdies,percussitDominus
1466 3477 1894 3544 Nabal,etmor-

233 3571 374 3625 tuus
388 3568 672 3635 est.Quod
686 3585 813 3625 cum
825 3569 1076 3625 audisset
1091 3568 1270 3624 David
1286 3571 1558 3624 mortuum
1581 3565 1888 3635 Nabal,ait:

235 3657 590 3714 Benedictus
624 3658 928 3725 Dominus,
961 3658 1061 3730 qui
1087 3657 1375 3728 judicavit
1396 3671 1640 3711 causam
1672 3654 1892 3727 obpro-

239 3745 353 3802 brii
381 3746 501 3800 mei
532 3747 599 3800 de
627 3762 813 3801 manu
841 3746 1045 3811 Nabal,
1073 3752 1127 3800 et
1151 3762 1386 3800 servum
1421 3761 1599 3799 suum
1639 3743 1898 3800 custodi-

236 3834 323 3889 vit
352 3849 390 3887 a
417 3833 597 3887 malo.
641 3845 704 3901 si.
738 3835 946 3888 Amen.

314 3921 603 3988 Hymnus.
639 3923 831 3975 Noctis
862 3926 1116 3993 tempus.
1149 3920 1254 3990 fol.
1289 3925 1416 3975 257.

336 4009 950 4078 Capitula.Unigenite
973 4010 1066 4064 Dei
1085 4009 1391 4080 Filius,qui
1407 4008 1719 4079 passiones
1739 4023 1896 4063 mor-

237 4097 481 4156 talitatis
501 4105 716 4153 nostra:
741 4099 798 4154 in
833 4105 883 4155 te
900 4097 1556 4170 suscipiens,passionis
1578 4103 1694 4152 tua:
1719 4097 1896 4168 296

237 4203 351 4243 nos
389 4187 627 4243 voluisti
680 4203 809 4243 esse
843 4188 1156 4260 participes
1186 4203 1201 4242 :
1227 4187 1394 4242 efﬁce
1434 4201 1543 4240 nos
1567 4189 1624 4240 et
1650 4191 1899 4241 sectato-

235 4291 331 4331 res
366 4275 541 4343 lucis,
565 4282 620 4332 et
650 4277 956 4348 operarios
986 4276 1245 4332 veritatis
1276 4288 1291 4337 :
1332 4279 1411 4339 ut,
1448 4275 1651 4329 mortis
1681 4279 1896 4330 nostrae

239 4365 559 4436 naufragio
578 4367 917 4434 evadentes,
934 4365 1277 4438 quadriﬂuo
1294 4363 1751 4433 Evangeliorum
1771 4369 1897 4419 tuo-

237 4469 375 4509 rum
405 4469 583 4509 amne
614 4453 856 4509 uberius
881 4453 1195 4516 inlustrati,
1230 4453 1528 4527 passionis
1555 4457 1668 4509 tua:
1701 4468 1896 4508 exem-

241 4543 342 4615 plo
370 4557 711 4598 mereamur
750 4558 877 4599 esse
900 4543 1119 4598 idonei.

314 4630 488 4686 Pater
513 4634 730 4687 noster.

742 4721 811 4775 In
827 4720 1102 4776 secundis
1133 4721 1395 4790 Vesperis

313 4809 550 4865 Lauda.
596 4811 789 4880 Usque
819 4809 895 4863 ad
920 4825 1237 4881 vesperum
1269 4825 1454 4882 quam
1507 4808 1895 4878 magniﬁcata

242 4903 379 4953 sunt
417 4913 602 4968 opera
632 4903 736 4952 tua
763 4899 1008 4952 Domine
1045 4897 1055 4951 l

307 4986 679 5055 Antiphona.
726 4985 970 5041 Animas
986 4990 1216 5041 nostras
1245 4986 1628 5042 humiliemus
1663 4986 1722 5041 in
1746 4986 1896 5057 jeju-

239 5074 340 5130 nio
361 5092 373 5129 :
393 5075 536 5146 quia
561 5075 784 5130 Pascha
807 5074 1042 5129 Domini
1061 5076 1333 5146 proxima
1354 5080 1458 5141 est,
1495 5079 1549 5129 et
1568 5075 1893 5146 eripietnos

239 5163 524 5218 Dominus
565 5163 638 5218 de
690 5163 875 5218 domo
907 5163 1223 5218 servitutis.
1253 5162 1313 5222 il.
1356 5165 1510 5218 Deus
1543 5162 1895 5218 misereatur

235 5252 429 5318 nobis,
453 5258 510 5308 et
532 5251 849 5308 benedicat
881 5268 991 5307 nos
1012 5271 1023 5310 :
1042 5251 1639 5321 illuminetjDominus
1659 5253 1892 5308 vultum

237 5355 414 5396 suum
442 5356 620 5412 super
658 5356 791 5411 nos,
826 5345 880 5396 et
919 5339 1270 5396 misereatur
1291 5341 1485 5396 nobis.

305 5429 530 5484 Lauda.
555 5431 636 5485 Me
653 5433 1117 5502 expectaverunt
1136 5434 1480 5502 peccatores
1493 5435 1555 5487 ut
1577 5430 1896 5502 perderent

235 5533 330 5575 me
356 5535 368 5574 :
407 5517 751 5574 testimonia
770 5523 970 5576 autem
992 5523 1095 5576 tua
1123 5533 1245 5576 non
1271 5518 1709 5580 intellexerunt.
1746 5519 1890 5585 inin

237 5609 527 5678 aeternum
552 5606 817 5677 Domine,
843 5611 1156 5684 permanet
1171 5608 1420 5668 verbum
1439 5610 1691 5680 tuumin
1715 5608 1887 5681 coelo,

2007 1898 2124 1954 que
2143 1883 2426 1954 singulari
2443 1890 2632 1940 morte
2651 1883 3258 1956 suaquadriduanum
3278 1892 3543 1933 morsum
3558 1890 3660 1928 no-

2008 1976 2141 2026 strze
2165 1973 2370 2028 mortis
2403 1973 2634 2039 devicit,
2678 1991 2714 2030 a
2739 1973 3002 2030 cruciatu
3033 1986 3143 2026 nos
3195 1967 3405 2038 eripiat
3452 1963 3659 2020 aeterni

2007 2059 2300 2131 supplicii.
2328 2073 2390 2131 Rt.
2425 2067 2632 2116 Arnen.

2076 2150 2311 2206 Lauda.
2346 2151 2648 2222 Principes
2687 2149 2978 2223 persecuti
2999 2149 3139 2203 sunt
3171 2160 3265 2200 me
3287 2141 3469 2213 gratis
3505 2158 3517 2196 :
3545 2142 3602 2195 et
3623 2155 3660 2196 a

2003 2237 2200 2292 verbis
2228 2240 2339 2294 tuis
2364 2239 2702 2295 formidavit
2728 2255 2830 2294 cor
2868 2253 3096 2294 meum.
3133 2237 3318 2290 Laetor
3349 2246 3460 2300 ego
3480 2243 3659 2300 super

2005 2325 2243 2398 eloquia
2267 2333 2409 2384 tua:
2445 2329 2594 2385 sicut
2616 2329 2719 2402 qui
2747 2327 2971 2383 invenit
2991 2324 3183 2397 spolia
3214 2320 3421 2377 multa.
3468 2318 3528 2377 Ψ.
3551 2318 3661 2373 lni-

2006 2415 2285 2486 quitatem
2320 2416 2459 2472 odio
2488 2417 2693 2485 habui,
2740 2422 2796 2472 et
2836 2403 3221 2472 abominatus
3259 2425 3398 2465 sum
3427 2426 3438 2464 :
3464 2407 3656 2477 legem

2007 2508 2206 2559 autem
2238 2509 2403 2560 tuam
2435 2505 2640 2563 dilexi.

2080 2593 2301 2648 Oratio.
2340 2597 2399 2648 ln
2423 2593 2733 2648 dilectione
2765 2597 2884 2657 tua,
2921 2595 3096 2656 Deus,
3129 2589 3201 2644 sit
3225 2603 3344 2659 pax
3370 2585 3660 2656 diligenti-

2007 2680 2122 2735 bus
2161 2685 2250 2737 te:
2284 2687 2340 2736 et
2367 2683 2512 2754 quia
2533 2682 2752 2738 laetaris
2782 2681 2844 2737 in
2878 2679 3044 2753 pacis
3071 2675 3658 2746 bonitate,pacistuaa

2007 2784 2120 2825 nos
2137 2770 2312 2826 reﬁce
2331 2771 2518 2838 dono;
2549 2787 2617 2827 ac
2640 2786 2746 2843 per
2765 2769 3064 2826 charitatis
3086 2765 3401 2839 praemium
3417 2777 3657 2818 remove

2011 2875 2046 2914 a
2092 2859 2266 2914 nobis
2311 2859 2710 2915 scandalum:
2757 2863 2822 2914 ut
2862 2858 2936 2913 de
2977 2861 3078 2912 tua
3116 2869 3264 2927 pace
3301 2867 3654 2923 superemus

2009 2948 2245 3016 odium;
2271 2953 2324 3002 et
2344 2948 2417 3003 de
2436 2949 2715 3004 charitate
2728 2952 3065 3004 nostrorum
3088 2943 3493 3015 cooperiamur
3514 2939 3657 2994 mul-

2009 3036 2320 3092 titudinem
2347 3041 2729 3110 peccatorum
2753 3053 2766 3089 :
2801 3036 3005 3106 sicque
3023 3032 3311 3088 mandata
3339 3035 3441 3085 tua
3471 3042 3658 3083 serve-

2007 3142 2166 3192 mus,
2192 3131 2254 3181 ut
2281 3125 2358 3181 ad
2390 3129 2742 3197 conspectus
2773 3126 2856 3181 tui
2889 3123 3162 3194 gloriam,
3196 3118 3499 3176 charitatis
3520 3115 3654 3172 dul-

2005 3215 2212 3270 cedine
2232 3215 2658 3288 perducamur.
2695 3226 2765 3285 Β.
2806 3215 3015 3269 Amen.

2074 3323 2498 3392 Antiphona2.
2539 3321 3093 3379 Videhumilitatem
3127 3332 3343 3380 meam,
3392 3317 3448 3370 et
3493 3313 3654 3385 eripe

2004 3427 2122 3476 me,
2152 3412 2418 3467 Domine.
2451 3410 2511 3472 3V.
2537 3411 2748 3467 Judica
2779 3425 3028 3466 causam
3055 3423 3275 3472 meam,
3328 3409 3385 3460 et
3430 3402 3656 3458 redime

2005 3517 2100 3557 me
2137 3517 2148 3553 :
2182 3506 2425 3573 propter
2447 3501 2751 3573 eloquium
2783 3504 2951 3556 tuum
2985 3495 3222 3552 viviﬁca
3253 3509 3368 3549 me.

2079 3608 2306 3664 Oratio.
2337 3607 2477 3662 Vide
2507 3606 2902 3662 humilitatem
2930 3608 3220 3666 nostram,
3256 3598 3537 3664 Domine;
3594 3598 3653 3652 et

2005 3697 2163 3767 eripe
2185 3711 2330 3755 nos:
2357 3701 2409 3752 te
2441 3697 2600 3750 enim
2632 3695 3004 3766 respiciente,
3038 3691 3144 3747 etsi
3191 3687 3526 3759 dejicimur,
3560 3700 3655 3740 su-

2003 3785 2350 3841 blevamur:
2385 3801 2507 3857 quo
2537 3788 2927 3854 sustentante,
2962 3797 3038 3837 ne
3093 3793 3467 3845 corruamus,
3500 3773 3653 3830 exci-

2003 3872 2226 3944 pimur.
2260 3884 2330 3942 Rt.
2373 3879 2575 3928 Amen.

2080 3979 2281 4033 Lauda
2313 3984 2364 4034 3.
2390 3978 2725 4033 Exclamavi
2751 3978 2810 4032 in
2830 3981 2949 4033 toto
2972 3975 3150 4031 corde
3162 3970 3541 4039 meo,exaudi
3559 3984 3656 4024 me

2007 4067 2278 4122 Domine.
2320 4078 2383 4134 ἣν.
2418 4066 2680 4120 Clamavi
2702 4065 2778 4120 ad
2806 4070 2878 4129 te,
2914 4064 3139 4120 salvum
3169 4077 3265 4116 me
3293 4060 3419 4130 fac;
3472 4062 3536 4113 ut
3559 4072 3656 4112 cu-

2008 4154 2264 4210 stodiam
2298 4154 2631 4209 testimonia
2660 4158 2780 4209 tua.

2080 4262 2302 4318 Oratio.
2332 4261 2750 4317 Exclamamus
2777 4259 2854 4316 ad
2870 4262 2943 4328 te,
2975 4257 3244 4322 Domine,
3263 4259 3327 4312 ut
3350 4269 3462 4310 nos
3478 4267 3655 4308 exau-

2005 4351 2174 4423 dias;
2204 4356 2260 4406 et
2286 4351 2491 4406 oculos
2511 4351 2699 4405 humo
2744 4349 2998 4406 acclives
3047 4348 3124 4404 ad
3155 4353 3208 4403 te
3242 4344 3556 4405 admittas;
3595 4343 3657 4398 ut

2005 4444 2107 4497 tua
2131 4457 2242 4496 nos
2281 4440 2630 4496 inlustrante
2652 4439 2987 4506 serenitate,
3022 4451 3257 4510 semper
3295 4446 3654 4490 maneamus

1930 4521 1976 4576 D
2005 4530 2064 4588 in
2094 4531 2340 4587 lumine.
2375 4541 2443 4600 ne.
2481 4531 2694 4587 Amen.

2076 4638 2287 4694 Lauda
2325 4639 2376 4692 4.
2415 4637 2539 4693 Feci
2555 4636 2852 4708 judicium
2871 4639 2925 4690 et
2946 4633 3240 4706 justitiam
3259 4629 3508 4686 Domine
3537 4648 3550 4682 :
3581 4640 3656 4680 ne

2005 4727 2207 4783 tradas
2246 4743 2338 4782 me
2376 4725 2874 4799 persequentibus
2897 4740 3011 4780 me.
3046 4735 3110 4794 ῐςτ.
3149 4721 3391 4791 Suscipe
3414 4730 3655 4772 servum

2003 4819 2174 4872 tuum
2204 4817 2262 4870 in
2285 4815 2446 4871 bono
2470 4833 2483 4867 :
2517 4820 2581 4871 ut
2610 4830 2732 4870 non
2764 4814 3203 4869 calumnientur
3223 4809 3367 4865 mihi
3390 4804 3654 4878 superbi.

2077 4903 2295 4959 Oratio.
2325 4903 2621 4958 Iudicium
2639 4907 2694 4957 et
2718 4902 3010 4973 justitiam
3034 4901 3182 4956 doce
3211 4914 3320 4953 nos
3342 4896 3533 4951 facere
3551 4897 3657 4949 Do-

2003 4993 2202 5058 mine;
2230 4992 2484 5064 qualiter
2536 4991 2844 5047 valeamus
2888 4990 3285 5063 superborum
3321 4984 3654 5043 calumnias

2004 5081 2383 5137 conculcare:
2418 5080 2622 5153 excipe
2659 5096 2860 5135 servos
2892 5088 3025 5136 tuos
3066 5081 3124 5134 in
3163 5079 3346 5144 bono,
3379 5076 3484 5149 qui
3516 5091 3653 5146 spe-

2002 5176 2136 5225 rant
2163 5170 2220 5223 in
2247 5169 2501 5224 salutare
2526 5175 2690 5224 tuum
2717 5186 2728 5222 :
2761 5183 3130 5241 quorumque
3164 5165 3472 5222 interiores
3496 5159 3654 5217 oculi

2003 5257 2217 5313 Christi
2247 5259 2330 5312 tui
2383 5263 2694 5328 expectant
2723 5273 2996 5328 regnum,
3025 5256 3136 5312 hos
3163 5262 3394 5328 partem
3431 5251 3654 5306 habere

2001 5345 2178 5401 facito
2209 5345 2563 5401 Electorum.
2592 5357 2655 5415 Βτ.
2678 5345 2890 5402 Amen.

2072 5434 2300 5498 Preces,
2332 5441 2384 5490 et
2410 5435 2633 5491 Oratio.
2661 5436 2868 5492 Averte
2901 5432 3150 5491 Domine
3176 5433 3328 5488 iram
3346 5425 3649 5492 tuam,fol.

2007 5526 2126 5582 183.
