4192 6420
233 316 333 371 513

846 436 943 491 Ad
975 436 1236 493 Sextam.

420 524 615 580 Lectio
644 524 788 580 libri
807 525 986 581 Amos
1003 526 1317 595 Propheta:
1350 527 1524 597 (Cap.
1551 527 1647 599 ix).

291 617 404 669 Deo
435 612 670 682 gratias.

297 702 412 758 Vidi
439 702 756 757 Dominum
810 706 1069 759 stantem
1130 719 1308 775 super
1354 704 1648 760 altarezet
1691 704 1872 759 dixit:

233 795 460 850 Percute
476 791 1839 865 cardinem,etcommoveantursuperliminaria
1863 811 1875 847 :

235 882 469 939 avaritia
495 881 652 936 enim
675 880 736 935 in
763 883 960 954 capita
1017 884 1356 948 hominum,
1406 891 1460 938 et
1486 884 1880 938 novissimum

234 988 432 1028 eorum
457 971 514 1026 in
535 971 731 1041 gladio
763 973 1114 1028 interﬁciam
1133 992 1148 1026 :
1174 991 1292 1028 non
1313 973 1687 1042 eritfugaeis.
1707 977 1884 1045 thui

234 1061 438 1130 fugerit
467 1076 532 1114 ex
559 1061 787 1127 eis,non
815 1060 1229 1117 salvabitur.Si
1256 1062 1674 1118 descenderint
1693 1079 1882 1134 usque

231 1150 286 1206 in
306 1149 622 1215 infernum,
653 1149 792 1205 inde
817 1166 1034 1205 manus
1066 1168 1204 1206 mea
1231 1152 1443 1207 educet
1474 1167 1574 1206 eos
1599 1170 1610 1206 :
1633 1157 1688 1207 et
1715 1153 1760 1206 si
1789 1169 1879 1207 as-

232 1238 524 1294 cenderint
553 1254 741 1310 usque
777 1239 855 1296 ad
879 1239 1225 1303 ccelos,inde
1265 1240 1576 1295 detraham
1606 1256 1727 1295 eos.
1746 1243 1809 1296 Et
1829 1241 1877 1295 si

236 1326 562 1384 absconditi
590 1326 883 1382 fuerintin
904 1327 1185 1382 verticem
1230 1327 1501 1395 Carmeli,
1542 1328 1678 1384 inde
1715 1346 1876 1384 scru-

237 1420 358 1471 tans
377 1415 645 1471 auferam
669 1432 770 1471 eos
795 1434 806 1471 :
831 1421 886 1472 et
905 1417 950 1470 si
980 1416 1300 1472 celaverint
1322 1433 1382 1472 se
1413 1417 1489 1472 ab
1507 1418 1689 1474 oculis
1730 1419 1877 1474 meis

230 1504 283 1559 in
313 1503 688 1575 profundum
708 1504 998 1570 maris,ibi
1027 1505 1338 1560 mandabo
1357 1507 1878 1577 serpenti,etmor-

234 1593 386 1648 debit
407 1609 531 1648 eos.
561 1596 622 1648 Et
654 1593 700 1648 si
715 1594 989 1649 abierunt
1019 1595 1079 1649 in
1111 1593 1447 1666 captivitate
1469 1597 1881 1653 coraminimi—

235 1683 310 1738 cis
328 1682 474 1750 suis,
507 1682 589 1737 ibi
617 1682 922 1738 mandabo
959 1683 1253 1752 gladium,
1301 1688 1356 1739 et
1385 1685 1614 1741 occidet
1659 1702 1796 1742 eos:
1826 1691 1883 1742 et

236 1787 446 1843 ponam
485 1770 690 1826 oculos
719 1788 886 1827 meos
921 1787 1101 1842 super
1123 1787 1226 1827 eos
1250 1771 1310 1826 in
1344 1773 1653 1838 malum,et
1674 1790 1794 1830 non
1820 1774 1882 1830 in

239 1859 555 1915 bonum.Et
583 1860 872 1916 Dominus
889 1861 992 1932 qui
1021 1862 1207 1932 tangit
1229 1866 1466 1931 terram,
1496 1868 1552 1918 et
1603 1863 1880 1919 tabescit:

242 1946 522 2017 lugebunt
540 1964 753 2004 omnes
772 1949 1175 2005 inhabitantes
1196 1951 1256 2005 in
1286 1967 1358 2006 ea
1385 1968 1396 2006 :
1414 1957 1468 2008 et
1483 1953 1765 2009 ascendet
1816 1953 1888 2008 si-

246 2041 335 2091 cut
357 2036 845 2109 annis,et.deﬂuet
867 2038 1014 2093 sicut
1038 2038 1201 2093 rivus
1226 2041 1480 2110 (Egypti.
1503 2041 1612 2106 Qui
1631 2041 1889 2100 aediﬁcat

247 2125 302 2179 in
328 2125 479 2181 cmlo
509 2126 926 2182 ascensionem
959 2143 1152 2194 suam,
1202 2133 1258 2183 et
1305 2128 1658 2186 fasciculum
1711 2147 1888 2187 suum

247 2214 406 2284 301
435 2230 623 2286 super
645 2219 861 2270 terram
888 2215 1190 2271 fundavit:
1209 2217 1312 2287 qui
1343 2223 1516 2273 vocat
1545 2235 1736 2290 aquas
1765 2236 1886 2277 ma-

241 2303 331 2367 ris,
357 2307 411 2358 et
431 2302 694 2358 ettundit
720 2319 821 2358 eas
866 2320 1046 2375 super
1093 2304 1306 2360 faciem
1354 2310 1541 2377 terrm,
1602 2308 1889 2366 Dominus

239 2407 452 2448 nomen
488 2392 692 2448 estilli.
728 2404 789 2462 Re.
837 2398 1044 2448 Amen.

301 2481 656 2552 Antiphona
677 2486 719 2537 ε.
742 2485 867 2538 Non
885 2483 1084 2538 veniat
1113 2483 1258 2539 mihi
1286 2485 1534 2540 Domine
1558 2501 1665 2556 pes
1688 2503 1892 2558 super-

233 2569 368 2626 bire:
393 2577 452 2626 et
479 2571 1038 2642 manusimpiorum
1063 2587 1181 2627 non
1202 2579 1485 2629 moveant
1516 2590 1630 2630 me.
1656 2575 1717 2634 ἲν.
1741 2577 1891 2633 Dixit

233 2659 496 2730 injustus
519 2665 583 2715 ut
610 2660 920 2732 delinquat
949 2660 1062 2716 sibi
1087 2677 1096 2716 :
1118 2677 1238 2716 non
1266 2666 1352 2717 est
1375 2662 1548 2718 timor
1607 2664 1705 2719 Dei
1755 2670 1890 2722 ante

238 2749 441 2804 oculos
487 2750 536 2820 ej
553 2766 642 2804 us.

302 2838 537 2894 Oratio.
562 2841 688 2893 Non
713 2837 909 2894 veniat
943 2838 1116 2894 nobis
1169 2855 1274 2910 pes
1325 2840 1640 2911 superbiae,
1696 2856 1891 2912 neque

232 2942 450 2983 manus
480 2926 809 2998 peccatoris
840 2933 1075 2982 moveat
1106 2943 1252 2997 nos;
1284 2931 1347 2982 ut
1383 2929 1484 2999 qui
1545 2928 1890 2999 passionem

233 3018 393 3072 tuam
417 3019 776 3072 veneranter
797 3015 1125 3088 accipimus
1148 3032 1160 3080 ;
1185 3015 1450 3072 animam
1471 3020 1740 3072 nostram
1768 3033 1891 3074 non

233 3106 309 3160 ad
339 3121 615 3177 pmnam,
645 3104 750 3160 sed
772 3104 853 3160 ad
884 3103 1070 3160 vitam
1114 3104 1297 3161 facias
1327 3107 1632 3177 pervenire
1687 3121 1894 3179 perpe-

232 3199 397 3250 tuam
430 3207 498 3264 12y.
520 3199 732 3249 Amen.

301 3284 650 3353 Antiphona
669 3288 722 3341 2.
760 3285 947 3340 Laetus
975 3284 1080 3340 erit
1106 3284 1326 3354 justus,
1360 3301 1498 3340 cum
1530 3285 1734 3341 viderit
1768 3286 1891 3341 vin-

229 3372 453 3429 dictam
473 3373 826 3444 impiorum:
853 3389 1067 3429 manus
1086 3389 1226 3430 suas
1253 3374 1478 3430 lavabit
1495 3375 1554 3430 in
1600 3375 1891 3445 sanguine

230 3468 639 3534 peccatorum.
664 3462 705 3522 V'
726 3463 782 3518 Si
811 3479 949 3519 vere
973 3462 1494 3535 utiquejustitiam
1527 3463 1841 3536 loquimini
1876 3479 1887 3519 :

228 3557 384 3607 recte
412 3550 678 3622 judicate
707 3551 808 3607 ﬁlii
835 3552 1173 3608 hominum.

301 3642 532 3697 Oratio.
556 3641 946 3713 Sperantesin
970 3645 1022 3697 te
1046 3641 1293 3697 Domine
1316 3658 1437 3698 non
1451 3643 1888 3701 contristemur:

228 3735 292 3785 ut
317 3746 432 3785 nec
461 3731 729 3785 animam
750 3735 1018 3785 nostram
1046 3730 1384 3796 conturbes,
1403 3747 1510 3786 nec
1532 3749 1567 3787 a
1599 3736 1698 3787 tuo
1716 3747 1893 3803 grege

226 3833 506 3890 separes:
525 3818 632 3872 sed
673 3821 982 3888 sperantes
1037 3817 1098 3872 in
1121 3822 1194 3881 te,
1229 3818 1333 3872 tibi
1365 3819 1779 3886 conﬁteamur,
1839 3824 1896 3876 et

227 3907 338 3964 tibi
368 3907 549 3961 corde
578 3922 731 3978 puro
762 3906 1119 3978 psallamus.
1150 3917 1212 3974 Βτ.
1245 3911 1454 3962 Amen.

300 3995 658 4064 Antiphona
681 3999 731 4050 3.
765 3995 918 4050 Deus
945 4010 1135 4060 meus,
1170 3994 1411 4064 adjutor
1437 3997 1896 4067 meus,sperabo

223 4085 289 4140 in
317 4098 489 4138 eum:
514 4084 807 4138 Protector
837 4097 1028 4151 meus,
1061 4085 1117 4137 et
1146 4097 1337 4137 cornu
1381 4081 1585 4137 salutis
1643 4099 1814 4151 meae,
1842 4088 1900 4141 et

220 4173 594 4244 Redemptor
624 4187 812 4228 meus.
837 4170 897 4230 Ψ.
956 4170 1260 4226 Liberator
1298 4186 1466 4226 meus
1520 4171 1593 4226 de
1641 4171 1896 4228 inimicis

219 4262 378 4318 meis
394 4262 698 4317 iracundis
721 4279 732 4316 :
757 4263 818 4317 Et
833 4260 910 4316 ab
931 4259 1380 4331 insurgentibus
1401 4257 1462 4316 in
1484 4277 1579 4316 me
1597 4261 1896 4317 exaltabis

221 4368 358 4408 me:
392 4368 429 4407 a
458 4351 586 4408 viro
614 4350 824 4423 iniquo
849 4350 1064 4421 eripies
1093 4366 1209 4405 me.

295 4455 361 4513 [ετ.
389 4442 658 4508 Domine,
687 4439 893 4511 judica
940 4443 1221 4494 nocentes
1242 4455 1358 4504 me,
1389 4441 1446 4494 et
1477 4454 1762 4511 expugna
1793 4439 1898 4496 im-

222 4533 572 4606 pugnantes
601 4545 718 4585 me.
752 4528 1149 4601 Apprehende
1180 4544 1373 4598 arma,
1429 4533 1485 4584 et
1535 4533 1809 4584 scutum:
1844 4524 1902 4585 et

1389 312 1744 370 DOMINICA
1779 310 1830 368 V
1867 308 2476 379 QUADBAGESIMIE.

1909 436 1957 492 A
2057 440 2568 517 0ratio.Gloriose,
2586 450 2818 518 potens,
2850 463 2920 504 ac
2941 451 3275 512 misericors
3291 458 3462 525 Deus,
3492 475 3633 518 erue

3525 337 3632 392 514

1985 543 2095 583 n03
2125 531 2201 586 ab
2227 532 2456 589 insidiis
2485 534 2713 590 inimici
2740 555 2752 604 ;
2776 540 2849 601 et,
2882 552 2956 593 ne
2983 540 3186 598 anima
3237 550 3441 603 nostra
3479 564 3515 603 a
3538 565 3635 605 ru-

1987 618 2200 684 gientis
2225 619 2415 677 leonis
2436 628 2607 694 raptu
2635 624 2848 696 rapido
2864 627 3151 697 rapiatur,
3183 637 3469 702 protectio
3495 637 3634 692 dex-

1989 709 2124 761 terae
2155 712 2269 764 tuae
2296 711 2354 764 in
2387 713 2569 766 nostri
2613 714 2948 770 custodiam
3006 716 3349 788 deputetur:
3391 739 3466 779 ne
3491 725 3636 782 dum

1989 808 2110 848 non
2142 800 2228 849 est
2257 798 2361 869 qui
2379 798 2762 863 redimat,ille
2791 818 2983 858 saevus
3013 806 3408 878 occidat:aut,
3443 811 3493 866 si
3515 828 3636 868 non

1991 887 2078 937 est
2106 884 2209 954 qui
2241 886 2474 942 salvum
2501 888 2694 953 faciat,
2728 890 2822 946 ille
2847 891 3177 950 subvertat.
3197 897 3307 952 Sed
3339 903 3398 953 tu
3426 902 3534 955 Leo
3565 903 3637 957 de

1994 970 2150 1026 tribu
2167 973 2319 1028 Juda
2341 973 2402 1029 in
2423 975 2510 1030 ira
2536 980 2639 1032 tua
2673 994 2925 1048 exurge;
2952 985 3007 1036 et
3023 982 3082 1036 in
3103 985 3414 1041 severitate
3432 988 3637 1057 judicii

1990 1059 2265 1116 insidiosi
2294 1063 2482 1119 hostis
2514 1072 2783 1122 catervas
2807 1068 3105 1125 interime:
3130 1088 3362 1145 nosque
3406 1075 3465 1130 in
3494 1092 3638 1148 pree-

1989 1155 2179 1220 cepto,
2211 1152 2373 1222 quod
2397 1154 2726 1221 mandasti,
2753 1157 2990 1214 credere
3023 1163 3448 1232 etpermanere
3503 1183 3640 1223 con-

1985 1238 2146 1293 cede.

2057 1326 2231 1385 Pater
2257 1333 2476 1386 noster.

2621 1421 2716 1476 Αιι
2739 1423 2994 1482 Nonam.

2223 1507 2628 1566 Ecclesiastici
2656 1511 2992 1569 Salomonis
3035 1515 3197 1586 (Cap.
3229 1519 3390 1591 xxn).

2062 1606 2123 1663 Ri.
2159 1596 2278 1650 Deo
2309 1597 2548 1664 gratias.

2066 1682 2377 1754 Fili,supra
2398 1692 2704 1742 mortuum
2723 1687 2909 1760 plora,
2937 1690 3307 1750 deticitenim
3347 1695 3447 1752 lux
3462 1699 3588 1768 ejus
3622 1715 3636 1754 :

1992 1775 2046 1826 et
2074 1787 2256 1842 supra
2276 1771 2506 1828 fatuum
2521 1776 2912 1846 plora,deﬁcit
2929 1780 3089 1836 enim
3111 1787 3642 1843 sensus.Modicum

1925 1898 1964 1949 Β
1994 1859 2162 1932 plora
2181 1876 2361 1931 super
2376 1867 2702 1929 mortuum,
2727 1867 3015 1937 quoniam
3037 1872 3347 1941 requievit.
3391 1876 3640 1946 Nequis-

1997 1948 2128 2002 simi
2150 1949 2308 2003 enim
2325 1951 2696 2022 nequissima
2721 1954 2840 2008 vita
2857 1972 3039 2026 supra
3054 1966 3306 2015 mortem
3336 1959 3501 2017 fatui.
3538 1966 3643 2019 Lu-

1995 2042 2126 2092 ctus
2147 2039 2603 2110 mortuiseptem
2645 2041 2802 2096 dies:
2825 2042 2968 2098 fatui
3011 2051 3210 2101 autem
3227 2053 3281 2103 et
3310 2050 3493 2120 impii,
3516 2067 3644 2107 om-

1999 2141 2105 2180 nes
2125 2127 2251 2181 dies
2277 2128 2409 2182 vitae
2426 2127 2683 2183 illorum.
2717 2132 2862 2185 Cum
2882 2131 3058 2187 stulto
3071 2149 3144 2188 ne
3167 2136 3420 2192 multum
3440 2139 3642 2211 loqua-

1999 2215 2101 2281 ris,
2127 2218 2334 2270 etcum
2364 2216 2667 2272 insensato
2688 2233 2761 2272 ne
2775 2218 3014 2275 abieris.
3042 2224 3221 2279 Serva
3255 2230 3310 2280 te
3333 2226 3410 2282 ab
3431 2228 3550 2294 illo,
3585 2232 3647 2285 ut

1999 2319 2120 2359 non
2133 2303 2470 2359 molestiam
2483 2304 2792 2374 habeas,et
2807 2323 2928 2362 non
2941 2308 3423 2382 coinquinaberis
3442 2315 3499 2370 in
3515 2332 3648 2388 pec-

1999 2397 2131 2448 cato
2149 2391 2580 2449 illius.Deﬂecte
2605 2395 2681 2450 ab
2707 2395 2828 2459 illo,
2852 2397 3229 2455 etinveniens
3270 2404 3556 2474 requiem,
3591 2407 3648 2461 et

2000 2497 2122 2536 non
2153 2481 2542 2537 accidiaberis
2583 2482 2643 2537 in
2677 2483 2986 2540 stultitiam
3020 2486 3196 2542 illius.
3236 2493 3423 2562 Super
3455 2493 3649 2564 plum-

1999 2569 2147 2625 bum
2161 2570 2302 2641 quid
2319 2571 2754 2639 gravabitur?et
2773 2574 2935 2643 quod
2955 2575 3034 2629 illi
3054 2576 3213 2631 aliud
3228 2594 3443 2636 nomen
3461 2597 3648 2654 quam

2000 2658 2242 2713 fatuus?
2258 2663 2532 2724 Arenam,
2563 2664 2618 2714 et
2650 2659 2858 2728 salem,
2884 2666 2939 2716 et
2965 2679 3232 2720 massam
3257 2667 3393 2723 ferri
3417 2669 3647 2725 facilius

2001 2751 2087 2800 est
2100 2751 2542 2817 portare,quam
2557 2747 2862 2802 hominem
2878 2749 3304 2820 imprudentem
3316 2757 3646 2823 ,etfatuum,

2002 2834 2918 2905 etimpium.Sicutloramentum
2935 2837 3191 2904 ligneum
3209 2843 3573 2912 conligatum
3590 2847 3649 2900 in

2001 2921 2458 2978 fundamentum
2505 2923 2738 2978 aediﬁcii
2777 2939 2898 2980 non
2943 2923 3424 2986 dissolvitur:sic
3472 2937 3527 2988 et
3551 2949 3652 2989 cor

2003 3011 2425 3066 conﬁrmatum
2452 3010 2512 3065 in
2533 3012 2889 3080 cogitatione
2912 3015 3161 3071 consilii.
3191 3019 3437 3075 Domine
3461 3026 3650 3093 pater,

2005 3104 2060 3154 et
2086 3102 2238 3154 Deus
2269 3099 2400 3154 vitae
2422 3115 2591 3167 meae,
2624 3116 2697 3156 ne
2749 3101 3132 3173 derelinquas
3176 3122 3270 3162 me
3303 3107 3362 3162 in
3394 3110 3654 3179 cogitatu

2004 3188 2348 3259 impiorum.
2361 3188 2768 3245 Extollentiam
2781 3189 3094 3247 oculorum
3108 3210 3378 3252 meorum
3393 3213 3466 3253 ne
3480 3198 3654 3255 dede-

2003 3277 2085 3334 ris
2108 3277 2274 3346 mihi,
2301 3281 2356 3332 et
2381 3293 2558 3333 omne
2589 3278 2948 3336 desiderium
2981 3295 3232 3351 pravum
3268 3285 3434 3342 aufer
3462 3302 3497 3342 a
3524 3303 3644 3343 me.

2005 3367 2252 3422 Domine
2278 3366 2357 3422 da
2383 3367 2468 3422 ori
2498 3382 2632 3423 meo
2655 3370 3012 3438 custodiam,
3046 3376 3100 3428 et
3123 3389 3302 3445 super
3337 3374 3499 3432 labia
3521 3391 3656 3433 mea

2006 3456 2384 3527 signaculum
2415 3461 2662 3513 certum.
2693 3469 2755 3528 Βε.
2789 3463 2999 3517 Amen.

2073 3547 2271 3603 Lectio
2325 3546 2463 3601 libri
2502 3547 2800 3605 Samuelis
2822 3550 3008 3607 Primi
3046 3552 3209 3624 (Reg.
3243 3568 3374 3624 cap.
3403 3557 3584 3627 xxxx).

2074 3646 2136 3705 [γ.
2166 3635 2285 3690 Deo
2316 3636 2559 3704 gratias.

2075 3727 2139 3779 ln
2170 3724 2284 3778 illis
2315 3724 2558 3780 diebus:
2581 3725 2936 3784 Philisthiim
2966 3730 3324 3801 pugnabant
3369 3733 3658 3788 adversus

2006 3811 2604 3884 lsrae1:etfugierunt
2648 3815 2758 3870 viri
2779 3815 2959 3872 Israel
3017 3823 3152 3874 ante
3201 3819 3413 3876 faciem
3460 3821 3655 3877 Philis-

2005 3901 2194 3965 thiim,
2228 3905 2284 3956 et
2311 3901 2651 3958 ceciderunt
2677 3902 2964 3960 interfecti
2990 3905 3050 3960 in
3076 3913 3310 3963 montes
3328 3908 3562 3965 Gelboe.
3584 3913 3658 3965 lr-

2005 3995 2368 4060 rueruntque
2398 3989 2831 4046 Philisthiimin
2852 3993 3013 4056 Saul,
3051 3994 3430 4067 etﬂliosejus,
3461 4003 3659 4069 etper-

2007 4078 2678 4148 cusseruntJonatham,
2724 4085 2780 4134 et
2827 4081 3166 4152 Abinadab,
3225 4089 3281 4138 et
3323 4085 3655 4154 Melchisue,

2006 4165 2160 4220 ﬁlios
2191 4163 2348 4234 Saul,
2378 4169 2688 4236 totumque
2701 4167 2940 4237 pondus
2974 4168 3165 4239 preelii
3194 4185 3432 4226 versum
3486 4178 3574 4228 est
3597 4173 3658 4228 in

2011 4252 2152 4309 Saul
2179 4270 2190 4308 :
2214 4257 2269 4309 et
2290 4254 2590 4309 consecuti
2613 4259 2752 4311 sunt
2779 4271 2917 4312 eum
2950 4257 3058 4311 viri
3084 4259 3394 4327 sagittarii,
3437 4265 3492 4317 et
3537 4261 3660 4317 vul-

2011 4347 2252 4399 neratus
2275 4348 2361 4400 est
2386 4343 2767 4400 vehementer
2797 4361 2831 4401 a
2861 4346 3490 4422 sagittariis.Dixitque
3521 4351 3661 4408 Saul

2009 4432 2088 4490 ad
2117 4433 2481 4503 armigerum
2503 4449 2711 4490 suum:
2747 4434 3008 4505 Evagina
3058 4435 3326 4507 gladium
3375 4444 3565 4508 tuum,
3606 4444 3662 4496 et

2009 4526 2250 4594 percute
2279 4538 2408 4582 me:
2434 4537 2508 4578 ne
2524 4522 2672 4578 forte
2697 4525 2938 4580 veniant
2973 4525 3370 4582 incircumcisi
3427 4529 3544 4594 isti,
3605 4533 3663 4585 et

223 4593 472 4690 exurge,
518 4619 674 4675 Deus
717 4593 912 4685 meus,
962 4618 1022 4672 in
1067 4593 1434 4688 adjutorium
1493 4616 1660 4672 mihi.
1696 4629 1758 4687 Ην.
1799 4620 1901 4673 Ex-
1934 4593 1978 4647 D
2009 4593 2363 4668 interﬁciant
2392 4627 2506 4676 me,
2529 4612 2863 4669 inludentes
2889 4614 3055 4669 mihi.
3085 4617 3150 4670 Et
3178 4616 3366 4672 noluit
3405 4593 3664 4688 armiger

223 4725 398 4781 urge,
474 4707 738 4771 Domine,
803 4711 859 4762 et
937 4705 1178 4762 intende
1249 4704 1479 4776 judicio
1536 4721 1707 4770 meo;
1743 4707 1899 4762 Deus

221 4815 424 4864 meus,
461 4802 517 4853 et
546 4797 832 4853 Dominus
887 4811 1056 4851 meus
1089 4795 1393 4862 auxiliare,
1427 4798 1483 4850 et
1534 4794 1786 4866 respice.
1829 4795 1892 4849 P.

221 4888 285 4944 In
322 4889 401 4945 ad
405 4887 427 4958 j
440 4885 646 4942 utorio.

166 5042 172 5046 _
293 4982 525 5035 Preces.
551 4974 1059 5033 Subveniatnobis
1073 4972 1317 5030 Domine
1339 4972 1751 5030 misericordia
1780 4977 1883 5031 tua

223 5069 279 5125 P.
309 5066 619 5124 Velociter.
646 5064 709 5124 ἲν.
737 5063 1056 5133 Sanguinis
1093 5062 1179 5121 tui
1215 5062 1414 5119 hostia
1472 5078 1584 5118 nos
1636 5078 1672 5118 a
1712 5063 1903 5118 crimi-

220 5157 409 5213 nibus
442 5155 632 5212 libera
679 5155 742 5208 P.
801 5151 1101 5208 Velociter.
1146 5151 1207 5210 δι’.
1276 5153 1525 5207 Crucem
1557 5166 1877 5222 perpessus

220 5247 503 5309 Domine,
536 5260 572 5300 a
597 5242 862 5299 cruciatu
886 5257 998 5297 nos
1020 5240 1210 5296 libera
1231 5243 1289 5295 P.
1327 5240 1626 5296 Velociter.
1661 5239 1723 5299 ἵ.
1767 5242 1901 5313 Cruf

217 5336 304 5392 eis
327 5340 448 5393 tuae
479 5331 760 5406 praesidio
785 5347 896 5387 nos
921 5330 1109 5386 libera
1135 5345 1170 5386 a
1201 5328 1497 5401 supplicio
1515 5332 1573 5384 P.
1594 5328 1897 5400 Velociter.

216 5425 279 5485 ἲν.
317 5427 472 5482 Cum
496 5423 728 5478 veneris
746 5419 936 5492 judex
967 5419 1244 5476 omnium
1276 5417 1753 5491 redemptorum,
1776 5421 1899 5474 esto

217 5513 531 5583 refugium
572 5511 637 5566 P.
663 5509 965 5565 Velociter.

295 5604 589 5674 Hymnus.
624 5600 668 5655 Ο
695 5600 1009 5666 Nazarene,
1038 5596 1160 5653 lux.
1194 5595 1306 5667 fol.
1349 5596 1466 5653 144.

2013 4701 2168 4771 ejus:
2189 4699 2550 4758 fueratenim
2577 4701 2762 4758 nimio
2790 4704 2998 4759 timore
3016 4705 3382 4775 perterritus.
3405 4706 3664 4777 Arripuit

2013 4789 2216 4861 itaque
2239 4789 2378 4845 Saul
2402 4788 2754 4860 gladium,et
2770 4790 2949 4846 inruit
2970 4807 3149 4863 super
3171 4793 3662 4858 eum.Quodcum

2014 4877 2264 4933 vidisset
2289 4877 2547 4949 armiger
2571 4879 2619 4949 ej
2633 4894 2719 4943 us,
2740 4879 3011 4936 videlicet
3035 4880 3202 4952 quod
3219 4888 3490 4938 mortuus
3511 4887 3664 4941 esset

2017 4965 2365 5033 Saul,inruit
2392 4965 2710 5037 etiamipse
2734 4982 2912 5038 super
2933 4967 3202 5037 gladium
3229 4976 3662 5040 suum,etmor-

2014 5058 2149 5111 tuus
2178 5058 2266 5110 est
2287 5071 2425 5110 cum
2452 5058 2808 5111 eo.Mortuus
2841 5061 2928 5112 est
2950 5072 3091 5128 ergo
3124 5059 3282 5125 Saul,
3316 5066 3372 5116 et
3394 5065 3507 5116 tres
3557 5062 3664 5116 filii

2014 5145 2160 5215 ejus,
2187 5148 2242 5200 et
2263 5144 2519 5213 armiger
2547 5143 3063 5208 illius,etuniversi
3085 5147 3194 5202 viri
3243 5149 3370 5219 ejus
3394 5150 3569 5220 302
3603 5151 3665 5206 in

2013 5232 2108 5288 die
2130 5232 2230 5289 illa
2249 5233 2771 5304 pariter.Videntes
2785 5240 2985 5290 autem
3004 5236 3109 5291 viri
3146 5237 3342 5304 Israel,
3371 5240 3475 5308 qui
3500 5243 3665 5294 erant

2012 5326 2176 5378 trans
2201 5322 2503 5386 vallem,et
2524 5329 2685 5379 trans
2704 5325 3045 5390 Jordanem,
3066 5326 3228 5396 quod
3252 5326 3541 5394 fugissent
3557 5326 3668 5385 viri

2011 5410 2372 5477 Israelitm,et
2390 5412 2554 5484 quod
2580 5419 2852 5469 mortuus
2882 5418 3039 5469 esset
3066 5414 3223 5478 Saul,
3271 5418 3325 5469 et
3352 5413 3457 5467 ﬁlii
3513 5413 3664 5482 ejus,

2008 5500 2374 5572 reliquerunt
2395 5502 2658 5558 civitates
2682 5501 3216 5572 suas,etfugierunt
3232 5521 3243 5557 :
3261 5503 3665 5568 veneruntque

2011 5588 2456 5664 Philisthiim,et
2473 5590 2895 5652 habitaverunt
2913 5590 3202 5648 ibi.Facta
3224 5592 3422 5646 autem
3439 5586 3534 5642 die
3581 5585 3663 5642 al-
