4192 6406
253 294 355 351 m
1407 311 1449 365 o
1476 307 1779 367 OMINICA
1809 308 1855 363 v
1895 304 2500 375 QUADRAGESlM/E.
3556 320 3665 377 418

317 420 1537 503 Antiphona3.0bprobriuminsipientium
1552 434 1898 490 dedistime.
1942 433 1986 487 A
2017 430 2255 487 soletur.
2288 432 2349 492 γ.
2384 434 2625 499 Omnes,
2657 432 2762 504 qui
2792 434 3206 502 gloriﬁcabant
3223 451 3336 505 me,
3362 438 3668 511 inspreve-

248 508 548 575 Obmutui,
570 513 624 565 et
647 526 768 568 non
793 517 999 585 aperui
1026 534 1095 573 os
1124 536 1344 587 meum,
1376 524 1666 593 quoniam
1688 527 1748 579 tu
1768 523 1905 579 feci-
2015 524 2154 575 runt
2195 537 2290 576 me
2314 539 2325 576 :
2349 521 2624 577 viderunt
2646 522 2805 577 enim
2831 522 3293 591 iniguominiam
3332 543 3554 587 meam.
3578 531 3657 587 P.

250 597 319 652 sti
351 613 362 650 :
399 613 611 653 amove
646 616 681 655 a
710 617 804 656 me
844 603 1082 674 ﬂagella
1113 614 1234 665 tua.
1264 610 1324 669 ἲν.
1364 612 1526 667 Dixi:
1562 613 1903 668 Custodiam
2017 610 2081 663 Et
2099 610 2516 676 congratulati.

250 684 376 739 vias
408 702 572 740 meas
615 693 702 743 :et
731 706 850 745 non
880 692 1226 766 delinquam
1252 698 1314 752 in
1336 698 1539 768 lingua
1560 716 1703 756 mea.
1730 701 1905 756 Posui
2124 697 2349 752 Oratio.
2379 697 2553 761 Deus,
2574 697 2749 769 quiin
2770 698 3187 756 exercitatione
3224 706 3433 759 nostra
3454 705 3666 762 contri-

253 774 338 829 ori
369 789 503 829 meo
521 777 880 843 custodiam,
929 781 1073 838 dum
1104 788 1371 843 consistit
1401 794 1677 859 peccator
1698 789 1901 845 δάνει’.
2014 784 2153 838 stari
2166 784 2574 855 nosinspicis;
2597 786 2675 842 da
2688 786 2861 843 nobis
2874 789 3355 858 potentissimum
3376 792 3666 849 auxilium

256 876 382 916 sum
414 878 529 917 me.
2012 872 2073 926 in
2093 872 2338 929 victoria
2360 879 2583 929 sanctae
2606 876 2805 931 Crucis
2826 893 2839 929 :
2864 881 2929 932 ut
2948 877 3053 948 qui
3076 877 3352 949 exemplo
3374 884 3476 937 tuo
3494 896 3663 937 mun-

318 949 612 1020 Hymnus.
643 954 686 1009 Ο
720 957 1032 1013 Nazarene,
1063 960 1175 1028 fol,
1210 963 1331 1018 144,
2011 959 2155 1014 dum
2171 960 2545 1019 decertamus
2572 963 2860 1033 evincere,
2886 964 3069 1023 cmlos
3094 981 3433 1023 mereamur
3455 972 3668 1042 etpost

319 1038 537 1095 Oratio.
569 1042 796 1100 Christe
832 1046 931 1102 Dei
975 1048 1171 1115 Filius,
1207 1054 1307 1124 qui
1340 1054 1737 1126 obprobrium
1764 1055 1901 1110 insi-
2009 1049 2328 1105 transitum
2359 1051 2684 1120 pOSSidere.
2718 1063 2780 1122 Bi-
2810 1058 3021 1111 Amen.

249 1126 533 1198 pientium
572 1130 765 1187 factus
790 1151 873 1204 es,
907 1151 1120 1193 amove
1147 1155 1181 1194 ει
1211 1141 1385 1196 nobis
1418 1141 1655 1213 ﬂagella
1685 1148 1821 1210 tua;
1846 1146 1902 1199 et
2081 1139 2684 1206 Antiphona.Auditui
2698 1142 2998 1199 meodona
3011 1143 3300 1213 gaudium
3317 1143 3661 1211 etlaatitiam,

242 1214 627 1285 languoribus
654 1222 874 1277 nostris
897 1226 1131 1295 porrige
1152 1229 1547 1287 medicinam:
1583 1236 1645 1288 ut
1669 1249 1703 1287 a
1732 1236 1788 1287 te
1812 1248 1898 1287 re-
2006 1225 2257 1281 Domine
2290 1243 2302 1280 ε
2338 1230 2399 1281 ut
2429 1228 2687 1286 exultent
2715 1245 2853 1287 ossa
2880 1231 3218 1291 humiliata-
3240 1234 3507 1291 Psalmus
3537 1250 3586 1289 ιι.

245 1305 444 1376 specti,
482 1322 605 1362 non
635 1306 901 1366 feramur
922 1315 1209 1387 praecipiti
1231 1317 1318 1373 ira
1348 1320 1724 1376 damnabiles
1750 1338 1762 1385 ;
1790 1319 1895 1375 sed
2080 1315 2307 1370 Oratio.
2340 1316 2683 1373 Clamamus
2713 1319 2792 1374 ad
2838 1323 2913 1384 te.
2950 1321 3227 1389 Domine;
3258 1322 3537 1380 miserere
3557 1338 3663 1381 Πο-

245 1393 511 1464 exemplo
544 1398 659 1451 tuae
686 1398 988 1469 passionis
1027 1403 1353 1462 reddamur
1374 1410 1449 1463 ad
1467 1408 1671 1464 omnia
1698 1407 1893 1465 mites.
2005 1401 2098 1457 bis
2128 1422 2139 1460 :
2166 1418 2314 1459 sana
2356 1405 2591 1461 animas
2629 1411 2901 1478 nostras;
2926 1409 3070 1480 quia
3096 1410 3476 1481 peccavimus
3507 1411 3653 1468 tibi:

315 1480 479 1537 Pater
502 1490 720 1541 noster.
2005 1495 2174 1546 tuum
2199 1497 2285 1546 est
2314 1492 2495 1558 enim,
2551 1494 2738 1551 nostri
2768 1496 3052 1567 misereri,
3085 1480 3409 1569 prorogare
3434 1500 3660 1557 miseri-

830 1578 919 1633 Ad
955 1581 1284 1650 Vesperam.
2004 1579 2274 1636 cordiam
2303 1593 2316 1635 :
2350 1587 2517 1638 tuum
2543 1588 2647 1647 est,
2699 1584 2915 1643 animm
2942 1585 3286 1643 vulneribus
3311 1587 3659 1660 impendere

312 1660 524 1717 Lauda.
549 1664 631 1718 Tu
646 1663 953 1723 illuminas
980 1670 1286 1728 lucernam
1306 1689 1504 1730 meam
1532 1675 1795 1732 Domine.
1830 1676 1893 1736 διν.
2004 1684 2231 1735 curam.
2258 1674 2313 1725 et
2342 1671 2402 1725 in
2428 1672 2735 1739 patefactis
2765 1673 3087 1731 sceleribus
3132 1675 3395 1733 debitam
3418 1693 3541 1734 non
3562 1694 3659 1745 ex-

243 1750 536 1806 Auxilium
559 1768 763 1808 meum
796 1772 828 1808 a
855 1758 1128 1824 Domino,
1160 1763 1430 1818 Ρεαιγηηε
1452 1782 1579 1819 cxx,
1930 1777 1975 1833 Β
2006 1773 2197 1813 serere
2234 1759 2577 1825 vindictam,
2610 1776 2720 1816 nec
2755 1762 3122 1833 condignam
3150 1764 3542 1837 imposterum
3570 1782 3657 1823 re-

314 1839 1053 1908 Antiphona.Abomnibus
1070 1853 1892 1921 persequentibus.V.Domine
2004 1847 2265 1917 pendere
2298 1864 2539 1918 poenam
2573 1866 2586 1903 :
2615 1849 2693 1906 da
2717 1849 3137 1919 humilitatem,
3167 1869 3352 1925 quam
3385 1855 3656 1925 placatus

249 1928 391 1981 Deus
410 1944 581 1984 meus
617 1930 678 1985 in
712 1936 763 1986 te
786 1938 1019 2005 speravi
1052 1953 1065 1990 :
1102 1938 1338 1994 salvum
1372 1957 1465 1995 me
1500 1941 1590 1997 fac
1608 1958 1673 1997 ex
1703 1944 1895 1998 omni-
2000 1934 2309 2006 inspicias,
2335 1938 2603 2009 etaccipe
2643 1938 3171 2007 confeSSionemillt
3190 1948 3438 2014 Ρεϐϐθοίᾶ
3460 1943 3657 2001 dimit-

246 2013 354 2070 bus
383 2021 874 2091 persequentibus
908 2040 1021 2096 me,
1052 2030 1107 2082 et
1137 2028 1295 2099 eripe
1322 2045 1435 2085 me.
2002 2024 2111 2075 tas.
2146 2033 2211 2090 BI-
2238 2023 2449 2079 Αωθῐιο

304 2104 603 2173 Hymnus,
645 2109 907 2167 Verbum
937 2113 1139 2169 Pan-is,
1171 2118 1280 2185 χοι,
1310 2122 1432 2173 252,
2069 2110 2427 2181 Antiphone.
2476 2115 2683 2170 Factus
2714 2131 2851 2172 sum
2894 2116 2957 2173 in
2987 2116 3252 2174 derisum
3290 2122 3411 2177 tota
3450 2118 3566 2187 die,
3598 2123 3654 2179 et

305 2193 605 2261 Capitula.
635 2198 920 2270 Glorioso,
956 2206 1191 2274 potens.
1220 2207 1333 2275 fol.
1362 2212 1485 2265 264.
1999 2213 2209 2253 omnes
2232 2200 2607 2259 subsannant
2635 2220 2752 2259 me.

306 2281 539 2341 Lauda.
574 2286 915 2345 Exclamavi
944 2291 1002 2345 in
1032 2295 1173 2348 toto.
1204 2295 1313 2363 fol,
1340 2300 1464 2353 293,
2071 2288 2405 2345 Canticum.
2432 2291 2726 2349 Seduxisti
2757 2309 2852 2349 me
2876 2294 3145 2352 Domine.
3172 2296 3281 2366 [οἱ.
3311 2294 3437 2353 276.

866 2396 1023 2434 manu
1051 2397 1267 2437 mimi,
2070 2376 2291 2434 Oratio.
2326 2380 2436 2434 Fac
2486 2396 2621 2444 nos,
2654 2382 2904 2439 Domine
2934 2387 3088 2441 Deus
3123 2390 3344 2451 noster,
3375 2389 3439 2444 ut
3461 2400 3571 2443 nec
3591 2386 3653 2449 in

803 2467 901 2522 Ad
918 2469 1307 2527 Matutinum.
1997 2462 2198 2520 derisu
2223 2464 2458 2522 inimice

1997 2462 2198 2520 derisu
2223 2464 2607 2524 inimicorum
2626 2474 2992 2537 nostrorum,
3035 2489 3142 2530 uec
3173 2473 3650 2533 subsannatione

303 2551 672 2621 Antiphona.
719 2554 873 2611 Voce
906 2573 1040 2613 mea
1069 2560 1165 2614 ad,
1200 2562 1468 2617 psalmus
1490 2579 1567 2618 ιη,
1997 2552 2447 2610 adversantium
2469 2572 2579 2613 nos
2595 2556 2912 2629 fatigemur
2932 2580 2945 2619 :
2966 2561 3065 2618 sed
3088 2563 3280 2634 tu,qui
3298 2579 3362 2619 es
3382 2562 3652 2629 defensio

294 2640 370 2695 Et
391 2640 623 2697 Oratio.
658 2643 883 2700 Exaudi
912 2662 1021 2701 nos
1054 2649 1319 2715 nomine,
1341 2650 1452 2715 fol,
1475 2655 1599 2705 275,
1997 2646 2221 2707 nostra,
2277 2658 2314 2699 a
2340 2645 2809 2704 contradictione
2855 2648 3271 2721 improborum
3298 2668 3412 2713 nos
3438 2652 3651 2723 libera,

293 2730 648 2802 Antiphona
666 2733 1047 2806 l.Tanquam
1066 2738 1761 2806 lugens,etcontristatus
1781 2741 1889 2796 hu-
1999 2739 2065 2795 Βί-
2099 2734 2306 2786 Amen-

230 2817 534 2874 miliabar.
564 2822 629 2874 Et
660 2821 981 2878 adversum
1018 2842 1110 2881 me
1143 2827 1320 2881 laetati
1353 2833 1572 2894 sunt,et
1602 2844 1885 2885 convene-

2068 2818 2712 2886 Antiphona.Auditam
2725 2821 2819 2879 fac
2836 2824 2984 2880 mihi
3001 2841 3179 2884 mane
3192 2828 3649 2888 misericordiam

225 2912 375 2963 runt.
411 2907 796 2978 Congregata
818 2918 957 2968 sunt
986 2917 1043 2967 in
1076 2930 1171 2969 me
1202 2914 1458 2985 ﬂagella,
1492 2922 1546 2971 et
1574 2918 1880 2988 ignorave-

1997 2909 2162 2961 tuam
2189 2922 2201 2960 :
2225 2909 2517 2977 quoniam
2548 2908 2609 2964 in
2642 2915 2695 2966 te
2738 2913 2970 2983 speravi
3001 2914 3272 2972 Domine.
3303 2916 3369 2973 P.
3400 2920 3652 2977 Demon-

224 3001 399 3052 runt:
431 2996 503 3055 ῒ.
554 3000 953 3057 Tentaverth
996 3019 1111 3067 me,
1168 3009 1224 3060 et
1274 3004 1608 3062 deriserunt
1636 3006 1835 3062 derisu
1872 3021 1883 3059 :
1998 2999 2119 3051 εἴη
2145 2996 2313 3061 mihi»
2353 2998 2536 3065 Viam:
2564 3013 2670 3069 P9P
2697 3016 2883 3071 quam
2932 3001 3281 3061 αωδυίθωί
3315 3005 3458 3077 (ἰυίᾶ
3488 3006 3567 3063 ad
3596 3011 3651 3065 ίθ

231 3084 569 3141 stridebant
598 3087 657 3142 in
688 3104 783 3143 me
801 3089 1081 3145 dentibus
1115 3092 1257 3149 suis.
1926 3124 1967 3182 ο
1997 3082 2266 3185 90mins.
2294 3084 2784 3185 levavineninlem
2815 3104 3033 3185 lueetn-
3068 3090 3146 3185 t3
3175 3095 3240 3148 1n
3273 3098 3585 3185 tympano.
3616 3110 3651 3153 ο

293 3172 517 3231 Oratio.
547 3174 759 3231 Libera
810 3193 919 3233 nos
947 3177 1195 3235 Domine
1239 3180 1312 3237 de
1345 3182 1788 3239 contristatione
1830 3189 1885 3243 et
1928 3172 1948 3182 ’

1997 3172 2181 3229 choro
2205 3172 2445 3230 laudate
2476 3174 2830 3236 Dominum:
2859 3177 2921 3234 in
2943 3178 3182 3236 chordis
3205 3184 3501 3253 etorgano
3523 3182 3651 3243 laus

224 3261 295 3317 de
326 3263 584 3334 ﬂagellis
608 3272 991 3335 peccatorum
1005 3275 1375 3330 nostrorum:
1397 3278 1458 3328 ut
1480 3289 1599 3328 non
1616 3273 1886 3331 humilie-
1997 3260 2136 3317 date
2165 3277 2323 3318 θυω-

230 3368 367 3408 mur
400 3353 481 3409 ab
500 3354 752 3411 inimicis
770 3358 1041 3414 Eecelsiae
1074 3365 1222 3416 tuae:
1252 3362 1356 3417 sed
1378 3368 1599 3433 praesta
1620 3364 1885 3433 nobis,ut

1729 3364 1889 3433 ,ίεηη
2260 3352 2453 3409 Lectio
2471 3352 2613 3411 libri
2639 3352 2919 3413 Samuelis
2940 3356 3037 3428 (II
3055 3358 3278 3429 Regum
3297 3361 3384 3432 ιι).

221 3445 419 3497 tecum
460 3448 595 3515 post
635 3447 949 3504 transitum
976 3448 1209 3506 inﬁnito
1244 3451 1438 3523 jubilo
1462 3451 1883 3522 jocundemur.
2068 3452 2131 3511 Βιο
2166 3440 2287 3497 Deo
2315 3442 2559 3507 gratias-

231 3539 295 3593 ἢ,
332 3536 544 3587 Amen,
2070 3528 2133 3583 In
2165 3528 2282 3584 illis
2306 3529 2555 3589 diebus:
2580 3530 2780 3587 Abner
2797 3532 2956 3589 ﬁlius
2991 3536 3121 3610 Ner,
3141 3536 3413 3609 princeps
3436 3537 3652 3595 exerci-

293 3619 665 3688 Antiphona.
701 3623 805 3689 Qui
826 3626 1224 3683 tribulantme
1245 3628 1473 3684 inimici
1496 3630 1631 3695 mei,
1662 3632 1773 3703 ipsi
1803 3632 1889 3687 in-
1998 3620 2092 3673 tne
2111 3616 2882 3679 Saul,tulitlsbosethﬁlium
2899 3622 3652 3683 Sauletcircumduxiteum

222 3706 448 3762 ﬁrmati
473 3715 627 3775 sunt,
662 3716 717 3765 et
742 3712 1102 3769 ceciderunt.
1135 3714 1197 3773 lit.
1226 3717 1509 3770 Dominus
1533 3717 1877 3776 illuminatio

1998 3720 2103 3777 per
2113 3713 2660 3778 castra,regemque
2672 3711 3162 3783 constituitsuper
3173 3712 3399 3771 Galaad
3410 3719 3466 3773 et
3480 3729 3653 3786 super

219 3800 445 3862 mea,et
466 3797 628 3850 salus
652 3814 994 3870 mea,quem
1014 3802 1273 3856 timebo?
1301 3805 1586 3859 Dominus
1612 3807 1874 3864 defensat

1999 3795 2257 3858 Gessuri,
2278 3799 2335 3851 et
2356 3796 2843 3866 superJezrael,et
2861 3814 3042 3870 super
3064 3800 3367 3871 Ephraim,
3386 3807 3444 3858 et
3473 3817 3652 3875 super

222 3885 366 3938 vitae
403 3898 575 3950 meas,
609 3901 644 3940 a
668 3901 790 3955 quo
818 3889 1152 3958 trepidabo.
1998 3884 3653 3961 Benjamin,etsuperlsraeluniversum.Quadragintaan-

292 3971 526 4025 Oratio.
552 3973 662 4037 Qui
682 3974 1106 4046 tribulantnos,
1135 3978 1407 4042 Domine,
1432 3978 1804 4037 inﬁrmentur
1832 3989 1889 4039 et
1996 3987 2203 4028 norum
2216 3972 2615 4029 eratlsbosetb
2633 3972 3364 4047 ﬁliusSeul.cumreanare
3379 3980 3652 4049 coepisset

220 4066 932 4131 pereant;cognoscentes
946 4066 1270 4135 potentiam
1286 4071 1452 4121 tuam
1469 4073 1784 4125 retrorsum
1796 4087 1886 4127 re.
1998 4076 2176 4131 super
2198 4061 2397 4149 Israel.
2441 4065 2497 4115 et
2519 4060 2758 4149 (19013115
2784 4063 2956 4119 annis
2980 4067 3275 4133 regnavit:
3292 4066 3419 4124 δοὶᾶ
3447 4073 3651 4149 autem

211 4147 401 4202 deant
435 4159 448 4199 :
481 4154 539 4204 ut
575 4150 833 4206 Ecclesia
880 4157 1003 4222 tua,
1026 4170 1160 4225 quin
1208 4155 1382 4210 estin
1410 4156 1690 4212 omnibus
1718 4163 1885 4216 term
1995 4148 2764 4219 domusJuda,sequebatur
2787 4151 3066 4207 David.Et
3088 4152 3197 4211 fuit
3218 4170 3505 4217 numerus
3526 4155 3647 4211 die-

210 4235 443 4291 ﬁnibus
455 4235 721 4301 dilatata,
732 4240 1072 4309 magniﬁce!
1088 4258 1311 4297 nomen
1332 4248 1523 4309 tuum;
1540 4261 1677 4300 cum
1697 4249 1884 4303 mani-
1992 4252 2311 4309 fumiquos
2324 4242 2710 4294 commoratus
2723 4243 2809 4295 est
2826 4239 3015 4296 DaVid
3030 4240 3325 4312 imperans
3338 4244 3396 4299 in
3410 4244 3650 4300 HebI‘OD

218 4324 442 4381 festata
465 4326 637 4382 fuerit
658 4328 849 4397 gloria
884 4336 1003 4386 tua.
1031 4331 1094 4390 ν.
1126 4336 1335 4387 Amen.
1994 4344 2172 4399 super
2184 4329 2414 4384 domum
2431 4331 2456 4384 J
2464 4329 2577 4385 uda
2591 4334 2819 4400 septem
2832 4339 3317 4399 annorum,etsex
3333 4335 3645 4391 mensium.

289 4414 633 4483 Antiphona
665 4421 718 4473 3.
750 4418 841 4473 Ab
862 4418 1104 4475 homine
1136 4420 1345 4492 iniquo
1371 4425 1429 4477 et
1461 4421 1672 4478 doloso
1696 4423 1882 4483 libera
1915 4477 1955 4494 ﬁ
1993 4422 2396 4490 Egressusque
2421 4422 2510 4474 est
2536 4418 2735 4475 Abner
2754 4419 2910 4476 ﬁlius
2941 4424 3071 4486 Ner,
3099 4426 3155 4480 et
3188 4424 3357 4494 pueri
3380 4424 3649 4483 lsboseth

212 4519 330 4569 me,
372 4477 640 4559 Domine.
666 4506 816 4571 Quia
863 4512 927 4562 tu
975 4524 1036 4563 es
1069 4510 1223 4565 Deus
1242 4477 1441 4573 incus,
1501 4516 1555 4566 et
1581 4477 1882 4569 fortitudo
1915 4477 1958 4532 Β
1990 4477 2095 4563 ﬁlii
2123 4508 2261 4564 Saul
2287 4477 2360 4563 de
2390 4507 2597 4564 castris
2623 4508 2797 4578 juxta
2826 4510 3117 4581 piscinam
3166 4477 3433 4571 (Sabaon.
3466 4516 3647 4570 Porro

212 4608 371 4649 mea.
434 4593 494 4652 ἡ.
536 4595 743 4651 Judica
793 4613 887 4652 me
952 4598 1127 4660 Deus,
1185 4605 1240 4655 et
1288 4600 1561 4655 discerne
1633 4617 1879 4659 causam
1989 4596 2139 4652 Joab
2166 4596 2323 4651 ﬁlius
2351 4597 2590 4663 Sarviaa,
2650 4602 2705 4652 et
2734 4599 2900 4669 pueri
2938 4600 3127 4656 David
3166 4602 3385 4673 egressi
3433 4606 3648 4658 suntet

214 4698 421 4738 meam
453 4682 528 4737 de
568 4689 740 4752 gente
780 4701 903 4742 non
932 4695 1137 4745 sancta
1168 4707 1180 4741 :
1209 4690 1287 4745 ab
1325 4689 1569 4745 homine
1589 4690 1795 4762 iniquo
1824 4698 1883 4750 et
1989 4690 2373 4742 occurrerunt
2396 4685 2481 4739 eis
2514 4686 2685 4756 juxta
2710 4686 2999 4756 piscinam
3030 4688 3298 4746 Gabaon.
3324 4692 3390 4746 Et
3420 4705 3557 4745 cum
3582 4690 3647 4744 in

215 4771 425 4827 doloso
456 4771 644 4828 libera
681 4790 798 4830 me.
1990 4790 2180 4831 unum
2201 4774 2645 4838 convenissent,
2680 4790 2710 4828 e
2736 4774 2977 4843 regione
3002 4776 3281 4835 sederunt
3308 4795 3322 4832 :
3352 4777 3415 4833 hi
3434 4793 3507 4833 ex
3524 4793 3647 4835 una

286 4862 519 4918 Oratio.
549 4866 631 4917 Tu
646 4864 1340 4926 Deusnosterliberanos
1361 4870 1439 4926 ab
1460 4870 1746 4926 omnibus
1766 4871 1877 4927 ini-
1988 4868 2156 4936 parte
2193 4862 2461 4935 piscinae,
2494 4868 2549 4919 et
2579 4862 2661 4918 illi
2690 4877 2763 4918 ex
2793 4862 2997 4920 altera.
3027 4865 3301 4937 Dixitque
3339 4865 3536 4924 Abuer
3564 4866 3646 4925 ad

213 4951 341 5021 quis
356 4954 416 5006 et
441 4950 665 5006 dolosis
693 4971 703 5001 :
732 4962 793 5008 ut
816 4954 996 5025 plena
1018 4957 1266 5013 sanitate
1288 4958 1599 5015 habitante
1620 4959 1681 5014 in
1703 4974 1879 5016 carne
1987 4952 2173 5009 Joabt
2200 4954 2457 5021 δυνεειηι
2477 4950 2676 5023 Pueri,
2697 4956 2754 5009 θῑ
2781 4952 2991 5009 ludam
3007 4968 3211 5013 00mm
3233 4954 3429 5012 DObiS-
3456 4958 3521 5012 Et
3556 4971 3646 5014 re-

212 5044 440 5102 nostra,
472 5040 549 5095 ad
585 5056 873 5098 coronam
908 5059 1247 5101 mercamur
1262 5048 1596 5119 pertingere
1622 5047 1879 5106 destina.
1988 5040 2697 5113 sponditJoab:Surgant.
2721 5042 3111 5101 Surrexerunt
3140 5059 3305 5114 ergo,
3327 5049 3385 5103 et
3399 5046 3643 5103 transie-

219 5130 340 5182 tam
354 5169 370 5185 .
402 5138 467 5193 Rt.
492 5131 702 5184 Amen.
1984 5137 2124 5188 runt
2135 5146 2377 5187 numero
2394 5130 2425 5184 d
2436 5130 2694 5187 uodecim
2706 5130 2780 5186 de
2796 5131 2929 5201 Benj
2938 5132 3191 5197 amin,cx
3204 5139 3365 5206 parte
3380 5134 3642 5193 lsboseth

282 5226 348 5284 Ri.
383 5216 544 5271 Multi
561 5218 809 5275 Domine
831 5221 1086 5289 gemitus
1116 5222 1256 5291 mei,
1283 5228 1340 5280 et
1369 5239 1472 5280 cor
1500 5239 1704 5281 meum
1732 5240 1876 5280 mce-
1984 5220 2087 5276 ﬁlii
2115 5220 2275 5289 Saul,
2296 5225 2354 5275 et
2375 5218 2692 5275 duodecim
2734 5219 2809 5275 de
2827 5221 3027 5291 pueris
3051 5223 3258 5279 David.
3295 5223 3640 5296 Apprehen—

210 5317 371 5359 rens.
400 5304 891 5377 3050uoniam
932 5310 1235 5366 adduxisti
1266 5312 1426 5369 diem
1446 5314 1865 5370 consolationis

1986 5324 2171 5381 soque
2190 5308 2599 5379 unusquisque
2614 5308 2806 5380 capite
2829 5310 3131 5380 comparis
3159 5312 3269 5376 sui,
3295 5311 3501 5365 deﬁxit
3519 5309 3640 5378 gla-

213 5394 331 5447 tute
353 5409 534 5463 super
558 5396 1240 5454 me.Audieruntinimici
1265 5403 1378 5456 mei
1399 5403 1625 5457 malum
1647 5418 1871 5468 meum,
1984 5398 2155 5453 dium
2182 5398 2241 5451 in
2266 5396 2423 5452 latus
2446 5396 2744 5461 contrarii,
2775 5402 2831 5452 et
2855 5396 3197 5453 ceciderunt
3223 5397 3399 5453 simul
3424 5414 3436 5450 :
3462 5412 3639 5451 voca-

212 5478 356 5535 P.Et
385 5484 780 5551 congratulati
808 5491 983 5543 sunt:
1015 5487 1319 5545 vindemia
1347 5505 1469 5561 eos,
1492 5492 1645 5548 sicut
1662 5490 1871 5546 vinde-
1986 5492 2233 5577 tumque
2260 5492 2347 5543 est
2374 5502 2585 5543 nomen
2604 5486 2718 5577 loci
2747 5486 2902 5577 illius
2935 5506 2950 5577 Ξ
2979 5492 3133 5555 Ager
3152 5483 3636 5577 robustorum-{in

213 5568 420 5629 mitis“
443 5586 561 5628 me.
582 5573 735 5638 Quia
746 5573 1099 5647 ingemisco,
1120 5581 1178 5635 et
1200 5594 1323 5636 non
1348 5584 1438 5637 est
1475 5580 1580 5654 qui
1598 5596 1696 5638 me
1724 5593 1869 5637 con-
1988 5574 2331 5633 Gabaon.Et
2348 5580 2548 5634 ortum
2569 5579 2658 5635 est
2674 5574 2900 5637 bellum
2912 5573 3137 5635 durum
3151 5572 3297 5637 satis
3320 5571 3385 5635 in
3403 5569 3499 5629 die
3511 5567 3633 5624 illa:
