4192 6468
238 309 332 364 521

1397 310 1751 368 DOMINICA
1790 310 1840 364 V
1881 309 2488 379 QUADRAGESIME.

3534 321 3642 376 522

241 433 414 491 viris:
467 435 521 488 et
592 432 729 488 fecit
793 435 984 492 David
1043 435 1260 504 Abner,
1316 443 1369 492 et
1413 437 1550 494 viris
1599 439 1728 509 ejus
1774 437 1952 511 quiA
1990 438 2330 495 exardescet
2382 437 2559 509 ignis.
2624 439 2877 494 Locutus
2929 455 3062 496 sum
3101 439 3163 497 in
3214 441 3422 514 lingua
3465 461 3630 503 mea.

237 525 508 581 venerant
529 539 668 578 cum
693 539 782 591 eo,
807 526 1233 582 conviviumJﬂt
1263 527 1408 582 dixit
1443 527 1640 584 Abner
1669 530 1747 585 ad
1775 531 1881 586 Da-

237 613 359 670 vid:
391 614 732 682 Surgam,ut
757 630 1117 686 congregem
1136 617 1214 672 ad
1253 621 1304 672 te
1326 617 1646 673 Dominum
1680 634 1880 674 meum

239 717 428 772 regem
454 717 696 757 omnem
724 703 920 771 Israel,
982 706 1248 762 etineam
1305 712 1502 762 tecum
1553 707 1767 773 fcedus,
1825 712 1881 764 et

239 790 482 862 imperes
512 791 816 859 omnibus,
851 793 1000 850 sicut
1030 794 1328 851 desiderat
1354 795 1558 851 anima
1586 799 1708 853 tua.
1733 799 1876 854 Cum

241 895 372 950 ergo
408 877 750 935 deduxisset
777 881 961 937 David
983 881 1202 949 Abner,
1226 888 1281 939 et
1328 883 1420 938 ille
1470 884 1578 940 iret
1616 884 1676 939 in
1710 900 1876 956 pace,

241 968 424 1026 statim
441 969 910 1040 veneruntpueri
942 971 1146 1038 David,
1168 977 1224 1028 et
1246 972 1394 1028 Joab
1435 972 1605 1028 caesis
1639 972 1876 1030 latroni-

238 1059 359 1123 bus,
401 1073 536 1112 cum
558 1056 768 1129 praeda
798 1073 1024 1129 magna
1054 1061 1231 1115 nimis
1265 1079 1278 1116 :
1303 1060 1502 1116 Abner
1525 1067 1727 1117 autem
1759 1077 1879 1117 non

241 1150 355 1203 erat
379 1161 514 1200 cum
544 1145 734 1200 David
756 1147 814 1201 in
839 1147 1388 1221 Hebron,quiajam
1405 1149 1700 1206 dimiserat
1719 1166 1879 1220 eum,

241 1241 291 1292 et
308 1233 600 1308 profectus
623 1234 813 1291 fuerat
842 1237 904 1291 in
930 1252 1096 1308 pace.
1129 1237 1382 1308 EtJoab,
1413 1239 1684 1294 etomnis
1719 1254 1877 1294 exer-

240 1326 374 1382 citus
396 1325 499 1398 qui
516 1330 686 1381 erant
707 1342 845 1380 cum
872 1341 942 1382 eo
970 1331 1178 1398 postea
1194 1334 1515 1383 venerunt:
1543 1329 1882 1384 nuntiatum

241 1422 322 1471 est
349 1416 545 1486 itaque
567 1413 717 1470 Joab
748 1431 784 1470 a
812 1415 1200 1471 narrantibus
1235 1435 1245 1474 :
1285 1416 1447 1471 Venit
1488 1417 1686 1472 Abner
1725 1416 1882 1472 ﬁlius

241 1507 341 1561 Ner
359 1503 433 1560 ad
463 1519 677 1573 regem,
711 1508 768 1559 et
799 1504 1018 1560 dimisit
1050 1521 1209 1569 eum,
1234 1510 1289 1561 et
1323 1506 1466 1562 abiit
1494 1506 1552 1560 in
1581 1522 1751 1577 pace.
1819 1506 1884 1560 Et

241 1595 536 1664 ingressus
564 1592 818 1648 cstloab
846 1593 924 1649 ad
953 1608 1176 1662 regem,
1231 1600 1286 1649 et
1316 1594 1433 1650 ait:
1463 1595 1613 1660 Quid
1645 1594 1827 1650 fecisti
1857 1593 1884 1649 ?

241 1681 373 1737 Ecce
389 1679 764 1736 venitAbner
779 1680 858 1736 ad
891 1687 976 1736 te:
1005 1698 1191 1753 quare
1213 1682 1487 1738 dimisisti
1507 1682 1886 1750 eum,etabiit

2062 539 2122 596 Bg.
2158 527 2428 595 Domine,
2469 527 2573 599 qui
2599 526 2936 583 consoletur
2957 543 3052 583 me
3078 544 3197 584 non
3224 536 3330 590 est.
3353 533 3637 590 Inimicus

1985 615 2044 671 in
2063 618 2302 673 ossibus
2329 616 2478 672 meis
2529 632 2780 672 manum
2806 632 2982 673 suam
2999 620 3339 688 extendit,P:
3371 624 3438 677 Ut
3459 623 3640 679 tribu-

1984 704 2062 761 let
2093 706 2361 761 me.Vide
2394 721 2536 776 ergo
2567 705 2817 762 Domine
2875 705 3256 763 aﬂlictionem
3305 725 3522 765 meam.
3573 711 3639 771 ῒ.

1985 794 2217 864 Audite,
2240 794 2514 861 obsecro,
2544 801 2838 862 omnes,et
2859 794 3047 850 videte
3079 795 3348 853 dolorem
3391 813 3595 854 meum
3621 815 3636 854 :

1987 883 2088 954 qui
2111 887 2339 938 erectus
2375 887 2464 938 est
2487 882 3414 954 inimicus,etconvertitmanum
3443 902 3638 954 suam,

1987 971 2043 1026 P.
2079 974 2144 1027 Ut
2166 971 2401 1027 tribulet
2421 987 2543 1028 me.

2057 1072 2287 1126 Preces.
2323 1071 2602 1127 Dicamus
2641 1085 2852 1126 omnes
2882 1086 2893 1124 :
2920 1070 3264 1129 Misericors
3287 1072 3556 1140 Domine,
3571 1074 3636 1130 P.

1988 1157 2275 1214 Miserere.
2298 1158 2359 1218 δι’.
2394 1159 2504 1224 Qui
2535 1158 2768 1215 salvare
2798 1161 3096 1217 mundum
3118 1161 3444 1230 veniens,in
3461 1176 3640 1218 carne

1987 1251 2188 1302 nostra
2220 1262 2467 1320 poenam
2523 1247 2687 1303 subis
2718 1246 3068 1312 indebitam,
3118 1251 3197 1306 P.
3240 1249 3531 1308 Miserere.
3574 1250 3637 1310 γ.

1991 1335 2175 1407 Hujus
2206 1341 2395 1392 morte
2419 1340 2575 1392 terra
2605 1336 2866 1406 tremuit,
2892 1339 3150 1392 mundus
3184 1339 3421 1410 expavit
3472 1338 3640 1394 infer-

1988 1440 2103 1479 nus
2134 1424 2331 1480 omnis
2368 1425 2649 1481 exorruit.
2686 1425 2752 1480 P.
2796 1426 3082 1482 Miserere.
3138 1426 3198 1488 ἲν.
3235 1427 3415 1498 Cujus
3463 1430 3642 1500 caput

1990 1513 2313 1569 exaltatum
2339 1514 2400 1569 in
2418 1521 2673 1580 cruce,et
2693 1513 2882 1571 effuso
2905 1515 3296 1587 triumphavit
3327 1518 3638 1587 sanguine.

1991 1604 2060 1657 P.
2101 1603 2384 1659 Miserere.
2416 1602 2477 1665 δῖ.
2511 1605 2594 1659 Tu
2643 1619 2755 1659 nos
2784 1604 2945 1660 cruci
2975 1609 3102 1660 tua;
3135 1605 3407 1678 applica;
3454 1609 3517 1662 ut
3578 1605 3643 1662 in

1993 1707 2165 1747 cruce
2187 1691 2568 1748 coronandos
2595 1691 2912 1761 gloriﬁces,
2945 1693 3007 1746 P.
3029 1692 3324 1750 Miserere.

242 1776 292 1828 et
311 1770 548 1827 recessit
577 1770 876 1839 ‘Ilgnoras
903 1770 1100 1826 Abner
1128 1771 1318 1827 tilium
1341 1772 1765 1844 Ner,quoniam
1806 1770 1882 1827 ad
1914 1789 1955 1844 Β
2067 1789 2367 1858 Hymnus.
2397 1790 2439 1844 ο
2463 1787 2778 1855 Nazarene,
2800 1788 2922 1845 lux.
2952 1790 3063 1859 χοι,
3095 1793 3214 1848 144,

242 1860 345 1916 hoc
367 1859 539 1926 venit,
575 1864 637 1914 ut
665 1859 954 1930 deciperet
978 1865 1050 1928 te,
1080 1865 1136 1915 et
1167 1860 1339 1916 sciret
1375 1861 1599 1916 exitum
1631 1863 1886 1924 tuum,et

244 1948 533 2004 introitum
557 1953 750 2012 tuum,
769 1953 826 2003 et
856 1952 1056 2004 nosset
1084 1949 1448 2020 omnialquee
1478 1950 1647 2018 agis?
1679 1953 1884 2018 Egres-

251 2054 342 2093 sus
372 2036 567 2109 itaque
587 2036 739 2092 Joab
771 2036 976 2103 David,
1022 2037 1182 2093 misit
1210 2040 1448 2094 nuntios
1479 2046 1614 2110 post
1667 2039 1883 2106 Abner,

243 2128 540 2185 etreduxit
565 2144 704 2184 eum
721 2127 799 2184 ad
825 2128 1145 2185 cisternam
1182 2129 1648 2200 Sira,ignorante
1679 2128 1882 2185 David.

243 2221 499 2291 Cumque
534 2217 770 2274 rediiset
796 2218 992 2274 Abner
1016 2219 1076 2273 in
1142 2219 1396 2288 Hebron,
1452 2235 1722 2276 seorsum
1782 2219 1885 2275 ad-

240 2307 400 2365 duxit
432 2321 578 2365 eum
604 2307 750 2363 Joab
778 2307 856 2363 ad
882 2307 1147 2362 medium
1172 2316 1377 2380 portae,
1412 2314 1477 2364 ut
1527 2309 1801 2381 loquetur
1837 2309 1889 2363 ei

241 2397 298 2453 in
322 2397 498 2453 dolo:
543 2401 598 2451 et
620 2397 910 2468 percussit
934 2396 1091 2451 illum
1133 2397 1213 2452 ibi
1251 2398 1601 2468 ininguine,
1659 2405 1711 2453 et
1741 2413 1892 2454 mor-

242 2491 368 2544 tuus
402 2491 495 2542 est
521 2487 583 2541 in
621 2486 903 2541 ultionem
949 2487 1259 2556 sanguinis
1310 2486 1485 2542 Asael
1508 2488 1707 2543 fratris
1736 2487 1885 2558 ejus.

243 2577 403 2642 Quod
425 2591 571 2631 cum
595 2575 860 2631 audisset
911 2575 1095 2631 David
1121 2592 1251 2631 rem
1292 2576 1419 2646 jam
1461 2581 1712 2647 gestam,
1771 2578 1886 2633 ait:

241 2665 490 2722 Mundus
517 2680 628 2734 ego
651 2681 806 2729 sum,
834 2669 889 2721 et
909 2681 1163 2736 regnum
1197 2681 1422 2735 meum,
1464 2665 1632 2737 apud
1684 2669 1891 2722 Deum.

241 2771 425 2827 usque
467 2755 531 2810 in
555 2754 1014 2826 sempiternum.
1057 2753 1121 2814 ir.
1155 2759 1344 2810 Amen

305 2843 658 2914 Antiphona
685 2844 736 2898 1.
774 2843 1179 2900 Susurrabant
1216 2844 1530 2900 adversum
1563 2860 1659 2900 me
1688 2859 1898 2900 omnes

240 2934 464 2990 inimici
493 2933 612 2989 mei
648 2951 660 2988 :
697 2932 1018 2989 adversum
1053 2949 1146 2988 me
1172 2933 1521 3004 cogitabant
1544 2933 1706 2989 mala
1728 2933 1895 2989 mihi.

245 3025 505 3080 Verbum
535 3022 813 3095 iniquum
844 3022 1282 3079 mandaverunt
1303 3023 1625 3080 adversum
1681 3039 1798 3079 me.
1836 3023 1898 3082 ῩΙ.

2068 1895 2291 1952 Oratio.
2315 1896 2495 1960 Educ,
2532 1896 2796 1962 Domine,
2827 1896 3095 1953 animam
3113 1903 3380 1954 nostram
3401 1897 3478 1954 ab
3496 1895 3647 1953 infe-

1993 1985 2072 2041 ris
2106 1991 2195 2052 ;et
2220 2002 2255 2041 a
2284 1983 2874 2041 descendentibusin
2896 1985 3094 2041 lacum
3122 2001 3233 2041 nos
3254 2001 3426 2041 erue:
3461 1983 3649 2058 et,qui

1995 2074 2204 2129 virtute
2220 2078 2322 2129 tua
2342 2073 2726 2130 inenarrabili
2757 2074 3041 2130 Mundum
3082 2074 3520 2146 redempturus,
3545 2073 3648 2129 de-

1997 2162 2288 2218 scendens
2303 2178 2337 2217 a
2352 2161 2864 2233 supernis,inferni
2880 2161 3252 2232 confregistis
3272 2177 3539 2217 recessus
3556 2175 3650 2217 :ne

1996 2257 2240 2324 peccato
2262 2251 2434 2317 duce,
2457 2249 2594 2306 illuc
2625 2249 3016 2317 deducamur,
3048 2250 3279 2307 custodi
3310 2250 3602 2322 propitius
3632 2265 3646 2306 :

1997 2347 2053 2398 et
2101 2346 2346 2414 praesta,
2396 2345 2459 2398 ut
2505 2357 2643 2396 cum
2706 2340 2818 2407 his,
2869 2341 2974 2412 qui
3008 2340 3085 2396 ad
3130 2341 3312 2396 vitam
3362 2344 3650 2396 aeternam

1998 2430 2327 2502 praescripti
2351 2434 2508 2494 sunt,
2552 2430 2659 2485 tibi
2719 2428 2964 2485 modulo
2990 2429 3223 2500 pietatis
3283 2428 3644 2501 psallamust

2000 2523 2177 2591 atque
2197 2521 2255 2574 in
2271 2517 2759 2576 delectationibus
2779 2519 2890 2579 tuis
2907 2517 3270 2574 consortium
3283 2515 3660 2576 beatitudinis

2004 2623 2364 2664 mereamur.

2077 2697 2248 2754 Pater
2273 2700 2495 2753 noster.

2680 2803 2777 2858 Ad
2805 2804 3068 2859 Sextam.

2184 2906 2376 2968 Lectio
2407 2909 2548 2966 libri
2572 2909 2882 2967 Hieremiae
2910 2908 3391 2980 Prophetwwap.
3421 2919 3478 2978 ιι)

2083 3035 2148 3093 BI.
2171 3023 2287 3076 Deo
2324 3018 2564 3090 gratias.

249 3116 478 3170 Etenim
496 3113 680 3168 homo
696 3112 861 3183 pacis
883 3112 1253 3184 meae,inquo
1277 3112 1532 3185 speravi:
1558 3113 1660 3185 qui
1689 3113 1902 3168 edebat
1937 3143 1975 3197 ρ
2085 3114 2217 3167 Haec
2247 3108 2389 3164 dicit
2420 3106 2730 3163 Dominus.
2778 3104 2998 3197 Audite.
3019 3102 3267 3197 verbum
3295 3101 3531 3197 Domini
3561 3101 3658 3197 do-

248 3217 429 3274 panes
465 3201 972 3273 meos,ampliavit
999 3201 1322 3259 adversum
1347 3219 1441 3258 me
1465 3201 1902 3275 supplantatio-

248 3306 404 3347 nem.

319 3379 551 3439 Oratio.
589 3379 805 3434 Christe
823 3379 931 3446 “Dei
961 3379 1080 3444 Fili,
1104 3380 1387 3435 adversus
1423 3395 1602 3452 quem
1625 3384 1678 3435 ct
1709 3395 1907 3434 susur-

247 3471 510 3526 rantium
555 3468 933 3524 inimicorum
982 3468 1144 3526 labia
1186 3473 1343 3525 mota
1394 3474 1553 3525 sunt.
1585 3474 1640 3526 et
1702 3473 1908 3524 contra

249 3575 425 3630 quem
455 3557 1003 3630 verbuminiquum
1050 3558 1216 3614 falsis
1243 3558 1583 3615 ﬁctionibus
1617 3559 1909 3615 formave-

245 3654 388 3704 runt
419 3665 432 3716 ;
463 3653 526 3703 tu
551 3663 661 3703 nos
687 3647 764 3702 ab
780 3648 941 3702 omni
971 3647 1366 3704 tentationum
1389 3664 1625 3717 genere,
1679 3652 1908 3719 protec-

247 3737 433 3794 tionis
453 3743 567 3793 tuae
582 3736 913 3792 munimine
940 3740 1086 3805 tege:
1115 3741 1175 3792 ut
1196 3753 1301 3808 per
1319 3743 1369 3792 te
1389 3738 1642 3793 susurris
1660 3751 1780 3792 non
1791 3749 1911 3791 cae-

245 3825 472 3883 damus
495 3825 760 3880 adversis
794 3824 938 3895 ;qui
961 3841 1197 3895 semper
1222 3825 1409 3881 vincis
1432 3826 1493 3881 in
1525 3826 1911 3897 nospotentia

243 3914 512 3972 Deitatis.
543 3925 606 3981 BI.
633 3913 842 3967 Amen.

320 4005 431 4057 Per
447 3999 946 4056 misericordiam.

321 4089 668 4160 Antiphona
694 4093 744 4143 2.
779 4090 932 4147 Ecce
959 4092 1184 4144 veteres
1201 4088 1450 4159 posuisti
1470 4089 1594 4144 dies
1610 4092 1914 4155 meos,Do‘

243 4179 418 4237 mine
442 4194 454 4233 :
477 4182 532 4234 et
557 4176 891 4234 substantia
919 4192 1054 4233 mea
1079 4182 1354 4248 tanquam
1388 4179 1530 4234 nihil
1568 4184 1703 4234 ante
1727 4182 1778 4233 te
1806 4181 1911 4233 est.

249 4268 666 4341 Opprobrium
696 4266 1000 4339 insipienti
1032 4266 1246 4322 dedisti
1268 4284 1384 4322 me.
1418 4267 1476 4328 ἲν.
1512 4268 1636 4323 Dixi
1667 4287 1678 4325 :
1716 4268 1915 4322 Custo-

248 4358 421 4415 diam
444 4357 572 4413 vias
597 4373 764 4414 meas
791 4373 803 4412 :
836 4361 898 4412 ut
922 4372 1045 4412 non
1069 4355 1415 4429 delinquam
1443 4362 1505 4413 in
1530 4357 1736 4426 lingua
1755 4372 1911 4413 mea.

249 4447 433 4505 Posui
462 4447 548 4502 ori
581 4462 716 4503 meo
745 4446 1105 4517 custodiam,
1153 4446 1294 4502 dum
1330 4448 1596 4504 consistit
1647 4451 1918 4519 peccator

252 4538 581 4595 adversum
610 4553 724 4593 me.

326 4626 559 4683 Oratio.
593 4629 753 4691 Ecce,
792 4626 1058 4694 Domine,
1089 4631 1316 4681 veteres
1367 4633 1508 4683 sunt
1568 4624 1739 4698 positi
1791 4626 1916 4680 dies

254 4718 496 4784 nostri;
547 4717 689 4788 quia
731 4718 791 4771 in
863 4721 1053 4772 vetere
1098 4717 1295 4772 adhuc
1344 4718 1585 4772 homine
1641 4715 1919 4770 ambula-

257 4822 416 4872 mus,
487 4805 634 4860 dum
691 4805 1014 4862 novitatem
1064 4805 1194 4860 vitae
1293 4822 1722 4879 usquequaque
1797 4819 1918 4859 non

257 4896 578 4968 capiamus
605 4913 616 4950 :
638 4911 889 4967 operum
907 4910 1048 4964 ergo
1074 4895 1394 4965 dignorum
1416 4895 1776 4951 exhibitione
1811 4905 1919 4944 nos

259 4984 489 5057 amplia
515 4984 645 5056 ;qui
659 4983 798 5039 ﬁdei
817 4989 931 5039 tuae
945 4983 1119 5038 nobis
1135 4985 1434 5040 contulisti
1455 4983 1694 5041 vexilla:
1718 4985 1778 5036 ut
1797 4994 1920 5034 non

259 5079 488 5132 veteres
515 5074 702 5129 simus
730 5073 789 5128 in
817 5071 1046 5128 actibus
1064 5073 1500 5145 pravitatis,qui
1522 5078 1636 5129 ture
1658 5085 1780 5127 non
1796 5082 1919 5123 cre-

261 5162 804 5220 dimusinnovatos
836 5161 1027 5231 gloria
1043 5163 1369 5233 passionis.
1403 5174 1465 5234 31.
1495 5167 1706 5218 Amen.

334 5254 471 5308 Per.

335 5341 686 5412 Antiphona
714 5346 763 5398 3.
794 5341 947 5396 Dum
981 5341 1243 5396 consistit
1294 5349 1570 5414 peccator
1601 5341 1923 5397 adversum

266 5447 385 5500 me,
422 5432 720 5496 obmutui,
756 5437 812 5487 et
841 5431 1188 5488 humiliatus
1221 5448 1379 5497 sum,
1411 5439 1465 5487 et
1491 5431 1622 5486 silui
1645 5429 1877 5487 abonis
1904 5441 1918 5498 ;

269 5525 326 5578 et
357 5520 531 5578 dolor
555 5537 728 5577 meus
759 5524 966 5578 contra
983 5537 1078 5577 me
1105 5524 1193 5577 est
1217 5536 1471 5593 semper.
1501 5519 1562 5581 it.
1622 5520 1929 5578 Concaluit

273 5626 379 5670 eor
429 5627 635 5669 meum
675 5615 882 5668 contra
924 5627 1074 5669 me:
1127 5616 1182 5668 et
1213 5611 1274 5668 in
1334 5610 1716 5669 meditatione
1794 5627 1931 5669 mea

569 5701 809 5758 PATROL.
852 5701 1144 5759 LXXXVI.

2015 3218 2152 3258 mus
2178 3198 2384 3265 Jacob,
2425 3201 2481 3252 et
2509 3210 2720 3252 omnes
2768 3194 3152 3264 cognationes
3174 3192 3391 3248 domus
3441 3190 3659 3247 Israel:

2014 3292 2140 3347 haec
2173 3289 2312 3345 dicit
2332 3288 2618 3342 Dominus
2647 3302 2658 3339 :
2685 3283 2838 3349 Quid
2877 3284 3231 3338 invenerunt
3259 3286 3453 3353 patres
3485 3278 3662 3336 vestri

2014 3382 2075 3436 in
2116 3375 2574 3449 meiniquitatis,
2599 3373 3190 3446 quiaelongaverunt
3229 3387 3264 3426 a
3297 3386 3402 3439 me,
3459 3373 3515 3425 et
3540 3385 3664 3424 ams

2013 3470 2520 3538 bulaveruntpost
2546 3465 2886 3528 vanitatem,
2943 3467 2999 3517 et
3022 3462 3164 3517 vani
3194 3460 3331 3516 facti
3362 3460 3543 3514 sunt?
3600 3460 3666 3513 Et

2014 3576 2137 3617 non
2159 3559 2432 3615 dixerunt
2457 3573 2470 3607 :
2501 3553 2607 3609 Ubi
2636 3558 2722 3608 est
2747 3551 3056 3615 Dominus,
3088 3549 3192 3621 qui
3217 3547 3537 3604 ascendere
3554 3562 3665 3602 nos

2015 3650 2150 3705 fecit
2174 3648 2246 3703 de
2271 3651 2424 3703 terra
2452 3641 2717 3714 zEgypti:
2749 3640 2854 3713 qui
2887 3638 3146 3696 traduxit
3172 3653 3282 3693 nos
3303 3653 3409 3709 per
3461 3636 3665 3692 deser-

2017 3747 2162 3809 tum,
2191 3752 2290 3808 per
2316 3739 2536 3791 terram
2570 3729 3020 3787 inhabitabilem
3037 3727 3207 3799 307
3235 3731 3290 3782 et
3314 3726 3670 3796 inviam,per

2019 3832 2238 3884 terram
2265 3823 2408 3889 sitis,
2435 3827 2491 3878 et
2509 3820 2836 3889 imaginem
2865 3818 3096 3882 mortis,
3129 3821 3186 3871 et
3217 3831 3322 3887 per
3353 3813 3669 3883 terram,in

2017 3933 2139 3989 qua
2168 3930 2291 3969 non
2330 3909 2658 3968 ambulavit
2678 3908 2781 3972 vir,
2811 3921 3006 3978 neque
3030 3903 3316 3960 habitavit
3345 3903 3570 3959 homo?
3605 3905 3671 3957 Et

2019 4001 2229 4059 induxi
2253 4016 2360 4057 vos
2389 4014 2494 4071 per
2521 4003 2740 4053 terram
2753 3993 3024 4056 Carmeli,
3059 3996 3122 4047 ut
3151 3991 3540 4048 comederetis
3554 3990 3674 4048 fru-

2021 4096 2182 4148 ctum
2209 4091 2355 4159 ejus,
2386 4092 2442 4142 et
2460 4085 2623 4141 bona
2647 4082 2840 4138 illius:
2881 4088 2937 4136 et
2963 4078 3216 4151 ingressi
3233 4079 3674 4134 contaminastis

2022 4187 2242 4237 terram
2271 4191 2492 4242 meam,
2525 4180 2581 4228 et
2608 4169 2994 4227 hereditatem
3033 4183 3234 4223 meam
3277 4165 3564 4238 posuistis
3613 4165 3672 4220 in

2025 4267 2554 4326 abominationem.
2586 4258 2932 4317 Sacerdotes
2956 4273 3078 4313 non
3101 4255 3373 4311 dixerunt
3401 4273 3412 4310 :
3457 4253 3568 4310 Ubi
3590 4260 3676 4309 est

2027 4355 2312 4413 Dominus
2341 4354 2367 4408 ?
2394 4357 2450 4408 et
2479 4354 2742 4406 tenentes
2765 4347 2958 4416 legem
2972 4344 3310 4402 nescierunt
3334 4359 3451 4413 me,
3494 4349 3546 4398 et
3572 4358 3676 4415 pa‘

2027 4451 2215 4502 stores
2245 4439 2611 4516 praevaricati
2646 4441 2787 4494 sunt
2809 4437 2869 4492 in
2898 4451 2991 4492 me
3013 4453 3024 4490 :
3046 4434 3417 4506 etprophetaa
3432 4431 3677 4504 prophe-

2027 4539 2293 4590 taverunt
2322 4534 2380 4587 in
2419 4527 2648 4599 Baal,et
2674 4526 3031 4582 idolasecuti
3062 4524 3554 4593 sunt.Propterea
3570 4520 3676 4577 ad-

2026 4626 2137 4680 hoc
2162 4622 2384 4694 judicio
2415 4617 2774 4675 contendam
2813 4615 3150 4679 vobiscum,
3171 4613 3252 4668 ait
3284 4612 3589 4674 Dominus,
3624 4613 3682 4664 et

2027 4731 2164 4770 cum
2196 4712 2332 4767 tiliis
2355 4709 2566 4765 vestris
2599 4705 2964 4777 disceptado.
2998 4701 3265 4758 Transite
3332 4699 3412 4756 ad
3450 4698 3680 4755 insulas

2029 4803 2271 4871 Cethim,
2291 4799 2556 4856 etvidete
2594 4814 2606 4853 :
2641 4803 2695 4851 et
2726 4797 2784 4850 in
2813 4793 2999 4849 Ccdar
3031 4792 3270 4858 mittite,
3293 4795 3348 4845 et
3406 4786 3694 4844 conside-.

2026 4897 2151 4949 rate
2179 4891 2561 4946 vehementer
2596 4905 2607 4939 :
2641 4889 2696 4940 et
2731 4883 2921 4939 videte
2963 4882 3012 4937 si
3040 4881 3265 4938 factum
3304 4883 3391 4935 est
3409 4877 3682 4949 hujusce-

2028 4981 2213 5038 modi.
2242 4979 2296 5037 Si
2321 4976 2572 5034 mutavit
2602 4989 2747 5045 gens
2765 4973 2908 5028 deos
2941 4987 3102 5034 suos,
3130 4975 3186 5026 et
3213 4973 3368 5026 certe
3429 4967 3544 5040 ipsi
3561 4983 3684 5024 non

2029 5075 2160 5127 sunt
2190 5069 2266 5124 dii
2293 5084 2315 5125 .·
2347 5064 2605 5140 populus
2633 5077 2772 5118 vero
2812 5077 2982 5117 meus
3014 5058 3479 5130 mutavitgloria
3510 5073 3685 5114 suam

2026 5161 2087 5216 in
2114 5159 2367 5216 idolum.
2409 5152 2816 5226 Obstupescite
2842 5152 2970 5207 caeli
3036 5166 3215 5223 super
3273 5150 3470 5216 hoc,et
3500 5151 3687 5220 portae

2029 5251 2158 5321 ejus
2171 5245 2518 5304 desolamini
2532 5240 3075 5304 vehementer,dicit
3090 5237 3523 5296 Dominus.Duo
3537 5235 3689 5292 enim

2032 5339 2194 5395 mala
2225 5338 2358 5394 fecit
2385 5335 2638 5408 populus
2675 5349 2870 5387 meus:
2900 5333 2980 5387 Mc
3004 5327 3689 5400 dereliqueruntfontem

2035 5446 2207 5501 aquae
2231 5428 2456 5493 \'ivre,et
2477 5423 2754 5479 foderunt
2769 5420 2881 5476 sibi
2903 5420 3188 5475 cisternas
3205 5416 3688 5501 dissipatas,qu£e

2037 5497 2339 5576 continere
2378 5530 2500 5571 non
2517 5512 2932 5582 valentaquas.
2954 5505 3259 5578 Numquid
3275 5516 3484 5559 servus
3509 5497 3690 5554 estIs-

2039 5608 2181 5675 rael,
2216 5613 2316 5665 aut
2342 5601 2698 5663 vernaculus
2728 5601 2755 5655 ?
2784 5613 2970 5671 quare
3001 5610 3142 5666 ergo
3159 5593 3348 5653 factus
3364 5589 3518 5732 e1s7tin
3545 5594 3710 5656 praes.
