  <div class='ocr_page' id='page_1' title='image "/cluster/home/n/w/nwhite01/storage/ocr_20150623/86/umn.31951002477379d/270.png"; bbox 0 0 4192 6452; ppageno 0'>
   <div class='ocr_carea' id='block_1_1' title="bbox 234 346 332 413">
    <p class='ocr_par' dir='ltr' id='par_1_1' title="bbox 234 346 332 413">
     <span class='ocr_line' id='line_1_1' title="bbox 234 346 332 413; baseline -0.02 0"><span class='ocrx_word' id='word_1_1' title='bbox 234 346 332 413; x_wconf 76' lang='lat'>525</span> 
     </span>
    </p>
   </div>
   <div class='ocr_carea' id='block_1_2' title="bbox 1394 340 2475 419">
    <p class='ocr_par' dir='ltr' id='par_1_2' title="bbox 1394 340 2475 419">
     <span class='ocr_line' id='line_1_2' title="bbox 1394 340 2475 419; baseline 0.003 -13"><span class='ocrx_word' id='word_1_2' title='bbox 1394 351 1744 407; x_wconf 79' lang='lat' dir='ltr'>DOMINICA</span> <span class='ocrx_word' id='word_1_3' title='bbox 1784 349 1830 406; x_wconf 89' lang='lat' dir='ltr'><strong>V</strong></span> <span class='ocrx_word' id='word_1_4' title='bbox 1869 340 2475 419; x_wconf 62' lang='lat' dir='ltr'>QUADRAGESIMrE.</span> 
     </span>
    </p>
   </div>
   <div class='ocr_carea' id='block_1_3' title="bbox 3528 350 3635 416">
    <p class='ocr_par' dir='ltr' id='par_1_3' title="bbox 3528 350 3635 416">
     <span class='ocr_line' id='line_1_3' title="bbox 3528 350 3635 416; baseline 0 0"><span class='ocrx_word' id='word_1_5' title='bbox 3528 350 3635 416; x_wconf 73' lang='lat'>526</span> 
     </span>
    </p>
   </div>
   <div class='ocr_carea' id='block_1_4' title="bbox 236 476 3629 555">
    <p class='ocr_par' dir='ltr' id='par_1_4' title="bbox 236 476 3629 555">
     <span class='ocr_line' id='line_1_4' title="bbox 236 476 3629 555; baseline 0.001 -17"><span class='ocrx_word' id='word_1_6' title='bbox 236 482 309 539; x_wconf 88' lang='lat' dir='ltr'>ad</span> <span class='ocrx_word' id='word_1_7' title='bbox 330 494 522 535; x_wconf 89' lang='lat' dir='ltr'>servos</span> <span class='ocrx_word' id='word_1_8' title='bbox 545 492 688 531; x_wconf 91' lang='lat' dir='ltr'>suos</span> <span class='ocrx_word' id='word_1_9' title='bbox 711 497 721 533; x_wconf 90' lang='lat'><strong>:</strong></span> <span class='ocrx_word' id='word_1_10' title='bbox 748 479 900 532; x_wconf 87' lang='lat' dir='ltr'>Num</span> <span class='ocrx_word' id='word_1_11' title='bbox 933 477 1214 547; x_wconf 75' lang='lat' dir='ltr'>ignoratis</span> <span class='ocrx_word' id='word_1_12' title='bbox 1244 476 1536 546; x_wconf 88' lang='lat' dir='ltr'>quoniam</span> <span class='ocrx_word' id='word_1_13' title='bbox 1591 492 1861 547; x_wconf 82' lang='lat' dir='ltr'>princeps</span> <span class='ocrx_word' id='word_1_14' title='bbox 1910 477 1959 530; x_wconf 88' lang='lat' dir='ltr'><strong>A</strong></span> <span class='ocrx_word' id='word_1_15' title='bbox 1988 479 2187 531; x_wconf 90' lang='lat' dir='ltr'>autem</span> <span class='ocrx_word' id='word_1_16' title='bbox 2206 476 2728 545; x_wconf 79' lang='lat' dir='ltr'>regnavittriginta</span> <span class='ocrx_word' id='word_1_17' title='bbox 2785 479 2969 533; x_wconf 88' lang='lat' dir='ltr'>tribus</span> <span class='ocrx_word' id='word_1_18' title='bbox 2996 483 3168 537; x_wconf 90' lang='lat' dir='ltr'>annis</span> <span class='ocrx_word' id='word_1_19' title='bbox 3191 500 3368 555; x_wconf 86' lang='lat' dir='ltr'>super</span> <span class='ocrx_word' id='word_1_20' title='bbox 3383 500 3629 542; x_wconf 92' lang='lat' dir='ltr'>omnem</span> 
     </span>
    </p>
   </div>
   <div class='ocr_carea' id='block_1_5' title="bbox 236 564 1877 635">
    <p class='ocr_par' dir='ltr' id='par_1_5' title="bbox 236 564 1877 635">
     <span class='ocr_line' id='line_1_5' title="bbox 236 564 1877 635; baseline -0.004 -9"><span class='ocrx_word' id='word_1_21' title='bbox 236 571 523 626; x_wconf 81' lang='lat' dir='ltr'>maximus</span> <span class='ocrx_word' id='word_1_22' title='bbox 553 565 762 621; x_wconf 83' lang='lat' dir='ltr'>cecidit</span> <span class='ocrx_word' id='word_1_23' title='bbox 792 566 970 621; x_wconf 84' lang='lat' dir='ltr'>hodie</span> <span class='ocrx_word' id='word_1_24' title='bbox 991 566 1053 621; x_wconf 91' lang='lat' dir='ltr'>in</span> <span class='ocrx_word' id='word_1_25' title='bbox 1072 564 1284 620; x_wconf 87' lang='lat' dir='ltr'>Israel?</span> <span class='ocrx_word' id='word_1_26' title='bbox 1316 568 1436 635; x_wconf 89' lang='lat' dir='ltr'>Ego</span> <span class='ocrx_word' id='word_1_27' title='bbox 1460 571 1656 620; x_wconf 90' lang='lat' dir='ltr'>autem</span> <span class='ocrx_word' id='word_1_28' title='bbox 1678 565 1877 620; x_wconf 91' lang='lat' dir='ltr'>adhuc</span> 
     </span>
    </p>
   </div>
   <div class='ocr_carea' id='block_1_6' title="bbox 239 654 1876 727">
    <p class='ocr_par' dir='ltr' id='par_1_6' title="bbox 239 654 1876 727">
     <span class='ocr_line' id='line_1_6' title="bbox 239 654 1876 727; baseline -0.004 -13"><span class='ocrx_word' id='word_1_29' title='bbox 239 659 527 721; x_wconf 88' lang='lat' dir='ltr'>delicatus,</span> <span class='ocrx_word' id='word_1_30' title='bbox 562 660 617 711; x_wconf 92' lang='lat' dir='ltr'>et</span> <span class='ocrx_word' id='word_1_31' title='bbox 655 659 868 710; x_wconf 86' lang='lat' dir='ltr'>unctus</span> <span class='ocrx_word' id='word_1_32' title='bbox 895 672 1027 711; x_wconf 78' lang='lat' dir='ltr'>rex:</span> <span class='ocrx_word' id='word_1_33' title='bbox 1066 671 1243 727; x_wconf 88' lang='lat' dir='ltr'>porro</span> <span class='ocrx_word' id='word_1_34' title='bbox 1274 654 1376 708; x_wconf 91' lang='lat' dir='ltr'>viri</span> <span class='ocrx_word' id='word_1_35' title='bbox 1401 655 1495 709; x_wconf 94' lang='lat' dir='ltr'>isti</span> <span class='ocrx_word' id='word_1_36' title='bbox 1518 656 1619 709; x_wconf 82' lang='lat' dir='ltr'>lilii</span> <span class='ocrx_word' id='word_1_37' title='bbox 1659 655 1876 711; x_wconf 76' lang='lat' dir='ltr'>Sarviae</span> 
     </span>
    </p>
   </div>
   <div class='ocr_carea' id='block_1_7' title="bbox 241 742 1878 802">
    <p class='ocr_par' dir='ltr' id='par_1_7' title="bbox 241 742 1878 802">
     <span class='ocr_line' id='line_1_7' title="bbox 241 742 1878 802; baseline -0.003 0"><span class='ocrx_word' id='word_1_38' title='bbox 241 747 365 802; x_wconf 88' lang='lat' dir='ltr'>duri</span> <span class='ocrx_word' id='word_1_39' title='bbox 392 748 525 800; x_wconf 90' lang='lat' dir='ltr'>sunt</span> <span class='ocrx_word' id='word_1_40' title='bbox 555 743 731 798; x_wconf 89' lang='lat' dir='ltr'>mihi:</span> <span class='ocrx_word' id='word_1_41' title='bbox 760 742 1041 798; x_wconf 80' lang='lat' dir='ltr'>retribuat</span> <span class='ocrx_word' id='word_1_42' title='bbox 1064 742 1349 798; x_wconf 86' lang='lat' dir='ltr'>Dominus</span> <span class='ocrx_word' id='word_1_43' title='bbox 1381 742 1617 797; x_wconf 81' lang='lat' dir='ltr'>facienti</span> <span class='ocrx_word' id='word_1_44' title='bbox 1650 742 1878 797; x_wconf 88' lang='lat' dir='ltr'>malum</span> 
     </span>
    </p>
   </div>
   <div class='ocr_carea' id='block_1_8' title="bbox 239 830 1879 905">
    <p class='ocr_par' dir='ltr' id='par_1_8' title="bbox 239 830 1879 905">
     <span class='ocr_line' id='line_1_8' title="bbox 239 830 1879 905; baseline -0.004 -16"><span class='ocrx_word' id='word_1_45' title='bbox 239 838 397 905; x_wconf 77' lang='lat' dir='ltr'>juxta</span> <span class='ocrx_word' id='word_1_46' title='bbox 418 831 706 890; x_wconf 82' lang='lat' dir='ltr'>malitiam</span> <span class='ocrx_word' id='word_1_47' title='bbox 738 848 929 888; x_wconf 90' lang='lat' dir='ltr'>suam.</span> <span class='ocrx_word' id='word_1_48' title='bbox 966 833 1142 901; x_wconf 86' lang='lat' dir='ltr'>(Cap.</span> <span class='ocrx_word' id='word_1_49' title='bbox 1179 832 1282 897; x_wconf 84' lang='lat' dir='ltr'>iv.)</span> <span class='ocrx_word' id='word_1_50' title='bbox 1314 830 1771 886; x_wconf 87' lang='lat' dir='ltr'>Audivitautem</span> <span class='ocrx_word' id='word_1_51' title='bbox 1806 832 1879 883; x_wconf 90' lang='lat' dir='ltr'>[s-</span> 
     </span>
    </p>
   </div>
   <div class='ocr_carea' id='block_1_9' title="bbox 242 918 1873 991">
    <p class='ocr_par' dir='ltr' id='par_1_9' title="bbox 242 918 1873 991">
     <span class='ocr_line' id='line_1_9' title="bbox 242 918 1873 991; baseline -0.004 -13"><span class='ocrx_word' id='word_1_52' title='bbox 242 920 441 978; x_wconf 86' lang='lat' dir='ltr'>boseth</span> <span class='ocrx_word' id='word_1_53' title='bbox 456 920 610 976; x_wconf 86' lang='lat' dir='ltr'>ﬁlius</span> <span class='ocrx_word' id='word_1_54' title='bbox 629 919 955 991; x_wconf 90' lang='lat' dir='ltr'>Saul,quod</span> <span class='ocrx_word' id='word_1_55' title='bbox 976 919 1285 975; x_wconf 82' lang='lat' dir='ltr'>cecidisset</span> <span class='ocrx_word' id='word_1_56' title='bbox 1306 919 1503 974; x_wconf 74' lang='lat' dir='ltr'>Abner</span> <span class='ocrx_word' id='word_1_57' title='bbox 1530 919 1587 973; x_wconf 91' lang='lat' dir='ltr'>in</span> <span class='ocrx_word' id='word_1_58' title='bbox 1604 918 1873 973; x_wconf 85' lang='lat' dir='ltr'>Hebron:</span> 
     </span>
    </p>
   </div>
   <div class='ocr_carea' id='block_1_10' title="bbox 244 1006 1881 1079">
    <p class='ocr_par' dir='ltr' id='par_1_10' title="bbox 244 1006 1881 1079">
     <span class='ocr_line' id='line_1_10' title="bbox 244 1006 1881 1079; baseline -0.005 -11"><span class='ocrx_word' id='word_1_59' title='bbox 244 1018 295 1068; x_wconf 87' lang='lat' dir='ltr'>et</span> <span class='ocrx_word' id='word_1_60' title='bbox 321 1008 623 1065; x_wconf 71' lang='lat' dir='ltr'>dissolutae</span> <span class='ocrx_word' id='word_1_61' title='bbox 646 1012 784 1063; x_wconf 89' lang='lat' dir='ltr'>sunt</span> <span class='ocrx_word' id='word_1_62' title='bbox 813 1025 1029 1065; x_wconf 90' lang='lat' dir='ltr'>manus</span> <span class='ocrx_word' id='word_1_63' title='bbox 1052 1008 1531 1079; x_wconf 82' lang='lat' dir='ltr'>ejus,omnisque</span> <span class='ocrx_word' id='word_1_64' title='bbox 1566 1006 1881 1078; x_wconf 86' lang='lat' dir='ltr'>Israelper—</span> 
     </span>
    </p>
   </div>
   <div class='ocr_carea' id='block_1_11' title="bbox 244 1097 1881 1168">
    <p class='ocr_par' dir='ltr' id='par_1_11' title="bbox 244 1097 1881 1168">
     <span class='ocr_line' id='line_1_11' title="bbox 244 1097 1881 1168; baseline -0.003 -12"><span class='ocrx_word' id='word_1_65' title='bbox 244 1100 502 1157; x_wconf 90' lang='lat' dir='ltr'>turbatus</span> <span class='ocrx_word' id='word_1_66' title='bbox 542 1102 648 1152; x_wconf 89' lang='lat' dir='ltr'>est.</span> <span class='ocrx_word' id='word_1_67' title='bbox 680 1100 805 1152; x_wconf 88' lang='lat' dir='ltr'>Duo</span> <span class='ocrx_word' id='word_1_68' title='bbox 838 1103 1038 1152; x_wconf 89' lang='lat' dir='ltr'>autem</span> <span class='ocrx_word' id='word_1_69' title='bbox 1088 1097 1195 1152; x_wconf 90' lang='lat' dir='ltr'>viri</span> <span class='ocrx_word' id='word_1_70' title='bbox 1246 1097 1546 1168; x_wconf 86' lang='lat' dir='ltr'>principes</span> <span class='ocrx_word' id='word_1_71' title='bbox 1580 1097 1881 1152; x_wconf 85' lang='lat' dir='ltr'>latronum</span> 
     </span>
    </p>
   </div>
   <div class='ocr_carea' id='block_1_12' title="bbox 245 1184 1883 1251">
    <p class='ocr_par' dir='ltr' id='par_1_12' title="bbox 245 1184 1883 1251">
     <span class='ocr_line' id='line_1_12' title="bbox 245 1184 1883 1251; baseline -0.004 -6"><span class='ocrx_word' id='word_1_72' title='bbox 245 1193 401 1246; x_wconf 88' lang='lat' dir='ltr'>erant</span> <span class='ocrx_word' id='word_1_73' title='bbox 428 1186 550 1241; x_wconf 89' lang='lat' dir='ltr'>ﬁlio</span> <span class='ocrx_word' id='word_1_74' title='bbox 585 1185 980 1251; x_wconf 91' lang='lat' dir='ltr'>Saul,nomen</span> <span class='ocrx_word' id='word_1_75' title='bbox 1011 1188 1114 1241; x_wconf 90' lang='lat' dir='ltr'>uni</span> <span class='ocrx_word' id='word_1_76' title='bbox 1149 1190 1365 1249; x_wconf 89' lang='lat' dir='ltr'>Baana,</span> <span class='ocrx_word' id='word_1_77' title='bbox 1397 1191 1686 1240; x_wconf 90' lang='lat' dir='ltr'>etnomen</span> <span class='ocrx_word' id='word_1_78' title='bbox 1717 1184 1883 1240; x_wconf 89' lang='lat' dir='ltr'>alteri</span> 
     </span>
    </p>
   </div>
   <div class='ocr_carea' id='block_1_13' title="bbox 244 1272 1877 1344">
    <p class='ocr_par' dir='ltr' id='par_1_13' title="bbox 244 1272 1877 1344">
     <span class='ocr_line' id='line_1_13' title="bbox 244 1272 1877 1344; baseline -0.004 -11"><span class='ocrx_word' id='word_1_79' title='bbox 244 1272 599 1344; x_wconf 87' lang='lat' dir='ltr'>Rechab,ﬁlii</span> <span class='ocrx_word' id='word_1_80' title='bbox 628 1276 921 1328; x_wconf 88' lang='lat' dir='ltr'>Remmon</span> <span class='ocrx_word' id='word_1_81' title='bbox 944 1274 1248 1329; x_wconf 73' lang='lat' dir='ltr'>Berothitze</span> <span class='ocrx_word' id='word_1_82' title='bbox 1275 1273 1347 1327; x_wconf 91' lang='lat' dir='ltr'>de</span> <span class='ocrx_word' id='word_1_83' title='bbox 1372 1273 1505 1327; x_wconf 84' lang='lat' dir='ltr'>ﬁliis</span> <span class='ocrx_word' id='word_1_84' title='bbox 1527 1273 1834 1343; x_wconf 89' lang='lat' dir='ltr'>Benjamin</span> <span class='ocrx_word' id='word_1_85' title='bbox 1867 1288 1877 1326; x_wconf 93' lang='lat'><strong>:</strong></span> 
     </span>
    </p>
   </div>
   <div class='ocr_carea' id='block_1_14' title="bbox 242 1361 1886 1437">
    <p class='ocr_par' dir='ltr' id='par_1_14' title="bbox 242 1361 1886 1437">
     <span class='ocr_line' id='line_1_14' title="bbox 242 1361 1886 1437; baseline -0.003 -16"><span class='ocrx_word' id='word_1_86' title='bbox 242 1363 527 1437; x_wconf 86' lang='lat' dir='ltr'>siquidem</span> <span class='ocrx_word' id='word_1_87' title='bbox 562 1367 617 1417; x_wconf 90' lang='lat' dir='ltr'>et</span> <span class='ocrx_word' id='word_1_88' title='bbox 657 1363 867 1416; x_wconf 85' lang='lat' dir='ltr'>Beroth</span> <span class='ocrx_word' id='word_1_89' title='bbox 894 1366 1168 1432; x_wconf 74' lang='lat' dir='ltr'>reputate</span> <span class='ocrx_word' id='word_1_90' title='bbox 1223 1367 1313 1416; x_wconf 91' lang='lat' dir='ltr'>est</span> <span class='ocrx_word' id='word_1_91' title='bbox 1350 1361 1411 1415; x_wconf 93' lang='lat' dir='ltr'>in</span> <span class='ocrx_word' id='word_1_92' title='bbox 1442 1362 1754 1431; x_wconf 83' lang='lat' dir='ltr'>Benjamin</span> <span class='ocrx_word' id='word_1_93' title='bbox 1784 1378 1795 1413; x_wconf 89' lang='lat'><strong>:</strong></span> <span class='ocrx_word' id='word_1_94' title='bbox 1830 1363 1886 1416; x_wconf 91' lang='lat' dir='ltr'>et</span> 
     </span>
    </p>
   </div>
   <div class='ocr_carea' id='block_1_15' title="bbox 242 1449 1886 1523">
    <p class='ocr_par' dir='ltr' id='par_1_15' title="bbox 242 1449 1886 1523">
     <span class='ocr_line' id='line_1_15' title="bbox 242 1449 1886 1523; baseline -0.004 -13"><span class='ocrx_word' id='word_1_95' title='bbox 242 1455 507 1523; x_wconf 84' lang='lat' dir='ltr'>fugerunt</span> <span class='ocrx_word' id='word_1_96' title='bbox 545 1450 857 1506; x_wconf 70' lang='lat' dir='ltr'>Berothitae</span> <span class='ocrx_word' id='word_1_97' title='bbox 887 1450 949 1504; x_wconf 90' lang='lat' dir='ltr'>in</span> <span class='ocrx_word' id='word_1_98' title='bbox 972 1450 1247 1513; x_wconf 85' lang='lat' dir='ltr'>Gethaim,</span> <span class='ocrx_word' id='word_1_99' title='bbox 1282 1449 1639 1522; x_wconf 89' lang='lat' dir='ltr'>fueruntque</span> <span class='ocrx_word' id='word_1_100' title='bbox 1670 1450 1753 1504; x_wconf 91' lang='lat' dir='ltr'>ibi</span> <span class='ocrx_word' id='word_1_101' title='bbox 1785 1452 1886 1503; x_wconf 92' lang='lat' dir='ltr'>ad-</span> 
     </span>
    </p>
   </div>
   <div class='ocr_carea' id='block_1_16' title="bbox 240 1538 1887 1611">
    <p class='ocr_par' dir='ltr' id='par_1_16' title="bbox 240 1538 1887 1611">
     <span class='ocr_line' id='line_1_16' title="bbox 240 1538 1887 1611; baseline -0.002 -15"><span class='ocrx_word' id='word_1_102' title='bbox 240 1558 397 1597; x_wconf 67' lang='lat' dir='ltr'>vena:</span> <span class='ocrx_word' id='word_1_103' title='bbox 419 1555 613 1611; x_wconf 89' lang='lat' dir='ltr'>usque</span> <span class='ocrx_word' id='word_1_104' title='bbox 653 1538 731 1595; x_wconf 89' lang='lat' dir='ltr'>ad</span> <span class='ocrx_word' id='word_1_105' title='bbox 767 1544 1003 1609; x_wconf 85' lang='lat' dir='ltr'>tempus</span> <span class='ocrx_word' id='word_1_106' title='bbox 1034 1538 1200 1593; x_wconf 88' lang='lat' dir='ltr'>illud.</span> <span class='ocrx_word' id='word_1_107' title='bbox 1239 1541 1372 1593; x_wconf 83' lang='lat' dir='ltr'>Erat</span> <span class='ocrx_word' id='word_1_108' title='bbox 1394 1544 1593 1593; x_wconf 87' lang='lat' dir='ltr'>autem</span> <span class='ocrx_word' id='word_1_109' title='bbox 1618 1538 1887 1593; x_wconf 72' lang='lat' dir='ltr'>Jonathre</span> 
     </span>
    </p>
   </div>
   <div class='ocr_carea' id='block_1_17' title="bbox 240 1626 1885 1698">
    <p class='ocr_par' dir='ltr' id='par_1_17' title="bbox 240 1626 1885 1698">
     <span class='ocr_line' id='line_1_17' title="bbox 240 1626 1885 1698; baseline -0.002 -13"><span class='ocrx_word' id='word_1_110' title='bbox 240 1630 351 1685; x_wconf 89' lang='lat' dir='ltr'>ﬁlio</span> <span class='ocrx_word' id='word_1_111' title='bbox 379 1628 513 1685; x_wconf 90' lang='lat' dir='ltr'>Saul</span> <span class='ocrx_word' id='word_1_112' title='bbox 533 1626 697 1683; x_wconf 85' lang='lat' dir='ltr'>ﬁlius</span> <span class='ocrx_word' id='word_1_113' title='bbox 719 1626 933 1681; x_wconf 84' lang='lat' dir='ltr'>debilis</span> <span class='ocrx_word' id='word_1_114' title='bbox 957 1626 1212 1698; x_wconf 90' lang='lat' dir='ltr'>pedibus</span> <span class='ocrx_word' id='word_1_115' title='bbox 1241 1645 1252 1681; x_wconf 93' lang='lat'>:</span> <span class='ocrx_word' id='word_1_116' title='bbox 1285 1627 1691 1698; x_wconf 89' lang='lat' dir='ltr'>quinquennis</span> <span class='ocrx_word' id='word_1_117' title='bbox 1727 1627 1885 1681; x_wconf 88' lang='lat' dir='ltr'>enim</span> 
     </span>
    </p>
   </div>
   <div class='ocr_carea' id='block_1_18' title="bbox 241 1715 1887 1790">
    <p class='ocr_par' dir='ltr' id='par_1_18' title="bbox 241 1715 1887 1790">
     <span class='ocr_line' id='line_1_18' title="bbox 241 1715 1887 1790; baseline -0.004 -16"><span class='ocrx_word' id='word_1_118' title='bbox 241 1718 359 1786; x_wconf 91' lang='lat' dir='ltr'>fuit,</span> <span class='ocrx_word' id='word_1_119' title='bbox 390 1716 641 1790; x_wconf 89' lang='lat' dir='ltr'>quando</span> <span class='ocrx_word' id='word_1_120' title='bbox 671 1715 832 1771; x_wconf 85' lang='lat' dir='ltr'>venit</span> <span class='ocrx_word' id='word_1_121' title='bbox 857 1715 1112 1770; x_wconf 89' lang='lat' dir='ltr'>nuncius</span> <span class='ocrx_word' id='word_1_122' title='bbox 1144 1715 1218 1770; x_wconf 90' lang='lat' dir='ltr'>de</span> <span class='ocrx_word' id='word_1_123' title='bbox 1270 1715 1408 1771; x_wconf 90' lang='lat' dir='ltr'>Saul</span> <span class='ocrx_word' id='word_1_124' title='bbox 1436 1720 1491 1770; x_wconf 89' lang='lat' dir='ltr'>et</span> <span class='ocrx_word' id='word_1_125' title='bbox 1532 1715 1788 1771; x_wconf 85' lang='lat' dir='ltr'>Jonatha</span> <span class='ocrx_word' id='word_1_126' title='bbox 1815 1730 1887 1769; x_wconf 82' lang='lat' dir='ltr'>ex</span> 
     </span>
    </p>
   </div>
   <div class='ocr_carea' id='block_1_19' title="bbox 1987 564 3633 643">
    <p class='ocr_par' dir='ltr' id='par_1_19' title="bbox 1987 564 3633 643">
     <span class='ocr_line' id='line_1_19' title="bbox 1987 564 3633 643; baseline 0.008 -25"><span class='ocrx_word' id='word_1_127' title='bbox 1987 564 2165 619; x_wconf 81' lang='lat' dir='ltr'>Israel</span> <span class='ocrx_word' id='word_1_128' title='bbox 2186 566 2492 621; x_wconf 88' lang='lat' dir='ltr'>etJudam.</span> <span class='ocrx_word' id='word_1_129' title='bbox 2522 568 2585 621; x_wconf 87' lang='lat' dir='ltr'>Et</span> <span class='ocrx_word' id='word_1_130' title='bbox 2602 566 2941 628; x_wconf 80' lang='lat' dir='ltr'>abiitrex,et</span> <span class='ocrx_word' id='word_1_131' title='bbox 2962 584 3172 625; x_wconf 90' lang='lat' dir='ltr'>omnes</span> <span class='ocrx_word' id='word_1_132' title='bbox 3199 572 3306 626; x_wconf 90' lang='lat' dir='ltr'>viri</span> <span class='ocrx_word' id='word_1_133' title='bbox 3328 575 3432 643; x_wconf 92' lang='lat' dir='ltr'>qui</span> <span class='ocrx_word' id='word_1_134' title='bbox 3463 580 3633 631; x_wconf 89' lang='lat' dir='ltr'>erant</span> 
     </span>
    </p>
   </div>
   <div class='ocr_carea' id='block_1_20' title="bbox 1986 654 3634 724">
    <p class='ocr_par' dir='ltr' id='par_1_20' title="bbox 1986 654 3634 724">
     <span class='ocr_line' id='line_1_20' title="bbox 1986 654 3634 724; baseline 0.007 -17"><span class='ocrx_word' id='word_1_135' title='bbox 1986 669 2123 707; x_wconf 90' lang='lat' dir='ltr'>cum</span> <span class='ocrx_word' id='word_1_136' title='bbox 2143 670 2228 724; x_wconf 89' lang='lat' dir='ltr'>eo,</span> <span class='ocrx_word' id='word_1_137' title='bbox 2255 654 2313 708; x_wconf 94' lang='lat' dir='ltr'>in</span> <span class='ocrx_word' id='word_1_138' title='bbox 2342 654 2729 717; x_wconf 83' lang='lat' dir='ltr'>Hierusalem,</span> <span class='ocrx_word' id='word_1_139' title='bbox 2749 656 2825 710; x_wconf 91' lang='lat' dir='ltr'>ad</span> <span class='ocrx_word' id='word_1_140' title='bbox 2851 656 3222 713; x_wconf 68' lang='lat' dir='ltr'>Jebustesum</span> <span class='ocrx_word' id='word_1_141' title='bbox 3237 660 3634 719; x_wconf 88' lang='lat' dir='ltr'>habitatorem</span> 
     </span>
    </p>
   </div>
   <div class='ocr_carea' id='block_1_21' title="bbox 1990 742 3634 817">
    <p class='ocr_par' dir='ltr' id='par_1_21' title="bbox 1990 742 3634 817">
     <span class='ocr_line' id='line_1_21' title="bbox 1990 742 3634 817; baseline 0.004 -21"><span class='ocrx_word' id='word_1_142' title='bbox 1990 746 2155 796; x_wconf 61' lang='lat' dir='ltr'>terrae</span> <span class='ocrx_word' id='word_1_143' title='bbox 2181 758 2191 794; x_wconf 90' lang='lat'><strong>:</strong></span> <span class='ocrx_word' id='word_1_144' title='bbox 2217 742 2563 813; x_wconf 87' lang='lat' dir='ltr'>dictumque</span> <span class='ocrx_word' id='word_1_145' title='bbox 2583 748 2668 798; x_wconf 92' lang='lat' dir='ltr'>est</span> <span class='ocrx_word' id='word_1_146' title='bbox 2690 744 2869 799; x_wconf 90' lang='lat' dir='ltr'>David</span> <span class='ocrx_word' id='word_1_147' title='bbox 2886 745 2963 800; x_wconf 90' lang='lat' dir='ltr'>ab</span> <span class='ocrx_word' id='word_1_148' title='bbox 2986 746 3071 800; x_wconf 92' lang='lat' dir='ltr'>eis</span> <span class='ocrx_word' id='word_1_149' title='bbox 3092 763 3101 798; x_wconf 92' lang='grc'>;</span> <span class='ocrx_word' id='word_1_150' title='bbox 3126 750 3251 802; x_wconf 89' lang='lat' dir='ltr'>Non</span> <span class='ocrx_word' id='word_1_151' title='bbox 3294 748 3634 817; x_wconf 88' lang='lat' dir='ltr'>ingredieris</span> 
     </span>
    </p>
   </div>
   <div class='ocr_carea' id='block_1_22' title="bbox 1987 828 3637 893">
    <p class='ocr_par' dir='ltr' id='par_1_22' title="bbox 1987 828 3637 893">
     <span class='ocr_line' id='line_1_22' title="bbox 1987 828 3637 893; baseline 0.006 -10"><span class='ocrx_word' id='word_1_152' title='bbox 1987 828 2123 891; x_wconf 84' lang='lat' dir='ltr'>huc,</span> <span class='ocrx_word' id='word_1_153' title='bbox 2148 830 2263 883; x_wconf 89' lang='lat' dir='ltr'>nisi</span> <span class='ocrx_word' id='word_1_154' title='bbox 2287 831 2601 885; x_wconf 81' lang='lat' dir='ltr'>abstuleris</span> <span class='ocrx_word' id='word_1_155' title='bbox 2628 848 2821 887; x_wconf 71' lang='lat' dir='ltr'>crecos</span> <span class='ocrx_word' id='word_1_156' title='bbox 2844 838 2899 887; x_wconf 91' lang='lat' dir='ltr'>et</span> <span class='ocrx_word' id='word_1_157' title='bbox 2919 832 3166 889; x_wconf 89' lang='lat' dir='ltr'>claudos</span> <span class='ocrx_word' id='word_1_158' title='bbox 3187 835 3482 891; x_wconf 89' lang='lat' dir='ltr'>dicentes:</span> <span class='ocrx_word' id='word_1_159' title='bbox 3509 839 3637 893; x_wconf 88' lang='lat' dir='ltr'>Non</span> 
     </span>
    </p>
   </div>
   <div class='ocr_carea' id='block_1_23' title="bbox 1988 916 3639 992">
    <p class='ocr_par' dir='ltr' id='par_1_23' title="bbox 1988 916 3639 992">
     <span class='ocr_line' id='line_1_23' title="bbox 1988 916 3639 992; baseline 0.004 -21"><span class='ocrx_word' id='word_1_160' title='bbox 1988 916 2352 985; x_wconf 80' lang='lat' dir='ltr'>ingredietur</span> <span class='ocrx_word' id='word_1_161' title='bbox 2395 919 2578 973; x_wconf 85' lang='lat' dir='ltr'>David</span> <span class='ocrx_word' id='word_1_162' title='bbox 2610 919 2746 974; x_wconf 86' lang='lat' dir='ltr'>huc.</span> <span class='ocrx_word' id='word_1_163' title='bbox 2792 922 2951 992; x_wconf 90' lang='lat' dir='ltr'>Cepit</span> <span class='ocrx_word' id='word_1_164' title='bbox 2974 926 3172 977; x_wconf 88' lang='lat' dir='ltr'>autem</span> <span class='ocrx_word' id='word_1_165' title='bbox 3212 923 3400 978; x_wconf 86' lang='lat' dir='ltr'>David</span> <span class='ocrx_word' id='word_1_166' title='bbox 3438 939 3639 979; x_wconf 86' lang='lat' dir='ltr'>arcem</span> 
     </span>
    </p>
   </div>
   <div class='ocr_carea' id='block_1_24' title="bbox 1992 1005 3638 1081">
    <p class='ocr_par' dir='ltr' id='par_1_24' title="bbox 1992 1005 3638 1081">
     <span class='ocr_line' id='line_1_24' title="bbox 1992 1005 3638 1081; baseline 0.006 -24"><span class='ocrx_word' id='word_1_167' title='bbox 1992 1006 2149 1073; x_wconf 86' lang='lat' dir='ltr'>Sion,</span> <span class='ocrx_word' id='word_1_168' title='bbox 2173 1005 2301 1062; x_wconf 76' lang='lat' dir='ltr'>haec</span> <span class='ocrx_word' id='word_1_169' title='bbox 2332 1013 2418 1061; x_wconf 91' lang='lat' dir='ltr'>est</span> <span class='ocrx_word' id='word_1_170' title='bbox 2446 1007 2646 1063; x_wconf 82' lang='lat' dir='ltr'>civitas</span> <span class='ocrx_word' id='word_1_171' title='bbox 2678 1008 2881 1065; x_wconf 88' lang='lat' dir='ltr'>David.</span> <span class='ocrx_word' id='word_1_172' title='bbox 2914 1010 3313 1081; x_wconf 84' lang='lat' dir='ltr'>Proposuerat</span> <span class='ocrx_word' id='word_1_173' title='bbox 3337 1012 3497 1067; x_wconf 92' lang='lat' dir='ltr'>enim</span> <span class='ocrx_word' id='word_1_174' title='bbox 3530 1011 3638 1067; x_wconf 90' lang='lat' dir='ltr'>Da-</span> 
     </span>
    </p>
   </div>
   <div class='ocr_carea' id='block_1_25' title="bbox 1990 1093 3641 1168">
    <p class='ocr_par' dir='ltr' id='par_1_25' title="bbox 1990 1093 3641 1168">
     <span class='ocr_line' id='line_1_25' title="bbox 1990 1093 3641 1168; baseline 0.005 -22"><span class='ocrx_word' id='word_1_175' title='bbox 1990 1093 2093 1147; x_wconf 88' lang='lat' dir='ltr'>vid</span> <span class='ocrx_word' id='word_1_176' title='bbox 2133 1094 2192 1149; x_wconf 92' lang='lat' dir='ltr'>in</span> <span class='ocrx_word' id='word_1_177' title='bbox 2232 1095 2327 1151; x_wconf 91' lang='lat' dir='ltr'>die</span> <span class='ocrx_word' id='word_1_178' title='bbox 2366 1095 2465 1150; x_wconf 89' lang='lat' dir='ltr'>illa</span> <span class='ocrx_word' id='word_1_179' title='bbox 2504 1096 2843 1167; x_wconf 84' lang='lat' dir='ltr'>praemium,</span> <span class='ocrx_word' id='word_1_180' title='bbox 2888 1098 2991 1168; x_wconf 86' lang='lat' dir='ltr'>qui</span> <span class='ocrx_word' id='word_1_181' title='bbox 3030 1099 3420 1168; x_wconf 88' lang='lat' dir='ltr'>percussisset</span> <span class='ocrx_word' id='word_1_182' title='bbox 3464 1099 3641 1154; x_wconf 85' lang='lat' dir='ltr'>Jebu-</span> 
     </span>
    </p>
   </div>
   <div class='ocr_carea' id='block_1_26' title="bbox 1994 1183 3643 1251">
    <p class='ocr_par' dir='ltr' id='par_1_26' title="bbox 1994 1183 3643 1251">
     <span class='ocr_line' id='line_1_26' title="bbox 1994 1183 3643 1251; baseline 0.004 -15"><span class='ocrx_word' id='word_1_183' title='bbox 1994 1200 2202 1248; x_wconf 79' lang='lat' dir='ltr'>saeum,</span> <span class='ocrx_word' id='word_1_184' title='bbox 2237 1188 2292 1237; x_wconf 91' lang='lat' dir='ltr'>et</span> <span class='ocrx_word' id='word_1_185' title='bbox 2314 1183 2596 1251; x_wconf 82' lang='lat' dir='ltr'>tetigisset</span> <span class='ocrx_word' id='word_1_186' title='bbox 2624 1184 2934 1239; x_wconf 89' lang='lat' dir='ltr'>domatum</span> <span class='ocrx_word' id='word_1_187' title='bbox 2958 1184 3271 1249; x_wconf 84' lang='lat' dir='ltr'>fistulas,et</span> <span class='ocrx_word' id='word_1_188' title='bbox 3299 1186 3643 1242; x_wconf 85' lang='lat' dir='ltr'>abstulisset</span> 
     </span>
    </p>
   </div>
   <div class='ocr_carea' id='block_1_27' title="bbox 1993 1271 3642 1330">
    <p class='ocr_par' dir='ltr' id='par_1_27' title="bbox 1993 1271 3642 1330">
     <span class='ocr_line' id='line_1_27' title="bbox 1993 1271 3642 1330; baseline 0.002 -5"><span class='ocrx_word' id='word_1_189' title='bbox 1993 1288 2183 1326; x_wconf 82' lang='lat' dir='ltr'>caecos</span> <span class='ocrx_word' id='word_1_190' title='bbox 2217 1275 2273 1326; x_wconf 92' lang='lat' dir='ltr'>et</span> <span class='ocrx_word' id='word_1_191' title='bbox 2302 1271 2549 1326; x_wconf 86' lang='lat' dir='ltr'>claudos</span> <span class='ocrx_word' id='word_1_192' title='bbox 2573 1272 2839 1327; x_wconf 92' lang='lat' dir='ltr'>odientes</span> <span class='ocrx_word' id='word_1_193' title='bbox 2859 1273 3127 1328; x_wconf 89' lang='lat' dir='ltr'>animam</span> <span class='ocrx_word' id='word_1_194' title='bbox 3158 1274 3347 1329; x_wconf 89' lang='lat' dir='ltr'>David</span> <span class='ocrx_word' id='word_1_195' title='bbox 3375 1291 3388 1327; x_wconf 89' lang='lat'><strong>:</strong></span> <span class='ocrx_word' id='word_1_196' title='bbox 3423 1274 3642 1330; x_wconf 89' lang='lat' dir='ltr'>ideirco</span> 
     </span>
    </p>
   </div>
   <div class='ocr_carea' id='block_1_28' title="bbox 1992 1358 3645 1429">
    <p class='ocr_par' dir='ltr' id='par_1_28' title="bbox 1992 1358 3645 1429">
     <span class='ocr_line' id='line_1_28' title="bbox 1992 1358 3645 1429; baseline 0.003 -15"><span class='ocrx_word' id='word_1_197' title='bbox 1992 1358 2201 1414; x_wconf 88' lang='lat' dir='ltr'>dicitur</span> <span class='ocrx_word' id='word_1_198' title='bbox 2216 1358 2275 1413; x_wconf 90' lang='lat' dir='ltr'>in</span> <span class='ocrx_word' id='word_1_199' title='bbox 2294 1359 2606 1429; x_wconf 87' lang='lat' dir='ltr'>proverbio</span> <span class='ocrx_word' id='word_1_200' title='bbox 2642 1378 2650 1412; x_wconf 94' lang='lat'>:</span> <span class='ocrx_word' id='word_1_201' title='bbox 2674 1363 2869 1416; x_wconf 65' lang='lat' dir='ltr'>Caecus</span> <span class='ocrx_word' id='word_1_202' title='bbox 2893 1365 2948 1417; x_wconf 90' lang='lat' dir='ltr'>et</span> <span class='ocrx_word' id='word_1_203' title='bbox 2970 1360 3205 1417; x_wconf 86' lang='lat' dir='ltr'>claudus</span> <span class='ocrx_word' id='word_1_204' title='bbox 3228 1379 3334 1415; x_wconf 91' lang='lat' dir='ltr'>non</span> <span class='ocrx_word' id='word_1_205' title='bbox 3354 1361 3645 1419; x_wconf 84' lang='lat' dir='ltr'>intrabunt</span> 
     </span>
    </p>
   </div>
   <div class='ocr_carea' id='block_1_29' title="bbox 1993 1446 2710 1518">
    <p class='ocr_par' dir='ltr' id='par_1_29' title="bbox 1993 1446 2710 1518">
     <span class='ocr_line' id='line_1_29' title="bbox 1993 1446 2710 1518; baseline 0 -15"><span class='ocrx_word' id='word_1_206' title='bbox 1993 1447 2052 1503; x_wconf 93' lang='lat' dir='ltr'>in</span> <span class='ocrx_word' id='word_1_207' title='bbox 2076 1446 2386 1518; x_wconf 88' lang='lat' dir='ltr'>templum.</span> <span class='ocrx_word' id='word_1_208' title='bbox 2412 1458 2477 1517; x_wconf 67' lang='lat' dir='ltr'>Bg.</span> <span class='ocrx_word' id='word_1_209' title='bbox 2502 1452 2710 1503; x_wconf 84' lang='lat' dir='ltr'>Amen.</span> 
     </span>
    </p>
   </div>
   <div class='ocr_carea' id='block_1_30' title="bbox 2065 1537 3642 1605">
    <p class='ocr_par' dir='ltr' id='par_1_30' title="bbox 2065 1537 3642 1605">
     <span class='ocr_line' id='line_1_30' title="bbox 2065 1537 3642 1605; baseline 0.005 -17"><span class='ocrx_word' id='word_1_210' title='bbox 2065 1537 2416 1604; x_wconf 75' lang='lat' dir='ltr'>Antiphone</span> <span class='ocrx_word' id='word_1_211' title='bbox 2446 1542 2493 1589; x_wconf 87' lang='grc'>1.</span> <span class='ocrx_word' id='word_1_212' title='bbox 2528 1537 2741 1592; x_wconf 88' lang='lat' dir='ltr'>Omnia</span> <span class='ocrx_word' id='word_1_213' title='bbox 2770 1552 2911 1592; x_wconf 90' lang='lat' dir='ltr'>ossa</span> <span class='ocrx_word' id='word_1_214' title='bbox 2934 1554 3071 1593; x_wconf 89' lang='lat' dir='ltr'>mea</span> <span class='ocrx_word' id='word_1_215' title='bbox 3099 1539 3301 1595; x_wconf 89' lang='lat' dir='ltr'>dicent</span> <span class='ocrx_word' id='word_1_216' title='bbox 3335 1562 3347 1595; x_wconf 89' lang='lat'><strong>:</strong></span> <span class='ocrx_word' id='word_1_217' title='bbox 3372 1540 3642 1605; x_wconf 90' lang='lat' dir='ltr'>Domine,</span> 
     </span>
    </p>
   </div>
   <div class='ocr_carea' id='block_1_31' title="bbox 1995 1623 3647 1697">
    <p class='ocr_par' dir='ltr' id='par_1_31' title="bbox 1995 1623 3647 1697">
     <span class='ocr_line' id='line_1_31' title="bbox 1995 1623 3647 1697; baseline 0.004 -20"><span class='ocrx_word' id='word_1_218' title='bbox 1995 1624 2130 1695; x_wconf 90' lang='lat' dir='ltr'>quis</span> <span class='ocrx_word' id='word_1_219' title='bbox 2147 1623 2469 1678; x_wconf 87' lang='lat' dir='ltr'>similistibi</span> <span class='ocrx_word' id='word_1_220' title='bbox 2484 1623 2511 1676; x_wconf 77' lang='lat'>?</span> <span class='ocrx_word' id='word_1_221' title='bbox 2532 1623 2795 1696; x_wconf 82' lang='lat' dir='ltr'>Eripiens</span> <span class='ocrx_word' id='word_1_222' title='bbox 2820 1626 2879 1680; x_wconf 91' lang='lat' dir='ltr'>in</span> <span class='ocrx_word' id='word_1_223' title='bbox 2906 1642 3083 1697; x_wconf 91' lang='lat' dir='ltr'>opem</span> <span class='ocrx_word' id='word_1_224' title='bbox 3100 1626 3173 1682; x_wconf 86' lang='lat' dir='ltr'>de</span> <span class='ocrx_word' id='word_1_225' title='bbox 3192 1645 3374 1683; x_wconf 89' lang='lat' dir='ltr'>manu</span> <span class='ocrx_word' id='word_1_226' title='bbox 3390 1630 3647 1686; x_wconf 85' lang='lat' dir='ltr'>fortioris</span> 
     </span>
    </p>
   </div>
   <div class='ocr_carea' id='block_1_32' title="bbox 1998 1713 3647 1787">
    <p class='ocr_par' dir='ltr' id='par_1_32' title="bbox 1998 1713 3647 1787">
     <span class='ocr_line' id='line_1_32' title="bbox 1998 1713 3647 1787; baseline 0.004 -20"><span class='ocrx_word' id='word_1_227' title='bbox 1998 1713 2046 1782; x_wconf 89' lang='lat' dir='ltr'>ej</span> <span class='ocrx_word' id='word_1_228' title='bbox 2059 1730 2149 1777; x_wconf 91' lang='lat' dir='ltr'>us,</span> <span class='ocrx_word' id='word_1_229' title='bbox 2171 1717 2224 1766; x_wconf 89' lang='lat' dir='ltr'>ct</span> <span class='ocrx_word' id='word_1_230' title='bbox 2240 1727 2497 1781; x_wconf 85' lang='lat' dir='ltr'>egenum</span> <span class='ocrx_word' id='word_1_231' title='bbox 2522 1716 2576 1766; x_wconf 91' lang='lat' dir='ltr'>et</span> <span class='ocrx_word' id='word_1_232' title='bbox 2594 1728 2922 1783; x_wconf 89' lang='lat' dir='ltr'>pauperem</span> <span class='ocrx_word' id='word_1_233' title='bbox 2936 1731 2970 1769; x_wconf 91' lang='lat' dir='ltr'>a</span> <span class='ocrx_word' id='word_1_234' title='bbox 2986 1714 3400 1787; x_wconf 89' lang='lat' dir='ltr'>diripientibus</span> <span class='ocrx_word' id='word_1_235' title='bbox 3418 1718 3647 1779; x_wconf 50' lang='grc' dir='ltr'>θυηλὴν.</span> 
     </span>
    </p>
   </div>
   <div class='ocr_carea' id='block_1_33' title="bbox 240 1802 3653 1877">
    <p class='ocr_par' dir='ltr' id='par_1_33' title="bbox 240 1802 3653 1877">
     <span class='ocr_line' id='line_1_33' title="bbox 240 1802 3653 1877; baseline -0 -13"><span class='ocrx_word' id='word_1_236' title='bbox 240 1807 444 1865; x_wconf 83' lang='lat' dir='ltr'>Jezrael</span> <span class='ocrx_word' id='word_1_237' title='bbox 471 1822 483 1859; x_wconf 88' lang='lat'><em>:</em></span> <span class='ocrx_word' id='word_1_238' title='bbox 511 1805 728 1861; x_wconf 89' lang='lat' dir='ltr'>tollens</span> <span class='ocrx_word' id='word_1_239' title='bbox 749 1806 949 1875; x_wconf 89' lang='lat' dir='ltr'>itaque</span> <span class='ocrx_word' id='word_1_240' title='bbox 980 1821 1119 1859; x_wconf 90' lang='lat' dir='ltr'>cum</span> <span class='ocrx_word' id='word_1_241' title='bbox 1140 1805 1336 1859; x_wconf 79' lang='lat' dir='ltr'>nutrix</span> <span class='ocrx_word' id='word_1_242' title='bbox 1359 1821 1491 1868; x_wconf 89' lang='lat' dir='ltr'>sua,</span> <span class='ocrx_word' id='word_1_243' title='bbox 1519 1804 1683 1873; x_wconf 80' lang='lat' dir='ltr'>fugit:</span> <span class='ocrx_word' id='word_1_244' title='bbox 1718 1821 1883 1859; x_wconf 90' lang='lat' dir='ltr'>cum-</span> <span class='ocrx_word' id='word_1_245' title='bbox 1923 1814 1969 1869; x_wconf 82' lang='grc' dir='ltr'>Β</span> <span class='ocrx_word' id='word_1_246' title='bbox 2002 1806 2537 1870; x_wconf 88' lang='lat' dir='ltr'>Esurgentestestes</span> <span class='ocrx_word' id='word_1_247' title='bbox 2558 1802 3653 1877; x_wconf 78' lang='lat' dir='ltr'>iniqui,quaeignorabam,interroga-</span> 
     </span>
    </p>
   </div>
   <div class='ocr_carea' id='block_1_34' title="bbox 245 1891 1888 1968">
    <p class='ocr_par' dir='ltr' id='par_1_34' title="bbox 245 1891 1888 1968">
     <span class='ocr_line' id='line_1_34' title="bbox 245 1891 1888 1968; baseline -0.002 -17"><span class='ocrx_word' id='word_1_248' title='bbox 245 1912 349 1968; x_wconf 88' lang='lat' dir='ltr'>que</span> <span class='ocrx_word' id='word_1_249' title='bbox 370 1894 675 1950; x_wconf 85' lang='lat' dir='ltr'>festinaret</span> <span class='ocrx_word' id='word_1_250' title='bbox 708 1897 768 1948; x_wconf 90' lang='lat' dir='ltr'>ut</span> <span class='ocrx_word' id='word_1_251' title='bbox 794 1892 1258 1961; x_wconf 85' lang='lat' dir='ltr'>fugeret,ceeidit</span> <span class='ocrx_word' id='word_1_252' title='bbox 1280 1897 1337 1947; x_wconf 89' lang='lat' dir='ltr'>et</span> <span class='ocrx_word' id='word_1_253' title='bbox 1370 1891 1621 1947; x_wconf 81' lang='lat' dir='ltr'>claudus</span> <span class='ocrx_word' id='word_1_254' title='bbox 1645 1893 1888 1947; x_wconf 78' lang='lat' dir='ltr'>effectus</span> 
     </span>
    </p>
   </div>
   <div class='ocr_carea' id='block_1_35' title="bbox 249 1980 1890 2053">
    <p class='ocr_par' dir='ltr' id='par_1_35' title="bbox 249 1980 1890 2053">
     <span class='ocr_line' id='line_1_35' title="bbox 249 1980 1890 2053; baseline -0.002 -14"><span class='ocrx_word' id='word_1_255' title='bbox 249 1989 332 2039; x_wconf 89' lang='lat' dir='ltr'>est</span> <span class='ocrx_word' id='word_1_256' title='bbox 358 2000 379 2038; x_wconf 79' lang='lat'>.&#39;</span> <span class='ocrx_word' id='word_1_257' title='bbox 400 1982 723 2053; x_wconf 87' lang='lat' dir='ltr'>habuitque</span> <span class='ocrx_word' id='word_1_258' title='bbox 752 1981 1110 2037; x_wconf 89' lang='lat' dir='ltr'>vocabulum</span> <span class='ocrx_word' id='word_1_259' title='bbox 1138 1980 1550 2052; x_wconf 85' lang='lat' dir='ltr'>Miphiboseth.</span> <span class='ocrx_word' id='word_1_260' title='bbox 1582 1982 1890 2035; x_wconf 87' lang='lat' dir='ltr'>Venientes</span> 
     </span>
    </p>
   </div>
   <div class='ocr_carea' id='block_1_36' title="bbox 250 2069 1890 2141">
    <p class='ocr_par' dir='ltr' id='par_1_36' title="bbox 250 2069 1890 2141">
     <span class='ocr_line' id='line_1_36' title="bbox 250 2069 1890 2141; baseline -0.002 -15"><span class='ocrx_word' id='word_1_261' title='bbox 250 2072 412 2141; x_wconf 82' lang='lat' dir='ltr'>igitur</span> <span class='ocrx_word' id='word_1_262' title='bbox 436 2070 547 2125; x_wconf 89' lang='lat' dir='ltr'>ﬁlii</span> <span class='ocrx_word' id='word_1_263' title='bbox 573 2073 863 2125; x_wconf 90' lang='lat' dir='ltr'>Remmon</span> <span class='ocrx_word' id='word_1_264' title='bbox 883 2069 1209 2133; x_wconf 68' lang='lat' dir='ltr'>Berothitze,</span> <span class='ocrx_word' id='word_1_265' title='bbox 1234 2069 1474 2125; x_wconf 82' lang='lat' dir='ltr'>Rechab</span> <span class='ocrx_word' id='word_1_266' title='bbox 1497 2073 1551 2122; x_wconf 92' lang='lat' dir='ltr'>et</span> <span class='ocrx_word' id='word_1_267' title='bbox 1581 2069 1890 2133; x_wconf 82' lang='lat' dir='ltr'>Raana,in-</span> 
     </span>
    </p>
   </div>
   <div class='ocr_carea' id='block_1_37' title="bbox 245 2158 1897 2229">
    <p class='ocr_par' dir='ltr' id='par_1_37' title="bbox 245 2158 1897 2229">
     <span class='ocr_line' id='line_1_37' title="bbox 245 2158 1897 2229; baseline -0.001 -15"><span class='ocrx_word' id='word_1_268' title='bbox 245 2161 418 2229; x_wconf 84' lang='lat' dir='ltr'>gressi</span> <span class='ocrx_word' id='word_1_269' title='bbox 448 2163 596 2215; x_wconf 84' lang='lat' dir='ltr'>sunt</span> <span class='ocrx_word' id='word_1_270' title='bbox 616 2160 874 2214; x_wconf 82' lang='lat' dir='ltr'>fervente</span> <span class='ocrx_word' id='word_1_271' title='bbox 904 2158 997 2213; x_wconf 90' lang='lat' dir='ltr'>die</span> <span class='ocrx_word' id='word_1_272' title='bbox 1028 2158 1279 2213; x_wconf 92' lang='lat' dir='ltr'>domum</span> <span class='ocrx_word' id='word_1_273' title='bbox 1305 2158 1597 2212; x_wconf 87' lang='lat' dir='ltr'>Isbosetb:</span> <span class='ocrx_word' id='word_1_274' title='bbox 1630 2159 1733 2228; x_wconf 85' lang='lat' dir='ltr'>qui</span> <span class='ocrx_word' id='word_1_275' title='bbox 1763 2158 1897 2213; x_wconf 87' lang='lat' dir='ltr'>dor-</span> 
     </span>
    </p>
   </div>
   <div class='ocr_carea' id='block_1_38' title="bbox 243 2246 1898 2318">
    <p class='ocr_par' dir='ltr' id='par_1_38' title="bbox 243 2246 1898 2318">
     <span class='ocr_line' id='line_1_38' title="bbox 243 2246 1898 2318; baseline -0.001 -15"><span class='ocrx_word' id='word_1_276' title='bbox 243 2247 454 2303; x_wconf 89' lang='lat' dir='ltr'>miebat</span> <span class='ocrx_word' id='word_1_277' title='bbox 475 2262 669 2318; x_wconf 86' lang='lat' dir='ltr'>super</span> <span class='ocrx_word' id='word_1_278' title='bbox 694 2252 942 2301; x_wconf 89' lang='lat' dir='ltr'>stratum</span> <span class='ocrx_word' id='word_1_279' title='bbox 970 2261 1148 2301; x_wconf 92' lang='lat' dir='ltr'>suum</span> <span class='ocrx_word' id='word_1_280' title='bbox 1171 2246 1506 2301; x_wconf 85' lang='lat' dir='ltr'>meridie.Et</span> <span class='ocrx_word' id='word_1_281' title='bbox 1534 2246 1774 2300; x_wconf 86' lang='lat' dir='ltr'>ostiaria</span> <span class='ocrx_word' id='word_1_282' title='bbox 1795 2246 1898 2301; x_wconf 91' lang='lat' dir='ltr'>do-</span> 
     </span>
    </p>
   </div>
   <div class='ocr_carea' id='block_1_39' title="bbox 241 2333 1900 2408">
    <p class='ocr_par' dir='ltr' id='par_1_39' title="bbox 241 2333 1900 2408">
     <span class='ocr_line' id='line_1_39' title="bbox 241 2333 1900 2408; baseline -0.001 -18"><span class='ocrx_word' id='word_1_283' title='bbox 241 2353 360 2391; x_wconf 89' lang='lat' dir='ltr'>mus</span> <span class='ocrx_word' id='word_1_284' title='bbox 381 2352 661 2408; x_wconf 83' lang='lat' dir='ltr'>purgans</span> <span class='ocrx_word' id='word_1_285' title='bbox 684 2334 937 2390; x_wconf 86' lang='lat' dir='ltr'>triticum</span> <span class='ocrx_word' id='word_1_286' title='bbox 951 2333 1333 2391; x_wconf 86' lang='lat' dir='ltr'>obdormivit.</span> <span class='ocrx_word' id='word_1_287' title='bbox 1366 2334 1770 2403; x_wconf 87' lang='lat' dir='ltr'>lngressisunt</span> <span class='ocrx_word' id='word_1_288' title='bbox 1794 2350 1900 2389; x_wconf 89' lang='lat' dir='ltr'>au-</span> 
     </span>
    </p>
   </div>
   <div class='ocr_carea' id='block_1_40' title="bbox 240 2422 1902 2493">
    <p class='ocr_par' dir='ltr' id='par_1_40' title="bbox 240 2422 1902 2493">
     <span class='ocr_line' id='line_1_40' title="bbox 240 2422 1902 2493; baseline -0.002 -12"><span class='ocrx_word' id='word_1_289' title='bbox 240 2432 353 2481; x_wconf 89' lang='lat' dir='ltr'>tem</span> <span class='ocrx_word' id='word_1_290' title='bbox 377 2426 634 2481; x_wconf 92' lang='lat' dir='ltr'>domum</span> <span class='ocrx_word' id='word_1_291' title='bbox 686 2424 933 2479; x_wconf 87' lang='lat' dir='ltr'>latenter</span> <span class='ocrx_word' id='word_1_292' title='bbox 958 2427 1331 2477; x_wconf 89' lang='lat' dir='ltr'>assumentes</span> <span class='ocrx_word' id='word_1_293' title='bbox 1376 2422 1575 2493; x_wconf 88' lang='lat' dir='ltr'>spicas</span> <span class='ocrx_word' id='word_1_294' title='bbox 1628 2423 1818 2489; x_wconf 84' lang='lat' dir='ltr'>tritici,</span> <span class='ocrx_word' id='word_1_295' title='bbox 1846 2425 1902 2478; x_wconf 90' lang='lat' dir='ltr'>et</span> 
     </span>
    </p>
   </div>
   <div class='ocr_carea' id='block_1_41' title="bbox 237 2510 1902 2587">
    <p class='ocr_par' dir='ltr' id='par_1_41' title="bbox 237 2510 1902 2587">
     <span class='ocr_line' id='line_1_41' title="bbox 237 2510 1902 2587; baseline -0.003 -17"><span class='ocrx_word' id='word_1_296' title='bbox 237 2516 818 2587; x_wconf 84' lang='lat' dir='ltr'>percusserunteum</span> <span class='ocrx_word' id='word_1_297' title='bbox 839 2511 899 2565; x_wconf 92' lang='lat' dir='ltr'>in</span> <span class='ocrx_word' id='word_1_298' title='bbox 917 2511 1159 2580; x_wconf 86' lang='lat' dir='ltr'>inguine</span> <span class='ocrx_word' id='word_1_299' title='bbox 1180 2510 1417 2565; x_wconf 80' lang='lat' dir='ltr'>Rechab</span> <span class='ocrx_word' id='word_1_300' title='bbox 1434 2513 1703 2566; x_wconf 89' lang='lat' dir='ltr'>etBaana</span> <span class='ocrx_word' id='word_1_301' title='bbox 1723 2510 1902 2565; x_wconf 88' lang='lat' dir='ltr'>frater</span> 
     </span>
    </p>
   </div>
   <div class='ocr_carea' id='block_1_42' title="bbox 240 2598 1901 2675">
    <p class='ocr_par' dir='ltr' id='par_1_42' title="bbox 240 2598 1901 2675">
     <span class='ocr_line' id='line_1_42' title="bbox 240 2598 1901 2675; baseline -0.004 -16"><span class='ocrx_word' id='word_1_302' title='bbox 240 2605 383 2675; x_wconf 88' lang='lat' dir='ltr'>ejus,</span> <span class='ocrx_word' id='word_1_303' title='bbox 416 2608 472 2658; x_wconf 91' lang='lat' dir='ltr'>et</span> <span class='ocrx_word' id='word_1_304' title='bbox 507 2602 815 2670; x_wconf 88' lang='lat' dir='ltr'>fugerunt.</span> <span class='ocrx_word' id='word_1_305' title='bbox 851 2601 995 2654; x_wconf 88' lang='lat' dir='ltr'>Cum</span> <span class='ocrx_word' id='word_1_306' title='bbox 1015 2605 1214 2655; x_wconf 88' lang='lat' dir='ltr'>autem</span> <span class='ocrx_word' id='word_1_307' title='bbox 1241 2599 1491 2668; x_wconf 88' lang='lat' dir='ltr'>ingressi</span> <span class='ocrx_word' id='word_1_308' title='bbox 1524 2598 1772 2653; x_wconf 88' lang='lat' dir='ltr'>fuissent</span> <span class='ocrx_word' id='word_1_309' title='bbox 1793 2598 1901 2653; x_wconf 87' lang='lat' dir='ltr'>do-</span> 
     </span>
    </p>
   </div>
   <div class='ocr_carea' id='block_1_43' title="bbox 238 2687 1902 2761">
    <p class='ocr_par' dir='ltr' id='par_1_43' title="bbox 238 2687 1902 2761">
     <span class='ocr_line' id='line_1_43' title="bbox 238 2687 1902 2761; baseline -0.005 -12"><span class='ocrx_word' id='word_1_310' title='bbox 238 2710 423 2757; x_wconf 89' lang='lat' dir='ltr'>mum,</span> <span class='ocrx_word' id='word_1_311' title='bbox 440 2691 548 2747; x_wconf 87' lang='lat' dir='ltr'>ille</span> <span class='ocrx_word' id='word_1_312' title='bbox 573 2689 909 2745; x_wconf 88' lang='lat' dir='ltr'>dormiebat</span> <span class='ocrx_word' id='word_1_313' title='bbox 924 2687 1335 2761; x_wconf 89' lang='lat' dir='ltr'>superlactum</span> <span class='ocrx_word' id='word_1_314' title='bbox 1349 2704 1523 2741; x_wconf 90' lang='lat' dir='ltr'>suum</span> <span class='ocrx_word' id='word_1_315' title='bbox 1538 2689 1597 2741; x_wconf 92' lang='lat' dir='ltr'>in</span> <span class='ocrx_word' id='word_1_316' title='bbox 1610 2687 1902 2750; x_wconf 90' lang='lat' dir='ltr'>conclavi,</span> 
     </span>
    </p>
   </div>
   <div class='ocr_carea' id='block_1_44' title="bbox 240 2775 1906 2854">
    <p class='ocr_par' dir='ltr' id='par_1_44' title="bbox 240 2775 1906 2854">
     <span class='ocr_line' id='line_1_44' title="bbox 240 2775 1906 2854; baseline -0.005 -17"><span class='ocrx_word' id='word_1_317' title='bbox 240 2778 1309 2854; x_wconf 87' lang='lat' dir='ltr'>etpereutientesinterfecerunteum:</span> <span class='ocrx_word' id='word_1_318' title='bbox 1338 2775 1694 2846; x_wconf 90' lang='lat' dir='ltr'>sublatoque</span> <span class='ocrx_word' id='word_1_319' title='bbox 1713 2776 1906 2846; x_wconf 87' lang='lat' dir='ltr'>capite</span> 
     </span>
    </p>
   </div>
   <div class='ocr_carea' id='block_1_45' title="bbox 240 2862 1907 2940">
    <p class='ocr_par' dir='ltr' id='par_1_45' title="bbox 240 2862 1907 2940">
     <span class='ocr_line' id='line_1_45' title="bbox 240 2862 1907 2940; baseline -0.005 -15"><span class='ocrx_word' id='word_1_320' title='bbox 240 2870 384 2940; x_wconf 89' lang='lat' dir='ltr'>ejus,</span> <span class='ocrx_word' id='word_1_321' title='bbox 421 2869 711 2925; x_wconf 89' lang='lat' dir='ltr'>abierunt</span> <span class='ocrx_word' id='word_1_322' title='bbox 744 2881 847 2937; x_wconf 90' lang='lat' dir='ltr'>per</span> <span class='ocrx_word' id='word_1_323' title='bbox 870 2865 1033 2920; x_wconf 87' lang='lat' dir='ltr'>viam</span> <span class='ocrx_word' id='word_1_324' title='bbox 1060 2862 1275 2919; x_wconf 87' lang='lat' dir='ltr'>deserti</span> <span class='ocrx_word' id='word_1_325' title='bbox 1308 2867 1431 2918; x_wconf 85' lang='lat' dir='ltr'>tota</span> <span class='ocrx_word' id='word_1_326' title='bbox 1463 2866 1727 2926; x_wconf 90' lang='lat' dir='ltr'>nocte,et</span> <span class='ocrx_word' id='word_1_327' title='bbox 1758 2868 1907 2918; x_wconf 85' lang='lat' dir='ltr'>attu-</span> 
     </span>
    </p>
   </div>
   <div class='ocr_carea' id='block_1_46' title="bbox 240 2951 1909 3027">
    <p class='ocr_par' dir='ltr' id='par_1_46' title="bbox 240 2951 1909 3027">
     <span class='ocr_line' id='line_1_46' title="bbox 240 2951 1909 3027; baseline -0.005 -13"><span class='ocrx_word' id='word_1_328' title='bbox 240 2958 438 3014; x_wconf 90' lang='lat' dir='ltr'>lerunt</span> <span class='ocrx_word' id='word_1_329' title='bbox 480 2959 677 3027; x_wconf 87' lang='lat' dir='ltr'>caput</span> <span class='ocrx_word' id='word_1_330' title='bbox 714 2954 983 3009; x_wconf 89' lang='lat' dir='ltr'>Isboseth</span> <span class='ocrx_word' id='word_1_331' title='bbox 1020 2952 1098 3007; x_wconf 90' lang='lat' dir='ltr'>ad</span> <span class='ocrx_word' id='word_1_332' title='bbox 1126 2952 1312 3006; x_wconf 89' lang='lat' dir='ltr'>David</span> <span class='ocrx_word' id='word_1_333' title='bbox 1338 2951 1397 3006; x_wconf 91' lang='lat' dir='ltr'>in</span> <span class='ocrx_word' id='word_1_334' title='bbox 1433 2951 1660 3006; x_wconf 85' lang='lat' dir='ltr'>Hebron</span> <span class='ocrx_word' id='word_1_335' title='bbox 1692 2971 1703 3007; x_wconf 91' lang='lat'><strong>:</strong></span> <span class='ocrx_word' id='word_1_336' title='bbox 1748 2952 1909 3006; x_wconf 82' lang='lat' dir='ltr'>dixe-</span> 
     </span>
    </p>
   </div>
   <div class='ocr_carea' id='block_1_47' title="bbox 240 3039 1911 3118">
    <p class='ocr_par' dir='ltr' id='par_1_47' title="bbox 240 3039 1911 3118">
     <span class='ocr_line' id='line_1_47' title="bbox 240 3039 1911 3118; baseline -0.005 -15"><span class='ocrx_word' id='word_1_337' title='bbox 240 3052 506 3118; x_wconf 87' lang='lat' dir='ltr'>runtque</span> <span class='ocrx_word' id='word_1_338' title='bbox 546 3044 625 3100; x_wconf 86' lang='lat' dir='ltr'>ad</span> <span class='ocrx_word' id='word_1_339' title='bbox 664 3057 867 3111; x_wconf 82' lang='lat' dir='ltr'>regem</span> <span class='ocrx_word' id='word_1_340' title='bbox 900 3061 912 3099; x_wconf 87' lang='lat'><strong><em>:</em></strong></span> <span class='ocrx_word' id='word_1_341' title='bbox 954 3044 1098 3097; x_wconf 88' lang='lat' dir='ltr'>Ecce</span> <span class='ocrx_word' id='word_1_342' title='bbox 1137 3044 1317 3111; x_wconf 88' lang='lat' dir='ltr'>caput</span> <span class='ocrx_word' id='word_1_343' title='bbox 1342 3039 1610 3095; x_wconf 85' lang='lat' dir='ltr'>Isboseth</span> <span class='ocrx_word' id='word_1_344' title='bbox 1636 3039 1737 3093; x_wconf 85' lang='lat' dir='ltr'>ﬁlii</span> <span class='ocrx_word' id='word_1_345' title='bbox 1773 3040 1911 3096; x_wconf 91' lang='lat' dir='ltr'>Saul</span> 
     </span>
    </p>
   </div>
   <div class='ocr_carea' id='block_1_48' title="bbox 1994 1891 2281 1947">
    <p class='ocr_par' dir='ltr' id='par_1_48' title="bbox 1994 1891 2281 1947">
     <span class='ocr_line' id='line_1_48' title="bbox 1994 1891 2281 1947; baseline -0.003 -1"><span class='ocrx_word' id='word_1_346' title='bbox 1994 1891 2144 1947; x_wconf 90' lang='lat' dir='ltr'>bant</span> <span class='ocrx_word' id='word_1_347' title='bbox 2164 1905 2281 1946; x_wconf 90' lang='lat' dir='ltr'>me.</span> 
     </span>
    </p>
   </div>
   <div class='ocr_carea' id='block_1_49' title="bbox 2073 1979 3656 2049">
    <p class='ocr_par' dir='ltr' id='par_1_49' title="bbox 2073 1979 3656 2049">
     <span class='ocr_line' id='line_1_49' title="bbox 2073 1979 3656 2049; baseline 0.002 -14"><span class='ocrx_word' id='word_1_348' title='bbox 2073 1980 2289 2035; x_wconf 73' lang='lat' dir='ltr'>Oratio.</span> <span class='ocrx_word' id='word_1_349' title='bbox 2338 1979 2584 2034; x_wconf 91' lang='lat' dir='ltr'>Domine</span> <span class='ocrx_word' id='word_1_350' title='bbox 2611 1981 2765 2035; x_wconf 90' lang='lat' dir='ltr'>Deus</span> <span class='ocrx_word' id='word_1_351' title='bbox 2826 1980 3011 2035; x_wconf 87' lang='lat' dir='ltr'>virtus</span> <span class='ocrx_word' id='word_1_352' title='bbox 3040 1982 3247 2037; x_wconf 81' lang='lat' dir='ltr'>salutis</span> <span class='ocrx_word' id='word_1_353' title='bbox 3284 1986 3520 2049; x_wconf 60' lang='lat' dir='ltr'>nostrae,</span> <span class='ocrx_word' id='word_1_354' title='bbox 3550 1983 3656 2038; x_wconf 80' lang='lat' dir='ltr'>ob-</span> 
     </span>
    </p>
   </div>
   <div class='ocr_carea' id='block_1_50' title="bbox 2004 2067 3658 2138">
    <p class='ocr_par' dir='ltr' id='par_1_50' title="bbox 2004 2067 3658 2138">
     <span class='ocr_line' id='line_1_50' title="bbox 2004 2067 3658 2138; baseline 0.001 -17"><span class='ocrx_word' id='word_1_355' title='bbox 2004 2067 2221 2121; x_wconf 87' lang='lat' dir='ltr'>umbra</span> <span class='ocrx_word' id='word_1_356' title='bbox 2250 2072 2430 2138; x_wconf 88' lang='lat' dir='ltr'>caput</span> <span class='ocrx_word' id='word_1_357' title='bbox 2480 2074 2747 2123; x_wconf 88' lang='lat' dir='ltr'>nostrum</span> <span class='ocrx_word' id='word_1_358' title='bbox 2782 2069 2842 2123; x_wconf 92' lang='lat' dir='ltr'>in</span> <span class='ocrx_word' id='word_1_359' title='bbox 2873 2067 3085 2124; x_wconf 91' lang='lat' dir='ltr'>diebus</span> <span class='ocrx_word' id='word_1_360' title='bbox 3115 2070 3253 2126; x_wconf 89' lang='lat' dir='ltr'>belli</span> <span class='ocrx_word' id='word_1_361' title='bbox 3282 2088 3292 2123; x_wconf 89' lang='lat'>:</span> <span class='ocrx_word' id='word_1_362' title='bbox 3329 2088 3403 2126; x_wconf 90' lang='lat' dir='ltr'>ne</span> <span class='ocrx_word' id='word_1_363' title='bbox 3428 2071 3658 2126; x_wconf 91' lang='lat' dir='ltr'>insidiis</span> 
     </span>
    </p>
   </div>
   <div class='ocr_carea' id='block_1_51' title="bbox 2005 2155 3658 2226">
    <p class='ocr_par' dir='ltr' id='par_1_51' title="bbox 2005 2155 3658 2226">
     <span class='ocr_line' id='line_1_51' title="bbox 2005 2155 3658 2226; baseline 0.002 -18"><span class='ocrx_word' id='word_1_364' title='bbox 2005 2155 2565 2226; x_wconf 87' lang='lat' dir='ltr'>quatiamurinimici</span> <span class='ocrx_word' id='word_1_365' title='bbox 2588 2172 2599 2219; x_wconf 89' lang='lat'>;</span> <span class='ocrx_word' id='word_1_366' title='bbox 2620 2172 2727 2210; x_wconf 93' lang='lat' dir='ltr'>nec</span> <span class='ocrx_word' id='word_1_367' title='bbox 2746 2156 2987 2211; x_wconf 90' lang='lat' dir='ltr'>latentia</span> <span class='ocrx_word' id='word_1_368' title='bbox 3005 2156 3116 2211; x_wconf 90' lang='lat' dir='ltr'>sub</span> <span class='ocrx_word' id='word_1_369' title='bbox 3138 2158 3469 2213; x_wconf 87' lang='lat' dir='ltr'>invidorum</span> <span class='ocrx_word' id='word_1_370' title='bbox 3484 2158 3658 2214; x_wconf 85' lang='lat' dir='ltr'>[abiis</span> 
     </span>
    </p>
   </div>
   <div class='ocr_carea' id='block_1_52' title="bbox 2005 2243 3655 2319">
    <p class='ocr_par' dir='ltr' id='par_1_52' title="bbox 2005 2243 3655 2319">
     <span class='ocr_line' id='line_1_52' title="bbox 2005 2243 3655 2319; baseline 0.001 -21"><span class='ocrx_word' id='word_1_371' title='bbox 2005 2243 2357 2298; x_wconf 86' lang='lat' dir='ltr'>hauriamus</span> <span class='ocrx_word' id='word_1_372' title='bbox 2378 2259 2634 2297; x_wconf 87' lang='lat' dir='ltr'>venena:</span> <span class='ocrx_word' id='word_1_373' title='bbox 2659 2248 2715 2298; x_wconf 91' lang='lat' dir='ltr'>et</span> <span class='ocrx_word' id='word_1_374' title='bbox 2730 2244 2873 2313; x_wconf 88' lang='lat' dir='ltr'>quia</span> <span class='ocrx_word' id='word_1_375' title='bbox 2891 2250 2952 2299; x_wconf 91' lang='lat' dir='ltr'>tu</span> <span class='ocrx_word' id='word_1_376' title='bbox 2970 2244 3113 2299; x_wconf 89' lang='lat' dir='ltr'>facis</span> <span class='ocrx_word' id='word_1_377' title='bbox 3131 2245 3423 2315; x_wconf 87' lang='lat' dir='ltr'>judicium</span> <span class='ocrx_word' id='word_1_378' title='bbox 3441 2248 3655 2319; x_wconf 89' lang='lat' dir='ltr'>inopis,</span> 
     </span>
    </p>
   </div>
   <div class='ocr_carea' id='block_1_53' title="bbox 2008 2332 3659 2406">
    <p class='ocr_par' dir='ltr' id='par_1_53' title="bbox 2008 2332 3659 2406">
     <span class='ocr_line' id='line_1_53' title="bbox 2008 2332 3659 2406; baseline 0.002 -19"><span class='ocrx_word' id='word_1_379' title='bbox 2008 2332 2397 2387; x_wconf 89' lang='lat' dir='ltr'>etvindictam</span> <span class='ocrx_word' id='word_1_380' title='bbox 2414 2332 2683 2403; x_wconf 88' lang='lat' dir='ltr'>pauperis</span> <span class='ocrx_word' id='word_1_381' title='bbox 2702 2349 2715 2397; x_wconf 89' lang='lat'><strong>;</strong></span> <span class='ocrx_word' id='word_1_382' title='bbox 2730 2339 3135 2404; x_wconf 89' lang='lat' dir='ltr'>contemptum</span> <span class='ocrx_word' id='word_1_383' title='bbox 3150 2341 3367 2390; x_wconf 81' lang='lat' dir='ltr'>nostrae</span> <span class='ocrx_word' id='word_1_384' title='bbox 3382 2335 3659 2406; x_wconf 85' lang='lat' dir='ltr'>abjectio-</span> 
     </span>
    </p>
   </div>
   <div class='ocr_carea' id='block_1_54' title="bbox 2008 2420 3515 2493">
    <p class='ocr_par' dir='ltr' id='par_1_54' title="bbox 2008 2420 3515 2493">
     <span class='ocr_line' id='line_1_54' title="bbox 2008 2420 3515 2493; baseline 0.001 -18"><span class='ocrx_word' id='word_1_385' title='bbox 2008 2420 2121 2483; x_wconf 89' lang='lat' dir='ltr'>nis,</span> <span class='ocrx_word' id='word_1_386' title='bbox 2144 2420 2425 2475; x_wconf 90' lang='lat' dir='ltr'>bonitatis</span> <span class='ocrx_word' id='word_1_387' title='bbox 2457 2426 2569 2475; x_wconf 65' lang='lat' dir='ltr'>tute</span> <span class='ocrx_word' id='word_1_388' title='bbox 2601 2436 2925 2491; x_wconf 88' lang='lat' dir='ltr'>compensa</span> <span class='ocrx_word' id='word_1_389' title='bbox 2954 2421 3197 2477; x_wconf 90' lang='lat' dir='ltr'>divitiis.</span> <span class='ocrx_word' id='word_1_390' title='bbox 3224 2435 3287 2493; x_wconf 59' lang='lat' dir='ltr'>1t.</span> <span class='ocrx_word' id='word_1_391' title='bbox 3308 2429 3515 2479; x_wconf 82' lang='lat' dir='ltr'>Amen.</span> 
     </span>
    </p>
   </div>
   <div class='ocr_carea' id='block_1_55' title="bbox 2080 2509 3659 2584">
    <p class='ocr_par' dir='ltr' id='par_1_55' title="bbox 2080 2509 3659 2584">
     <span class='ocr_line' id='line_1_55' title="bbox 2080 2509 3659 2584; baseline 0.003 -21"><span class='ocrx_word' id='word_1_392' title='bbox 2080 2509 2425 2578; x_wconf 76' lang='lat' dir='ltr'>Antiphone</span> <span class='ocrx_word' id='word_1_393' title='bbox 2450 2514 2504 2563; x_wconf 81' lang='lat'>2.</span> <span class='ocrx_word' id='word_1_394' title='bbox 2543 2509 2743 2564; x_wconf 86' lang='lat' dir='ltr'>Dicam</span> <span class='ocrx_word' id='word_1_395' title='bbox 2773 2509 2891 2564; x_wconf 88' lang='lat' dir='ltr'>Deo</span> <span class='ocrx_word' id='word_1_396' title='bbox 2911 2526 3045 2565; x_wconf 88' lang='lat' dir='ltr'>meo</span> <span class='ocrx_word' id='word_1_397' title='bbox 3076 2528 3085 2563; x_wconf 91' lang='lat'><strong>:</strong></span> <span class='ocrx_word' id='word_1_398' title='bbox 3122 2512 3439 2584; x_wconf 79' lang='lat' dir='ltr'>Susceptor</span> <span class='ocrx_word' id='word_1_399' title='bbox 3468 2529 3659 2579; x_wconf 90' lang='lat' dir='ltr'>meus,</span> 
     </span>
    </p>
   </div>
   <div class='ocr_carea' id='block_1_56' title="bbox 2012 2596 3667 2670">
    <p class='ocr_par' dir='ltr' id='par_1_56' title="bbox 2012 2596 3667 2670">
     <span class='ocr_line' id='line_1_56' title="bbox 2012 2596 3667 2670; baseline 0.003 -19"><span class='ocrx_word' id='word_1_400' title='bbox 2012 2614 2193 2670; x_wconf 90' lang='lat' dir='ltr'>quare</span> <span class='ocrx_word' id='word_1_401' title='bbox 2227 2597 2341 2651; x_wconf 88' lang='lat' dir='ltr'>mei</span> <span class='ocrx_word' id='word_1_402' title='bbox 2368 2597 2584 2652; x_wconf 87' lang='lat' dir='ltr'>oblitus</span> <span class='ocrx_word' id='word_1_403' title='bbox 2606 2614 2668 2651; x_wconf 90' lang='lat' dir='ltr'>es</span> <span class='ocrx_word' id='word_1_404' title='bbox 2699 2596 2727 2649; x_wconf 69' lang='lat' dir='ltr'>‘l</span> <span class='ocrx_word' id='word_1_405' title='bbox 2758 2599 2951 2660; x_wconf 84' lang='lat' dir='ltr'>Quare</span> <span class='ocrx_word' id='word_1_406' title='bbox 2984 2598 3161 2653; x_wconf 88' lang='lat' dir='ltr'>tristis</span> <span class='ocrx_word' id='word_1_407' title='bbox 3185 2616 3265 2664; x_wconf 90' lang='lat' dir='ltr'>es,</span> <span class='ocrx_word' id='word_1_408' title='bbox 3300 2601 3505 2656; x_wconf 87' lang='lat' dir='ltr'>anima</span> <span class='ocrx_word' id='word_1_409' title='bbox 3528 2617 3667 2656; x_wconf 90' lang='lat' dir='ltr'>mea</span> 
     </span>
    </p>
   </div>
   <div class='ocr_carea' id='block_1_57' title="bbox 2013 2684 3669 2756">
    <p class='ocr_par' dir='ltr' id='par_1_57' title="bbox 2013 2684 3669 2756">
     <span class='ocr_line' id='line_1_57' title="bbox 2013 2684 3669 2756; baseline 0.001 -15"><span class='ocrx_word' id='word_1_410' title='bbox 2013 2692 2067 2741; x_wconf 91' lang='lat' dir='ltr'>et</span> <span class='ocrx_word' id='word_1_411' title='bbox 2106 2702 2291 2756; x_wconf 90' lang='lat' dir='ltr'>quare</span> <span class='ocrx_word' id='word_1_412' title='bbox 2324 2701 2416 2738; x_wconf 93' lang='lat' dir='ltr'>me</span> <span class='ocrx_word' id='word_1_413' title='bbox 2445 2686 2762 2739; x_wconf 87' lang='lat' dir='ltr'>conturbas</span> <span class='ocrx_word' id='word_1_414' title='bbox 2788 2686 2816 2738; x_wconf 72' lang='lat' dir='ltr'>‘I</span> <span class='ocrx_word' id='word_1_415' title='bbox 2852 2684 2911 2744; x_wconf 53' lang='grc' dir='ltr'>ἵ.</span> <span class='ocrx_word' id='word_1_416' title='bbox 2942 2685 3105 2741; x_wconf 80' lang='lat' dir='ltr'>Sicut</span> <span class='ocrx_word' id='word_1_417' title='bbox 3133 2704 3342 2743; x_wconf 89' lang='lat' dir='ltr'>cervus</span> <span class='ocrx_word' id='word_1_418' title='bbox 3367 2688 3669 2745; x_wconf 89' lang='lat' dir='ltr'>desiderat</span> 
     </span>
    </p>
   </div>
   <div class='ocr_carea' id='block_1_58' title="bbox 2014 2772 3667 2844">
    <p class='ocr_par' dir='ltr' id='par_1_58' title="bbox 2014 2772 3667 2844">
     <span class='ocr_line' id='line_1_58' title="bbox 2014 2772 3667 2844; baseline 0.001 -15"><span class='ocrx_word' id='word_1_419' title='bbox 2014 2774 2093 2829; x_wconf 90' lang='lat' dir='ltr'>ad</span> <span class='ocrx_word' id='word_1_420' title='bbox 2114 2774 2746 2844; x_wconf 81' lang='lat' dir='ltr'>fontesaquarumzita</span> <span class='ocrx_word' id='word_1_421' title='bbox 2764 2772 3059 2831; x_wconf 88' lang='lat' dir='ltr'>desiderat</span> <span class='ocrx_word' id='word_1_422' title='bbox 3076 2776 3280 2831; x_wconf 89' lang='lat' dir='ltr'>anima</span> <span class='ocrx_word' id='word_1_423' title='bbox 3321 2792 3459 2832; x_wconf 89' lang='lat' dir='ltr'>mea</span> <span class='ocrx_word' id='word_1_424' title='bbox 3498 2774 3576 2832; x_wconf 91' lang='lat' dir='ltr'>ad</span> <span class='ocrx_word' id='word_1_425' title='bbox 3612 2780 3667 2831; x_wconf 89' lang='lat' dir='ltr'>te</span> 
     </span>
    </p>
   </div>
   <div class='ocr_carea' id='block_1_59' title="bbox 2015 2864 2187 2919">
    <p class='ocr_par' dir='ltr' id='par_1_59' title="bbox 2015 2864 2187 2919">
     <span class='ocr_line' id='line_1_59' title="bbox 2015 2864 2187 2919; baseline 0 -4"><span class='ocrx_word' id='word_1_426' title='bbox 2015 2864 2187 2919; x_wconf 90' lang='lat' dir='ltr'>Deus.</span> 
     </span>
    </p>
   </div>
   <div class='ocr_carea' id='block_1_60' title="bbox 2091 2950 3669 3022">
    <p class='ocr_par' dir='ltr' id='par_1_60' title="bbox 2091 2950 3669 3022">
     <span class='ocr_line' id='line_1_60' title="bbox 2091 2950 3669 3022; baseline 0 -16"><span class='ocrx_word' id='word_1_427' title='bbox 2091 2952 2315 3007; x_wconf 70' lang='lat' dir='ltr'>Oratio.</span> <span class='ocrx_word' id='word_1_428' title='bbox 2352 2950 2568 3005; x_wconf 87' lang='lat' dir='ltr'>Christe</span> <span class='ocrx_word' id='word_1_429' title='bbox 2598 2956 2904 3022; x_wconf 90' lang='lat' dir='ltr'>susceptor</span> <span class='ocrx_word' id='word_1_430' title='bbox 2936 2957 3136 3007; x_wconf 90' lang='lat' dir='ltr'>noster</span> <span class='ocrx_word' id='word_1_431' title='bbox 3156 2968 3277 3008; x_wconf 93' lang='lat' dir='ltr'>non</span> <span class='ocrx_word' id='word_1_432' title='bbox 3299 2952 3669 3008; x_wconf 89' lang='lat' dir='ltr'>obliviscaris</span> 
     </span>
    </p>
   </div>
   <div class='ocr_carea' id='block_1_61' title="bbox 2017 3039 3673 3110">
    <p class='ocr_par' dir='ltr' id='par_1_61' title="bbox 2017 3039 3673 3110">
     <span class='ocr_line' id='line_1_61' title="bbox 2017 3039 3673 3110; baseline -0.001 -13"><span class='ocrx_word' id='word_1_433' title='bbox 2017 3040 2205 3097; x_wconf 88' lang='lat' dir='ltr'>nostri</span> <span class='ocrx_word' id='word_1_434' title='bbox 2228 3056 2449 3110; x_wconf 86' lang='lat' dir='ltr'>;neque</span> <span class='ocrx_word' id='word_1_435' title='bbox 2468 3040 2527 3093; x_wconf 90' lang='lat' dir='ltr'>in</span> <span class='ocrx_word' id='word_1_436' title='bbox 2545 3039 2606 3093; x_wconf 95' lang='lat' dir='ltr'>in</span> <span class='ocrx_word' id='word_1_437' title='bbox 2620 3040 2852 3094; x_wconf 85' lang='lat' dir='ltr'>tristitia</span> <span class='ocrx_word' id='word_1_438' title='bbox 2867 3045 3059 3095; x_wconf 87' lang='lat' dir='ltr'>vertas</span> <span class='ocrx_word' id='word_1_439' title='bbox 3082 3042 3316 3097; x_wconf 90' lang='lat' dir='ltr'>animas</span> <span class='ocrx_word' id='word_1_440' title='bbox 3341 3046 3594 3097; x_wconf 87' lang='lat' dir='ltr'>nostras:</span> <span class='ocrx_word' id='word_1_441' title='bbox 3615 3046 3673 3097; x_wconf 89' lang='lat' dir='ltr'>et</span> 
     </span>
    </p>
   </div>
   <div class='ocr_carea' id='block_1_62' title="bbox 244 3129 3673 3212">
    <p class='ocr_par' dir='ltr' id='par_1_62' title="bbox 244 3129 3673 3212">
     <span class='ocr_line' id='line_1_62' title="bbox 244 3129 3673 3212; baseline -0.002 -21"><span class='ocrx_word' id='word_1_442' title='bbox 244 3135 476 3191; x_wconf 90' lang='lat' dir='ltr'>inimici</span> <span class='ocrx_word' id='word_1_443' title='bbox 493 3131 1037 3205; x_wconf 75' lang='lat' dir='ltr'>tui,quiqua3rebat</span> <span class='ocrx_word' id='word_1_444' title='bbox 1063 3129 1322 3186; x_wconf 89' lang='lat' dir='ltr'>animam</span> <span class='ocrx_word' id='word_1_445' title='bbox 1340 3133 1503 3185; x_wconf 90' lang='lat' dir='ltr'>tuam</span> <span class='ocrx_word' id='word_1_446' title='bbox 1525 3135 1608 3184; x_wconf 88' lang='lat' dir='ltr'>:et</span> <span class='ocrx_word' id='word_1_447' title='bbox 1629 3130 1912 3185; x_wconf 91' lang='lat' dir='ltr'>deditDo-</span> <span class='ocrx_word' id='word_1_448' title='bbox 1940 3156 1983 3212; x_wconf 64' lang='grc' dir='ltr'><strong>ρ</strong></span> <span class='ocrx_word' id='word_1_449' title='bbox 2017 3130 2122 3202; x_wconf 90' lang='lat' dir='ltr'>qui</span> <span class='ocrx_word' id='word_1_450' title='bbox 2147 3129 2510 3184; x_wconf 88' lang='lat' dir='ltr'>conturbant</span> <span class='ocrx_word' id='word_1_451' title='bbox 2531 3143 2661 3193; x_wconf 91' lang='lat' dir='ltr'>nos,</span> <span class='ocrx_word' id='word_1_452' title='bbox 2687 3135 3106 3184; x_wconf 90' lang='lat' dir='ltr'>convertantur</span> <span class='ocrx_word' id='word_1_453' title='bbox 3138 3144 3148 3183; x_wconf 94' lang='lat'><strong>:</strong></span> <span class='ocrx_word' id='word_1_454' title='bbox 3186 3134 3241 3184; x_wconf 90' lang='lat' dir='ltr'>et</span> <span class='ocrx_word' id='word_1_455' title='bbox 3268 3134 3542 3201; x_wconf 64' lang='lat' dir='ltr'>quierant</span> <span class='ocrx_word' id='word_1_456' title='bbox 3568 3145 3673 3186; x_wconf 90' lang='lat' dir='ltr'>no-</span> 
     </span>
    </p>
   </div>
   <div class='ocr_carea' id='block_1_63' title="bbox 242 3218 1913 3289">
    <p class='ocr_par' dir='ltr' id='par_1_63' title="bbox 242 3218 1913 3289">
     <span class='ocr_line' id='line_1_63' title="bbox 242 3218 1913 3289; baseline -0.004 -7"><span class='ocrx_word' id='word_1_457' title='bbox 242 3226 451 3282; x_wconf 89' lang='lat' dir='ltr'>minus</span> <span class='ocrx_word' id='word_1_458' title='bbox 479 3223 739 3279; x_wconf 91' lang='lat' dir='ltr'>domino</span> <span class='ocrx_word' id='word_1_459' title='bbox 761 3236 896 3277; x_wconf 91' lang='lat' dir='ltr'>meo</span> <span class='ocrx_word' id='word_1_460' title='bbox 917 3220 1040 3289; x_wconf 89' lang='lat' dir='ltr'>regi</span> <span class='ocrx_word' id='word_1_461' title='bbox 1083 3220 1369 3275; x_wconf 86' lang='lat' dir='ltr'>ultionem</span> <span class='ocrx_word' id='word_1_462' title='bbox 1395 3218 1571 3273; x_wconf 90' lang='lat' dir='ltr'>hodie</span> <span class='ocrx_word' id='word_1_463' title='bbox 1588 3219 1662 3273; x_wconf 92' lang='lat' dir='ltr'>de</span> <span class='ocrx_word' id='word_1_464' title='bbox 1693 3218 1913 3287; x_wconf 83' lang='lat' dir='ltr'>Saul,et</span> 
     </span>
    </p>
   </div>
   <div class='ocr_carea' id='block_1_64' title="bbox 243 3307 1908 3381">
    <p class='ocr_par' dir='ltr' id='par_1_64' title="bbox 243 3307 1908 3381">
     <span class='ocr_line' id='line_1_64' title="bbox 243 3307 1908 3381; baseline -0.004 -12"><span class='ocrx_word' id='word_1_465' title='bbox 243 3316 317 3369; x_wconf 92' lang='lat' dir='ltr'>de</span> <span class='ocrx_word' id='word_1_466' title='bbox 352 3313 594 3371; x_wconf 85' lang='lat' dir='ltr'>semine</span> <span class='ocrx_word' id='word_1_467' title='bbox 615 3311 765 3380; x_wconf 89' lang='lat' dir='ltr'>ejus.</span> <span class='ocrx_word' id='word_1_468' title='bbox 794 3309 1175 3381; x_wconf 86' lang='lat' dir='ltr'>Respendens</span> <span class='ocrx_word' id='word_1_469' title='bbox 1203 3313 1399 3364; x_wconf 87' lang='lat' dir='ltr'>autem</span> <span class='ocrx_word' id='word_1_470' title='bbox 1433 3307 1619 3363; x_wconf 86' lang='lat' dir='ltr'>David</span> <span class='ocrx_word' id='word_1_471' title='bbox 1651 3307 1908 3375; x_wconf 81' lang='lat' dir='ltr'>Rechab,</span> 
     </span>
    </p>
   </div>
   <div class='ocr_carea' id='block_1_65' title="bbox 247 3396 1917 3468">
    <p class='ocr_par' dir='ltr' id='par_1_65' title="bbox 247 3396 1917 3468">
     <span class='ocr_line' id='line_1_65' title="bbox 247 3396 1917 3468; baseline -0.005 -9"><span class='ocrx_word' id='word_1_472' title='bbox 247 3408 303 3459; x_wconf 89' lang='lat' dir='ltr'>et</span> <span class='ocrx_word' id='word_1_473' title='bbox 333 3405 549 3459; x_wconf 87' lang='lat' dir='ltr'>Baana</span> <span class='ocrx_word' id='word_1_474' title='bbox 576 3399 741 3456; x_wconf 87' lang='lat' dir='ltr'>fratri</span> <span class='ocrx_word' id='word_1_475' title='bbox 764 3398 913 3468; x_wconf 88' lang='lat' dir='ltr'>ejus,</span> <span class='ocrx_word' id='word_1_476' title='bbox 940 3398 1075 3454; x_wconf 81' lang='lat' dir='ltr'>ﬁliis</span> <span class='ocrx_word' id='word_1_477' title='bbox 1104 3400 1392 3452; x_wconf 89' lang='lat' dir='ltr'>Remmon</span> <span class='ocrx_word' id='word_1_478' title='bbox 1419 3396 1750 3465; x_wconf 71' lang='lat' dir='ltr'>Berothitae,</span> <span class='ocrx_word' id='word_1_479' title='bbox 1769 3396 1917 3451; x_wconf 79' lang='lat' dir='ltr'>dixit</span> 
     </span>
    </p>
   </div>
   <div class='ocr_carea' id='block_1_66' title="bbox 242 3483 1915 3558">
    <p class='ocr_par' dir='ltr' id='par_1_66' title="bbox 242 3483 1915 3558">
     <span class='ocr_line' id='line_1_66' title="bbox 242 3483 1915 3558; baseline -0.005 -11"><span class='ocrx_word' id='word_1_480' title='bbox 242 3491 323 3547; x_wconf 87' lang='lat' dir='ltr'>ad</span> <span class='ocrx_word' id='word_1_481' title='bbox 350 3507 461 3547; x_wconf 90' lang='lat' dir='ltr'>eos</span> <span class='ocrx_word' id='word_1_482' title='bbox 493 3506 507 3544; x_wconf 92' lang='lat'>:</span> <span class='ocrx_word' id='word_1_483' title='bbox 533 3485 1120 3558; x_wconf 86' lang='lat' dir='ltr'>VivitDominus,qui</span> <span class='ocrx_word' id='word_1_484' title='bbox 1144 3485 1295 3540; x_wconf 90' lang='lat' dir='ltr'>eruit</span> <span class='ocrx_word' id='word_1_485' title='bbox 1324 3484 1593 3540; x_wconf 89' lang='lat' dir='ltr'>animam</span> <span class='ocrx_word' id='word_1_486' title='bbox 1622 3500 1821 3540; x_wconf 89' lang='lat' dir='ltr'>meam</span> <span class='ocrx_word' id='word_1_487' title='bbox 1840 3483 1915 3539; x_wconf 88' lang='lat' dir='ltr'>de</span> 
     </span>
    </p>
   </div>
   <div class='ocr_carea' id='block_1_67' title="bbox 242 3572 1918 3646">
    <p class='ocr_par' dir='ltr' id='par_1_67' title="bbox 242 3572 1918 3646">
     <span class='ocr_line' id='line_1_67' title="bbox 242 3572 1918 3646; baseline -0.004 -11"><span class='ocrx_word' id='word_1_488' title='bbox 242 3579 416 3635; x_wconf 92' lang='lat' dir='ltr'>omni</span> <span class='ocrx_word' id='word_1_489' title='bbox 450 3576 752 3646; x_wconf 83' lang='lat' dir='ltr'>angustia,</span> <span class='ocrx_word' id='word_1_490' title='bbox 783 3574 1073 3646; x_wconf 87' lang='lat' dir='ltr'>quoniam</span> <span class='ocrx_word' id='word_1_491' title='bbox 1105 3590 1265 3633; x_wconf 84' lang='lat' dir='ltr'>eum,</span> <span class='ocrx_word' id='word_1_492' title='bbox 1308 3572 1413 3644; x_wconf 90' lang='lat' dir='ltr'>qui</span> <span class='ocrx_word' id='word_1_493' title='bbox 1448 3574 1918 3629; x_wconf 86' lang='lat' dir='ltr'>annunciaverat</span> 
     </span>
    </p>
   </div>
   <div class='ocr_carea' id='block_1_68' title="bbox 239 3661 1916 3733">
    <p class='ocr_par' dir='ltr' id='par_1_68' title="bbox 239 3661 1916 3733">
     <span class='ocr_line' id='line_1_68' title="bbox 239 3661 1916 3733; baseline -0.005 -9"><span class='ocrx_word' id='word_1_494' title='bbox 239 3668 420 3729; x_wconf 90' lang='lat' dir='ltr'>mihi,</span> <span class='ocrx_word' id='word_1_495' title='bbox 452 3669 512 3721; x_wconf 90' lang='lat' dir='ltr'>et</span> <span class='ocrx_word' id='word_1_496' title='bbox 544 3664 773 3719; x_wconf 84' lang='lat' dir='ltr'>dixerat</span> <span class='ocrx_word' id='word_1_497' title='bbox 801 3681 815 3714; x_wconf 88' lang='lat'><strong>:</strong></span> <span class='ocrx_word' id='word_1_498' title='bbox 842 3665 1100 3718; x_wconf 76' lang='lat' dir='ltr'>Mortuus</span> <span class='ocrx_word' id='word_1_499' title='bbox 1124 3668 1211 3718; x_wconf 90' lang='lat' dir='ltr'>est</span> <span class='ocrx_word' id='word_1_500' title='bbox 1236 3662 1411 3718; x_wconf 88' lang='lat' dir='ltr'>Saul:</span> <span class='ocrx_word' id='word_1_501' title='bbox 1445 3663 1541 3732; x_wconf 88' lang='lat' dir='ltr'>qui</span> <span class='ocrx_word' id='word_1_502' title='bbox 1571 3661 1825 3733; x_wconf 89' lang='lat' dir='ltr'>putabat</span> <span class='ocrx_word' id='word_1_503' title='bbox 1854 3677 1916 3717; x_wconf 88' lang='lat' dir='ltr'>se</span> 
     </span>
    </p>
   </div>
   <div class='ocr_carea' id='block_1_69' title="bbox 240 3750 1914 3829">
    <p class='ocr_par' dir='ltr' id='par_1_69' title="bbox 240 3750 1914 3829">
     <span class='ocr_line' id='line_1_69' title="bbox 240 3750 1914 3829; baseline -0.004 -18"><span class='ocrx_word' id='word_1_504' title='bbox 240 3768 555 3829; x_wconf 86' lang='lat' dir='ltr'>prospera</span> <span class='ocrx_word' id='word_1_505' title='bbox 582 3750 1076 3815; x_wconf 88' lang='lat' dir='ltr'>nunciare,tenui,</span> <span class='ocrx_word' id='word_1_506' title='bbox 1109 3754 1165 3805; x_wconf 91' lang='lat' dir='ltr'>et</span> <span class='ocrx_word' id='word_1_507' title='bbox 1198 3750 1388 3805; x_wconf 90' lang='lat' dir='ltr'>occidi</span> <span class='ocrx_word' id='word_1_508' title='bbox 1415 3766 1554 3804; x_wconf 92' lang='lat' dir='ltr'>eum</span> <span class='ocrx_word' id='word_1_509' title='bbox 1576 3750 1638 3805; x_wconf 93' lang='lat' dir='ltr'>in</span> <span class='ocrx_word' id='word_1_510' title='bbox 1671 3750 1914 3821; x_wconf 87' lang='lat' dir='ltr'>Siceleg,</span> 
     </span>
    </p>
   </div>
   <div class='ocr_carea' id='block_1_70' title="bbox 241 3837 1921 3914">
    <p class='ocr_par' dir='ltr' id='par_1_70' title="bbox 241 3837 1921 3914">
     <span class='ocr_line' id='line_1_70' title="bbox 241 3837 1921 3914; baseline -0.004 -13"><span class='ocrx_word' id='word_1_511' title='bbox 241 3840 692 3914; x_wconf 37' lang='lat' dir='ltr'>cuiuoportebat</span> <span class='ocrx_word' id='word_1_512' title='bbox 704 3838 1037 3893; x_wconf 88' lang='lat' dir='ltr'>mercedem</span> <span class='ocrx_word' id='word_1_513' title='bbox 1050 3853 1133 3893; x_wconf 90' lang='lat' dir='ltr'>me</span> <span class='ocrx_word' id='word_1_514' title='bbox 1154 3837 1296 3892; x_wconf 88' lang='lat' dir='ltr'>dare</span> <span class='ocrx_word' id='word_1_515' title='bbox 1312 3853 1422 3908; x_wconf 90' lang='lat' dir='ltr'>pro</span> <span class='ocrx_word' id='word_1_516' title='bbox 1436 3854 1558 3891; x_wconf 93' lang='lat' dir='ltr'>nun</span> <span class='ocrx_word' id='word_1_517' title='bbox 1567 3838 1921 3903; x_wconf 85' lang='lat' dir='ltr'>cio.Quanto</span> 
     </span>
    </p>
   </div>
   <div class='ocr_carea' id='block_1_71' title="bbox 236 3925 1922 3999">
    <p class='ocr_par' dir='ltr' id='par_1_71' title="bbox 236 3925 1922 3999">
     <span class='ocr_line' id='line_1_71' title="bbox 236 3925 1922 3999; baseline -0.002 -14"><span class='ocrx_word' id='word_1_518' title='bbox 236 3930 453 3999; x_wconf 87' lang='lat' dir='ltr'>magis</span> <span class='ocrx_word' id='word_1_519' title='bbox 471 3942 805 3989; x_wconf 87' lang='lat' dir='ltr'>nunc,cum</span> <span class='ocrx_word' id='word_1_520' title='bbox 823 3925 1097 3980; x_wconf 88' lang='lat' dir='ltr'>homines</span> <span class='ocrx_word' id='word_1_521' title='bbox 1120 3925 1276 3996; x_wconf 88' lang='lat' dir='ltr'>impii</span> <span class='ocrx_word' id='word_1_522' title='bbox 1298 3925 1714 3982; x_wconf 89' lang='lat' dir='ltr'>interfecerunt</span> <span class='ocrx_word' id='word_1_523' title='bbox 1728 3928 1922 3983; x_wconf 90' lang='lat' dir='ltr'>virum</span> 
     </span>
    </p>
   </div>
   <div class='ocr_carea' id='block_1_72' title="bbox 237 4013 1923 4083">
    <p class='ocr_par' dir='ltr' id='par_1_72' title="bbox 237 4013 1923 4083">
     <span class='ocr_line' id='line_1_72' title="bbox 237 4013 1923 4083; baseline -0.005 -7"><span class='ocrx_word' id='word_1_524' title='bbox 237 4014 587 4076; x_wconf 80' lang='lat' dir='ltr'>innoxium</span> <span class='ocrx_word' id='word_1_525' title='bbox 621 4014 682 4069; x_wconf 90' lang='lat' dir='ltr'>in</span> <span class='ocrx_word' id='word_1_526' title='bbox 707 4013 891 4068; x_wconf 89' lang='lat' dir='ltr'>domo</span> <span class='ocrx_word' id='word_1_527' title='bbox 919 4028 1048 4081; x_wconf 89' lang='lat' dir='ltr'>sua,</span> <span class='ocrx_word' id='word_1_528' title='bbox 1097 4028 1277 4083; x_wconf 90' lang='lat' dir='ltr'>super</span> <span class='ocrx_word' id='word_1_529' title='bbox 1320 4014 1539 4066; x_wconf 91' lang='lat' dir='ltr'>lectum</span> <span class='ocrx_word' id='word_1_530' title='bbox 1570 4029 1766 4078; x_wconf 90' lang='lat' dir='ltr'>suum,</span> <span class='ocrx_word' id='word_1_531' title='bbox 1800 4030 1923 4068; x_wconf 92' lang='lat' dir='ltr'>non</span> 
     </span>
    </p>
   </div>
   <div class='ocr_carea' id='block_1_73' title="bbox 238 4100 1925 4181">
    <p class='ocr_par' dir='ltr' id='par_1_73' title="bbox 238 4100 1925 4181">
     <span class='ocr_line' id='line_1_73' title="bbox 238 4100 1925 4181; baseline -0.005 -18"><span class='ocrx_word' id='word_1_532' title='bbox 238 4118 539 4181; x_wconf 82' lang='lat' dir='ltr'>quaeram</span> <span class='ocrx_word' id='word_1_533' title='bbox 556 4102 905 4171; x_wconf 87' lang='lat' dir='ltr'>sanguinem</span> <span class='ocrx_word' id='word_1_534' title='bbox 922 4101 1051 4171; x_wconf 90' lang='lat' dir='ltr'>ejus</span> <span class='ocrx_word' id='word_1_535' title='bbox 1067 4100 1141 4155; x_wconf 91' lang='lat' dir='ltr'>de</span> <span class='ocrx_word' id='word_1_536' title='bbox 1156 4116 1333 4155; x_wconf 84' lang='lat' dir='ltr'>manu</span> <span class='ocrx_word' id='word_1_537' title='bbox 1362 4104 1642 4161; x_wconf 89' lang='lat' dir='ltr'>vestra,et</span> <span class='ocrx_word' id='word_1_538' title='bbox 1666 4100 1925 4157; x_wconf 88' lang='lat' dir='ltr'>auferam</span> 
     </span>
    </p>
   </div>
   <div class='ocr_carea' id='block_1_74' title="bbox 235 4189 1926 4261">
    <p class='ocr_par' dir='ltr' id='par_1_74' title="bbox 235 4189 1926 4261">
     <span class='ocr_line' id='line_1_74' title="bbox 235 4189 1926 4261; baseline -0.002 -10"><span class='ocrx_word' id='word_1_539' title='bbox 235 4214 357 4255; x_wconf 85' lang='lat' dir='ltr'>vos</span> <span class='ocrx_word' id='word_1_540' title='bbox 386 4194 470 4249; x_wconf 90' lang='lat' dir='ltr'>de</span> <span class='ocrx_word' id='word_1_541' title='bbox 500 4198 660 4247; x_wconf 83' lang='lat' dir='ltr'>terra</span> <span class='ocrx_word' id='word_1_542' title='bbox 684 4192 713 4246; x_wconf 88' lang='lat'><strong>?</strong></span> <span class='ocrx_word' id='word_1_543' title='bbox 742 4190 1029 4261; x_wconf 63' lang='lat' dir='ltr'>Praecepit</span> <span class='ocrx_word' id='word_1_544' title='bbox 1055 4189 1258 4261; x_wconf 89' lang='lat' dir='ltr'>itaque</span> <span class='ocrx_word' id='word_1_545' title='bbox 1292 4189 1475 4244; x_wconf 89' lang='lat' dir='ltr'>David</span> <span class='ocrx_word' id='word_1_546' title='bbox 1500 4190 1695 4259; x_wconf 88' lang='lat' dir='ltr'>pueris</span> <span class='ocrx_word' id='word_1_547' title='bbox 1723 4190 1926 4253; x_wconf 89' lang='lat' dir='ltr'>suis,et</span> 
     </span>
    </p>
   </div>
   <div class='ocr_carea' id='block_1_75' title="bbox 236 4278 1925 4350">
    <p class='ocr_par' dir='ltr' id='par_1_75' title="bbox 236 4278 1925 4350">
     <span class='ocr_line' id='line_1_75' title="bbox 236 4278 1925 4350; baseline -0.008 -4"><span class='ocrx_word' id='word_1_548' title='bbox 236 4284 690 4346; x_wconf 87' lang='lat' dir='ltr'>interfecerunt</span> <span class='ocrx_word' id='word_1_549' title='bbox 718 4296 853 4337; x_wconf 92' lang='lat' dir='ltr'>eos:</span> <span class='ocrx_word' id='word_1_550' title='bbox 890 4278 1410 4350; x_wconf 75' lang='lat' dir='ltr'>praeeidentesque</span> <span class='ocrx_word' id='word_1_551' title='bbox 1426 4294 1643 4333; x_wconf 88' lang='lat' dir='ltr'>manus</span> <span class='ocrx_word' id='word_1_552' title='bbox 1672 4283 1725 4334; x_wconf 90' lang='lat' dir='ltr'>et</span> <span class='ocrx_word' id='word_1_553' title='bbox 1743 4279 1925 4350; x_wconf 85' lang='lat' dir='ltr'>pedes</span> 
     </span>
    </p>
   </div>
   <div class='ocr_carea' id='block_1_76' title="bbox 236 4367 1922 4441">
    <p class='ocr_par' dir='ltr' id='par_1_76' title="bbox 236 4367 1922 4441">
     <span class='ocr_line' id='line_1_76' title="bbox 236 4367 1922 4441; baseline -0.007 -6"><span class='ocrx_word' id='word_1_554' title='bbox 236 4369 1064 4441; x_wconf 87' lang='lat' dir='ltr'>eorum,suspenderunteos</span> <span class='ocrx_word' id='word_1_555' title='bbox 1078 4383 1258 4439; x_wconf 90' lang='lat' dir='ltr'>super</span> <span class='ocrx_word' id='word_1_556' title='bbox 1269 4367 1563 4440; x_wconf 89' lang='lat' dir='ltr'>piscinam</span> <span class='ocrx_word' id='word_1_557' title='bbox 1581 4368 1642 4422; x_wconf 92' lang='lat' dir='ltr'>in</span> <span class='ocrx_word' id='word_1_558' title='bbox 1660 4368 1922 4425; x_wconf 88' lang='lat' dir='ltr'>Hebron:</span> 
     </span>
    </p>
   </div>
   <div class='ocr_carea' id='block_1_77' title="bbox 237 4455 1928 4537">
    <p class='ocr_par' dir='ltr' id='par_1_77' title="bbox 237 4455 1928 4537">
     <span class='ocr_line' id='line_1_77' title="bbox 237 4455 1928 4537; baseline -0.007 -14"><span class='ocrx_word' id='word_1_559' title='bbox 237 4466 439 4537; x_wconf 90' lang='lat' dir='ltr'>caput</span> <span class='ocrx_word' id='word_1_560' title='bbox 469 4464 679 4515; x_wconf 89' lang='lat' dir='ltr'>autem</span> <span class='ocrx_word' id='word_1_561' title='bbox 710 4456 977 4512; x_wconf 88' lang='lat' dir='ltr'>Isboseth</span> <span class='ocrx_word' id='word_1_562' title='bbox 994 4456 1270 4525; x_wconf 88' lang='lat' dir='ltr'>tulerunt,</span> <span class='ocrx_word' id='word_1_563' title='bbox 1303 4460 1360 4511; x_wconf 92' lang='lat' dir='ltr'>et</span> <span class='ocrx_word' id='word_1_564' title='bbox 1389 4455 1817 4527; x_wconf 89' lang='lat' dir='ltr'>sepelieruntin</span> <span class='ocrx_word' id='word_1_565' title='bbox 1841 4473 1928 4512; x_wconf 87' lang='lat' dir='ltr'>se-</span> 
     </span>
    </p>
   </div>
   <div class='ocr_carea' id='block_1_78' title="bbox 239 4546 1925 4630">
    <p class='ocr_par' dir='ltr' id='par_1_78' title="bbox 239 4546 1925 4630">
     <span class='ocr_line' id='line_1_78' title="bbox 239 4546 1925 4630; baseline -0.006 -19"><span class='ocrx_word' id='word_1_566' title='bbox 239 4553 517 4630; x_wconf 88' lang='lat' dir='ltr'>pulchro</span> <span class='ocrx_word' id='word_1_567' title='bbox 538 4546 799 4603; x_wconf 87' lang='lat' dir='ltr'>Abnerin</span> <span class='ocrx_word' id='word_1_568' title='bbox 820 4546 1073 4601; x_wconf 88' lang='lat' dir='ltr'>Hebron.</span> <span class='ocrx_word' id='word_1_569' title='bbox 1094 4546 1355 4616; x_wconf 88' lang='lat' dir='ltr'>(Cap.v.)</span> <span class='ocrx_word' id='word_1_570' title='bbox 1402 4547 1467 4599; x_wconf 90' lang='lat' dir='ltr'>Et</span> <span class='ocrx_word' id='word_1_571' title='bbox 1486 4551 1779 4601; x_wconf 86' lang='lat' dir='ltr'>venerunt</span> <span class='ocrx_word' id='word_1_572' title='bbox 1794 4547 1925 4602; x_wconf 86' lang='lat' dir='ltr'>uni-</span> 
     </span>
    </p>
   </div>
   <div class='ocr_carea' id='block_1_79' title="bbox 236 4634 1923 4699">
    <p class='ocr_par' dir='ltr' id='par_1_79' title="bbox 236 4634 1923 4699">
     <span class='ocr_line' id='line_1_79' title="bbox 236 4634 1923 4699; baseline -0.005 1"><span class='ocrx_word' id='word_1_573' title='bbox 236 4657 447 4699; x_wconf 56' lang='lat' dir='ltr'>versas</span> <span class='ocrx_word' id='word_1_574' title='bbox 474 4636 671 4694; x_wconf 88' lang='lat' dir='ltr'>tribus</span> <span class='ocrx_word' id='word_1_575' title='bbox 694 4635 869 4691; x_wconf 89' lang='lat' dir='ltr'>Israel</span> <span class='ocrx_word' id='word_1_576' title='bbox 901 4635 975 4689; x_wconf 90' lang='lat' dir='ltr'>ad</span> <span class='ocrx_word' id='word_1_577' title='bbox 1007 4634 1191 4689; x_wconf 89' lang='lat' dir='ltr'>David</span> <span class='ocrx_word' id='word_1_578' title='bbox 1217 4634 1278 4688; x_wconf 91' lang='lat' dir='ltr'>in</span> <span class='ocrx_word' id='word_1_579' title='bbox 1323 4634 1579 4698; x_wconf 85' lang='lat' dir='ltr'>Hebron,</span> <span class='ocrx_word' id='word_1_580' title='bbox 1607 4634 1871 4689; x_wconf 91' lang='lat' dir='ltr'>dicentes</span> <span class='ocrx_word' id='word_1_581' title='bbox 1909 4649 1923 4691; x_wconf 88' lang='lat'><strong>:</strong></span> 
     </span>
    </p>
   </div>
   <div class='ocr_carea' id='block_1_80' title="bbox 248 4724 1931 4807">
    <p class='ocr_par' dir='ltr' id='par_1_80' title="bbox 248 4724 1931 4807">
     <span class='ocr_line' id='line_1_80' title="bbox 248 4724 1931 4807; baseline -0.004 -21"><span class='ocrx_word' id='word_1_582' title='bbox 248 4732 447 4807; x_wconf 82' lang='lat'>309</span> <span class='ocrx_word' id='word_1_583' title='bbox 480 4729 634 4782; x_wconf 89' lang='lat' dir='ltr'>Ecce</span> <span class='ocrx_word' id='word_1_584' title='bbox 659 4740 791 4793; x_wconf 91' lang='lat' dir='ltr'>nos,</span> <span class='ocrx_word' id='word_1_585' title='bbox 809 4740 878 4778; x_wconf 91' lang='lat' dir='ltr'>os</span> <span class='ocrx_word' id='word_1_586' title='bbox 901 4728 1092 4789; x_wconf 90' lang='lat' dir='ltr'>tuum,</span> <span class='ocrx_word' id='word_1_587' title='bbox 1119 4727 1175 4778; x_wconf 90' lang='lat' dir='ltr'>et</span> <span class='ocrx_word' id='word_1_588' title='bbox 1194 4738 1333 4779; x_wconf 89' lang='lat' dir='ltr'>caro</span> <span class='ocrx_word' id='word_1_589' title='bbox 1355 4728 1458 4778; x_wconf 90' lang='lat' dir='ltr'>tua</span> <span class='ocrx_word' id='word_1_590' title='bbox 1480 4739 1712 4780; x_wconf 91' lang='lat' dir='ltr'>sumus.</span> <span class='ocrx_word' id='word_1_591' title='bbox 1734 4724 1846 4779; x_wconf 90' lang='lat' dir='ltr'>Sed</span> <span class='ocrx_word' id='word_1_592' title='bbox 1873 4729 1931 4780; x_wconf 89' lang='lat' dir='ltr'>et</span> 
     </span>
    </p>
   </div>
   <div class='ocr_carea' id='block_1_81' title="bbox 242 4813 1926 4885">
    <p class='ocr_par' dir='ltr' id='par_1_81' title="bbox 242 4813 1926 4885">
     <span class='ocr_line' id='line_1_81' title="bbox 242 4813 1926 4885; baseline -0.007 -5"><span class='ocrx_word' id='word_1_593' title='bbox 242 4822 382 4880; x_wconf 86' lang='lat' dir='ltr'>heri</span> <span class='ocrx_word' id='word_1_594' title='bbox 400 4824 464 4875; x_wconf 92' lang='lat' dir='ltr'>et</span> <span class='ocrx_word' id='word_1_595' title='bbox 482 4813 943 4877; x_wconf 87' lang='lat' dir='ltr'>nudiustertius,</span> <span class='ocrx_word' id='word_1_596' title='bbox 965 4828 1103 4868; x_wconf 88' lang='lat' dir='ltr'>cum</span> <span class='ocrx_word' id='word_1_597' title='bbox 1121 4817 1277 4867; x_wconf 87' lang='lat' dir='ltr'>esset</span> <span class='ocrx_word' id='word_1_598' title='bbox 1297 4813 1436 4869; x_wconf 88' lang='lat' dir='ltr'>Saul</span> <span class='ocrx_word' id='word_1_599' title='bbox 1458 4828 1561 4867; x_wconf 83' lang='lat' dir='ltr'>rex</span> <span class='ocrx_word' id='word_1_600' title='bbox 1582 4829 1764 4885; x_wconf 91' lang='lat' dir='ltr'>super</span> <span class='ocrx_word' id='word_1_601' title='bbox 1793 4830 1926 4882; x_wconf 82' lang='lat' dir='ltr'>nos,</span> 
     </span>
    </p>
   </div>
   <div class='ocr_carea' id='block_1_82' title="bbox 246 4901 1931 4968">
    <p class='ocr_par' dir='ltr' id='par_1_82' title="bbox 246 4901 1931 4968">
     <span class='ocr_line' id='line_1_82' title="bbox 246 4901 1931 4968; baseline -0.005 1"><span class='ocrx_word' id='word_1_602' title='bbox 246 4918 315 4968; x_wconf 89' lang='lat' dir='ltr'>tu</span> <span class='ocrx_word' id='word_1_603' title='bbox 344 4925 491 4967; x_wconf 85' lang='lat' dir='ltr'>eras</span> <span class='ocrx_word' id='word_1_604' title='bbox 526 4904 789 4959; x_wconf 90' lang='lat' dir='ltr'>educens</span> <span class='ocrx_word' id='word_1_605' title='bbox 816 4907 872 4957; x_wconf 85' lang='lat' dir='ltr'>et</span> <span class='ocrx_word' id='word_1_606' title='bbox 900 4901 1191 4957; x_wconf 89' lang='lat' dir='ltr'>reducens</span> <span class='ocrx_word' id='word_1_607' title='bbox 1218 4901 1399 4957; x_wconf 89' lang='lat' dir='ltr'>Israel</span> <span class='ocrx_word' id='word_1_608' title='bbox 1456 4918 1468 4954; x_wconf 85' lang='lat'><em>:</em></span> <span class='ocrx_word' id='word_1_609' title='bbox 1527 4902 1679 4957; x_wconf 83' lang='lat' dir='ltr'>dixit</span> <span class='ocrx_word' id='word_1_610' title='bbox 1731 4910 1931 4960; x_wconf 88' lang='lat' dir='ltr'>autem</span> 
     </span>
    </p>
   </div>
   <div class='ocr_carea' id='block_1_83' title="bbox 250 4990 1935 5061">
    <p class='ocr_par' dir='ltr' id='par_1_83' title="bbox 250 4990 1935 5061">
     <span class='ocr_line' id='line_1_83' title="bbox 250 4990 1935 5061; baseline -0.004 -6"><span class='ocrx_word' id='word_1_611' title='bbox 250 4998 573 5058; x_wconf 85' lang='lat' dir='ltr'>Dominus</span> <span class='ocrx_word' id='word_1_612' title='bbox 598 4992 676 5047; x_wconf 90' lang='lat' dir='ltr'>ad</span> <span class='ocrx_word' id='word_1_613' title='bbox 698 4996 751 5047; x_wconf 91' lang='lat' dir='ltr'>te</span> <span class='ocrx_word' id='word_1_614' title='bbox 768 5006 778 5044; x_wconf 92' lang='lat'>:</span> <span class='ocrx_word' id='word_1_615' title='bbox 795 4993 878 5045; x_wconf 91' lang='lat' dir='ltr'>&#39;I‘u</span> <span class='ocrx_word' id='word_1_616' title='bbox 894 5006 1106 5061; x_wconf 91' lang='lat' dir='ltr'>pasces</span> <span class='ocrx_word' id='word_1_617' title='bbox 1125 4990 1418 5061; x_wconf 89' lang='lat' dir='ltr'>populum</span> <span class='ocrx_word' id='word_1_618' title='bbox 1445 5006 1647 5045; x_wconf 89' lang='lat' dir='ltr'>meum</span> <span class='ocrx_word' id='word_1_619' title='bbox 1670 4992 1862 5057; x_wconf 87' lang='lat' dir='ltr'>Israel,</span> <span class='ocrx_word' id='word_1_620' title='bbox 1878 4997 1935 5048; x_wconf 87' lang='lat' dir='ltr'>et</span> 
     </span>
    </p>
   </div>
   <div class='ocr_carea' id='block_1_84' title="bbox 246 5079 1934 5151">
    <p class='ocr_par' dir='ltr' id='par_1_84' title="bbox 246 5079 1934 5151">
     <span class='ocr_line' id='line_1_84' title="bbox 246 5079 1934 5151; baseline -0.006 -5"><span class='ocrx_word' id='word_1_621' title='bbox 246 5092 315 5145; x_wconf 85' lang='lat' dir='ltr'>tu</span> <span class='ocrx_word' id='word_1_622' title='bbox 346 5087 476 5143; x_wconf 88' lang='lat' dir='ltr'>eris</span> <span class='ocrx_word' id='word_1_623' title='bbox 491 5083 627 5138; x_wconf 84' lang='lat' dir='ltr'>dux</span> <span class='ocrx_word' id='word_1_624' title='bbox 645 5095 823 5151; x_wconf 91' lang='lat' dir='ltr'>super</span> <span class='ocrx_word' id='word_1_625' title='bbox 842 5079 1040 5134; x_wconf 89' lang='lat' dir='ltr'>Israel.</span> <span class='ocrx_word' id='word_1_626' title='bbox 1074 5081 1369 5134; x_wconf 88' lang='lat' dir='ltr'>Venerunt</span> <span class='ocrx_word' id='word_1_627' title='bbox 1389 5096 1631 5150; x_wconf 90' lang='lat' dir='ltr'>quoque</span> <span class='ocrx_word' id='word_1_628' title='bbox 1662 5084 1717 5135; x_wconf 91' lang='lat' dir='ltr'>et</span> <span class='ocrx_word' id='word_1_629' title='bbox 1742 5081 1934 5137; x_wconf 89' lang='lat' dir='ltr'>senio—</span> 
     </span>
    </p>
   </div>
   <div class='ocr_carea' id='block_1_85' title="bbox 246 5167 1936 5239">
    <p class='ocr_par' dir='ltr' id='par_1_85' title="bbox 246 5167 1936 5239">
     <span class='ocr_line' id='line_1_85' title="bbox 246 5167 1936 5239; baseline -0.005 -4"><span class='ocrx_word' id='word_1_630' title='bbox 246 5194 347 5234; x_wconf 89' lang='lat' dir='ltr'>res</span> <span class='ocrx_word' id='word_1_631' title='bbox 376 5169 578 5232; x_wconf 87' lang='lat' dir='ltr'>lsrael</span> <span class='ocrx_word' id='word_1_632' title='bbox 605 5169 681 5224; x_wconf 89' lang='lat' dir='ltr'>ad</span> <span class='ocrx_word' id='word_1_633' title='bbox 698 5184 901 5239; x_wconf 83' lang='lat' dir='ltr'>regem</span> <span class='ocrx_word' id='word_1_634' title='bbox 924 5168 983 5222; x_wconf 90' lang='lat' dir='ltr'>in</span> <span class='ocrx_word' id='word_1_635' title='bbox 1012 5167 1266 5231; x_wconf 87' lang='lat' dir='ltr'>Hebron,</span> <span class='ocrx_word' id='word_1_636' title='bbox 1296 5172 1351 5222; x_wconf 91' lang='lat' dir='ltr'>et</span> <span class='ocrx_word' id='word_1_637' title='bbox 1370 5169 1664 5239; x_wconf 89' lang='lat' dir='ltr'>percussit</span> <span class='ocrx_word' id='word_1_638' title='bbox 1689 5186 1827 5225; x_wconf 89' lang='lat' dir='ltr'>cum</span> <span class='ocrx_word' id='word_1_639' title='bbox 1850 5170 1936 5226; x_wconf 88' lang='lat' dir='ltr'>eis</span> 
     </span>
    </p>
   </div>
   <div class='ocr_carea' id='block_1_86' title="bbox 2020 3218 3674 3289">
    <p class='ocr_par' dir='ltr' id='par_1_86' title="bbox 2020 3218 3674 3289">
     <span class='ocr_line' id='line_1_86' title="bbox 2020 3218 3674 3289; baseline -0.001 -14"><span class='ocrx_word' id='word_1_640' title='bbox 2020 3234 2158 3275; x_wconf 91' lang='lat' dir='ltr'>men</span> <span class='ocrx_word' id='word_1_641' title='bbox 2177 3226 2451 3273; x_wconf 88' lang='lat' dir='ltr'>sanetum</span> <span class='ocrx_word' id='word_1_642' title='bbox 2470 3222 2671 3271; x_wconf 92' lang='lat' dir='ltr'>tuum:</span> <span class='ocrx_word' id='word_1_643' title='bbox 2712 3220 2777 3271; x_wconf 88' lang='lat' dir='ltr'>ut</span> <span class='ocrx_word' id='word_1_644' title='bbox 2797 3233 2934 3272; x_wconf 91' lang='lat' dir='ltr'>cum</span> <span class='ocrx_word' id='word_1_645' title='bbox 2966 3219 3026 3271; x_wconf 93' lang='lat' dir='ltr'>in</span> <span class='ocrx_word' id='word_1_646' title='bbox 3050 3222 3332 3289; x_wconf 81' lang='lat' dir='ltr'>utrosque</span> <span class='ocrx_word' id='word_1_647' title='bbox 3350 3218 3531 3273; x_wconf 90' lang='lat' dir='ltr'>fueris</span> <span class='ocrx_word' id='word_1_648' title='bbox 3551 3218 3674 3289; x_wconf 89' lang='lat' dir='ltr'>glo-</span> 
     </span>
    </p>
   </div>
   <div class='ocr_carea' id='block_1_87' title="bbox 2020 3304 3670 3378">
    <p class='ocr_par' dir='ltr' id='par_1_87' title="bbox 2020 3304 3670 3378">
     <span class='ocr_line' id='line_1_87' title="bbox 2020 3304 3670 3378; baseline 0 -15"><span class='ocrx_word' id='word_1_649' title='bbox 2020 3308 2308 3373; x_wconf 89' lang='lat' dir='ltr'>riﬁcatus,</span> <span class='ocrx_word' id='word_1_650' title='bbox 2349 3306 2563 3361; x_wconf 90' lang='lat' dir='ltr'>demus</span> <span class='ocrx_word' id='word_1_651' title='bbox 2618 3304 2870 3373; x_wconf 82' lang='lat' dir='ltr'>gloriam</span> <span class='ocrx_word' id='word_1_652' title='bbox 2926 3306 3155 3362; x_wconf 91' lang='lat' dir='ltr'>nomini</span> <span class='ocrx_word' id='word_1_653' title='bbox 3203 3311 3408 3363; x_wconf 88' lang='lat' dir='ltr'>sancto</span> <span class='ocrx_word' id='word_1_654' title='bbox 3449 3312 3574 3364; x_wconf 89' lang='lat' dir='ltr'>tuo.</span> <span class='ocrx_word' id='word_1_655' title='bbox 3606 3318 3670 3378; x_wconf 58' lang='grc' dir='ltr'>ἢ.</span> 
     </span>
    </p>
   </div>
   <div class='ocr_carea' id='block_1_88' title="bbox 2022 3397 2233 3451">
    <p class='ocr_par' dir='ltr' id='par_1_88' title="bbox 2022 3397 2233 3451">
     <span class='ocr_line' id='line_1_88' title="bbox 2022 3397 2233 3451; baseline -0.005 -1"><span class='ocrx_word' id='word_1_656' title='bbox 2022 3397 2233 3451; x_wconf 82' lang='lat' dir='ltr'>Arnen.</span> 
     </span>
    </p>
   </div>
   <div class='ocr_carea' id='block_1_89' title="bbox 2096 3488 2222 3539">
    <p class='ocr_par' dir='ltr' id='par_1_89' title="bbox 2096 3488 2222 3539">
     <span class='ocr_line' id='line_1_89' title="bbox 2096 3488 2222 3539; baseline 0 0"><span class='ocrx_word' id='word_1_657' title='bbox 2096 3488 2222 3539; x_wconf 91' lang='lat' dir='ltr'>Per.</span> 
     </span>
    </p>
   </div>
   <div class='ocr_carea' id='block_1_90' title="bbox 2097 3573 3676 3647">
    <p class='ocr_par' dir='ltr' id='par_1_90' title="bbox 2097 3573 3676 3647">
     <span class='ocr_line' id='line_1_90' title="bbox 2097 3573 3676 3647; baseline 0.002 -18"><span class='ocrx_word' id='word_1_658' title='bbox 2097 3573 2446 3643; x_wconf 72' lang='lat' dir='ltr'>Antiphone</span> <span class='ocrx_word' id='word_1_659' title='bbox 2494 3578 2546 3630; x_wconf 88' lang='lat'>3.</span> <span class='ocrx_word' id='word_1_660' title='bbox 2600 3575 2768 3647; x_wconf 89' lang='lat' dir='ltr'>Eripe</span> <span class='ocrx_word' id='word_1_661' title='bbox 2816 3591 2914 3632; x_wconf 92' lang='lat' dir='ltr'>me</span> <span class='ocrx_word' id='word_1_662' title='bbox 2944 3575 3018 3632; x_wconf 91' lang='lat' dir='ltr'>de</span> <span class='ocrx_word' id='word_1_663' title='bbox 3043 3574 3299 3633; x_wconf 89' lang='lat' dir='ltr'>inimicis</span> <span class='ocrx_word' id='word_1_664' title='bbox 3324 3578 3496 3641; x_wconf 86' lang='lat' dir='ltr'>meis,</span> <span class='ocrx_word' id='word_1_665' title='bbox 3520 3578 3676 3633; x_wconf 88' lang='lat' dir='ltr'>Deus</span> 
     </span>
    </p>
   </div>
   <div class='ocr_carea' id='block_1_91' title="bbox 2026 3662 3677 3735">
    <p class='ocr_par' dir='ltr' id='par_1_91' title="bbox 2026 3662 3677 3735">
     <span class='ocr_line' id='line_1_91' title="bbox 2026 3662 3677 3735; baseline 0.001 -17"><span class='ocrx_word' id='word_1_666' title='bbox 2026 3678 2200 3718; x_wconf 89' lang='lat' dir='ltr'>meus</span> <span class='ocrx_word' id='word_1_667' title='bbox 2222 3681 2234 3717; x_wconf 92' lang='lat'>:</span> <span class='ocrx_word' id='word_1_668' title='bbox 2255 3662 2401 3718; x_wconf 89' lang='lat' dir='ltr'>etad</span> <span class='ocrx_word' id='word_1_669' title='bbox 2417 3662 2865 3732; x_wconf 84' lang='lat' dir='ltr'>insurgentibus</span> <span class='ocrx_word' id='word_1_670' title='bbox 2880 3665 2938 3720; x_wconf 92' lang='lat' dir='ltr'>in</span> <span class='ocrx_word' id='word_1_671' title='bbox 2955 3681 3052 3721; x_wconf 92' lang='lat' dir='ltr'>me</span> <span class='ocrx_word' id='word_1_672' title='bbox 3068 3665 3255 3721; x_wconf 86' lang='lat' dir='ltr'>libera</span> <span class='ocrx_word' id='word_1_673' title='bbox 3269 3681 3383 3735; x_wconf 90' lang='lat' dir='ltr'>me,</span> <span class='ocrx_word' id='word_1_674' title='bbox 3405 3666 3677 3723; x_wconf 91' lang='lat' dir='ltr'>Domine.</span> 
     </span>
    </p>
   </div>
   <div class='ocr_carea' id='block_1_92' title="bbox 2028 3749 3681 3825">
    <p class='ocr_par' dir='ltr' id='par_1_92' title="bbox 2028 3749 3681 3825">
     <span class='ocr_line' id='line_1_92' title="bbox 2028 3749 3681 3825; baseline 0.004 -21"><span class='ocrx_word' id='word_1_675' title='bbox 2028 3749 2088 3812; x_wconf 55' lang='grc' dir='ltr'>ἡ.</span> <span class='ocrx_word' id='word_1_676' title='bbox 2124 3750 2295 3821; x_wconf 86' lang='lat' dir='ltr'>Eripe</span> <span class='ocrx_word' id='word_1_677' title='bbox 2319 3767 2417 3805; x_wconf 91' lang='lat' dir='ltr'>me</span> <span class='ocrx_word' id='word_1_678' title='bbox 2442 3750 2516 3805; x_wconf 88' lang='lat' dir='ltr'>de</span> <span class='ocrx_word' id='word_1_679' title='bbox 2546 3753 2934 3822; x_wconf 88' lang='lat' dir='ltr'>operantibus</span> <span class='ocrx_word' id='word_1_680' title='bbox 2982 3754 3339 3825; x_wconf 88' lang='lat' dir='ltr'>inquitatem</span> <span class='ocrx_word' id='word_1_681' title='bbox 3372 3771 3383 3807; x_wconf 87' lang='lat'>:</span> <span class='ocrx_word' id='word_1_682' title='bbox 3419 3757 3476 3810; x_wconf 90' lang='lat' dir='ltr'>et</span> <span class='ocrx_word' id='word_1_683' title='bbox 3501 3754 3575 3810; x_wconf 90' lang='lat' dir='ltr'>de</span> <span class='ocrx_word' id='word_1_684' title='bbox 3602 3754 3681 3810; x_wconf 85' lang='lat' dir='ltr'>vi-</span> 
     </span>
    </p>
   </div>
   <div class='ocr_carea' id='block_1_93' title="bbox 2029 3839 2848 3909">
    <p class='ocr_par' dir='ltr' id='par_1_93' title="bbox 2029 3839 2848 3909">
     <span class='ocr_line' id='line_1_93' title="bbox 2029 3839 2848 3909; baseline 0.002 -14"><span class='ocrx_word' id='word_1_685' title='bbox 2029 3839 2109 3895; x_wconf 89' lang='lat' dir='ltr'>ris</span> <span class='ocrx_word' id='word_1_686' title='bbox 2126 3840 2488 3909; x_wconf 87' lang='lat' dir='ltr'>sanguinum</span> <span class='ocrx_word' id='word_1_687' title='bbox 2518 3839 2706 3896; x_wconf 89' lang='lat' dir='ltr'>libera</span> <span class='ocrx_word' id='word_1_688' title='bbox 2729 3858 2848 3897; x_wconf 91' lang='lat' dir='ltr'>me.</span> 
     </span>
    </p>
   </div>
   <div class='ocr_carea' id='block_1_94' title="bbox 2101 3928 3273 3998">
    <p class='ocr_par' dir='ltr' id='par_1_94' title="bbox 2101 3928 3273 3998">
     <span class='ocr_line' id='line_1_94' title="bbox 2101 3928 3273 3998; baseline 0.003 -16"><span class='ocrx_word' id='word_1_689' title='bbox 2101 3929 2397 3996; x_wconf 81' lang='lat' dir='ltr'>Hymnus.</span> <span class='ocrx_word' id='word_1_690' title='bbox 2428 3928 2470 3982; x_wconf 95' lang='lat' dir='ltr'>O</span> <span class='ocrx_word' id='word_1_691' title='bbox 2498 3930 2813 3991; x_wconf 84' lang='lat' dir='ltr'>Nazarene,</span> <span class='ocrx_word' id='word_1_692' title='bbox 2846 3929 2969 3984; x_wconf 83' lang='lat' dir='ltr'>lux.</span> <span class='ocrx_word' id='word_1_693' title='bbox 3002 3931 3113 3998; x_wconf 78' lang='lat' dir='ltr'>fol.</span> <span class='ocrx_word' id='word_1_694' title='bbox 3155 3933 3273 3986; x_wconf 72' lang='grc'>144.</span> 
     </span>
    </p>
   </div>
   <div class='ocr_carea' id='block_1_95' title="bbox 2106 4015 3685 4085">
    <p class='ocr_par' dir='ltr' id='par_1_95' title="bbox 2106 4015 3685 4085">
     <span class='ocr_line' id='line_1_95' title="bbox 2106 4015 3685 4085; baseline 0.003 -15"><span class='ocrx_word' id='word_1_695' title='bbox 2106 4017 2331 4070; x_wconf 69' lang='lat' dir='ltr'>Oratio.</span> <span class='ocrx_word' id='word_1_696' title='bbox 2352 4015 2516 4085; x_wconf 86' lang='lat' dir='ltr'>Eripe</span> <span class='ocrx_word' id='word_1_697' title='bbox 2542 4031 2653 4069; x_wconf 90' lang='lat' dir='ltr'>nos</span> <span class='ocrx_word' id='word_1_698' title='bbox 2684 4016 2936 4071; x_wconf 88' lang='lat' dir='ltr'>Domine</span> <span class='ocrx_word' id='word_1_699' title='bbox 2965 4018 3039 4073; x_wconf 91' lang='lat' dir='ltr'>de</span> <span class='ocrx_word' id='word_1_700' title='bbox 3071 4018 3325 4074; x_wconf 90' lang='lat' dir='ltr'>inimicis</span> <span class='ocrx_word' id='word_1_701' title='bbox 3347 4021 3566 4076; x_wconf 86' lang='lat' dir='ltr'>nostris</span> <span class='ocrx_word' id='word_1_702' title='bbox 3590 4037 3602 4075; x_wconf 86' lang='lat'><strong>:</strong></span> <span class='ocrx_word' id='word_1_703' title='bbox 3626 4024 3685 4075; x_wconf 90' lang='lat' dir='ltr'>et</span> 
     </span>
    </p>
   </div>
   <div class='ocr_carea' id='block_1_96' title="bbox 2032 4102 3682 4175">
    <p class='ocr_par' dir='ltr' id='par_1_96' title="bbox 2032 4102 3682 4175">
     <span class='ocr_line' id='line_1_96' title="bbox 2032 4102 3682 4175; baseline 0.002 -18"><span class='ocrx_word' id='word_1_704' title='bbox 2032 4104 2134 4175; x_wconf 90' lang='lat' dir='ltr'>qui</span> <span class='ocrx_word' id='word_1_705' title='bbox 2160 4107 2314 4157; x_wconf 84' lang='lat' dir='ltr'>tuam</span> <span class='ocrx_word' id='word_1_706' title='bbox 2331 4118 2439 4172; x_wconf 91' lang='lat' dir='ltr'>pro</span> <span class='ocrx_word' id='word_1_707' title='bbox 2456 4102 2630 4157; x_wconf 89' lang='lat' dir='ltr'>nobis</span> <span class='ocrx_word' id='word_1_708' title='bbox 2647 4103 2930 4171; x_wconf 86' lang='lat' dir='ltr'>dignatus</span> <span class='ocrx_word' id='word_1_709' title='bbox 2947 4119 3008 4159; x_wconf 92' lang='lat' dir='ltr'>es</span> <span class='ocrx_word' id='word_1_710' title='bbox 3025 4121 3247 4175; x_wconf 90' lang='lat' dir='ltr'>ponere</span> <span class='ocrx_word' id='word_1_711' title='bbox 3265 4106 3515 4161; x_wconf 87' lang='lat' dir='ltr'>animam</span> <span class='ocrx_word' id='word_1_712' title='bbox 3534 4124 3545 4161; x_wconf 94' lang='lat'><strong>:</strong></span> <span class='ocrx_word' id='word_1_713' title='bbox 3568 4122 3682 4163; x_wconf 89' lang='lat' dir='ltr'>nos</span> 
     </span>
    </p>
   </div>
   <div class='ocr_carea' id='block_1_97' title="bbox 2034 4189 3539 4266">
    <p class='ocr_par' dir='ltr' id='par_1_97' title="bbox 2034 4189 3539 4266">
     <span class='ocr_line' id='line_1_97' title="bbox 2034 4189 3539 4266; baseline 0.003 -19"><span class='ocrx_word' id='word_1_714' title='bbox 2034 4191 2113 4247; x_wconf 89' lang='lat' dir='ltr'>ab</span> <span class='ocrx_word' id='word_1_715' title='bbox 2138 4189 2583 4259; x_wconf 84' lang='lat' dir='ltr'>insurgentibus</span> <span class='ocrx_word' id='word_1_716' title='bbox 2636 4192 2697 4245; x_wconf 91' lang='lat' dir='ltr'>in</span> <span class='ocrx_word' id='word_1_717' title='bbox 2726 4206 2837 4247; x_wconf 88' lang='lat' dir='ltr'>nos</span> <span class='ocrx_word' id='word_1_718' title='bbox 2860 4190 3053 4249; x_wconf 89' lang='lat' dir='ltr'>libera</span> <span class='ocrx_word' id='word_1_719' title='bbox 3081 4209 3539 4266; x_wconf 88' lang='lat' dir='ltr'>usquequaque.</span> 
     </span>
    </p>
   </div>
   <div class='ocr_carea' id='block_1_98' title="bbox 2106 4278 2507 4335">
    <p class='ocr_par' dir='ltr' id='par_1_98' title="bbox 2106 4278 2507 4335">
     <span class='ocr_line' id='line_1_98' title="bbox 2106 4278 2507 4335; baseline 0.002 -4"><span class='ocrx_word' id='word_1_720' title='bbox 2106 4278 2270 4335; x_wconf 89' lang='lat' dir='ltr'>Pater</span> <span class='ocrx_word' id='word_1_721' title='bbox 2291 4282 2507 4333; x_wconf 89' lang='lat' dir='ltr'>noster.</span> 
     </span>
    </p>
   </div>
   <div class='ocr_carea' id='block_1_99' title="bbox 2619 4370 3090 4439">
    <p class='ocr_par' dir='ltr' id='par_1_99' title="bbox 2619 4370 3090 4439">
     <span class='ocr_line' id='line_1_99' title="bbox 2619 4370 3090 4439; baseline 0.004 -15"><span class='ocrx_word' id='word_1_722' title='bbox 2619 4370 2716 4425; x_wconf 80' lang='lat' dir='ltr'>Ad</span> <span class='ocrx_word' id='word_1_723' title='bbox 2758 4371 3090 4439; x_wconf 84' lang='lat' dir='ltr'>Vesperum.</span> 
     </span>
    </p>
   </div>
   <div class='ocr_carea' id='block_1_100' title="bbox 2104 4458 3605 4518">
    <p class='ocr_par' dir='ltr' id='par_1_100' title="bbox 2104 4458 3605 4518">
     <span class='ocr_line' id='line_1_100' title="bbox 2104 4458 3605 4518; baseline 0.003 -4"><span class='ocrx_word' id='word_1_724' title='bbox 2104 4459 2339 4515; x_wconf 82' lang='lat' dir='ltr'>Lauda.</span> <span class='ocrx_word' id='word_1_725' title='bbox 2366 4458 2722 4515; x_wconf 88' lang='lat' dir='ltr'>Illuminatio</span> <span class='ocrx_word' id='word_1_726' title='bbox 2741 4475 2876 4515; x_wconf 91' lang='lat' dir='ltr'>mea</span> <span class='ocrx_word' id='word_1_727' title='bbox 2892 4465 2947 4515; x_wconf 91' lang='lat' dir='ltr'>et</span> <span class='ocrx_word' id='word_1_728' title='bbox 2964 4460 3124 4515; x_wconf 89' lang='lat' dir='ltr'>salus</span> <span class='ocrx_word' id='word_1_729' title='bbox 3143 4476 3277 4517; x_wconf 90' lang='lat' dir='ltr'>mea</span> <span class='ocrx_word' id='word_1_730' title='bbox 3296 4462 3605 4518; x_wconf 89' lang='lat' dir='ltr'>Dominus.</span> 
     </span>
    </p>
   </div>
   <div class='ocr_carea' id='block_1_101' title="bbox 2106 4546 3690 4618">
    <p class='ocr_par' dir='ltr' id='par_1_101' title="bbox 2106 4546 3690 4618">
     <span class='ocr_line' id='line_1_101' title="bbox 2106 4546 3690 4618; baseline 0.002 -15"><span class='ocrx_word' id='word_1_731' title='bbox 2106 4548 2474 4616; x_wconf 74' lang='lat' dir='ltr'>Antiphona.</span> <span class='ocrx_word' id='word_1_732' title='bbox 2492 4546 2981 4618; x_wconf 66' lang='lat' dir='ltr'>I’rasoecupemus</span> <span class='ocrx_word' id='word_1_733' title='bbox 3004 4548 3217 4605; x_wconf 88' lang='lat' dir='ltr'>faciem</span> <span class='ocrx_word' id='word_1_734' title='bbox 3242 4550 3339 4605; x_wconf 91' lang='lat' dir='ltr'>Dei</span> <span class='ocrx_word' id='word_1_735' title='bbox 3366 4550 3429 4605; x_wconf 90' lang='lat' dir='ltr'>in</span> <span class='ocrx_word' id='word_1_736' title='bbox 3458 4551 3690 4606; x_wconf 81' lang='lat' dir='ltr'>confes-</span> 
     </span>
    </p>
   </div>
   <div class='ocr_carea' id='block_1_102' title="bbox 2036 4636 3601 4707">
    <p class='ocr_par' dir='ltr' id='par_1_102' title="bbox 2036 4636 3601 4707">
     <span class='ocr_line' id='line_1_102' title="bbox 2036 4636 3601 4707; baseline 0.003 -16"><span class='ocrx_word' id='word_1_737' title='bbox 2036 4636 2224 4701; x_wconf 92' lang='lat' dir='ltr'>sione,</span> <span class='ocrx_word' id='word_1_738' title='bbox 2265 4642 2321 4691; x_wconf 91' lang='lat' dir='ltr'>et</span> <span class='ocrx_word' id='word_1_739' title='bbox 2350 4636 2409 4690; x_wconf 87' lang='lat' dir='ltr'>in</span> <span class='ocrx_word' id='word_1_740' title='bbox 2436 4636 2684 4707; x_wconf 89' lang='lat' dir='ltr'>psalmis</span> <span class='ocrx_word' id='word_1_741' title='bbox 2708 4636 3031 4706; x_wconf 88' lang='lat' dir='ltr'>jubilemus</span> <span class='ocrx_word' id='word_1_742' title='bbox 3055 4637 3127 4693; x_wconf 90' lang='lat' dir='ltr'>ei.</span> <span class='ocrx_word' id='word_1_743' title='bbox 3150 4639 3417 4694; x_wconf 76' lang='lat' dir='ltr'>Psalmus</span> <span class='ocrx_word' id='word_1_744' title='bbox 3442 4654 3601 4695; x_wconf 71' lang='grc' dir='ltr'>χειν.</span> 
     </span>
    </p>
   </div>
   <div class='ocr_carea' id='block_1_103' title="bbox 2107 4725 3685 4797">
    <p class='ocr_par' dir='ltr' id='par_1_103' title="bbox 2107 4725 3685 4797">
     <span class='ocr_line' id='line_1_103' title="bbox 2107 4725 3685 4797; baseline 0.001 -17"><span class='ocrx_word' id='word_1_745' title='bbox 2107 4725 2334 4781; x_wconf 85' lang='lat' dir='ltr'>Lauda.</span> <span class='ocrx_word' id='word_1_746' title='bbox 2368 4725 2456 4779; x_wconf 86' lang='lat' dir='ltr'>Ab</span> <span class='ocrx_word' id='word_1_747' title='bbox 2487 4725 2652 4779; x_wconf 92' lang='lat' dir='ltr'>omni</span> <span class='ocrx_word' id='word_1_748' title='bbox 2694 4727 2791 4780; x_wconf 90' lang='lat' dir='ltr'>via</span> <span class='ocrx_word' id='word_1_749' title='bbox 2819 4725 2981 4781; x_wconf 90' lang='lat' dir='ltr'>mala</span> <span class='ocrx_word' id='word_1_750' title='bbox 3010 4726 3261 4797; x_wconf 88' lang='lat' dir='ltr'>prohibe</span> <span class='ocrx_word' id='word_1_751' title='bbox 3288 4726 3469 4797; x_wconf 89' lang='lat' dir='ltr'>pedes</span> <span class='ocrx_word' id='word_1_752' title='bbox 3498 4741 3685 4792; x_wconf 90' lang='lat' dir='ltr'>meos,</span> 
     </span>
    </p>
   </div>
   <div class='ocr_carea' id='block_1_104' title="bbox 2038 4812 3694 4885">
    <p class='ocr_par' dir='ltr' id='par_1_104' title="bbox 2038 4812 3694 4885">
     <span class='ocr_line' id='line_1_104' title="bbox 2038 4812 3694 4885; baseline 0.002 -17"><span class='ocrx_word' id='word_1_753' title='bbox 2038 4814 2308 4869; x_wconf 88' lang='lat' dir='ltr'>Domine.</span> <span class='ocrx_word' id='word_1_754' title='bbox 2345 4812 2409 4872; x_wconf 55' lang='grc' dir='ltr'><strong>ν.</strong></span> <span class='ocrx_word' id='word_1_755' title='bbox 2453 4814 2767 4876; x_wconf 87' lang='lat' dir='ltr'>Quomodo</span> <span class='ocrx_word' id='word_1_756' title='bbox 2789 4814 3178 4883; x_wconf 77' lang='lat' dir='ltr'>dilexilegem</span> <span class='ocrx_word' id='word_1_757' title='bbox 3203 4819 3390 4885; x_wconf 89' lang='lat' dir='ltr'>tuam,</span> <span class='ocrx_word' id='word_1_758' title='bbox 3407 4814 3694 4871; x_wconf 75' lang='lat' dir='ltr'>Domine?</span> 
     </span>
    </p>
   </div>
   <div class='ocr_carea' id='block_1_105' title="bbox 2039 4901 2926 4959">
    <p class='ocr_par' dir='ltr' id='par_1_105' title="bbox 2039 4901 2926 4959">
     <span class='ocr_line' id='line_1_105' title="bbox 2039 4901 2926 4959; baseline -0.003 0"><span class='ocrx_word' id='word_1_759' title='bbox 2039 4908 2161 4959; x_wconf 88' lang='lat' dir='ltr'>tota</span> <span class='ocrx_word' id='word_1_760' title='bbox 2199 4902 2293 4956; x_wconf 90' lang='lat' dir='ltr'>die</span> <span class='ocrx_word' id='word_1_761' title='bbox 2326 4901 2636 4957; x_wconf 89' lang='lat' dir='ltr'>meditatio</span> <span class='ocrx_word' id='word_1_762' title='bbox 2664 4918 2799 4957; x_wconf 88' lang='lat' dir='ltr'>mea</span> <span class='ocrx_word' id='word_1_763' title='bbox 2820 4907 2926 4958; x_wconf 89' lang='lat' dir='ltr'>est.</span> 
     </span>
    </p>
   </div>
   <div class='ocr_carea' id='block_1_106' title="bbox 2110 4990 3185 5061">
    <p class='ocr_par' dir='ltr' id='par_1_106' title="bbox 2110 4990 3185 5061">
     <span class='ocr_line' id='line_1_106' title="bbox 2110 4990 3185 5061; baseline 0.001 -15"><span class='ocrx_word' id='word_1_764' title='bbox 2110 4993 2403 5061; x_wconf 80' lang='lat' dir='ltr'>Hymnus.</span> <span class='ocrx_word' id='word_1_765' title='bbox 2436 4990 2693 5045; x_wconf 89' lang='lat' dir='ltr'>Verbum</span> <span class='ocrx_word' id='word_1_766' title='bbox 2720 4992 2921 5045; x_wconf 84' lang='lat' dir='ltr'>Patris.</span> <span class='ocrx_word' id='word_1_767' title='bbox 2944 4994 3037 5061; x_wconf 77' lang='lat' dir='ltr'>fol</span> 
     </span>
    </p>
   </div>
   <div class='ocr_carea' id='block_1_107' title="bbox 2115 5079 3193 5138">
    <p class='ocr_par' dir='ltr' id='par_1_107' title="bbox 2115 5079 3193 5138">
     <span class='ocr_line' id='line_1_107' title="bbox 2115 5079 3193 5138; baseline 0.002 -5"><span class='ocrx_word' id='word_1_768' title='bbox 2115 5080 2339 5135; x_wconf 82' lang='lat' dir='ltr'>Lauda.</span> <span class='ocrx_word' id='word_1_769' title='bbox 2387 5079 2523 5134; x_wconf 77' lang='lat' dir='ltr'>Vide</span> <span class='ocrx_word' id='word_1_770' title='bbox 2549 5079 2943 5136; x_wconf 88' lang='lat' dir='ltr'>humilitatem</span> <span class='ocrx_word' id='word_1_771' title='bbox 2975 5098 3193 5138; x_wconf 89' lang='lat' dir='ltr'>meam.</span> 
     </span>
    </p>
   </div>
   <div class='ocr_carea' id='block_1_108' title="bbox 2650 5186 3075 5232">
    <p class='ocr_par' dir='ltr' id='par_1_108' title="bbox 2650 5186 3075 5232">
     <span class='ocr_line' id='line_1_108' title="bbox 2650 5186 3075 5232; baseline 0.005 -11"><span class='ocrx_word' id='word_1_772' title='bbox 2650 5186 2749 5232; x_wconf 74' lang='lat' dir='ltr'>QUA</span> <span class='ocrx_word' id='word_1_773' title='bbox 2759 5187 2860 5223; x_wconf 75' lang='lat' dir='ltr'>RTA</span> <span class='ocrx_word' id='word_1_774' title='bbox 2903 5187 3075 5224; x_wconf 76' lang='lat' dir='ltr'>FERIA.</span> 
     </span>
    </p>
   </div>
   <div class='ocr_carea' id='block_1_109' title="bbox 2615 5258 3137 5315">
    <p class='ocr_par' dir='ltr' id='par_1_109' title="bbox 2615 5258 3137 5315">
     <span class='ocr_line' id='line_1_109' title="bbox 2615 5258 3137 5315; baseline 0.004 -3"><span class='ocrx_word' id='word_1_775' title='bbox 2615 5259 2711 5313; x_wconf 80' lang='lat' dir='ltr'>Ad</span> <span class='ocrx_word' id='word_1_776' title='bbox 2744 5258 3137 5315; x_wconf 76' lang='lat' dir='ltr'>Matutinum.</span> 
     </span>
    </p>
   </div>
   <div class='ocr_carea' id='block_1_110' title="bbox 2118 5346 3701 5419">
    <p class='ocr_par' dir='ltr' id='par_1_110' title="bbox 2118 5346 3701 5419">
     <span class='ocr_line' id='line_1_110' title="bbox 2118 5346 3701 5419; baseline -0.002 -17"><span class='ocrx_word' id='word_1_777' title='bbox 2118 5347 2479 5417; x_wconf 69' lang='lat' dir='ltr'>Antiphonti.</span> <span class='ocrx_word' id='word_1_778' title='bbox 2515 5346 2670 5401; x_wconf 84' lang='lat' dir='ltr'>Multi</span> <span class='ocrx_word' id='word_1_779' title='bbox 2703 5347 3165 5419; x_wconf 89' lang='lat' dir='ltr'>insurgeruntin</span> <span class='ocrx_word' id='word_1_780' title='bbox 3190 5364 3303 5404; x_wconf 92' lang='lat' dir='ltr'>me.</span> <span class='ocrx_word' id='word_1_781' title='bbox 3324 5349 3480 5405; x_wconf 85' lang='lat' dir='ltr'>Multi</span> <span class='ocrx_word' id='word_1_782' title='bbox 3496 5347 3701 5401; x_wconf 89' lang='lat' dir='ltr'>dicunt</span> 
     </span>
    </p>
   </div>
   <div class='ocr_carea' id='block_1_111' title="bbox 2051 5436 3703 5510">
    <p class='ocr_par' dir='ltr' id='par_1_111' title="bbox 2051 5436 3703 5510">
     <span class='ocr_line' id='line_1_111' title="bbox 2051 5436 3703 5510; baseline -0.002 -17"><span class='ocrx_word' id='word_1_783' title='bbox 2051 5439 2266 5493; x_wconf 58' lang='lat' dir='ltr'>animae</span> <span class='ocrx_word' id='word_1_784' title='bbox 2300 5454 2447 5492; x_wconf 76' lang='lat' dir='ltr'>meas</span> <span class='ocrx_word' id='word_1_785' title='bbox 2509 5455 2519 5491; x_wconf 93' lang='lat'><strong>:</strong></span> <span class='ocrx_word' id='word_1_786' title='bbox 2588 5441 2713 5491; x_wconf 87' lang='lat' dir='ltr'>Non</span> <span class='ocrx_word' id='word_1_787' title='bbox 2746 5443 2831 5493; x_wconf 88' lang='lat' dir='ltr'>est</span> <span class='ocrx_word' id='word_1_788' title='bbox 2876 5438 3038 5493; x_wconf 90' lang='lat' dir='ltr'>salus</span> <span class='ocrx_word' id='word_1_789' title='bbox 3064 5439 3174 5510; x_wconf 89' lang='lat' dir='ltr'>ipsi</span> <span class='ocrx_word' id='word_1_790' title='bbox 3206 5439 3263 5492; x_wconf 87' lang='lat' dir='ltr'>in</span> <span class='ocrx_word' id='word_1_791' title='bbox 3292 5440 3408 5492; x_wconf 89' lang='lat' dir='ltr'>Deo</span> <span class='ocrx_word' id='word_1_792' title='bbox 3434 5438 3587 5506; x_wconf 89' lang='lat' dir='ltr'>ejus.</span> <span class='ocrx_word' id='word_1_793' title='bbox 3617 5436 3703 5489; x_wconf 90' lang='lat' dir='ltr'>Tu</span> 
     </span>
    </p>
   </div>
   <div class='ocr_carea' id='block_1_112' title="bbox 2053 5525 3589 5597">
    <p class='ocr_par' dir='ltr' id='par_1_112' title="bbox 2053 5525 3589 5597">
     <span class='ocr_line' id='line_1_112' title="bbox 2053 5525 3589 5597; baseline -0.007 -15"><span class='ocrx_word' id='word_1_794' title='bbox 2053 5532 2253 5582; x_wconf 87' lang='lat' dir='ltr'>autem</span> <span class='ocrx_word' id='word_1_795' title='bbox 2284 5526 2533 5581; x_wconf 90' lang='lat' dir='ltr'>Domine</span> <span class='ocrx_word' id='word_1_796' title='bbox 2575 5532 2881 5597; x_wconf 86' lang='lat' dir='ltr'>susceptor</span> <span class='ocrx_word' id='word_1_797' title='bbox 2903 5538 3075 5580; x_wconf 88' lang='lat' dir='ltr'>meus</span> <span class='ocrx_word' id='word_1_798' title='bbox 3100 5544 3181 5580; x_wconf 89' lang='lat' dir='ltr'>es.</span> <span class='ocrx_word' id='word_1_799' title='bbox 3212 5525 3486 5582; x_wconf 73' lang='lat' dir='ltr'>Psalmus</span> <span class='ocrx_word' id='word_1_800' title='bbox 3514 5537 3589 5575; x_wconf 75' lang='grc' dir='ltr'>[ιι.</span> 
     </span>
    </p>
   </div>
   <div class='ocr_carea' id='block_1_113' title="bbox 2129 5600 3705 5688">
    <p class='ocr_par' dir='ltr' id='par_1_113' title="bbox 2129 5600 3705 5688">
     <span class='ocr_line' id='line_1_113' title="bbox 2129 5600 3705 5688; baseline -0.005 -17"><span class='ocrx_word' id='word_1_801' title='bbox 2129 5615 2357 5672; x_wconf 75' lang='lat' dir='ltr'>Oratio.</span> <span class='ocrx_word' id='word_1_802' title='bbox 2398 5613 2758 5687; x_wconf 77' lang='lat' dir='ltr'>Multiplicati</span> <span class='ocrx_word' id='word_1_803' title='bbox 2789 5618 2946 5688; x_wconf 81' lang='lat' dir='ltr'>sunt,</span> <span class='ocrx_word' id='word_1_804' title='bbox 2975 5612 3245 5685; x_wconf 81' lang='lat' dir='ltr'>Domine,</span> <span class='ocrx_word' id='word_1_805' title='bbox 3276 5610 3379 5687; x_wconf 82' lang='lat' dir='ltr'>qui</span> <span class='ocrx_word' id='word_1_806' title='bbox 3422 5600 3705 5687; x_wconf 70' lang='lat' dir='ltr'>tribulant</span> 
     </span>
    </p>
   </div>
   <div class='ocr_carea' id='block_1_114' title="bbox 247 5256 1938 5322">
    <p class='ocr_par' dir='ltr' id='par_1_114' title="bbox 247 5256 1938 5322">
     <span class='ocr_line' id='line_1_114' title="bbox 247 5256 1938 5322; baseline -0.006 1"><span class='ocrx_word' id='word_1_807' title='bbox 247 5281 360 5322; x_wconf 79' lang='lat' dir='ltr'>rex</span> <span class='ocrx_word' id='word_1_808' title='bbox 386 5258 595 5318; x_wconf 86' lang='lat' dir='ltr'>David</span> <span class='ocrx_word' id='word_1_809' title='bbox 627 5257 821 5312; x_wconf 61' lang='lat' dir='ltr'>foedus</span> <span class='ocrx_word' id='word_1_810' title='bbox 846 5256 908 5311; x_wconf 89' lang='lat' dir='ltr'>in</span> <span class='ocrx_word' id='word_1_811' title='bbox 936 5256 1169 5311; x_wconf 88' lang='lat' dir='ltr'>Hebron</span> <span class='ocrx_word' id='word_1_812' title='bbox 1197 5270 1401 5310; x_wconf 88' lang='lat' dir='ltr'>coram</span> <span class='ocrx_word' id='word_1_813' title='bbox 1432 5257 1684 5312; x_wconf 91' lang='lat' dir='ltr'>Domino</span> <span class='ocrx_word' id='word_1_814' title='bbox 1714 5274 1723 5310; x_wconf 96' lang='lat'>:</span> <span class='ocrx_word' id='word_1_815' title='bbox 1754 5276 1938 5313; x_wconf 80' lang='lat' dir='ltr'>unxe-</span> 
     </span>
    </p>
   </div>
   <div class='ocr_carea' id='block_1_115' title="bbox 246 5344 1939 5423">
    <p class='ocr_par' dir='ltr' id='par_1_115' title="bbox 246 5344 1939 5423">
     <span class='ocr_line' id='line_1_115' title="bbox 246 5344 1939 5423; baseline -0.005 -12"><span class='ocrx_word' id='word_1_816' title='bbox 246 5357 538 5423; x_wconf 86' lang='lat' dir='ltr'>runtque</span> <span class='ocrx_word' id='word_1_817' title='bbox 562 5345 753 5401; x_wconf 90' lang='lat' dir='ltr'>David</span> <span class='ocrx_word' id='word_1_818' title='bbox 772 5346 831 5399; x_wconf 92' lang='lat' dir='ltr'>in</span> <span class='ocrx_word' id='word_1_819' title='bbox 849 5347 1065 5413; x_wconf 88' lang='lat' dir='ltr'>Regem</span> <span class='ocrx_word' id='word_1_820' title='bbox 1087 5359 1266 5413; x_wconf 89' lang='lat' dir='ltr'>super</span> <span class='ocrx_word' id='word_1_821' title='bbox 1283 5344 1482 5400; x_wconf 89' lang='lat' dir='ltr'>Israel.</span> <span class='ocrx_word' id='word_1_822' title='bbox 1512 5345 1687 5400; x_wconf 88' lang='lat' dir='ltr'>Filius</span> <span class='ocrx_word' id='word_1_823' title='bbox 1704 5346 1939 5415; x_wconf 86' lang='lat' dir='ltr'>triginta</span> 
     </span>
    </p>
   </div>
   <div class='ocr_carea' id='block_1_116' title="bbox 247 5432 1941 5506">
    <p class='ocr_par' dir='ltr' id='par_1_116' title="bbox 247 5432 1941 5506">
     <span class='ocr_line' id='line_1_116' title="bbox 247 5432 1941 5506; baseline -0.005 -6"><span class='ocrx_word' id='word_1_824' title='bbox 247 5453 580 5499; x_wconf 82' lang='lat' dir='ltr'>annorum</span> <span class='ocrx_word' id='word_1_825' title='bbox 608 5438 733 5490; x_wconf 88' lang='lat' dir='ltr'>erat</span> <span class='ocrx_word' id='word_1_826' title='bbox 761 5433 966 5499; x_wconf 87' lang='lat' dir='ltr'>David,</span> <span class='ocrx_word' id='word_1_827' title='bbox 989 5432 1050 5487; x_wconf 92' lang='lat' dir='ltr'>in</span> <span class='ocrx_word' id='word_1_828' title='bbox 1084 5449 1213 5487; x_wconf 90' lang='lat' dir='ltr'>eum</span> <span class='ocrx_word' id='word_1_829' title='bbox 1242 5448 1494 5503; x_wconf 85' lang='lat' dir='ltr'>regnare</span> <span class='ocrx_word' id='word_1_830' title='bbox 1528 5449 1617 5488; x_wconf 87' lang='lat' dir='ltr'>coe</span> <span class='ocrx_word' id='word_1_831' title='bbox 1647 5436 1846 5506; x_wconf 88' lang='lat' dir='ltr'>pisset,</span> <span class='ocrx_word' id='word_1_832' title='bbox 1886 5440 1941 5491; x_wconf 89' lang='lat' dir='ltr'>et</span> 
     </span>
    </p>
   </div>
   <div class='ocr_carea' id='block_1_117' title="bbox 248 5522 1943 5605">
    <p class='ocr_par' dir='ltr' id='par_1_117' title="bbox 248 5522 1943 5605">
     <span class='ocr_line' id='line_1_117' title="bbox 248 5522 1943 5605; baseline -0.005 -17"><span class='ocrx_word' id='word_1_833' title='bbox 248 5532 512 5605; x_wconf 86' lang='lat' dir='ltr'>quadra</span> <span class='ocrx_word' id='word_1_834' title='bbox 522 5526 693 5597; x_wconf 80' lang='lat' dir='ltr'>ginta</span> <span class='ocrx_word' id='word_1_835' title='bbox 711 5524 877 5578; x_wconf 87' lang='lat' dir='ltr'>annis</span> <span class='ocrx_word' id='word_1_836' title='bbox 896 5522 1253 5592; x_wconf 87' lang='lat' dir='ltr'>regnavit.ln</span> <span class='ocrx_word' id='word_1_837' title='bbox 1270 5522 1502 5578; x_wconf 86' lang='lat' dir='ltr'>Hebron</span> <span class='ocrx_word' id='word_1_838' title='bbox 1516 5524 1748 5594; x_wconf 84' lang='lat' dir='ltr'>regavit</span> <span class='ocrx_word' id='word_1_839' title='bbox 1763 5540 1943 5595; x_wconf 85' lang='lat' dir='ltr'>super</span> 
     </span>
    </p>
   </div>
   <div class='ocr_carea' id='block_1_118' title="bbox 249 5610 1944 5687">
    <p class='ocr_par' dir='ltr' id='par_1_118' title="bbox 249 5610 1944 5687">
     <span class='ocr_line' id='line_1_118' title="bbox 249 5610 1944 5687; baseline -0.007 -7"><span class='ocrx_word' id='word_1_840' title='bbox 249 5625 279 5681; x_wconf 71' lang='grc' dir='ltr'><strong><em>ι</em></strong></span> <span class='ocrx_word' id='word_1_841' title='bbox 287 5622 499 5678; x_wconf 86' lang='lat' dir='ltr'>udam</span> <span class='ocrx_word' id='word_1_842' title='bbox 514 5616 754 5687; x_wconf 84' lang='lat' dir='ltr'>septem</span> <span class='ocrx_word' id='word_1_843' title='bbox 773 5612 950 5669; x_wconf 84' lang='lat' dir='ltr'>annis</span> <span class='ocrx_word' id='word_1_844' title='bbox 965 5615 1021 5670; x_wconf 86' lang='lat' dir='ltr'>et</span> <span class='ocrx_word' id='word_1_845' title='bbox 1038 5626 1143 5668; x_wconf 85' lang='lat' dir='ltr'>sex</span> <span class='ocrx_word' id='word_1_846' title='bbox 1166 5610 1495 5668; x_wconf 86' lang='lat' dir='ltr'>mensibus:</span> <span class='ocrx_word' id='word_1_847' title='bbox 1514 5612 1570 5667; x_wconf 87' lang='lat' dir='ltr'>in</span> <span class='ocrx_word' id='word_1_848' title='bbox 1582 5613 1944 5671; x_wconf 74' lang='lat' dir='ltr'>Hierusalem</span> 
     </span>
    </p>
   </div>
  </div>
