4192 6496
535 385 639 441 527

1796 372 2249 434 BREVIABIUM
2287 375 2472 433 GOTH
2482 375 2678 433 ICUM.

3839 373 3950 430 528

539 525 644 564 nos
667 523 679 561 :
700 505 806 562 sed
826 508 886 560 tu
903 503 1128 559 multus
1150 519 1211 560 es
1230 503 1286 558 in
1302 498 1816 572 misericordiaqui
1832 515 2008 556 eruas
2028 515 2169 558 nos:
2203 502 2250 556 A
2281 501 2466 558 Deum
2491 515 2713 564 meum,
2739 501 2795 556 et
2819 497 2974 555 oculi
2996 497 3116 554 mei
3135 497 3515 570 conspecturi
3537 500 3702 563 sunt,
3732 502 3794 555 et
3818 513 3950 556 non

538 594 599 651 in
614 593 780 650 nullo
806 591 963 648 enim
992 590 1428 646 formidabimus
1448 589 1525 646 ab
1543 588 1855 645 imminenti
1871 603 2167 660 pressura,
2199 591 2210 598 “

542 681 591 737 si
619 685 852 738 tantum
881 683 984 736 tua
1008 677 1374 746 muniamur,
1423 677 1825 748 Omnipotens,
1855 675 2064 748 gratia.
2096 687 2169 747 Ri.

540 773 747 826 Amen.

608 859 956 1015 :eJtzphona
985 944 1040 1002 1.
1068 943 1312 1000 Domine
1340 943 1490 998 Deus
1517 955 1689 998 meus
1715 941 1776 996 in
1806 944 1860 997 te
1889 939 2123 1014 speravi
2152 957 2166 996 :

543 1033 709 1091 salva
719 1049 814 1088 me
835 1046 850 1087 :
867 1031 1052 1088 libera
1066 1047 1161 1087 me
1175 1031 1252 1088 ab
1264 1029 1546 1088 omnibus
1560 1028 2040 1101 persequentibus
2053 1045 2165 1086 me.

538 1121 619 1179 Ne
639 1121 883 1194 quando
903 1121 1095 1191 rapiat
1124 1124 1185 1176 ut
1203 1119 1295 1175 leo
1322 1119 1585 1174 animam
1607 1133 1824 1173 meam.
1851 1113 1911 1177 ἲν.
1941 1119 2170 1190 Exurge

537 1209 804 1273 Domine,
828 1224 950 1264 non
972 1207 1468 1280 prevaleathomo
1494 1223 1504 1261 :
1522 1203 1864 1277 judicentur
1885 1209 2089 1275 gentes
2107 1205 2169 1261 in

537 1301 857 1367 conspectu
879 1301 998 1352 tuo.

607 1385 833 1440 Oratio.
855 1382 1096 1438 Domine
1117 1386 1320 1440 contra
1335 1382 1868 1454 multiplicationem
1890 1381 2169 1438 tribulan-

535 1471 681 1527 tium
702 1487 812 1527 nos
840 1471 1006 1527 fortis
1035 1476 1439 1543 propugnator
1463 1486 1703 1527 occurre
1744 1489 1762 1538 ;
1807 1475 1864 1526 et
1883 1469 2168 1526 adversus

530 1559 973 1616 multitudinem
1011 1558 1443 1630 insurgentium
1478 1559 1540 1615 in
1564 1574 1675 1615 nos
1717 1559 1852 1630 pius
1893 1558 2169 1616 defensor

532 1647 760 1714 assiste;
784 1647 974 1720 sitque
994 1646 1326 1704 benedictio
1349 1653 1449 1704 tua
1469 1663 1647 1719 super
1658 1647 2130 1719 populumtuum
2149 1655 2163 1695 ε

532 1741 595 1794 ut
621 1736 726 1808 qui
758 1737 1012 1792 salutem
1038 1734 1254 1792 animm
1282 1740 1497 1792 nostras
1526 1736 1587 1791 in
1616 1739 1669 1791 te
1691 1751 1819 1791 esse
1847 1732 2163 1807 denegant,

2228 591 2244 599 ’
2281 589 2449 646 alius.

2669 675 2965 733 Canticum
2986 673 3092 731 Job
3116 673 3280 746 (Cap.
3300 674 3444 746 xix).

2349 767 2492 822 Ecce
2516 763 2710 822 clamo
2729 765 2848 821 vim
2869 763 3181 836 patiens,et
3207 779 3386 821 nemo
3412 763 3583 820 audit
3612 780 3624 819 :
3659 764 3685 788 "
3717 764 3944 822 vocife-

2276 868 2394 919 ror,
2423 857 2479 910 et
2507 869 2630 910 non
2654 857 2743 911 est
2770 852 2875 926 qui
2890 849 3135 924 judicet.

2349 941 2631 999 Semitam
2652 957 2852 997 meam
2878 938 3339 1012 cicumsepsit,et
3363 939 3622 997 transire
3649 955 3778 997 non
3805 956 3947 1014 pos-

2279 1045 2434 1098 sum,
2467 1033 2486 1054 ‘
2517 1035 2573 1085 et
2600 1029 2661 1085 in
2699 1028 2844 1085 calle
2880 1044 3013 1084 meo
3042 1028 3316 1085 tenebras
3346 1027 3571 1100 posuit.

2350 1117 2635 1190 Spoliav1t
2658 1134 2754 1174 me
2785 1116 2972 1187 gloria
3003 1132 3156 1187 mea,
3185 1117 3206 1136 ¹
3228 1121 3283 1172 et
3330 1116 3578 1174 abstulit
3644 1133 3944 1176 coronam

2278 1204 2351 1262 de
2382 1207 2571 1278 capite
2614 1221 2769 1262 meo.

2344 1293 2646 1350 Dextruxit
2661 1309 2757 1348 me
2784 1292 3066 1364 undique,
3092 1296 3144 1348 et
3167 1308 3344 1363 pereo
3375 1295 3395 1313 '
3416 1296 3474 1348 et
3503 1293 3687 1365 quasi
3715 1291 3946 1351 avulsae

2275 1381 2472 1439 arbori
2493 1381 2734 1438 abstulit
2756 1397 2924 1454 spem
2953 1397 3171 1437 meam.

2349 1475 2532 1527 Iratus
2556 1474 2641 1526 est
2661 1474 2868 1526 contra
2887 1485 2982 1525 me
3002 1469 3164 1524 furor
3185 1468 3315 1539 ejus
3343 1511 3356 1534 ,
3381 1470 3397 1485 '
3415 1471 3474 1524 et
3495 1468 3579 1524 sic
3602 1486 3702 1526 me
3721 1470 3944 1528 habuit

2274 1558 2452 1632 quasi
2482 1559 2715 1616 hostem
2746 1575 2947 1614 suum.

2348 1647 2533 1704 Simul
2569 1651 2856 1704 venerunt
2886 1645 3145 1702 latrones
3183 1646 3336 1716 ejus,
3395 1651 3452 1701 et
3510 1646 3790 1704 fecerunt
3823 1649 3938 1706 sibi

2273 1735 2434 1792 viam
2454 1752 2557 1808 per
2578 1751 2693 1800 me,
2718 1739 2737 1758 ’
2759 1739 2814 1792 et
2834 1734 3195 1791 obsederunt
3209 1733 3271 1790 in
3292 1747 3446 1806 gyro
3468 1733 3936 1794 tabernaculum

526 1828 583 1882 te
610 1825 975 1884 Salvatorem
1005 1829 1274 1882 nostrum
1303 1825 1416 1896 ipsi
1450 1823 1563 1881 sibi
1593 1841 1704 1882 sua
1727 1825 2167 1897 expugnatione
2198 1861 2242 1918 Β
2276 1840 2498 1881 meum.

526 1917 906 1987 cognoscant.
934 1923 998 1985 1y.
1028 1917 1233 1970 Amen.

597 2001 968 2073 Antiphona.
1003 2004 1036 2056 2
1082 2003 1234 2058 Deus
1258 2017 1452 2069 meus,
1481 2017 1635 2074 pone
1674 1997 1949 2058 inimicos
1997 2017 2163 2059 meos

527 2095 592 2145 ut
629 2092 932 2146 rotam2et
957 2088 1106 2145 sicut
1156 2087 1439 2162 stipulam
1458 2093 1592 2147 ante
1634 2089 1845 2146 faciem
1867 2089 2047 2147 venti.
2097 2091 2166 2146 Ut

524 2178 715 2235 sciant
739 2176 1018 2248 quoniam
1074 2193 1294 2234 nomen
1339 2177 1444 2234 tibi
1475 2177 1778 2234 Dominus.
1813 2177 1873 2238 ἲν.
1926 2181 2009 2234 Ita
2036 2193 2166 2249 per-

525 2265 791 2338 sequeris
844 2280 946 2322 eos
997 2265 1057 2321 in
1103 2269 1448 2339 tempestate
1498 2286 1516 2321 :
1566 2271 1621 2323 et
1653 2265 1714 2321 in
1774 2266 1863 2324 ira
1891 2270 1992 2323 tua
2017 2282 2162 2324 con-

520 2352 785 2411 turbabis
815 2368 939 2410 eos.

592 2443 644 2514 3
660 2445 770 2514 10
801 2442 1027 2500 Oratio.
1049 2442 1295 2499 Domine
1316 2442 1470 2499 Deus
1490 2447 1827 2515 sperantem
1844 2443 1906 2500 in
1923 2447 1976 2500 te
1997 2447 2162 2500 tuam

519 2530 839 2588 Ecclesiam
861 2546 899 2586 a
937 2529 1434 2603 persequentibus
1456 2531 1737 2588 omnibus
1773 2531 1974 2600 salva;
1999 2535 2056 2588 et
2083 2531 2158 2588 de

519 2626 705 2674 manu
729 2617 1210 2691 persequentium
1265 2618 1660 2690 potentialiter
1699 2620 1885 2677 libera
1936 2638 1949 2676 :
1984 2635 2054 2676 ac
2082 2635 2157 2676 ne

523 2706 768 2778 quando
793 2708 990 2780 rapiat
1007 2711 1068 2763 ut
1082 2706 1175 2763 leo
1191 2707 1457 2764 animam
1471 2706 1521 2778 ej
1533 2708 1740 2779 us,tuis
1757 2725 1986 2782 semper
2000 2709 2156 2766 inro-

517 2798 677 2851 retur
699 2794 1102 2852 virtutibuszut
1121 2795 1293 2867 cujus
1310 2795 1572 2868 primum
1595 2797 1883 2868 passionis
1899 2797 2156 2871 comple-

514 2883 574 2940 ta
590 2887 678 2940 est
693 2884 1001 2954 sanguine,
1019 2881 1146 2955 ejus
1163 2883 1380 2942 invicta
1399 2882 1677 2943 liberetur
1706 2902 1743 2943 a
1762 2885 1936 2946 malis
1965 2887 2155 2944 omni-

515 2969 624 3028 bus
649 2975 957 3044 potestate.
991 2983 1054 3044 Βι.
1087 2971 1297 3029 Amen.

585 3077 931 3147 Antiphona
953 3082 1002 3134 3.
1032 3079 1207 3145 Deus,
1235 3078 1371 3150 quis
1397 3078 1604 3134 similis
1632 3079 1737 3137 tibi
1766 3082 1793 3136 ?
1816 3095 1891 3136 ne
1916 3084 2148 3138 taceas:

2341 1913 2571 1970 Fratres
2600 1927 2766 1968 meos
2791 1911 2967 1982 longe
2989 1909 3123 1968 fecit
3143 1927 3179 1967 a
3203 1925 3322 1977 me,
3347 1914 3366 1934 '
3398 1914 3456 1966 et
3485 1911 3615 1968 noti
3640 1913 3760 1970 mei
3781 1930 3929 1987 qua-

2273 2000 2321 2057 si
2349 2000 2518 2057 alieni
2543 2005 2911 2057 recesserunt
2939 2016 2975 2056 a
3012 2015 3127 2055 me.

2341 2088 2783 2160 Dereliquerunt
2809 2103 2905 2143 me
2935 2087 3259 2159 propinqui
3287 2088 3409 2143 mei
3469 2105 3480 2142 :

2271 2181 2575 2243 noverant,
2618 2176 2786 2232 obliti
2817 2180 2959 2232 sunt
2995 2176 3130 2232 mei.

2342 2263 2598 2336 Inquilini
2631 2264 2834 2320 domus
2854 2280 3017 2334 meae,
3040 2263 3330 2321 etancillee
3345 2281 3503 2335 mete,
3518 2266 3915 2323 sicutalienum

2267 2353 2606 2411 habuerunt
2635 2369 2748 2417 me,
2781 2355 2800 2375 “
2831 2357 2886 2410 et
2923 2353 3098 2426 quasi
3142 2353 3500 2425 peregrinus
3533 2353 3616 2410 fui
3643 2354 3706 2411 in
3733 2355 3922 2412 oculis

2269 2458 2494 2500 eorum.

2339 2531 2583 2588 Servum
2609 2546 2810 2587 meum
2840 2529 3067 2594 vocavi,
3102 2532 3158 2586 et
3183 2545 3308 2587 non
3334 2531 3656 2603 respondit
3713 2549 3727 2600 ;

2264 2620 2506 2694 proprio
2535 2619 2903 2692 deprecabar
2931 2617 3120 2675 illum.

2334 2709 2588 2766 Halitum
2617 2723 2819 2764 meum
2848 2707 3147 2764 exhorruit
3172 2722 3325 2764 uxor
3348 2723 3510 2774 mea,
3537 2711 3557 2730 ⁶
3585 2713 3643 2766 et
3663 2709 3920 2768 orabam

3545 2091 3559 2106 '
3611 2095 3666 2146 et
3694 2091 3796 2163 qui
3825 2109 3924 2150 me

3777 2535 3796 2554 θ
3822 2547 3922 2589 ore

2261 2797 2414 2856 ﬁlios
2435 2797 2584 2854 uteri
2613 2795 2746 2853 mei.

2333 2885 2498 2944 Stulti
2526 2899 2768 2958 quoque
2798 2883 3209 2957 despiciebant
3236 2901 3354 2951 me,
3389 2889 3408 2909 ⁹
3447 2890 3506 2942 et
3542 2903 3691 2944 cum
3720 2887 3802 2946 ab
3836 2887 3918 2945 eis

2260 2974 2661 3039 recessissem,
2694 2971 3090 3030 detrahebant
3111 2971 3281 3030 mihi.

2329 3061 2664 3121 Abominati
2687 3065 2826 3118 sunt
2845 3077 2940 3117 me
2960 3060 3272 3134 quondam
3295 3062 3622 3120 consiliarii
3640 3064 3765 3121 mei
3789 3080 3801 3120 :
3828 3065 3847 3086 '
3863 3066 3919 3121 et

514 3179 708 3238 neque
739 3167 1134 3238 compescaris
1154 3148 1329 3221 Deus:
1358 3166 1647 3238 quoniam
1670 3183 1804 3224 ecce
1825 3168 2050 3224 inimici
2071 3169 2153 3225 tui
2189 3213 2227 3269 Ο
2259 3151 2730 3269 (Ιυὲηῗγωθοκίωθ
2762 3148 3112 3269 diligebam:
3135 3149 3486 3269 adversatus
3517 3157 3774 3269 8825119-

516 3253 1218 3312 sonueruntzetodientes
1237 3257 1287 3309 te
1304 3253 1848 3327 levaveruntcaput.
1877 3255 1938 3316 ἲν.
1977 3257 2153 3329 Imple
2189 3239 2227 3269 υ
2331 3241 2474 3298 pelli
2536 3255 2703 3329 mea?»
2777 3239 3148 3329 99nsumpti3
3195 3240 3506 3329 carnibus;
3549 3241 3814 3299 ἂάῧωείῐ
3850 3258 3917 3299 0³

517 3342 695 3424 facies
724 3357 926 3398 eorum
955 3339 1302 3413 ignominia:
1338 3344 1394 3396 et
1419 3349 1683 3412 quaerent
1709 3358 1929 3400 nomen
1961 3349 2150 3414 tuum,

517 3429 782 3487 Domine.

589 3534 818 3592 Oratio.
840 3531 1178 3604 Redemptor
1193 3535 1382 3587 noster
1403 3536 1458 3589 et
1485 3533 1712 3591 Domine
1734 3552 1880 3608 pone
1899 3537 2154 3596 inimicos

519 3627 651 3679 tuos
668 3625 949 3677 utrotam.
965 3619 1180 3690 quibus
1204 3619 1531 3690 mysterium
1558 3623 1756 3680 Crucis
1777 3629 1891 3682 tua;
1911 3631 1996 3683 est
2019 3628 2156 3684 stul-

521 3709 680 3766 titia:
709 3712 771 3764 ut
792 3706 873 3763 illi
899 3706 1048 3762 sicut
1069 3705 1289 3778 stipula
1318 3713 1457 3764 ante
1482 3709 1694 3767 faciem
1741 3713 1899 3770 venti
1923 3715 2040 3772 sint
2069 3716 2153 3772 di-

516 3795 707 3868 spersi
739 3813 753 3862 ;
785 3799 842 3850 et
870 3793 1246 3850 credentibus
1267 3794 1328 3851 in
1364 3801 1416 3853 te
1431 3797 1525 3854 vel
1563 3799 1868 3858 credituris
1899 3803 2157 3862 donetur

517 3884 686 3941 locus
715 3887 949 3940 aeternas
981 3883 1326 3941 m‘ansionis.
1358 3895 1420 3955 ni.
1453 3890 1659 3946 Amen.

593 3984 657 4043 ﬂ.
695 3971 1200 4029 Tradideruntme
1234 3972 1295 4029 in
1316 3989 1534 4032 manus
1563 3976 1983 4050 impiorum,et
2003 3980 2156 4038 inter

516 4061 755 4134 iniquos
766 4061 1355 4134 projecerunt;etnon
1368 4071 1749 4137 pepercerunt
1765 4068 1972 4125 animm
1987 4086 2145 4127 mem.

518 4148 838 4208 Confortati
858 4154 996 4208 sunt
1012 4150 1328 4208 adversum
1349 4169 1443 4209 me
1459 4153 1660 4223 fortes,
1682 4161 1737 4212 et
1757 4159 1924 4230 quasi
1951 4161 2152 4230 gigan-

517 4242 603 4296 tes
633 4243 917 4297 steterunt
941 4255 1119 4313 super
1145 4257 1260 4298 me.
1317 4242 1540 4300 Fletum
1587 4243 1961 4303 deduxerunt
1997 4249 2154 4304 oculi

516 4329 633 4385 mei
656 4344 669 4384 :
690 4325 1036 4401 palpebram
1054 4345 1252 4386 meam
1274 4331 1506 4404 operuit
1524 4332 1741 4391 umbra
1759 4335 1985 4404 mortis,
2013 4335 2153 4393 dum

513 4415 800 4488 iniquitas
829 4415 890 4472 in
945 4417 1224 4474 manibus
1251 4421 1400 4477 meis
1439 4436 1562 4478 non
1588 4428 1763 4480 esset.
1796 4425 1990 4482 Oratio
2015 4442 2153 4482 mea

2261 3345 2482 3395 meum,
2516 3329 2535 3351 ⁶
2561 3331 2620 3384 et
2646 3325 2926 3383 derelicta
2951 3330 3092 3384 sunt
3119 3328 3544 3386 tantummodo
3569 3329 3740 3387 labia
3765 3331 3922 3388 circa

2260 3416 2468 3472 dentes
2513 3430 2699 3472 meos.

2333 3502 2476 3570 Quis
2500 3503 2648 3560 mihi
2675 3502 2891 3560 tribuat
2923 3508 2986 3559 ut
3030 3503 3368 3561 scribantur
3395 3520 3715 3563 sermones
3745 3507 3872 3565 mei
3898 3504 3928 3561 ?

2261 3591 2396 3666 quis
2418 3591 2565 3648 mihi
2593 3591 2692 3648 det
2721 3595 2785 3647 ut
2808 3595 3124 3648 exarentur
3151 3591 3214 3648 in
3242 3591 3398 3650 libro
3429 3593 3587 3665 stylo
3621 3593 3933 3662 ferreo,'et

2263 3680 2494 3753 plumbi
2517 3680 2762 3745 lamina,
2789 3679 2882 3736 vel
2911 3679 3055 3737 celte
3083 3679 3433 3752 sculpantur
3461 3682 3524 3738 in
3556 3681 3732 3740 silice
3761 3684 3790 3740 ?

2336 3769 2465 3826 Scio
2491 3769 2651 3824 enim
2676 3767 2840 3840 quod
2855 3767 3213 3841 Redemptor
3237 3784 3410 3825 meus
3421 3770 3588 3842 vivit,
3616 3772 3633 3788 '
3655 3777 3716 3829 et
3745 3772 3809 3829 in
3821 3788 3930 3832 no-

2263 3857 2506 3914 vissimo
2527 3856 2621 3912 die
2645 3856 2719 3912 de
2751 3861 2905 3913 terra
2928 3861 3302 3914 surrecturus
3334 3874 3472 3914 sum
3515 3875 3526 3914 :

2331 3950 2399 4002 Et
2421 3961 2624 4002 rursus
2644 3944 3058 4002 circumdabor
3070 3944 3221 4018 pelle
3243 3951 3463 4012 mea,et
3486 3947 3550 4003 in
3563 3963 3753 4006 carne
3785 3966 3929 4008 mea

2259 4035 2478 4093 videbo
2508 4034 2849 4091 Dominum.
2879 4035 3066 4100 Quem
3097 4034 3334 4091 visurus
3365 4051 3503 4092 sum
3528 4051 3643 4108 ege
3671 4054 3828 4111 ipse,
3872 4046 3929 4096 et

2260 4124 2414 4182 oculi
2446 4123 2561 4180 mei
2592 4121 2962 4196 conspecturi
2993 4127 3348 4188 sunt,etnon
3374 4123 3529 4181 alius
3558 4145 3571 4185 :
3608 4128 3630 4147 '
3653 4129 3928 4200 reposita

2259 4218 2347 4271 est
2370 4213 2500 4270 haec
2531 4229 2666 4286 spes
2693 4228 2827 4268 mea
2848 4211 2910 4268 in
2937 4211 3073 4267 sinu
3097 4227 3254 4279 meo,
3285 4216 3342 4269 et
3369 4213 3676 4271 hereditas
3698 4232 3843 4275 mea
3861 4217 3924 4274 in

2259 4304 2380 4360 Deo
2408 4317 2564 4359 meo.

2332 4391 2554 4448 Oratio.
2585 4388 2894 4444 Credimus
2927 4388 3190 4461 Domine,
3219 4389 3282 4446 in
3302 4391 3770 4467 carneista,qua
3783 4396 3928 4469 tegi-

2259 4495 2417 4550 mur,
2446 4475 2748 4543 tevidere;
2786 4481 2843 4532 et
2875 4476 3059 4534 oculis
3119 4478 3342 4536 nostris
3370 4483 3426 4536 te
3466 4481 3832 4554 conspicere
3861 4484 3927 4540 in

2184 4555 2230 4611 Π
2258 4568 2465 4641 gloria,
2498 4582 2620 4640 qua
2643 4565 3019 4638 judicaturus
3046 4581 3109 4622 es
3141 4567 3457 4624 saeculum:
3485 4571 3601 4627 Fac
3633 4587 3785 4643 ergo
3809 4589 3927 4630 nos

2257 4656 2463 4732 oculos
2484 4654 2786 4712 interiores
2809 4652 3031 4712 habere
3059 4661 3297 4728 apertos
3331 4671 3343 4712 :
3378 4661 3444 4714 ut
3469 4672 3928 4730 cognoscamus

2262 4749 2315 4803 te
2344 4745 2405 4800 in
2431 4743 2620 4816 gloria
2639 4741 3019 4814 sempiterna.
3054 4754 3122 4814 1}.
3152 4744 3361 4802 Amen.

2327 4831 2806 4890 Matutinarium.
2832 4829 2922 4886 Ad
2954 4836 3004 4888 te
3021 4831 3096 4889 de
3122 4831 3256 4890 luce
3281 4833 3485 4907 vigilo,
3522 4837 3682 4894 Deus
3703 4855 3718 4894 :
3736 4838 3929 4897 sitivit

2256 4923 2318 4979 in
2346 4927 2400 4978 te
2427 4921 2632 4979 anima
2652 4934 2808 4976 mea.
2837 4917 2897 4979 ν.
2933 4918 3030 4975 Sic
3057 4920 3119 4976 in
3140 4925 3347 4980 sancto
3377 4925 3668 4996 apparuit
3696 4927 3822 5000 tibi,
3863 4935 3929 4984 ut

2257 5010 2518 5068 viderem
2542 5009 2814 5066 virtutem
2842 5011 3028 5077 tuam,
3052 5013 3109 5066 et
3136 5009 3389 5081 gloriam
3419 5014 3603 5070 tuam.

516 4503 745 4560 munda
773 4508 859 4560 est
888 4509 1022 4560 ante
1049 4509 1102 4562 te
1131 4507 1398 4564 Domine.
1438 4507 1506 4569 IV.
1578 4511 1946 4583 Aperuerunt
1975 4530 2153 4588 super

510 4607 612 4648 me
634 4591 857 4648 inimici
885 4607 992 4649 ora
1031 4610 1160 4661 sua,
1193 4598 1250 4651 et
1278 4597 1706 4668 exprobrantes
1735 4607 2154 4673 percusserunt

512 4679 819 4739 maxillam
847 4696 1066 4738 meam.
1097 4681 1162 4737 P.
1196 4684 1403 4742 Etnon
1432 4693 1838 4758 pepercerunt.

581 4786 802 4846 Oratio.
833 4789 913 4844 Ne
941 4786 1271 4853 tradideris,
1304 4790 1561 4862 Domine,
1590 4791 1652 4848 in
1681 4797 2150 4868 persequentium

509 4884 760 4933 manum
773 4875 1011 4934 animas
1026 4877 1131 4934 tibi
1143 4879 1549 4937 conﬁtentium
1567 4882 1926 4956 pOpulorum
1943 4901 1955 4940 :
1973 4886 2150 4959 utqui

510 4961 797 5021 falsorum
818 4963 1056 5022 testium
1083 4965 1373 5040 pertulisti
1406 4969 1810 5037 mendacium,
1831 4972 2148 5031 colentium

509 5054 565 5108 te
589 5049 933 5122 gloriﬁceris
960 5053 1208 5113 vocibus
1232 5055 1679 5131 redemptorum
1704 5069 1766 5130 BI.
1794 5065 2000 5118 Amen.

1119 5163 1185 5216 In
1222 5163 1546 5221 Laudibus.

578 5263 929 5334 Antiphona.
949 5265 1146 5324 Redde
1167 5266 1312 5324 mihi
1332 5263 1595 5326 laetitiam
1618 5271 1891 5328 salutaris
1912 5273 2016 5342 tui,
2039 5277 2146 5333 Do-

505 5351 665 5409 mine
699 5363 716 5414 :
753 5356 811 5410 et
846 5353 1054 5427 spiritu
1090 5349 1407 5428 principali
1463 5357 1753 5416 conﬁrma
1812 5376 1927 5418 me.
1983 5365 2146 5422 Psal-

503 5457 632 5498 mus
661 5457 712 5497 L.
1098 5528 1112 5531 Α
1195 5529 1201 5531 _
2323 5456 2402 5510 Eo
2426 5457 2690 5526 tempore
2724 5469 2845 5526 quo
2877 5453 3069 5512 solent
3096 5468 3268 5525 reges
3284 5454 3364 5511 ad
3378 5454 3540 5513 bella
3553 5458 3927 5531 procedere,

575 5531 797 5588 Oratio.
827 5533 1036 5588 Averte
1089 5528 1307 5589 faciem
1359 5533 1546 5589 tuam.
1587 5535 1704 5603 fol.
1737 5537 1856 5594 161.
2248 5541 2407 5598 misit
2443 5541 2630 5598 David
2651 5541 2824 5613 Joab,
2851 5549 2906 5600 et
2935 5558 3137 5600 servos
3151 5559 3287 5599 suos
3311 5559 3454 5600 cum
3478 5559 3552 5602 eo
3591 5553 3649 5603 et
3670 5528 3927 5606 univer;

568 5617 668 5678 Ad
692 5618 1008 5680 Canticum.
1038 5617 1412 5690 Antiphona.
1445 5623 1510 5678 In
1539 5637 1716 5683 carne
1761 5641 1898 5687 mea
1924 5627 2140 5690 videbo
2247 5646 2382 5689 sum
2421 5630 2619 5701 Israel,
2673 5633 3058 5697 vastaverunt
3096 5631 3268 5705 311
3331 5631 3489 5696 ﬁlios
3516 5635 3802 5706 Ammon,
3858 5641 3928 5704 et

2325 5099 2548 5157 Lauda.
2583 5095 2842 5154 Laudate
2870 5113 3092 5155 nomen
3105 5097 3606 5165 Domini,montes
3628 5106 3926 5163 etomnes

2255 5187 2432 5246 colles
2465 5203 2476 5242 :
2503 5187 2668 5258 ligna
2691 5184 2990 5245 fructifera
3005 5191 3061 5244 et
3089 5202 3298 5245 omnes
3330 5188 3515 5247 cedri.

2393 5277 2586 5332 Lectio
2615 5273 2756 5332 libri
2777 5273 3070 5333 Samuelis
3115 5277 3205 5347 (II
3229 5278 3454 5349 Regum
3480 5293 3622 5350 cap.
3655 5288 3764 5352 xi).

2323 5377 2385 5434 Βι.
2415 5366 2533 5421 Deo
2563 5364 2803 5434 gratias.
