4192 6398
263 355 372 412 529

1430 365 1783 423 DOMINICA
1825 369 1868 424 V
1916 368 2535 438 QUADRAGESIMrE.

3577 359 3686 440 530'

263 481 850 572 obsederuntRabba
872 503 880 538 :
900 486 1086 542 David
1100 492 1300 543 autem
1323 492 1609 547 remansit
1639 493 1698 548 in
1719 493 1914 550 llieru-
1944 497 1990 548 Α
2033 499 2320 569 quutieos
2336 516 2545 555 sumus
2562 515 2749 571 usque
2764 500 2840 556 ad
2855 506 3090 572 portam
3105 503 3681 565 civitatis.Etdirexe-

261 571 472 626 salem.
496 574 644 627 Dum
672 573 796 628 haec
821 580 1156 645 agerentur,
1179 579 1391 634 accidit
1415 581 1681 651 quadam
1705 582 1818 648 die,
1854 588 1917 640 ut

259 663 526 730 surgeret
543 661 728 716 Davirl
746 662 813 716 de
834 668 1015 720 strato
1035 681 1142 722 suo
1156 671 1285 738 post
1305 668 1698 736 meridiem,et
1713 671 1918 727 ambu-

257 746 403 803 laret
423 748 482 802 in
514 748 731 804 solario
749 750 968 807 domus
991 755 1166 824 regias
1193 773 1204 810 :
1230 755 1496 828 viditque
1519 758 1826 815 mulierem
1853 776 1916 815 se

254 835 575 903 lavantem,
611 853 682 894 ex
707 838 958 896 adverso
993 857 1174 914 super
1205 844 1490 900 solarium
1530 862 1708 902 suum
1747 865 1756 902 :
1793 853 1918 904 erat

255 929 453 980 autem
484 925 698 981 mulier
739 928 988 1000 pulchra
1012 930 1206 986 valde.
1234 932 1384 988 Misit
1418 947 1558 1000 ergo
1589 949 1713 1004 rex,
1747 943 1803 992 et
1830 951 1916 991 re«

252 1013 488 1087 quisivit
513 1031 650 1087 quae
677 1023 830 1073 esset
860 1018 1090 1075 mulier.
1126 1022 1482 1077 Nunciatum
1518 1028 1608 1079 est
1637 1026 1708 1090 ei,
1746 1027 1909 1097 quod

253 1105 384 1174 Ipsa
414 1108 572 1159 esset
603 1104 931 1163 Bethsabee
979 1108 1103 1164 filia
1133 1110 1382 1177 Heliam,
1437 1127 1586 1168 uxor
1621 1114 1766 1169 Uriaa
1803 1117 1910 1170 He-

251 1188 406 1246 thasi.
441 1189 585 1246 Misit
612 1191 814 1265 itaque
839 1195 1024 1250 David
1045 1196 1318 1264 nuncios,
1352 1198 1550 1255 ettulit
1572 1215 1706 1256 eam
1739 1217 1912 1274 :quas

249 1294 382 1335 cum
412 1278 684 1349 ingressa
701 1283 952 1338 essetad
976 1283 1165 1351 illum,
1193 1285 1478 1342 dormivit
1505 1304 1641 1344 cum
1666 1305 1770 1345 ea:
1798 1294 1913 1346 sta-

248 1367 468 1439 timque
485 1369 860 1427 sanctiﬁcata
878 1375 964 1428 est
985 1373 1062 1428 ab
1087 1373 1469 1431 immunditia
1491 1392 1599 1432 sua
1617 1399 1627 1432 :
1647 1382 1702 1433 et
1719 1393 1911 1434 rever-

248 1472 310 1512 sa
322 1458 674 1513 estdomum
701 1475 876 1515 suam
896 1467 1184 1534 concepto
1210 1463 1737 1539 foetu.Mittensque
1758 1469 1911 1522 nun"

246 1545 415 1602 ciavit
441 1547 652 1614 David,
680 1553 734 1605 et
761 1551 841 1605 ait
874 1553 1181 1624 :Concepi.
1215 1553 1366 1610 Misit
1391 1559 1592 1610 autem
1617 1556 1801 1612 David
1828 1556 1906 1612 ad

243 1634 406 1699 Joab,
440 1635 640 1691 dicens
678 1656 689 1689 :
721 1639 875 1695 Mitte
912 1640 990 1695 ad
1017 1657 1113 1696 me
1145 1642 1342 1697 Uriam
1371 1643 1699 1700 Hethzeum.
1735 1645 1906 1700 Misit'

243 1738 357 1796 que
372 1724 521 1779 Joab
553 1726 754 1781 Uriam
782 1727 859 1782 ad
883 1729 1095 1783 David.
1119 1732 1181 1785 Et
1206 1730 1365 1786 venit
1390 1732 1555 1788 Urias
1581 1733 1657 1788 ad
1693 1733 1894 1788 David.

246 1810 639 1883 Quaesivitque
657 1814 843 1868 David
858 1830 1041 1885 quam
1062 1820 1216 1871 recte
1234 1823 1432 1887 ageret
1447 1819 1617 1889 Joab,
1634 1824 1691 1875 et
1711 1835 1898 1892 popu-

247 1898 356 1964 lus,
387 1906 440 1954 et
472 1901 780 1971 quomodo
810 1903 1331 1961 administraretur
1356 1907 1580 1964 bellum
1609 1927 1625 1961 :
1659 1913 1714 1964 et
1751 1909 1898 1966 dixit

247 1986 422 2042 David
443 1987 521 2043 ad
544 1988 742 2045 Uriam
770 2007 782 2044 :
806 1991 960 2047 Vade
991 1992 1049 2047 in
1065 1993 1315 2048 domum
1343 1999 1531 2064 tuam,
1557 2000 1610 2052 et
1634 1996 1772 2052 lava
1803 2012 1898 2068 pe-

239 2072 338 2130 des
365 2079 519 2131 tuos.
553 2079 616 2133 Et
653 2093 927 2147 egressus
957 2083 1047 2136 est
1077 2082 1242 2138 Urias
1270 2083 1343 2138 de
1375 2084 1558 2140 domo
1594 2085 1773 2154 regis,
1812 2099 1900 2141 se'

235 2163 525 2236 cujusque
549 2171 638 2222 est
658 2184 795 2223 eum
815 2168 982 2224 cibus
999 2171 1172 2240 regis.
1196 2172 1483 2228 Dormivit
1509 2177 1712 2230 autem
1731 2175 1899 2230 Urias

231 2256 361 2308 ante
387 2258 630 2325 portam
663 2257 882 2312 domus
913 2259 1090 2331 regia:
1123 2276 1259 2316 cum
1287 2261 1414 2317 aliis
1442 2263 1628 2318 servis
1656 2262 1895 2319 domini

231 2339 396 2411 sui,et
424 2358 552 2398 non
584 2344 896 2402 descendit
919 2348 995 2403 ad
1023 2347 1270 2404 domum
1296 2367 1489 2407 suam.
1510 2351 1897 2408 Nunciatum'

226 2444 339 2502 que
375 2437 467 2487 est
515 2434 698 2489 David
731 2450 765 2490 a
791 2434 1126 2492 dicentibus
1158 2456 1169 2493 :
1202 2441 1329 2494 Non
1355 2441 1456 2496 ivit
1488 2441 1652 2496 Urias
1686 2441 1746 2496 in
1784 2443 1892 2498 do-

231 2533 395 2575 mum
415 2521 694 2578 suam.Et
712 2524 791 2579 ait
811 2525 995 2580 David
1015 2525 1091 2581 ad
1107 2527 1303 2582 Uriam
1327 2549 1337 2586 :
1362 2529 1667 2601 Numquid
1685 2544 1804 2586 non
1821 2530 1896 2588 de

223 2607 317 2663 via
333 2609 551 2666 venisti
576 2611 603 2666 ?
617 2627 802 2684 quare
816 2628 937 2669 non
951 2613 1308 2671 descendisti
1328 2617 1404 2671 ad
1419 2616 1669 2672 domum
1686 2622 1849 2674 tuam
1867 2619 1894 2674 ?

227 2697 290 2751 Et
316 2698 394 2753 ait
430 2698 604 2754 Urias
639 2700 717 2754 ad
745 2701 934 2756 David
964 2718 975 2756 :
1037 2707 1187 2759 Arca
1217 2704 1319 2759 Dei
1359 2710 1414 2760 et
1447 2705 1623 2760 Israel
1654 2710 1709 2760 et
1744 2705 1896 2761 Juda

225 2783 507 2843 habitant
537 2787 594 2842 in
620 2788 1048 2861 papilionibus,
1070 2796 1124 2847 et
1145 2791 1427 2847 dominus
1449 2809 1620 2848 meus
1644 2793 1816 2858 Joab,
1841 2799 1896 2850 et

221 2876 370 2931 servi
387 2876 628 2932 domini
647 2878 763 2933 mei
781 2895 961 2950 super
985 2879 1200 2935 faciem
1224 2885 1392 2936 terrae
1414 2885 1676 2937 manent:
1698 2886 1752 2937 et
1780 2897 1892 2952 ego

219 2963 528 3035 ingrediar
553 2966 802 3023 domum
830 2985 1052 3035 meam,
1077 2974 1140 3026 ut
1163 2970 1480 3026 comedam
1503 2976 1559 3026 et
1579 2971 1808 3038 bibam,
1836 2957 1894 3028 et

218 3051 521 3110 dormiam
537 3071 673 3110 cum
698 3073 882 3112 uxore
907 3075 1039 3114 mea
1059 3061 1086 3115 ?
1103 3075 1208 3130 per
1235 3059 1487 3115 salutem
1509 3063 1758 3126 tuam,et
1785 3076 1893 3132 per

218 3142 476 3200 salutem
501 3145 717 3200 animae
740 3149 877 3215 ture,
901 3149 1059 3219 quod
1080 3164 1201 3204 non
1225 3149 1443 3205 faciam
1463 3165 1589 3205 rem
1609 3135 1892 3205 hanc.Ait

219 3247 358 3302 ergo
393 3233 580 3288 David
599 3234 678 3290 ad
702 3235 896 3291 Uriam
919 3215 935 3290 ξ
962 3239 1126 3293 Mane
1143 3237 1324 3292 etiam
1348 3237 1443 3293 hic
1457 3237 1654 3303 hodie,
1678 3243 1732 3292 et
1754 3253 1886 3292 cras
1918 3215 1959 3270 (δ

214 3320 522 3378 dimittam
554 3326 628 3378 te.
662 3324 872 3380 Mansit
901 3331 1102 3382 autem
1132 3326 1378 3383 Uriasin
1404 3326 1768 3382 Hierusalem
1787 3326 1883 3381 die

214 3407 315 3465 illa
345 3414 403 3466 et
428 3408 617 3468 altera
643 3431 656 3468 :
677 3416 730 3468 et
745 3414 974 3470 vocavit
993 3430 1131 3471 eum
1151 3415 1333 3471 David
1355 3420 1418 3471 ut
1435 3415 1772 3472 comederet
1789 3430 1883 3471 co-

216 3510 346 3553 ram
381 3513 446 3553 se
472 3503 528 3554 et
554 3499 797 3567 biberet,
835 3508 890 3558 et
920 3502 1236 3560 inebriavit
1266 3519 1402 3560 eum
1440 3522 1452 3559 :
1483 3504 1581 3576 qui
1606 3519 1881 3574 egressus

218 3599 470 3660 vespere
501 3587 783 3645 dormivit
812 3591 872 3646 in
906 3596 1090 3649 strato
1122 3609 1230 3648 suo
1270 3609 1407 3648 cum
1439 3593 1622 3648 servis
1651 3592 1880 3648 domini

211 3674 327 3744 sui,
361 3680 418 3731 et
445 3675 504 3731 in
528 3677 777 3733 domum
808 3695 984 3735 suam
1017 3697 1139 3737 non
1166 3681 1492 3737 descendit.
1521 3685 1765 3737 Factum
1794 3684 1881 3736 est

206 3777 353 3834 ergo
380 3781 582 3830 mane,
608 3771 664 3820 et
683 3767 920 3838 scripsit
941 3769 1125 3824 David
1140 3769 1452 3841 epistolam
1473 3769 1549 3825 ad
1565 3772 1744 3826 Joab:
1769 3769 1881 3825 mi'

204 3851 406 3923 sitque
427 3868 532 3923 per
549 3869 800 3908 manum
823 3856 1263 3921 Uriai,scribens
1277 3857 1337 3912 in
1356 3857 1612 3928 epistola
1637 3879 1649 3913 :
1669 3858 1876 3913 Ponite

207 3939 417 3995 Uriam
457 3956 528 3995 ex
551 3941 800 3997 adverso
823 3943 983 4009 belli,
1021 3944 1123 3999 ubi
1153 3945 1549 4000 fortissimum
1599 3945 1873 4017 praelium

202 4032 297 4084 est
320 4047 332 4086 :
373 4032 430 4082 et
449 4028 846 4101 derelinquite
872 4047 1031 4098 eum,
1052 4037 1116 4088 ut
1136 4047 1459 4104 percussus
1480 4033 1743 4088 intereat.
1765 4033 1872 4102 lgi-

201 4122 454 4175 turcum
473 4119 622 4175 Joab
644 4119 942 4176 obsideret
965 4121 1195 4191 urbem,
1212 4121 1415 4193 posuit
1436 4121 1634 4176 Uriam
1656 4121 1716 4175 in
1740 4121 1870 4177 loco

200 4207 262 4263 in
277 4223 403 4280 quo
427 4208 654 4265 sciebat
675 4209 831 4265 viros
849 4225 977 4265 esse
1003 4210 1737 4281 fortissimos.Egressique
1760 4209 1869 4265 viri

201 4297 277 4352 de
310 4297 569 4362 civitate,
594 4297 1234 4355 bellabantadversum
1254 4299 1424 4364 Joab,
1452 4303 1508 4354 et
1526 4298 1867 4355 ceciderunt

201 4386 274 4441 de
306 4387 536 4458 populo
568 4403 876 4443 servorum
912 4387 1120 4450 David,
1150 4394 1205 4444 et
1250 4392 1521 4444 mortuus
1571 4392 1656 4443 est
1685 4387 1864 4442 etiam

203 4474 370 4530 Urias
404 4476 696 4534 Hetheeus.
715 4477 858 4533 Misit
874 4477 1074 4549 itaque
1095 4477 1267 4544 Joab,
1283 4482 1339 4533 et
1363 4474 1864 4533 nunciavitDavid

2028 587 2371 656 runtjacula
2385 588 2665 658 sagittarii
2682 588 2753 642 ad
2771 605 2974 645 servos
2989 595 3119 646 tuos
3135 608 3204 646 ex
3224 609 3386 648 muro
3402 596 3676 667 desuper:

2029 675 2352 746 mortuique
2373 676 2589 732 suntde
2607 678 2789 732 servis
2803 678 3123 748 regis,quin
3137 681 3304 734 etiam
3320 697 3523 737 servus
3541 690 3678 739 tuus

2029 762 2196 817 Urias
2222 765 2492 819 Hethaeus
2524 770 2794 820 mortuus
2812 771 2917 820 est.
2946 769 3008 820 Et
3037 767 3184 822 dixit
3213 767 3400 823 David
3423 771 3500 824 ad
3525 787 3678 824 nun-

2027 851 2184 904 cium
2203 867 2211 903 :
2231 853 2361 906 Haec
2375 852 2536 907 dices
2553 853 2698 909 Joab
2725 872 2737 909 :
2755 857 2879 910 Non
2899 859 2951 909 te
2964 854 3200 925 frangat
3216 856 3324 911 ista
3336 872 3428 910 res
3451 877 3461 915 :
3479 859 3678 913 varius

2025 943 2112 992 est
2147 939 2306 994 enim
2330 945 2576 995 eventus
2612 943 2831 1012 prtelii;
2875 947 2930 997 et
2960 958 3118 998 nunc
3144 944 3326 1006 hunc,
3353 948 3408 998 et
3433 960 3593 1000 nunc
3615 946 3677 1000 il-

2023 1025 2512 1101 lumiconsumpsit
2531 1029 2764 1100 gladius
2784 1048 2794 1086 :
2818 1031 3086 1088 contorta
3103 1031 3413 1088 bellatores
3435 1037 3566 1089 tuos
3582 1035 3678 1090 ad-

2022 1131 2231 1170 versus
2253 1118 2482 1183 urbem,
2506 1122 2568 1173 ut
2584 1119 2854 1175 destruas
2875 1135 3028 1186 eam,
3045 1126 3099 1174 et
3116 1120 3424 1176 exhortare
3438 1125 3677 1177 eos.Au-

2022 1203 2162 1259 divit
2195 1208 2394 1260 autem
2421 1222 2572 1261 uxor
2614 1208 2784 1276 Uriaa,
2823 1207 2985 1279 quod
3015 1213 3284 1264 mortuus
3315 1212 3469 1264 esset
3508 1210 3672 1266 Urias

2022 1292 2110 1346 vir
2132 1308 2298 1358 suus,
2317 1297 2372 1349 et
2387 1293 2616 1365 planxit
2631 1298 3115 1352 eum.Transacto
3133 1296 3673 1369 igiturluctu,misit

2022 1379 2226 1443 David,
2257 1385 2311 1436 et
2339 1381 2662 1438 introduxit
2685 1398 2816 1439 eam
2844 1383 2904 1438 in
2936 1383 3208 1450 domum,
3247 1388 3302 1439 et
3323 1383 3477 1439 facta
3500 1389 3587 1440 est
3619 1386 3670 1442 ei

2018 1469 2524 1541 uxorpeperitque
2549 1470 2600 1525 ei
2623 1469 2810 1525 ﬁlium
2838 1471 3245 1542 :Ietdisplicuit
3261 1471 3513 1528 verbum
3532 1472 3666 1538 hoc,

2015 1555 2180 1627 quod
2211 1555 2427 1612 fecerat
2452 1557 2633 1612 David
2664 1573 2867 1613 coram
2891 1559 3167 1614 Domino.
3198 1569 3260 1627 Βε.
3289 1553 3495 1614 Amen.

2082 1644 2381 1713 Hymnus.
2416 1645 2613 1700 Noctis
2644 1651 2888 1718 tempus.
2916 1649 3028 1716 fol.
3062 1652 3185 1702 257.

2084 1733 2316 1789 Oratio.
2358 1735 2628 1803 Domine,
2658 1735 2763 1806 qui
2784 1735 2927 1790 olim
2959 1737 3019 1790 in
3051 1752 3298 1807 corpore
3325 1740 3526 1791 nostro
3543 1738 3666 1808 pati

2008 1819 2289 1891 dignatus
2301 1837 2364 1877 es
2392 1839 2404 1886 ;
2425 1822 2670 1894 quando
2684 1823 2763 1879 ad
2775 1837 2886 1880 nos
2898 1823 3223 1896 respicies}?
3235 1824 3380 1881 etad
3402 1824 3668 1879 solitudi-

2009 1923 2148 1963 nem
2165 1909 2831 1982 atqueimplorationem
2849 1916 3112 1966 nostram
3128 1911 3369 1982 quando
3383 1910 3664 1981 propitius

2011 2002 2319 2053 convertes
2347 1999 2618 2054 obtutum
2638 1999 2665 2052 ?
2691 2015 2811 2054 non
2838 1999 3109 2065 moreris,
3146 2015 3254 2053 nec
3277 1999 3506 2066 tardes;
3536 1998 3664 2068 jam

2008 2085 2432 2156 intende;jam
2475 2092 2854 2154 convertere;
2885 2087 3010 2156 jam
3037 2087 3263 2158 respice
3303 2103 3313 2141 :
3358 2091 3440 2154 ut,
3475 2086 3663 2142 oratio

2009 2178 2387 2246 nostra,'qum
2407 2191 2564 2229 nunc
2585 2176 2644 2230 in
2668 2175 2864 2230 sinum
2885 2179 3152 2231 nostrum
3172 2190 3282 2246 pro
3300 2177 3662 2229 secretorum

2009 2278 2255 2318 suorum
2271 2263 2718 2335 compunctione
2734 2263 3093 2318 convertitur
3110 2281 3122 2330 ;
3139 2267 3273 2318 ante
3289 2266 3660 2332 conspectum

2007 2354 2177 2407 tuum
2217 2357 2472 2424 purgato
2504 2351 2696 2408 cordis
2731 2351 2823 2407 sui
2853 2351 3077 2422 gemitu
3105 2351 3417 2421 dirigatur.

2078 2441 2246 2495 Pater
2276 2445 2496 2496 noster.

2076 2529 2455 2586 Lauda.Vide
2470 2530 2868 2585 humilitatem
2895 2532 3175 2595 meam,et
3195 2527 3657 2600 eripe,Domine.

2005 2615 2067 2676 ἲν.
2092 2617 2301 2673 Judica
2328 2634 2572 2673 causam
2600 2618 2818 2672 animae
2845 2633 3014 2682 meae,
3043 2623 3098 2672 et
3118 2616 3342 2671 redime
3365 2632 3459 2672 me
3487 2632 3655 2688 :pro-

2005 2710 2134 2776 pter
2164 2706 2468 2778 eloquium
2501 2712 2669 2762 tuum
2697 2706 2935 2760 vivitica
2966 2721 3079 2760 me.

2077 2793 2448 2850 0ratio.Vide
2462 2794 2852 2850 humilitatem
2869 2799 3156 2856 nostram,
3179 2793 3426 2849 Domine
3445 2809 3458 2858 ;
3477 2797 3531 2848 et
3547 2794 3656 2848 eri-

2003 2897 2078 2954 pe
2109 2897 2218 2937 nos
2248 2900 2260 2937 :
2297 2888 2345 2937 te
2373 2882 2532 2937 enim
2555 2881 2929 2952 respiciente,
2962 2881 3067 2936 etsi
3089 2881 3423 2952 dejicimur,
3461 2881 3657 2938 suble-

2003 2985 2214 3026 vamur
2247 2988 2259 3025 :
2293 2986 2413 3042 quo
2459 2974 2850 3038 sustentante,
2896 2985 2970 3024 ne
3018 2985 3388 3032 corruamus,
3436 2969 3653 3041 excipi-

2002 3075 2161 3114 mur.
2197 3071 2258 3129 nt.
2295 3063 2501 3115 Amen.

2527 3149 2577 3219 3
2594 3151 2635 3218 ι
2652 3149 2702 3217 2
2727 3147 2819 3202 Ad
2854 3147 3136 3204 Tertiam.

2269 3237 2673 3293 Ecclesiaslici
2708 3236 3038 3292 Salomonis
3070 3235 3242 3308 (Cap.
3286 3236 3368 3306 v).

2066 3337 2129 3394 B'.
2162 3328 2278 3382 Deo
2304 3327 2544 3395 gratias.

2066 3415 2188 3484 Fili,
2216 3430 2336 3471 non
2360 3414 2631 3487 sequaris
2654 3413 3198 3486 concupiscentiam
3221 3412 3420 3468 cordis
3452 3429 3469 3469 :
3493 3416 3546 3469 et
3574 3427 3648 3468 ne

1993 3503 2210 3559 dixeris
2235 3523 2246 3559 :
2274 3503 2589 3568 Quomodo
2606 3501 2818 3574 potui?
2835 3506 2936 3558 aut
2951 3501 3084 3574 quis
3107 3517 3201 3556 me
3226 3501 3500 3573 subjiciet
3514 3517 3648 3573 pro-

1990 3597 2120 3664 pter
2137 3592 2292 3648 fecta
2315 3608 2448 3648 mea
2464 3593 2491 3646 ‘l
2524 3594 2676 3647 Deus
2693 3591 2849 3647 enim
2867 3590 3182 3646 vindicans
3202 3589 3549 3645 vindicabit.
3569 3593 3647 3645 Ne

1989 3683 2210 3739 dixeris
2240 3683 2538 3749 :Peccavi,
2564 3687 2619 3738 et
2647 3682 2791 3755 quid
2815 3680 3026 3737 accidit
3044 3681 3186 3736 mihi
3205 3683 3364 3736 triste
3382 3680 3646 3736 ‘IAltissi-

1990 3787 2124 3827 mus
2146 3771 2305 3826 enim
2328 3775 2415 3827 est
2433 3771 2668 3843 patiens
2680 3769 2963 3827 redditor.
2990 3770 3068 3825 De
3088 3768 3416 3841 propiciato
3434 3784 3643 3841 pecca-

1986 3863 2045 3916 to
2071 3860 2193 3915 noli
2222 3876 2348 3915 esse
2373 3860 2498 3914 sine
2517 3863 2698 3923 metu,
2733 3874 2927 3930 neque
2945 3857 3193 3928 abjicias
3224 3862 3524 3928 peccatum
3548 3874 3644 3914 su-

1982 3963 2090 4019 per
2119 3953 2454 4020 peccatum.
2475 3951 2539 4004 Et
2556 3963 2630 4004 ne
2652 3948 2816 4002 dicas
2847 3963 2858 4003 :
2882 3946 3276 4003 Misericordia
3299 3947 3398 4002 Dei
3416 3963 3639 4018 magna

1983 4040 2088 4098 est,
2122 4035 2514 4090 multitudinis
2543 4039 2922 4106 peccatorum
2971 4049 3243 4088 meorum
3292 4034 3628 4090 miseretur.

1980 4123 2376 4180 Misericordia
2400 4123 2559 4178 enim
2577 4127 2634 4178 et
2651 4123 2737 4177 ira
2764 4122 2840 4178 ab
2858 4121 2956 4177 illo
2979 4120 3095 4176 cito
3117 4121 3551 4191 proximant,'et
3576 4121 3634 4176 in

1979 4214 2320 4283 peccatores
2337 4210 2577 4282 respicit
2601 4210 2688 4265 ira
2719 4209 2894 4264 illius.
2922 4212 3047 4264 Non
3069 4208 3264 4263 tardes
3278 4209 3539 4263 converti
3557 4209 3634 4265 ad

1977 4299 2318 4365 Dominum,
2336 4304 2477 4354 etne
2491 4297 2736 4354 differas
2755 4297 2827 4353 de
2849 4297 2943 4352 die
2960 4297 3019 4352 in
3039 4297 3198 4352 diem
3223 4314 3236 4351 :
3265 4297 3456 4352 subito
3472 4298 3632 4354 enim

1977 4387 2170 4443 veniet
2189 4387 2278 4442 ira
2306 4387 2478 4454 illius,
2505 4387 2633 4442 etin
2653 4391 2920 4458 tempore
2937 4385 3211 4462 vindictae
3233 4384 3532 4456 disperdet
3555 4391 3625 4441 te.

1974 4476 2101 4532 Noli
2127 4476 2340 4533 anxius
2365 4492 2492 4532 esse
2524 4476 2580 4532 in
2603 4475 2819 4531 divitiis
2842 4475 3083 4545 injustis
3115 4495 3125 4533 :
3151 4473 3296 4529 nihil
3317 4474 3477 4530 enim
3496 4492 3627 4547 pro-

201 4565 409 4620 omnia
448 4565 635 4622 verba
656 4566 843 4638 prmlii
871 4583 886 4620 :
923 4567 1326 4640 prmcepitque
1347 4566 1590 4632 nuncio,
1614 4565 1820 4621 dicens
1846 4580 1858 4621 :
1892 4561 1940 4618 D
1973 4565 2189 4622 derunt
2213 4565 2318 4621 tibi
2348 4566 2409 4621 in
2436 4565 2529 4621 die
2557 4564 2936 4621 obductionis
2953 4568 3011 4620 et
3032 4563 3325 4620 vindicta.
3349 4567 3475 4619 Non
3492 4580 3628 4619 ven-

202 4655 349 4710 Cum
385 4654 776 4726 compleveris
805 4656 1113 4712 universos
1139 4670 1446 4712 sermones
1477 4654 1620 4711 belli
1661 4653 1740 4709 ad
1767 4669 1860 4710 re-

203 4756 360 4813 gem,
393 4745 443 4799 si
473 4759 610 4799 eum
628 4744 847 4800 videris
869 4745 1187 4816 indignari,
1206 4749 1262 4802 et
1280 4745 1524 4802 dixerit:
1553 4745 1742 4809 Quare
1765 4759 1861 4799 ac-

202 4833 457 4888 cessistis
480 4833 556 4888 ad
583 4849 846 4903 murum,
870 4837 934 4889 ut
953 4833 1373 4905 praeliaremini
1391 4834 1417 4886 ?
1439 4849 1517 4889 an
1541 4832 1860 4902 ignoraba-

200 4920 268 4976 tis
283 4922 449 4995 quod
469 4921 660 4978 multa
671 4922 932 4994 desuper
942 4937 1015 4977 ex
1029 4938 1201 4978 muro
1219 4923 1333 4979 tela
1348 4923 1657 4978 mittantur
1669 4923 1697 4976 ‘?
1718 4920 1860 4986 Quis

198 5011 486 5081 percussit
506 5010 852 5066 Abimelech
864 5010 1052 5067 ﬁlium
1068 5011 1348 5068 Jeroboal
1372 5013 1400 5066 ‘I
1422 5026 1623 5067 nonne
1641 5010 1858 5066 mulier

199 5102 697 5173 misitsupereum
710 5103 983 5170 fragmen
1009 5100 1185 5157 molas
1207 5101 1280 5157 de
1299 5085 1860 5171 muro,etinterfecit

197 5204 333 5247 eum
351 5192 414 5246 in
432 5189 658 5247 Thebes
672 5192 698 5246 ?
715 5205 902 5262 quare
919 5190 1088 5261 juxta
1112 5206 1352 5246 murum
1371 5189 1704 5246 accessistis
1723 5189 1752 5243 ?
1772 5188 1858 5244 di-

196 5295 288 5335 ces
320 5298 330 5336 :
367 5282 559 5335 Etiam
591 5295 794 5335 servus
833 5284 969 5336 tuus
1017 5280 1181 5336 Urias
1225 5280 1498 5335 Hethteus
1546 5279 1853 5335 occubuit.

195 5368 346 5425 Abiit
377 5384 519 5438 ergo
546 5370 820 5436 nuncius,
855 5374 910 5424 et
938 5369 1118 5433 venit,
1145 5373 1200 5424 et
1229 5369 1696 5424 narravitDavid
1721 5384 1854 5423 om-

194 5459 292 5514 nia
321 5475 457 5531 quaa
478 5457 1085 5530 praeceperateiloab.
1118 5457 1615 5514 Etdixitnuncius
1643 5457 1715 5513 ad
1740 5458 1850 5512 Da-

196 5545 292 5600 vid
333 5564 345 5601 :
389 5545 836 5617 praevaluarunt
869 5545 1188 5602 adversum
1219 5561 1329 5602 nos
1358 5545 1488 5614 viri,
1533 5550 1592 5601 et
1628 5544 1850 5617 egressi

199 5640 334 5691 sunt
359 5635 434 5691 ad
464 5650 574 5690 nos
593 5634 652 5689 in
671 5649 815 5705 agro
848 5657 858 5690 :
887 5651 996 5691 nos
1024 5639 1222 5693 autem
1241 5635 1845 5707 factoimpetuperse-

1972 4655 2099 4711 tiles
2130 4659 2184 4711 te
2209 4654 2270 4710 in
2302 4671 2545 4711 omnem
2565 4658 2832 4720 ventum,
2857 4657 2913 4709 et
2939 4669 3059 4708 non
3078 4668 3178 4709 eas
3197 4651 3362 4708 omni
3387 4653 3483 4708 via
3508 4669 3518 4707 :
3541 4653 3624 4708 sic

1971 4745 2130 4799 enim
2143 4747 2414 4816 peccator
2426 4743 2706 4815 probatur
2718 4741 2930 4814 duplici
2945 4741 3147 4811 lingua
3162 4785 3173 4797 .
3191 4740 3322 4796 Esto
3337 4739 3545 4795 ﬁrmus
3561 4740 3622 4795 in

1968 4834 2068 4890 via
2097 4833 2217 4899 Dei,
2254 4837 2308 4889 et
2339 4833 2398 4888 in
2415 4833 2658 4888 veritate
2681 4846 2894 4886 sensus
2921 4830 3004 4885 tui
3034 4834 3090 4885 et
3115 4828 3377 4894 scientia,
3403 4833 3460 4885 et
3483 4845 3620 4901 pro-

1970 4925 2256 4995 sequatur
2275 4925 2328 4976 te
2352 4920 2606 4976 verbum
2637 4917 2820 4992 pacis,
2867 4923 2921 4973 et
2945 4917 3208 4987 justitiee.
3238 4929 3300 4987 ἢν.
3334 4921 3544 4973 Amen.

2097 5010 2288 5066 Lectio
2318 5008 2457 5065 libri
2487 5009 2777 5065 Samuelis
2808 5008 2889 5078 (Il
2915 5007 3156 5077 Regum,
3196 5023 3331 5076 cap.
3359 5008 3479 5065 x11).

2040 5111 2103 5170 Ην.
2133 5100 2253 5155 Deo
2285 5097 2524 5168 gratias.

2037 5188 2080 5244 ll
2113 5187 2222 5244 illis
2253 5187 2464 5244 diebus
2500 5185 2684 5243 :Misit
2711 5186 2998 5242 Dominus
3015 5186 3244 5242 Nathan
3272 5184 3351 5242 ad
3384 5185 3609 5240 David:

1965 5277 2090 5351 qui,
2131 5293 2271 5333 cum
2299 5276 2560 5332 venisset
2584 5275 2664 5332 ad
2694 5291 2851 5340 eum,
2880 5275 3029 5331 dixit
3049 5275 3100 5330 ei
3124 5291 3136 5329 :
3165 5277 3288 5330 Duo
3317 5273 3424 5328 viri
3447 5278 3613 5327 erant

1963 5367 2024 5421 in
2051 5366 2284 5422 civitate
2318 5381 2460 5429 una,
2504 5381 2659 5419 unus
2690 5364 2877 5429 dives,
2905 5369 2962 5419 et
2992 5364 3138 5420 alter
3168 5377 3415 5434 pauper.
3441 5360 3608 5414 Dives

1960 5454 2224 5511 habebat
2253 5470 2413 5515 oves,
2434 5457 2490 5509 et
2515 5453 2697 5509 boves
2715 5452 3004 5525 plurimos
3021 5451 3216 5506 valde.
3250 5449 3474 5517 Pauper
3503 5461 3605 5500 au-

1960 5547 2077 5600 tem
2108 5543 2254 5598 nihil
2278 5542 2542 5600 habebat
2561 5543 2826 5613 omnino,
2843 5545 3056 5613 praeter
3071 5554 3244 5595 ovem
3271 5549 3451 5589 unam
3465 5547 3602 5601 par-

1957 5631 2186 5703 vulam,
2207 5647 2393 5704 quam
2423 5634 2647 5687 emerat
2664 5634 2717 5686 et
2745 5629 3050 5692 nutrierat,
3071 5629 3124 5680 et
3150 5625 3412 5678 creverat
3437 5619 3601 5689 apud
