4192 6448
478 358 578 441 εροι
1752 350 2199 415 BBEVIARIUH
2237 348 2627 410 GOTHICUM.
3799 336 3928 405 sas

488 496 625 547 eum
651 500 789 544 cum
813 484 950 544 ﬁliis
980 483 1107 557 ejus
1132 483 1325 553 simul,
1346 484 1420 540 de
1434 498 1589 555 pane
1605 482 1759 538 illius
1775 482 2121 549 comedens,
2151 480 2200 536 Α
2235 479 2778 543 Dominus,etvivat
2796 477 3023 533 infans?
3040 479 3205 532 Nunc
3217 473 3419 529 autem
3444 468 3597 544 quia
3613 469 3924 524 mortuus

486 582 544 633 et
565 577 640 632 de
670 576 852 632 calice
882 576 1008 646 ejus
1029 574 1263 642 bibens,
1282 578 1339 627 et
1362 573 1422 627 in
1446 572 1578 627 sinu
1600 570 1757 625 illius
1779 570 2080 625 dormiens
2105 586 2119 623 :
2234 575 2339 633 est,
2360 584 2547 640 quare
2565 568 2830 638 jejunem
2849 567 2876 619 ?
2895 563 3194 636 Numquid
3210 566 3419 633 potero
3438 571 3733 646 revocare
3759 568 3927 613 eum

487 669 729 737 eratque
739 663 821 719 illi
836 644 1286 718 sicutﬁlia.Cum
1302 664 1500 715 autem
1517 659 1864 730 peregrinus
1874 657 2124 729 quidam
2233 656 2533 729 amplius?
2552 672 2663 726 ego
2674 656 2897 711 vadam
2917 653 3111 722 magis
3138 653 3190 722 3
3205 654 3248 721 ι
3262 651 3314 721 3
3333 649 3412 705 ad
3435 664 3579 704 eum
3603 664 3617 701 :
3639 644 3925 737 i-lleivero

484 731 747 811 venisset
773 751 853 808 ad
872 750 1134 818 divitem,
1159 763 1410 820 parcens
1437 747 1532 802 ille
1554 762 1786 802 sumere
1813 748 1887 802 de
1910 746 2126 802 ovibus
2232 762 2357 804 non
2379 751 2701 802 revertetur
2720 744 2799 799 ad
2825 759 2940 799 me.
2968 745 3034 798 Et
3054 740 3498 830 consolatusest
3520 733 3719 830 David

489 845 551 898 et
563 840 639 897 de
668 838 859 894 bobus
895 837 1042 905 suis,
1064 840 1127 892 ut
1146 835 1447 891 exhiberet
1458 834 1794 890 convivium
1814 832 2126 905 peregrino
2237 835 2416 891 sabee
2429 850 2679 890 uxorem
2697 831 2958 896 suam,in
2967 843 3326 900 gressusque
3342 825 3600 920 adeam,
3614 820 3931 920 dormivit

490 926 578 983 illi
602 926 706 998 qui
730 928 969 981 Venerat
994 922 1073 978 ad
1112 938 1196 988 se,
1227 922 1355 978 tulit
1383 937 1557 978 ovem
1592 922 1702 976 Viri
1741 921 2038 993 pauperis,
2072 922 2130 974 et
2237 940 2375 980 cum
2404 939 2471 978 ea
2508 940 2521 978 :
2551 938 2684 994 quae
2717 920 2919 990 genuit
2938 919 3151 984 ﬁlium,
3178 920 3235 972 et
3254 913 3493 971 vocavit
3511 925 3745 968 nomen
3772 913 3930 981 ejus

491 1012 850 1087 Ρΐωρᾶΐανίί
868 1010 1033 1066 οίδοε
1056 1009 1282 1066 homini
1311 1010 1415 1081 (ῐυὶ
1438 1013 1676 1065 Venerat
1700 1008 1796 1077 fad
1827 1024 1912 1064 89-
1941 1010 2130 1065 Ῑτδοῑιιε
2242 1009 2905 1075 Salomon,etDominus
2918 1005 3125 1063 dilexit
3142 1001 3619 1073 illum.Misitque
3636 1000 3702 1055 in
3714 1013 3932 1087 manu

495 1085 698 1159 autem
722 1098 1125 1168 indignatione
1138 1097 1317 1153 David
1333 1097 1615 1152 adversus
1638 1096 1944 1152 hominem
1963 1096 2131 1151 illum
2242 1101 2472 1158 Nathan
2499 1097 2827 1169 prophetae,
2849 1101 2907 1150 et
2931 1093 3160 1149 vocavit
3181 1105 3406 1148 nomen
3430 1089 3585 1159 ejus,
3611 1085 3930 1143 Amabilis

494 1188 699 1255 nimis,
729 1187 871 1243 dixit
889 1186 967 1243 ad
987 1186 1247 1242 Nathan:
1278 1184 1745 1251 VivitDominus,
1765 1185 2051 1257 quoniam
2069 1183 2131 1237 ﬁ-
2244 1188 2516 1250 Domino,
2540 1201 2612 1240 eo
2628 1185 2791 1257 quod
2813 1183 3077 1251 diligeret
3093 1196 3231 1236 cum
3250 1178 3566 1234 Dominus.
3600 1187 3672 1246 ly.
3693 1175 3928 1231 Amen.

495 1276 614 1337 lius
649 1274 857 1331 mortis
894 1277 986 1329 est
1017 1273 1104 1329 vir
1144 1274 1242 1345 qui
1278 1271 1412 1328 fecit
1450 1272 1585 1328 hoc.
1628 1273 1810 1328 Ovem
1839 1272 2046 1328 reddet
2075 1272 2135 1327 in
2316 1274 2654 1343 Antiphona
2676 1273 2721 1325 1.
2743 1274 3103 1338 Exurgentes
3123 1268 3182 1323 in
3204 1282 3303 1324 me
3323 1269 3504 1321 testes
3528 1263 3751 1337 iniqui,
3773 1278 3931 1335 qum

498 1362 926 1437 quadruplum,
950 1377 1021 1417 eo
1046 1361 1209 1433 quod
1232 1361 1431 1417 fecerit
1453 1360 1703 1416 verbum
1727 1360 1909 1429 istud,
1931 1365 1985 1416 et
2014 1376 2136 1416 non
2248 1362 2622 1434 ignorabam,
2641 1358 3086 1427 interrogabant
3102 1371 3220 1420 me,
3235 1353 3565 1409 reddentes
3584 1351 3740 1408 mihi
3752 1349 3936 1407 mala

499 1436 779 1525 pepercit.
812 1449 966 1505 Dixit
984 1454 1183 1504 autem
1211 1448 1439 1504 Nathan
1468 1448 1545 1503 ad
1577 1447 1762 1503 David
1793 1468 1806 1505 :
1831 1451 1915 1504 Tu
1951 1464 2015 1504 es
2043 1448 2140 1503 ille
2248 1467 2359 1524 pro
2374 1449 2567 1504 bonis.
2586 1448 2650 1502 In
2669 1445 3044 1501 simulatione
3060 1443 3385 1498 verborum
3400 1440 3689 1495 ﬁctorum
3706 1436 3935 1494 freme-

505 1539 614 1594 vir.
653 1539 787 1594 limo
807 1537 948 1593 dicit
972 1536 1264 1592 Dominus
1284 1537 1438 1592 Deus
1467 1535 1642 1591 Israel
1667 1552 1679 1591 :
1700 1538 1821 1605 Ego
1840 1536 1985 1592 unxi
2005 1540 2059 1591 te
2079 1536 2143 1599 in
2250 1539 2397 1597 bant
2437 1536 2499 1591 in
2527 1549 2623 1590 me
2652 1533 2930 1589 dentibus
2955 1532 3101 1587 suis.
3130 1530 3195 1590 i7.
3222 1527 3457 1593 Judica,
3494 1525 3774 1590 Domine,
3814 1540 3933 1582 no-

502 1641 707 1697 regem
737 1640 919 1696 super
945 1623 1140 1689 Israel,
1159 1628 1216 1679 et
1239 1624 1364 1679 erui
1388 1630 1441 1677 te
1458 1622 1531 1678 de
1549 1638 1734 1679 manu
1758 1624 1915 1690 Saul,
1935 1621 2142 1678 etdedi
2253 1631 2451 1682 centes
2482 1639 2597 1690 me,
2627 1629 2682 1677 et
2702 1635 2980 1691 expugna
3008 1620 3438 1690 impugnantes
3469 1630 3595 1672 me.

504 1713 612 1769 tibi
627 1712 878 1768 domum
896 1711 1124 1767 domini
1146 1710 1249 1780 tui,
1271 1714 1547 1766 etuxores
1564 1709 1795 1765 domini
1819 1711 1901 1766 tui
1924 1710 1983 1766 in
2010 1711 2144 1765 sinu
2330 1712 2549 1768 Oratio.
2581 1713 2894 1779 Surgentes
2916 1708 2979 1765 in
3001 1712 3053 1761 te
3084 1704 3337 1761 Domine
3353 1707 3537 1760 testes
3559 1703 3930 1775 iniqui,qum

506 1804 630 1867 tuo,
660 1799 917 1871 dedique
933 1798 1036 1865 tibi
1057 1799 1306 1854 domum
1336 1797 1749 1853 lsraeletJuda
1783 1815 1796 1849 :
1821 1798 1937 1852 etsi
1958 1813 2149 1869 parva
2177 1805 2221 1860 Β
2256 1794 3084 1869 ignorabas,interrogabant:
3108 1793 3255 1863 quid
3272 1787 3931 1860 enimignorabas,qui

512 1891 652 1945 sunt
669 1887 805 1949 ista,
844 1886 1122 1958 adjiciam
1168 1885 1272 1941 tibi
1292 1883 1482 1940 multo
1510 1885 1762 1954 majora.
1791 1887 1979 1951 Quare
2008 1900 2149 1956 ergo
2258 1903 2487 1955 eorum,
2510 1884 2611 1956 qui
2644 1888 2697 1937 te
2720 1882 2988 1945 oderant,
3014 1879 3183 1935 doles
3214 1883 3354 1934 ante
3380 1892 3787 1949 perspexeras
3816 1895 3836 1930 :
3869 1879 3929 1931 et

517 1973 927 2046 contempsisti
955 1974 1204 2029 verbum
1234 1971 1561 2034 Domini,ut
1588 1972 1810 2027 faceres
1839 1972 2064 2028 malum
2091 1973 2153 2026 in
2260 1976 2594 2031 futurorum
2607 1970 2892 2043 praescius
2912 1968 3116 2024 omnia
3128 1966 3495 2039 praesciebas
3512 1965 3652 2038 ?qui
3674 1964 3928 2034 ergqin-

515 2066 836 2133 conspectu
850 2077 985 2118 meo
1001 2061 1029 2114 ?
1046 2060 1241 2117 Uriam
1256 2058 1557 2115 Hethteum
1576 2060 1915 2130 percussisti
1930 2058 2151 2127 gladio,
2262 2061 2687 2129 terrogantium
2712 2057 3119 2129 blasphemias
3143 2055 3263 2111 alto
3281 2054 3518 2126 pietatis
3543 2053 3824 2124 mysterio
3861 2056 3920 2109 te

516 2154 575 2207 et
597 2165 841 2205 uxorem
869 2149 1026 2204 illius
1052 2146 1328 2220 accepisti
1350 2146 1415 2200 in
1446 2161 1713 2214 uxorem,
1735 2152 1790 2202 et
1821 2145 2157 2203 interfecisti
2266 2151 2574 2220 ignorasse
2600 2147 2879 2215 designas
2912 2164 2924 2201 :
2959 2144 3105 2200 scire
3130 2159 3243 2199 nos
3267 2142 3574 2207 veraciter,
3606 2145 3665 2195 et
3686 2138 3920 2211 ample-

517 2253 656 2294 eum
673 2236 873 2307 gladio
888 2237 1141 2293 ﬁliorum
1154 2242 1429 2293 Ammon.
1452 2236 1853 2305 Quamobrem
1866 2251 1986 2290 non
2003 2250 2157 2289 rece-
2267 2246 2421 2294 ctere
2451 2238 2658 2303 facito;
2677 2241 2733 2291 et
2749 2233 3173 2305 redemptionis
3189 2237 3416 2288 nostras
3438 2229 3726 2301 mysteria
3737 2229 3935 2301 plena

519 2325 618 2380 det
642 2324 875 2393 gladius
902 2324 978 2380 de
998 2325 1175 2381 domo
1205 2330 1307 2383 tua
1336 2343 1530 2399 usque
1546 2328 1605 2382 in
1624 2324 2072 2395 sempiternum,
2089 2337 2159 2377 eo
2267 2328 2385 2384 ﬁde
2399 2339 2758 2395 cognoscere
2783 2340 2797 2388 ;
2820 2328 2873 2377 et
2895 2338 2967 2377 ea
2982 2322 3114 2393 ipsa
3134 2320 3650 2390 interrogantibus
3664 2315 3937 2373 inimicis

518 2412 685 2485 quod
714 2412 1053 2483 despexeris
1066 2430 1183 2480 me,
1207 2420 1262 2470 et
1275 2416 1732 2470 tulerisuxorem
1752 2411 1896 2467 Uriae
1922 2410 2159 2475 Hetheei,
2271 2416 2507 2483 cognita
2536 2413 2863 2469 declarare.
2894 2421 2958 2477 Βι.
2991 2413 3200 2465 Amen.

518 2503 588 2556 ut
609 2503 765 2555 esset
792 2514 942 2554 uxor
956 2503 1073 2556 tua.
1101 2504 1303 2574 Itaque
1331 2502 1459 2558 haec
1475 2501 1618 2557 dicit
1641 2499 1925 2555 Dominus
1957 2501 2156 2564 :Ecce,
2342 2501 2683 2570 Antiphona
2706 2503 2755 2553 2.
2792 2501 3131 2553 Peccatores
3163 2496 3549 2569 iniquitatem
3588 2495 3657 2551 in
3695 2492 3943 2551 excelso

525 2585 832 2644 suscitabo
844 2602 1019 2658 super
1038 2592 1092 2644 te
1107 2589 1332 2646 malum
1361 2590 1435 2645 de
1455 2589 1638 2645 domo
1668 2589 1855 2650 tua,et
1876 2586 2076 2641 tollam
2103 2602 2165 2641 u-
2271 2590 2452 2648 locuti
2483 2592 2635 2643 sunt.
2664 2588 2995 2642 Posuerunt
3022 2586 3083 2641 in
3104 2584 3252 2641 ccelo
3282 2600 3352 2640 os
3384 2599 3567 2640 suum
3586 2600 3604 2636 :
3637 2588 3699 2639 et
3725 2580 3948 2652 lingua

522 2690 701 2731 xores
713 2678 845 2729 tuas
866 2673 928 2728 in
944 2675 1129 2730 oculis
1148 2676 1349 2743 tuis,et
1360 2677 1517 2732 dabo
1531 2674 1802 2748 proximo
1824 2677 1944 2738 tuo,
1960 2678 2015 2727 et
2028 2672 2165 2728 dor-

2293 2693 2483 2734 :orum
2512 2674 2781 2732 transivit
2810 2689 2991 2744 super
3014 2677 3255 2729 terram.
3294 2671 3572 2734 Domine,
3604 2670 3671 2727 in
3700 2669 3948 2725 civitate

525 2762 807 2818 mietcum
824 2762 1303 2821 uxoribustuisin
1317 2764 1698 2836 oculisplebis
1721 2761 2164 2831 hujus.Tuenim
2273 2770 2377 2822 tua
2405 2764 2723 2833 imaginem
2755 2777 2962 2817 eorum
2993 2760 3073 2816 ad
3101 2760 3359 2816 nihilum
3392 2759 3662 2828 rediges.
3696 2757 3763 2818 Ῡ.
3793 2756 3955 2823 Quia

529 2849 1071 2907 fecistiabscondite
1097 2867 1242 2923 :ego
1261 2869 1403 2909 vero
1422 2852 1639 2909 faciam
1658 2849 1906 2907 verbum
1932 2849 2168 2905 istudin
2278 2852 2654 2910 exacerbavit
2672 2865 2775 2905 cor
2802 2865 3026 2913 meum,
3058 2852 3117 2904 et
3129 2863 3302 2904 renes
3324 2847 3445 2904 mei
3473 2846 3732 2905 resoluti
3761 2848 3908 2901 sunt
3934 2863 3953 2904 :

529 2941 856 3009 conspectu
884 2939 1081 2994 omnis
1100 2940 1302 3007 Israel,
1333 2940 1393 2996 in
1424 2942 1747 3011 conspectu
1778 2936 2009 2991 solis.Et
2029 2934 2172 2990 dixit
2277 2947 2333 2997 et
2371 2956 2481 3009 ego
2508 2940 2585 2996 ad
2614 2938 2864 2995 nihilum
2886 2937 3168 2992 reductus
3205 2951 3364 3000 sum,
3396 2940 3455 2991 et
3478 2934 3734 2992 nescivi.

529 3023 715 3079 David
734 3024 1049 3080 adNathan
1074 3041 1086 3079 :
1112 3026 1355 3082 Peccavi
1372 3023 1920 3094 Domino.Dixitque
1942 3021 2172 3077 Nathan
2352 3029 2573 3085 Oratio.
2604 3027 2668 3081 In
2702 3024 2934 3080 excelso
2974 3025 3225 3079 Domine
3263 3027 3475 3079 contra
3503 3028 3561 3078 te
3592 3024 3965 3094 peccatores

532 3110 612 3166 ad
624 3110 1114 3168 DavidzDominus
1132 3129 1360 3185 quoque
1371 3111 1976 3181 transtulitpeccatum
1990 3112 2169 3177 tuum;
2210 3135 2250 3191 ρ
2278 3117 2454 3173 locuti
2470 3119 2604 3169 sunt
2628 3130 2643 3179 ;
2665 3112 3093 3168 cumlatentem
3109 3112 3309 3169 cordis
3329 3112 3424 3167 sui
3439 3110 3801 3185 superbiam
3820 3108 3971 3169 altis

533 3213 657 3254 non
679 3198 1423 3267 morieris.Verumtamen,
1454 3198 1739 3269 quoniam
1754 3196 2175 3266 blasphemare
2282 3204 2529 3260 vocibus
2550 3201 2997 3257 clamaverunt:
3026 3200 3134 3261 Qui
3160 3216 3303 3271 ergo
3320 3206 3535 3256 contra
3560 3203 3618 3255 te
3639 3200 3705 3255 in
3732 3197 3973 3255 omium

534 3284 721 3341 Ῐθοὶεῑί
750 3286 1024 3342 inimicos
1045 3288 1296 3353 Domini,
1317 3284 1823 3357 Proptervel‘bum
1841 3284 1973 3347 hoc,
1997 3283 2169 3347 ﬁlills,
2284 3308 2394 3348 sua
2416 3290 2681 3345 nituntur
2701 3304 2922 3359 ponere
2952 3304 3078 3353 ora,
3110 3288 3359 3345 redeant
3389 3287 3453 3343 in
3472 3292 3636 3344 terra
3667 3285 3977 3343 conlisuri

534 3375 638 3446 qui
662 3381 837 3431 natus
855 3380 942 3430 est
962 3374 1084 3440 tibi,
1107 3379 1296 3430 morte
1327 3374 1630 3429 morietur.
1694 3374 1759 3427 Et
1778 3386 2045 3426 reversus
2090 3379 2177 3425 est
2282 3378 2808 3452 perpmnitentiam
2837 3395 2851 3431 ς
2876 3379 2939 3433 ut
2959 3376 3278 3433 nobiscum
3312 3380 3366 3432 te
3389 3376 3489 3433 Dei
3515 3375 3738 3433 Filium
3753 3372 3976 3432 humi-

535 3461 762 3517 Nathan
772 3461 826 3516 in
840 3462 1066 3516 domum
1080 3460 1677 3530 suam.Percussitque
1692 3458 1966 3513 Dominus
1978 3473 2113 3528 parv
2122 3475 2178 3512 u-
2282 3466 2368 3523 les
2382 3470 2787 3536 agnoscentes,
2810 3479 2931 3519 non
2952 3463 3215 3535 superba
3226 3464 3467 3537 sapiant
3488 3486 3508 3534 ;
3523 3463 3638 3519 sed
3651 3464 3774 3523 tuis
3790 3478 3969 3533 sem-

535 3547 683 3614 lum,
714 3562 897 3620 quem
916 3552 1221 3618 pepererat
1245 3561 1393 3602 uxor
1423 3546 1570 3602 Uriaa
1594 3546 1796 3611 David,
1826 3550 1882 3601 et
1904 3546 2177 3617 despera-
2284 3567 2393 3625 per
2422 3551 2663 3606 monitis
2694 3550 3113 3622 adquiescant.
3152 3561 3217 3619 Pi.
3250 3556 3467 3607 Amen.

541 3637 758 3695 tuaest.
787 3633 1265 3705 Deprecatusque
1282 3639 1368 3688 est
1389 3634 1574 3689 David
1593 3634 1912 3688 Dominum
1924 3649 2031 3704 pro
2047 3649 2181 3707 par-
2355 3639 2705 3707 Antiphona
2720 3643 2770 3694 3.
2793 3638 3108 3704 Peccatori,
3127 3638 3267 3694 dicit
3280 3639 3573 3695 Dominus
3585 3640 3753 3695 Deus
3769 3656 3783 3694 :
3799 3640 3978 3705 Qua-

542 3720 685 3777 vulo
713 3738 726 3775 :
759 3725 816 3776 et
831 3719 1147 3790 jejunabat
1169 3721 1352 3778 David
1366 3723 1614 3793 jejunio,
1634 3721 2009 3792 etingressus
2028 3738 2181 3778 seor-
2286 3743 2349 3783 re
2361 3730 2426 3783 tu
2438 3726 2946 3797 enarrasjustitias
2959 3740 3145 3792 meas,
3162 3726 3489 3780 etassumis
3515 3729 3976 3785 testamentum

544 3808 1906 3881 sum,jacebatsuperterram.Veneruntautem
1921 3811 2181 3869 seniores
2287 3830 2487 3872 meum
2509 3830 2614 3886 per
2634 3830 2703 3869 os
2729 3813 2937 3869 tuum?
2965 3814 3049 3868 Tu
3074 3827 3212 3869 vero
3239 3812 3415 3869 odisti
3443 3812 3881 3887 disciplinam:
3907 3819 3979 3879 et

541 3899 763 3956 domus
812 3898 961 3969 ejus,
992 3904 1271 3968 cogentes
1304 3915 1463 3965 eum,
1493 3904 1556 3956 ut
1596 3904 1861 3968 surgeret
1890 3899 1962 3954 de
1984 3905 2177 3957 terra:
2287 3902 2583 3978 projecisti
2633 3916 2937 3956 sermones
2982 3916 3151 3956 meos
3180 3904 3318 3972 post
3354 3904 3431 3959 te.
3485 3901 3551 3961 in
3610 3902 3673 3957 Si
3700 3900 3979 3963 videbas

542 3986 645 4058 qui
658 3984 1063 4057 noluit,neque
1078 3987 1334 4043 comedit
1358 4003 1495 4043 cum
1507 3987 1591 4041 eis
1606 3987 1827 4042 cibum.
1841 3987 2063 4043 Accidit
2080 4004 2182 4044 au-
2291 3993 2502 4057 furem,
2517 3990 2795 4046 currebas
2809 4005 2943 4045 cum
2956 4004 3026 4045 eo
3044 4007 3056 4041 :
3073 3992 3127 4044 et
3148 4004 3287 4045 cum
3301 3988 3589 4046 adulteris
3611 3991 3983 4065 portionem,

542 4071 874 4139 tem,utdie
893 4074 2183 4147 septimamorereturinfans:timueruntque
2294 4082 2461 4134 tuam
2490 4077 2782 4150 ponebas.

542 4161 696 4218 servi
725 4157 913 4218 David
941 4163 1226 4220 nunciare
1255 4163 1305 4220 ei
1324 4163 1487 4237 quod
1503 4171 1773 4219 mortuus
1792 4168 1943 4220 esset
1974 4180 2185 4235 parvu-
2364 4177 2428 4233 1),.
2454 4167 2598 4221 Ecce
2631 4162 2910 4219 inimicus
2955 4179 3129 4220 meus
3159 4162 3557 4221 circumdedit
3579 4181 3685 4223 me
3735 4166 3984 4227 lanceis

541 4248 637 4308 lus
666 4267 679 4302 :
711 4248 991 4305 dixerunt
1018 4250 1208 4306 enim:
1243 4253 1562 4315 Ecce,cum
1586 4250 1873 4322 parvulus
1887 4251 2085 4307 adhuc
2099 4251 2184 4307 vi-
2294 4251 2443 4317 suis,
2476 4255 2532 4306 et
2554 4266 2676 4308 non
2703 4250 2968 4322 pepercit
2995 4251 3173 4307 mihi:
3207 4250 3416 4307 effudit
3446 4252 3510 4308 in
3542 4259 3713 4310 terra
3737 4255 3991 4317 viscera

542 4341 725 4400 veret,
756 4336 1157 4408 loquebamur
1176 4337 1255 4393 ad
1279 4354 1436 4402 eum,
1461 4343 1651 4394 etnon
1678 4338 1960 4395 audiebat
1974 4355 2185 4396 vocem
2292 4355 2449 4407 mea,
2480 4338 2726 4394 etinruit
2750 4338 2809 4393 in
2835 4353 2930 4393 me
2958 4339 3132 4410 quasi
3155 4339 3325 4408 gigas
3344 4355 3357 4405 ;
3375 4339 3563 4397 facies
3595 4347 3816 4399 autem
3838 4360 3991 4405 mea

543 4428 816 4481 nostram
843 4441 855 4477 :
877 4429 1105 4495 quanto
1126 4426 1339 4494 magis,
1364 4426 1413 4480 si
1433 4426 1776 4497 dixerimus,
1800 4432 2074 4483 mortuus
2096 4431 2185 4483 est
2212 4460 2259 4515 Β
2292 4428 2356 4483 Ρ.
2395 4426 2678 4483 Intumuit
2704 4424 2916 4481 aﬂetu.
2938 4429 3071 4481 Haec
3084 4442 3306 4498 passus
3325 4443 3461 4483 sum
3475 4429 3721 4502 absque
3749 4431 3990 4505 iniqui-

543 4524 715 4584 puer,
748 4524 811 4565 se
857 4509 1124 4578 afﬂiget?
1149 4513 1295 4567 Cum
1325 4527 1465 4581 ergo
1496 4512 1739 4569 vidisset
1770 4512 1958 4570 David
1983 4529 2186 4570 servos
2212 4509 2251 4515 ⁷
2294 4518 2409 4572 tate
2439 4530 2656 4571 manus
2682 4529 2852 4579 meae,
2874 4513 3021 4569 dum
3041 4513 3325 4573 haberem
3355 4516 3625 4574 mundas
3648 4519 3827 4592 apud
3860 4521 3984 4578 Do-

548 4597 2187 4672 suosmusitantesdntellexitquodmortuusessetinfan-
2294 4603 2526 4658 minum
2572 4618 2799 4673 preces.
2850 4600 2911 4662 33'.
2964 4602 3289 4675 Complevit
3342 4601 3631 4661 inimicus
3689 4606 3984 4667 furorem

544 4684 705 4742 tulus
733 4701 745 4741 :
780 4685 1040 4757 dixitque
1070 4685 1149 4741 ad
1166 4703 1363 4743 servos
1388 4704 1526 4744 suos
1560 4688 1901 4761 :Numquid
1919 4695 2187 4745 mortuus
2297 4707 2471 4746 suum
2494 4691 2553 4746 in
2584 4706 2700 4758 me,
2733 4695 2789 4745 et
2814 4690 3191 4746 comminans
3228 4689 3378 4749 mihi
3403 4689 3721 4751 infremuit
3748 4702 3984 4755 contra.

548 4778 794 4846 estpuer
813 4773 840 4828 ?
871 4774 976 4839 Qui
1001 4774 1435 4846 responderunt
1463 4775 1514 4831 ei
1544 4793 1557 4832 :
1585 4779 1840 4833 Mortuus
1862 4782 1966 4834 est.
1993 4780 2189 4834 Surre-
2297 4794 2413 4834 me.
2442 4778 2509 4832 P.
2542 4776 2823 4833 Intumuit
2847 4792 2883 4833 a
2910 4776 3073 4834 ﬂetu.

548 4861 633 4916 xit
658 4860 837 4930 igitur
864 4861 1051 4918 David
1080 4880 1091 4917 :
1112 4867 1164 4918 et
1183 4861 1417 4920 locutus
1434 4870 1765 4937 unctusque
1785 4870 1907 4921 est:
1931 4881 2189 4938 cumque
2368 4866 2593 4922 Preces.
2610 4865 2830 4921 Christe
2842 4866 3181 4938 redemptor
3198 4866 3334 4941 pius
3350 4869 3724 4939 animarum,
3740 4875 3986 4933 exaudi

549 4952 841 5005 mutasset
866 4956 1110 5018 vestem,
1140 4951 1439 5023 ingressus
1460 4954 1811 5010 estdomum
1842 4953 2110 5009 Domini:
2136 4954 2194 5010 et
2301 4954 2556 5026 gemitus
2620 4952 2906 5019 ﬂentium,
2940 4956 3001 5011 P.
3047 4953 3116 5010 Et
3173 4955 3474 5013 miserere.
3518 4958 3581 5017 33'.
3629 4961 3746 5025 Qui
3782 4971 3993 5036 caput

552 5035 823 5092 adoravit
851 5040 907 5091 et
926 5037 1080 5093 venit
1098 5039 1157 5093 in
1178 5039 1429 5095 domum
1447 5057 1641 5108 suam,
1660 5040 1982 5113 petivitque
2005 5046 2067 5101 ut
2087 5056 2193 5112 po-
2301 5047 2471 5103 tuum
2504 5039 2796 5096 arundine
2826 5057 3048 5098 caesum
3069 5042 3128 5098 in
3151 5059 3324 5099 cruce
3336 5044 3426 5099 vis
3439 5062 3573 5101 esse
3589 5035 3990 5119 porrectum,

551 5129 761 5180 nerent
783 5122 835 5178 ei
854 5132 1153 5195 panem,et
1174 5127 1739 5184 comedit.Dixerunt
1756 5134 1954 5183 autem
1974 5127 2024 5182 ei
2041 5128 2189 5184 servi
2302 5133 2367 5185 ut
2397 5127 2647 5186 Mundus
2668 5141 2773 5199 per
2797 5127 2909 5183 hoc
2940 5128 3284 5203 salvaretur,
3320 5133 3397 5189 P.
3434 5134 3501 5189 Et
3535 5136 3861 5197 miserere.
3906 5140 3983 5201 )l’.

551 5210 676 5268 sui:
702 5211 837 5275 Quis
854 5217 939 5268 est
956 5228 1360 5287 sermo,quem
1380 5213 1611 5269 fecisti?
1627 5218 1866 5284 propter
1882 5213 2188 5280 infantem,
2304 5216 2413 5281 Qui
2442 5220 2635 5286 sputa,
2661 5214 2897 5286 probra,
2916 5217 3224 5287 spinarum
3248 5234 3560 5286 coronam,
3588 5220 3912 5294 lanceam,
3933 5234 3998 5286 et

551 5315 690 5355 cum
702 5299 1698 5372 adhucviveret,jejunastietﬂebas
1716 5318 1725 5353 :
1745 5306 1978 5358 mortuo
1992 5307 2193 5361 autem
2303 5304 2667 5376 sepulturam
2685 5304 3008 5359 sustinuisti
3024 5305 3209 5360 nostri
3225 5308 3636 5375 causa,P.Jam
3658 5312 3990 5373 miserere.

550 5402 757 5459 puero,
788 5388 1110 5457 surrexisti,
1128 5394 1184 5445 et
1204 5387 1509 5443 comedisti
1524 5403 1764 5459 panem.
1787 5389 1891 5453 Qui
1922 5390 2190 5447 aitzi’ro-
2301 5391 2364 5449 ἵ.
2398 5389 2506 5454 Qui
2529 5405 2699 5444 cruce
2719 5394 2816 5444 tua
2831 5391 3463 5461 Mundumredemisti;
3498 5397 3726 5469 quique
3752 5400 3987 5459 trium-

551 5481 679 5547 pter
708 5475 1016 5539 infantem,
1042 5493 1178 5532 cum
1197 5475 1398 5532 adhuc
1417 5474 1905 5545 viveretjejunavi
1933 5482 1987 5534 et
2007 5478 2144 5534 ﬂevi
2173 5498 2185 5535 :
2300 5477 2515 5549 phator
2539 5477 2745 5532 inferni
2768 5478 2950 5532 victor
2976 5477 3163 5533 factus
3185 5496 3245 5533 es
3262 5481 3561 5552 supplicii,
3588 5486 3664 5539 P.
3695 5488 3839 5544 Jam
3864 5492 3985 5547 mi-

547 5562 823 5621 dicebam
851 5563 1007 5620 enim
1036 5583 1046 5621 :
1076 5564 1217 5628 Quis
1235 5564 1359 5628 scit,
1389 5561 1437 5616 si
1455 5561 1601 5619 forte
1618 5564 1867 5622 donetet
1891 5582 2027 5622 eum
2044 5566 2191 5655 mihi
2302 5580 2513 5631 serere,
2558 5564 2616 5621 ς’.
2665 5566 2793 5619 lam
2822 5571 3005 5621 morte
3031 5571 3131 5621 tua
3160 5567 3482 5640 redemptis
3522 5570 3781 5644 inspira,
3818 5582 3894 5634 ut
3922 5584 3984 5639 te
