4192 6448
464 349 576 410 535
1631 379 1638 384 -
1718 340 2164 400 BHEVIARIUM
2205 337 2596 400 GOTHICUM.
3786 330 3924 387 536'

467 476 531 538 ὴ.
556 476 623 532 Et
646 469 952 530 humiliavi
969 469 1032 526 in
1064 467 1294 542 jejunio
1339 469 1602 528 animam
1631 483 1861 526 meam:
1885 468 2114 526 etfacta
2142 467 2190 523 A
2289 471 2354 524 1n
2373 464 2617 530 eo,dum
2642 463 2918 520 deficeret
2937 461 3142 519 anima
3171 473 3327 526 mea,
3346 455 3605 515 Domine
3627 454 3742 512 Dei
3769 455 3919 511 mei

471 566 559 619 est
586 561 732 617 mihi
761 560 819 616 in
859 559 1275 632 opprobrium.
2219 559 2724 612 commemoratus
2746 569 2879 607 sum
2914 570 2926 608 :

547 651 764 707 Oratio.
791 651 926 704 Jesu
971 650 1124 702 Deus
1169 652 1369 703 noster
1396 647 1500 720 qui
1524 647 1678 702 facto
1709 647 1784 702 de
1820 646 2108 702 resticulis
2291 643 2555 698 Etveniet
2577 642 2763 696 oratio
2783 657 2915 696 mea
2936 640 3041 694 'ad
3063 637 3356 711 templum
3385 640 3675 691 sanctum
3699 638 3916 689 tuum.

473 736 732 807 ﬂagello,
757 737 1081 792 vendentes
1131 741 1184 792 et
1205 741 1465 791 ementes
1491 752 1564 791 ex
1594 740 1695 790 tuo
1735 734 1946 790 eximis
1969 741 2108 790 tem-
2289 730 2700 788 Custodientes
2720 745 2877 785 vana
2897 733 2954 783 et
2981 727 3180 795 falsa,‘
3206 724 3692 782 misericordiam
3718 727 3918 778 tuam

474 827 577 900 plo
597 845 612 894 ;
634 826 713 882 da
727 826 926 891 nobis,
953 825 1014 880 in
1031 825 1284 880 Ecclesia
1301 829 1402 880 tua
1434 839 1542 880 nec
1577 829 1808 895 quaestu
1837 839 2004 896 posse
2026 838 2113 878 re-
2218 819 2676 890 dereliquerunt.

476 931 614 973 rum
637 914 1056 987 temporalium
1083 914 1216 987 capi
1238 932 1252 982 ;
1274 929 1382 970 nec
1401 913 1554 969 intra
1565 929 1698 968 eam
1716 913 1972 969 sordidis
1987 927 2112 968 mo-
2291 910 2411 978 Ego
2434 911 2632 963 autem
2656 908 2718 962 in
2734 921 2876 962 voce
2906 904 3101 961 laudis
3121 907 3178 960 et
3221 900 3630 960 confessionis
3659 900 3915 958 sacriﬁ-

479 1003 647 1062 ribus
671 1003 1012 1059 conversari
1035 1002 1240 1074 :315
1290 1001 1394 1058 sed
1418 1001 1501 1057 ita
1550 1000 1710 1056 zelus
1740 1001 1959 1057 domus
1997 1005 2112 1057 tua:
2219 995 2371 1052 cabo
2393 993 3018 1067 tibi:'reddam,quod
3033 994 3168 1049 vovi
3192 991 3563 1049 sacriﬁcium
3592 989 3917 1047 salvatori

482 1107 596 1150 nos
619 1091 896 1148 comedat
917 1106 932 1158 ;
956 1090 1248 1162 utplacita
1261 1089 1363 1146 tibi
1382 1089 1660 1146 fratribus
1683 1088 1759 1146 de
1780 1090 1954 1146 nobis
1967 1106 2114 1163 ρι’ω-
2220 1099 2356 1141 meo
2376 1083 2648 1140 Domino.

480 1180 629 1237 beas
657 1179 951 1252 exempla.
978 1191 1045 1251 Η.
1073 1183 1286 1235 Amen.
2291 1174 2510 1230 Oratio.
2539 1171 2807 1229 Salvator
2832 1175 3031 1228 noster
3051 1174 3106 1226 et
3131 1169 3509 1236 Domine,fac
3532 1183 3652 1224 nos
3680 1171 3917 1224 votum

553 1270 678 1322 Per.
2221 1261 2329 1319 tibi
2353 1277 2424 1317 ex
2451 1261 2627 1316 corde
2641 1277 2789 1332 puro
2809 1276 3023 1316 vovere
3047 1277 3060 1313 :
3091 1265 3153 1315 ut
3173 1257 3534 1331 infatigabili
3577 1273 3771 1314 cursu
3793 1261 3912 1313 tua.

553 1356 902 1425 Antiphona
921 1359 972 1411 3.
1004 1358 1051 1411 Α
1106 1355 1318 1412 timore
1367 1354 1591 1412 inimici
1632 1355 1822 1412 libera
1851 1354 2118 1411 animam
2226 1355 2527 1407 servantes
2556 1349 3170 1422 praecepta,patienter
3203 1348 3467 1404 adversa
3489 1352 3718 1404 cuncta
3749 1346 3913 1404 tole-

482 1460 718 1511 meam;
751 1448 806 1499 et
831 1449 1071 1516 protege
1106 1459 1219 1515 me,
1255 1443 1524 1511 Domine,
1549 1458 1585 1499 a
1614 1448 1906 1500 conventu
1955 1440 2121 1499 mali-
2224 1455 2427 1496 remus
2456 1440 2788 1511 praesentia.
2825 1449 2889 1509 nr.
2921 1442 3135 1495 Amen.

485 1531 815 1603 gnantium.
856 1542 920 1602 Βν.
954 1531 1175 1587 Exaudi
1217 1532 1370 1587 Deus
1403 1531 1733 1588 orationem
1756 1547 1951 1588 meam
1982 1547 2121 1586 cum
2297 1529 2420 1584 Per.

482 1619 732 1677 tribulor
761 1636 823 1676 :a
851 1621 1058 1675 timore
1083 1620 1304 1676 inimici
1330 1619 1517 1676 libera
1571 1620 1840 1677 animam
1896 1635 2117 1676 meam.
2297 1616 2777 1674 Matutinarium.
2813 1613 3521 1686 Psallam,etintelligam
3544 1615 3610 1669 in
3643 1616 3903 1671 matuti-

557 1707 783 1764 Oratz'o.
810 1711 856 1763 A
886 1707 1092 1762 timore
1123 1706 1345 1762 inimici
1359 1707 1605 1764 Domine
1632 1708 1820 1764 libera
1853 1707 2120 1764 animam
2227 1707 2645 1779 nis,quoniam
2673 1706 2871 1761 venies
2903 1706 2982 1760 ad
3003 1703 3696 1776 me.B(.Misericordiam,
3725 1709 3783 1761 et
3799 1706 3904 1777 ju-

483 1811 684 1853 meam
721 1799 778 1851 et
801 1810 840 1851 a
878 1799 1172 1850 conventu
1225 1795 1685 1865 malignantium
1743 1796 1900 1869 eripe
1942 1811 2118 1852 eam:
2151 1805 2198 1863 Β
2228 1795 2451 1851 dicium
2481 1793 2736 1850 cantabo
2758 1793 2861 1849 tibi
2886 1793 3149 1849 Domine.

486 1888 566 1947 ut,
599 1899 734 1955 quae
754 1883 997 1940 vulnere
1039 1883 1333 1955 passionis
1379 1888 1494 1940 tua:
1523 1885 1739 1941 educta
1773 1890 1859 1940 est
1882 1885 1956 1940 de
1987 1883 2124 1940 lacu
2299 1883 2530 1940 Lauda.
2563 1885 2626 1938 ln
2656 1882 2875 1937 sanctis
2891 1883 3018 1952 ejus
3039 1881 3277 1937 laudate
3299 1880 3897 1955 Dominum:inpsal-

487 1971 744 2028 miseriae
766 1990 779 2040 ;
803 1971 866 2026 in
892 1975 946 2027 te
975 1971 1220 2027 credens
1243 1971 1605 2044 perducatur
1657 1973 1736 2029 ad
1787 1973 2122 2030 libertatem
2231 1973 2374 2030 terio
2405 1977 2458 2027 et
2483 1972 2708 2027 cithara
2733 1970 2972 2026 laudate
3001 1985 3162 2027 eum.
3193 1969 3418 2026 Psalm.
3455 1985 3541 2026 CL.

490 2063 724 2116 mternm
753 2058 1053 2130 gloriam
1084 2060 1291 2116 Amen.
2375 2061 2566 2117 Lectio
2599 2060 2739 2115 libri
2767 2061 3060 2116 Samuelis
3085 2059 3174 2132 (II
3199 2059 3425 2129 Regum
3450 2073 3576 2130 cap.
3605 2061 3728 2132 xv).

503 2175 514 2185 -
559 2149 694 2204 Per.
2303 2161 2366 2221 ἣν.
2397 2151 2516 2205 Deo
2547 2148 2785 2218 gratias.

556 2237 842 2304 mFactus
867 2250 1001 2291 sum
1022 2235 1187 2291 omni
1201 2234 1429 2310 populo
1465 2250 1599 2291 meo
1619 2235 1682 2291 in
1723 2235 2010 2306 derisum,
2073 2241 2128 2294 et
2303 2240 2369 2293 In
2395 2236 2508 2293 illis
2523 2236 2768 2292 diebus:
2793 2235 2944 2292 Fecit
2971 2235 3081 2291 sibi
3110 2234 3402 2291 Absalom
3420 2239 3710 2304 currus,et
3724 2236 3897 2308 equi-

487 2323 550 2380 in
575 2322 964 2396 opprobrium
985 2340 1003 2377 :
1025 2323 1283 2395 repletus
1312 2338 1450 2379 sum
1490 2323 1907 2390 amaritudine,
1951 2328 2008 2379 et
2031 2324 2126 2380 in-
2231 2331 2340 2393 tes,
2371 2324 2883 2398 etquinquaginta
2927 2323 3112 2393 viros,
3143 2323 3247 2396 qui
3273 2323 3689 2396 praecederent
3717 2339 3890 2380 eum.

488 2412 750 2469 ebriatus
801 2411 1135 2483 absynthio.
1169 2410 1370 2468 Effusa
1399 2416 1538 2468 sunt
1586 2411 1818 2468 viscera
1869 2427 2039 2468 mea:
2074 2417 2129 2470 et
2233 2417 2301 2470 Et
2323 2428 2499 2469 mane
2527 2428 2891 2484 consurgens
2911 2411 3217 2478 Absalom,
3253 2412 3451 2468 stabat
3495 2412 3902 2482 juxtaintroi-

488 2500 642 2560 dixi:
667 2499 840 2556 Perii.
865 2499 1025 2567 Vide,
1058 2500 1323 2567 Domine,
1353 2504 1411 2556 et
1427 2499 1633 2571 judica
1649 2516 1892 2557 causam
1911 2502 2127 2558 animas
2233 2505 2359 2559 tum
2377 2506 2561 2573 portae
2583 2501 2643 2556 in
2673 2501 2855 2566 via,et
2877 2516 3119 2556 omnem
3149 2499 3486 2574 virum,qui
3512 2499 3782 2556 habebat
3799 2516 3908 2556 ne-

489 2602 659 2644 meae.
686 2590 746 2643 P.
783 2587 1067 2644 Defensor
1085 2589 1222 2644 vitae
1247 2604 1418 2645 meas.
1450 2598 1514 2659 3;.
1545 2588 1825 2661 Disperde
1853 2589 2128 2646 inimicos
2234 2590 2461 2661 gotium
2485 2594 2550 2646 ut
2572 2590 2795 2646 veniret
2816 2589 2889 2646 ad
2910 2589 3066 2659 regis
3085 2588 3690 2661 judicium,vocabat
3708 2589 3908 2646 Absa-

489 2691 680 2746 meos,
703 2676 806 2749 qui
829 2675 1112 2734 tribulant
1151 2676 1421 2734 animam
1470 2693 1689 2735 meam.
1727 2681 1785 2734 P.
1820 2678 2125 2735 Defensor.
2235 2680 2358 2738 lom
2412 2680 2485 2736 ad
2518 2695 2599 2746 se,
2630 2683 2686 2735 et
2738 2677 2998 2735 dicebat:
3020 2680 3102 2734 De
3125 2695 3247 2751 qua
3273 2679 3510 2735 civitate
3536 2693 3603 2735 es
3635 2686 3700 2734 tu
3727 2680 3755 2736 Y
3787 2678 3914 2746 Qui

562 2783 784 2841 Oratio.
801 2782 1127 2840 Recordare
1155 2782 1296 2840 Jesu
1311 2783 1685 2857 absynthiiet
1707 2783 1875 2852 fellis,
1907 2783 2130 2858 quibus
2236 2768 2602 2840 respondens
2651 2767 2846 2823 aiebat
2884 2788 2906 2858 =_
2934 2770 2996 2858 Et
3040 2783 3162 2823 una
3186 2767 3344 2858 “in”?
3391 2768 3572 2858 Ῑξνθεθί
3607 2783 3723 2858 ῗβίξ
3762 2784 3915 2824 sum

487 2885 598 2944 pro
613 2869 814 2943 impiis
825 2885 1031 2928 amaro
1043 2870 1257 2944 poculo
1269 2855 1618 2946 propinatus
1632 2888 1693 2929 es
1713 2889 1727 2930 :
1747 2877 1804 2929 et
1820 2855 1954 2930 ideo
1968 2889 2131 2930 ama-
2239 2873 2441 2913 servus
2466 2855 3171 2946 illus-ReSPQQdeb‘alqlle
3193 2855 3556 2946 “Absalom
3580 2875 3593 2912 ε
3609 2855 3920 2946 νίάεημιτ

488 2943 684 3016 ritudo
705 2963 826 3026 tua,
858 2975 1227 3032 qumsumus,
1270 2943 1542 3017 dulcedo
1575 2965 1781 3018 nostra
1800 2965 2126 3034 perpetua:
2238 2946 2384 3002 mihi
2428 2944 2837 3034 εεΐωοηνθεΐυί
2858 2943 3004 3000 boni
3035 2949 3091 3000 et
3113 2944 3406 3034 jQSti-Sed
3424 2960 3550 3001 non
3579 2949 3686 3034 geist
3711 2944 3823 3034 (illi
3857 2948 3920 3001 te

489 3049 555 3104 ut
577 3049 638 3104 in
661 3061 783 3120 quo
814 3052 876 3104 tu
902 3063 1013 3122 pro
1033 3049 1208 3106 nobis
1229 3050 1593 3106 amaricatus
1616 3065 1678 3105 es
1710 3032 1935 3120 volvens,
1971 3049 2033 3105 in
2063 3064 2132 3105 eo
2240 3033 2443 3122 audiat
2488 3033 2840 3122 constitutus
2864 3047 3088 3122 7371‘889
3111 3049 3124 3088 ε
3149 3032 3510 3106 dicebatque
3558 3033 3865 3090 Absalom
3899 3051 3916 3086 ³

489 3151 601 3193 nos
639 3141 696 3194 et
717 3137 813 3193 hic
833 3140 888 3194 et
908 3121 978 3193 in
1018 3142 1305 3195 mternum
1361 3137 1729 3208 gratulemur
1782 3137 2006 3194 felices.
2055 3148 2124 3208 Bg.

2243 3121 2380 3186 Quis
2401 3137 2498 3177 me
2511 3121 2830 3176 constituat
2851 3121 3118 3192 judicem
3135 3126 3573 3194 superterram,
3606 3127 3676 3178 ut
3695 3122 3775 3178 ad
3809 3138 3923 3178 me

489 3227 705 3282 Amen.
2241 3211 2441 3267 veniat
2459 3224 2693 3271 omnes,
2736 3209 2835 3281 qui
2858 3209 3084 3266 habent
3103 3209 3434 3281 negotium,
3474 3215 3534 3268 et
3557 3211 3723 3283 juste
3743 3211 3929 3283 judi-

560 3313 689 3370 Per.
2243 3313 2372 3355 cem
2389 3298 2417 3353 ?
2434 3297 2545 3354 Sed
2568 3300 2626 3352 et
2677 3313 2814 3352 cum
2861 3297 3167 3354 accederet
3191 3298 3271 3355 ad
3301 3315 3442 3355 eum
3459 3299 3650 3355 homo
3667 3303 3735 3355 ut
3750 3299 3926 3355 salu-

506 3407 512 3438 :
1092 3421 1157 3474 In
1220 3418 1543 3475 Laudibus.
2241 3390 2390 3443 taret
2417 3384 2577 3440 illum
2587 3385 2965 3475 ,extendebat
2992 3402 3245 3443 manum
3272 3392 3535 3457 suam,et
3565 3387 3934 3460 apprehen-

2243 3475 2411 3541 dens,
2441 3473 2828 3530 osculabatur
2839 3475 3404 3550 eumFaciebatque
3430 3477 3602 3533 omni
3620 3476 3812 3533 Israel
3830 3492 3940 3533 ve-

2243 3561 2426 3618 nienti
2450 3561 2527 3618 ad
2543 3560 2858 3632 judicium,
2883 3567 2949 3618 ut
2973 3563 3276 3620 audiretur
3308 3581 3344 3620 a
3363 3580 3526 3635 rege,
3561 3569 3621 3621 et
3647 3565 3942 3622 solicita-

2243 3651 2350 3708 bat
2368 3651 2549 3707 corda
2569 3651 2831 3707 virorum
2853 3651 3048 3708 Israel.
3083 3652 3222 3709 Post
3267 3653 3680 3726 quadraginta
3711 3660 3945 3712 autem

2244 3739 2607 3803 annos,dixit
2634 3739 2921 3798 Absalom
2948 3740 3025 3796 ad
3051 3757 3256 3812 regem
3295 3742 3516 3802 David:
3557 3743 3827 3810 Vadam,
3879 3752 3944 3806 et

2241 3829 2480 3886 reddam
2507 3833 2644 3886 vota
2663 3844 2798 3886 mea
2813 3845 2949 3900 qua:
2979 3830 3111 3885 vovi
3135 3831 3388 3887 Domino
3409 3831 3470 3887 in
3505 3832 3775 3889 Hebron.
3809 3835 3938 3890 Vo-

2241 3934 2390 3975 vens
2417 3917 2576 3974 enim
2601 3919 2759 3974 vovit
2779 3933 2983 3973 servus
3002 3923 3162 3990 tuus,
3191 3935 3331 3980 cum
3366 3924 3524 3977 esset
3565 3920 3630 3976 in
3687 3922 3940 3981 Gessur

2247 4007 2450 4080 Syriae,
2477 4006 2680 4062 dicens
2705 4005 2798 4061 :Si
2838 4005 3138 4062 reduxerit
3179 4023 3275 4063 me
3294 4007 3586 4064 Dominus
3615 4007 3680 4065 in
3707 4010 3937 4067 Hieru-

561 3527 926 3596 Antiphona.
951 3523 1190 3580 Auditui
1220 3539 1354 3579 meo
1384 3523 1548 3580 dona
1574 3523 1863 3594 gaudium
1893 3529 1949 3582 et
1992 3525 2134 3582 lasti-

491 3617 634 3674 tiam
642 3614 908 3680 ,Domine
931 3629 945 3668 :
972 3615 1038 3667 ut
1065 3610 1326 3668 exultent
1345 3627 1486 3668 ossa
1497 3611 2039 3670 humiliata.Averte
2052 3613 2136 3672 fa-

495 3704 647 3759 ciem
675 3706 842 3758 tuam
874 3715 911 3756 a
934 3697 1194 3771 peccatis
1229 3698 1414 3755 meis:
1457 3703 1515 3756 et
1539 3715 1750 3757 omnes
1798 3701 2135 3775 iniquitates

493 3805 662 3848 meas
692 3791 758 3846 tu
785 3787 936 3844 dele.
963 3785 1234 3843 Psalmus
1262 3802 1317 3843 ι..

567 3878 789 3934 Oratio.
821 3878 990 3934 Hunc
1027 3874 1346 3948 psalmum.
1367 3875 1482 3947 fol.
1515 3876 1638 3933 173.

565 3967 933 4038 Antiphona.
957 3965 1190 4030 Quanta
1217 3963 1375 4032 vovi,
1423 3964 1673 4022 reddam
1711 3965 1818 4024 tibi
1857 3965 2138 4026 salvatori

497 4072 633 4117 ωθο
659 4057 966 4185 Domina--
1020 4161 1060 4185 ⁸,
1248 4160 1266 4185 1
1355 4175 1399 4185 Δ.
1455 4161 1563 4185 m-
1712 4163 1726 4185 ἱ
2246 4057 2818 4162 salem,sacriticabo
2851 4094 3130 4152 Domino.
3156 4097 3427 4170 Dixitque
3457 4098 3509 4153 ei
3534 4113 3644 4153 rex
3676 4099 3887 4156 David
3916 4120 3931 4157 :

886 4160 1197 4219 Canticum
1233 4160 1399 4218 Jonae
1454 4161 1626 4232 (Cap.
1665 4163 1747 4232 ιι).

2245 4160 2482 4240 Vadein
2500 4199 2666 4256 pace.
2694 4185 2760 4238 Et
2787 4184 3064 4252 surrexit,
3100 4189 3155 4240 et
3176 4160 3428 4242 abiit-in
3455 4185 3722 4243 Hebron.
3760 4188 3941 4247 Misit

568 4267 2139 4328 ClamaviadDominumDeummeumintribulatione
2246 4277 2445 4329 autem
2466 4271 2753 4327 Absalom
2783 4272 3187 4343 exploratores
3239 4275 3303 4330 in
3355 4274 3680 4334 universas
3716 4277 3936 4335 tribus

499 4359 710 4417 meaz'
736 4359 798 4413 et
840 4355 1144 4413 exaudivit
1189 4355 1264 4411 de
1308 4359 1511 4411 ventre
1553 4356 1768 4412 inferni
1816 4357 2138 4414 clamorem
2247 4359 2657 4425 lsrael,dicens
2686 4379 2697 4418 :
2727 4361 2933 4416 Statim
2957 4361 3339 4417 utaudieritis
3353 4361 3707 4434 clangorem
3733 4366 3938 4440 316

502 4461 730 4537 meum.
1207 4529 1245 4537 ῃ
1290 4530 1320 4537 Α
1387 4532 1398 4537 Δ
1537 4532 1548 4537 _
1628 4532 1636 4537 ι
1684 4531 1713 4537 Α
1870 4535 1878 4537 _
1987 4534 2044 4537 __
2170 4448 2537 4537 Dbuccinae,
2598 4447 2808 4537 dicite:
2841 4451 3126 4537 Regnavit
3183 4449 3469 4507 Absalom
3521 4453 3583 4506 in
3646 4453 3939 4511 Hebron.

573 4535 789 4590 Vocem
815 4546 1014 4588 meam
1034 4529 1324 4587 exaudisti
1345 4549 1362 4585 ε
1383 4532 1405 4554 '
1421 4531 1716 4603 projecisti
1755 4549 1848 4589 me
1866 4535 1927 4590 in
1949 4534 2141 4590 altitu-
2170 4529 2211 4537 ”
2249 4539 2430 4594 Porro
2462 4552 2598 4592 cum
2616 4535 2922 4592 Absalomi
2941 4542 3114 4593 erunt
3139 4537 3380 4594 ducenti
3398 4539 3507 4595 viri
3531 4540 3608 4596 de
3632 4542 3938 4600 Hierusa-

504 4624 644 4680 dine
664 4620 859 4678 cordis
889 4619 1426 4688 maris,etﬂumina
1449 4635 1545 4676 me
1575 4621 2092 4679 circumdederunt
2122 4641 2136 4680 :
2248 4626 2367 4682 lem
2388 4627 2813 4690 vocati,euntes
2843 4625 3094 4697 simplici
3117 4627 3315 4691 corde,
3349 4633 3407 4684 et
3427 4645 3682 4686 causam
3750 4633 3956 4704 peni-’

574 4711 795 4769 Omnia
819 4710 1052 4766 excelsa
1071 4713 1192 4773 tua,
1225 4713 1282 4765 et
1299 4709 1514 4764 ﬂuctus
1540 4711 1625 4766 tui
1655 4727 1835 4783 super
1861 4727 1959 4769 me
1986 4718 2144 4769 tran-
2250 4720 2347 4772 tus
2373 4715 3056 4785 ignorantes.Accersivit
3079 4732 3322 4789 quoque
3346 4716 3646 4774 Absalom
3671 4721 3942 4778 Achito-

507 4801 790 4858 sierunt.‘
816 4799 885 4855 Et
934 4813 1046 4869 ego
1071 4797 1193 4854 dixi
1229 4812 1244 4854 :
1280 4796 1579 4870 Expulsus
1636 4815 1772 4855 sum
1824 4799 1902 4857 ab
1956 4801 2144 4857 oculis
2253 4803 2392 4875 phel
2423 4801 2732 4859 Gilonitem
2750 4803 3150 4860 consiliarium
3165 4805 3374 4877 David,
3403 4805 3478 4861 de
3523 4807 3767 4865 civitate
3806 4826 3940 4869 sua

504 4890 622 4946 tuis
656 4886 934 4944 :forsitan
957 4901 1080 4944 non
1109 4885 1410 4958 adjiciam,
1449 4890 1513 4943 ut
1540 4887 1852 4960 respiciam
1897 4887 1975 4944 ad
2001 4893 2147 4945 tem-
2257 4891 3331 4963 Gilo.Cumqueimmolaretvictimas,
3360 4894 3938 4969 factaestconjura-

507 4977 677 5050 plum
714 4977 986 5031 sanctum
1011 4979 1204 5031 tuum.
2258 4980 2338 5036 tio
2362 4977 2581 5046 valida,
2615 4977 2991 5050 populusque
3011 4996 3373 5038 concurrens
3403 4985 3750 5053 augebatur
3775 5003 3934 5044 cum

581 5061 823 5120 Perfusa
849 5065 937 5118 est
957 5062 1106 5119 mihi
1119 5078 1279 5136 aqua
1302 5077 1492 5138 usque
1507 5063 1582 5120 ad
1609 5064 1876 5121 animam
1899 5079 1910 5118 :
1931 5064 1952 5085 ‘
1971 5063 2150 5136 abys-
2261 5067 2567 5125 Absalom.
2610 5066 2774 5123 Venit
2797 5068 2974 5138 igitur
2993 5071 3248 5126 nuncius
3275 5071 3355 5127 ad
3379 5073 3594 5141 David,
3659 5076 3884 5133 dicens
3922 5096 3936 5133 :

513 5170 616 5211 sus
645 5149 1022 5209 circumdedit
1039 5167 1153 5218 me,
2262 5161 2403 5215 Toto
2426 5156 2602 5213 corde
2630 5157 2942 5213 universus
2966 5160 3142 5216 Israel
3178 5163 3444 5233 sequitur
3489 5163 3814 5224 Absalom.
3867 5172 3943 5224 Et

581 5241 836 5312 Pelagus
855 5241 1153 5313 cooperuit
1170 5245 1350 5315 caput
1385 5257 1607 5296 meum.
1634 5242 1650 5258 '
1674 5239 2002 5297 Novissime
2052 5242 2155 5300 de-
2265 5247 2348 5303 ait
2373 5245 2555 5301 David
2579 5246 2757 5300 servis
2777 5247 2927 5316 suis,
2957 5250 3059 5320 qui
3098 5255 3264 5305 erant
3303 5267 3441 5306 cum
3464 5252 3615 5307 eoin
3641 5254 3941 5313 Hierusa-

512 5331 718 5392 mersit
745 5333 925 5402 caput
950 5345 1150 5387 meum
1175 5331 1237 5386 in
1275 5330 1498 5385 ﬁxuras
1528 5329 1824 5385 montium
1858 5344 1870 5384 :
2265 5335 2377 5391 lem
2405 5333 2682 5403 :Surgite,
2723 5333 3271 5410 fugiamuszneque
3286 5340 3445 5394 enim
3476 5340 3589 5397 erit
3618 5343 3806 5398 nobis
3854 5348 3948 5402 ef-

584 5419 895 5478 Descendit
912 5419 971 5476 in
996 5423 1172 5488 terra,
1194 5419 1365 5489 cujus
1402 5432 1548 5473 serae
1598 5421 1738 5473 sunt
1786 5418 2153 5478 continentes
2261 5421 2497 5493 fugium
2529 5422 2733 5478 afacie
2750 5423 3344 5484 Absalom:festinate
3392 5429 3620 5500 egredi,
3662 5447 3742 5488 ne
3769 5432 3944 5493 forte

515 5515 748 5569 internas
771 5526 784 5568 :
807 5511 829 5533 '
849 5512 907 5566 et
934 5508 1219 5567 ascendat
1242 5507 1318 5562 de
1343 5505 1720 5580 corruptione
1750 5505 1870 5562 vita
1899 5523 2032 5566 mea
2075 5510 2172 5598 ad.
2261 5513 2505 5568 veniens
2525 5516 2774 5584 occupet
2797 5519 2990 5583 nos,et
3014 5514 3280 5587 impellat
3312 5534 3495 5590 super
3512 5534 3627 5576 nos
3647 5521 3934 5597 ruinam,

515 5603 572 5658 ω
597 5599 916 5660 Dominum
952 5598 1139 5654 Deum
1162 5609 1386 5652 meum,
2263 5605 2319 5657 et
2347 5599 2638 5672 percutiat
2683 5600 2980 5660 civitatem
3032 5604 3093 5660 in
3114 5619 3217 5662 ore
3264 5603 3468 5676 gladii.
3503 5606 3942 5685 Dixeruntque
